1859 3122
489 163 710 199 QUAESTIO
745 163 860 194 LXXI.
893 163 1137 193 ARTICULUS
1171 164 1198 193 Ι.
1535 166 1618 207 517

58 245 208 279 missum
231 255 304 278 non
327 244 561 286 abscondere,
584 244 644 279 sed
667 244 819 278 fideliter
833 244 1038 290 dispensare
1057 244 1205 290 quilibet
1222 252 1381 279 tenetur:
1405 245 1500 291 quod
1524 253 1621 291 patet

57 311 98 333 ex
120 309 237 344 poena
253 298 343 331 servi
360 298 613 332 abscondentis
633 297 821 339 talentum,
837 298 964 332 Matth.
981 308 1055 342 25.;
1075 309 1162 343 ergo
1178 298 1374 332 advocatus
1396 306 1536 332 tenetur
1551 309 1616 344 pro

57 352 272 398 pauperibus
295 350 406 396 loqui.

131 416 159 450 3.
182 404 417 439 PRAETEREA.
446 404 685 450 Praeceptum
708 404 751 438 de
775 404 1046 439 misericordiae
1069 405 1236 450 operibus
1260 404 1511 451 adimplendis,
1535 416 1617 438 cum

56 459 99 492 sit
121 457 390 498 affirmativum,
413 457 550 502 obligat
571 469 635 503 pro
663 457 758 499 loco,
782 466 817 492 et
838 466 1014 504 tempore,
1036 457 1133 504 quod
1156 466 1208 492 est
1230 458 1386 492 maxime
1409 458 1444 491 in
1466 458 1619 492 necessi-

53 519 144 545 tate:
167 511 230 545 sed
252 519 394 556 tempus
410 511 633 545 necessitatis
649 510 788 544 videtur
803 522 892 552 esse,
908 511 1052 556 quando
1076 510 1226 556 alicujus
1248 511 1414 557 pauperis
1438 522 1545 545 causa
1560 521 1620 556 op-

55 564 238 610 primitur;
261 575 348 608 ergo
367 565 403 597 in
418 564 481 598 tali
503 575 586 598 casu
608 564 759 605 videtur,
787 564 883 610 quod
912 564 1108 598 advocatus
1134 572 1298 598 teneatur
1320 564 1534 610 pauperibus
1563 576 1623 610 pa-

55 618 250 651 trocinium
273 625 463 662 praestare.

127 670 202 705 SED
231 681 397 705 CONTRA.
419 670 503 704 Non
526 670 646 704 minor
667 670 862 704 necessitas
885 678 937 704 est
958 670 1152 715 indigentis
1175 671 1267 712 cibo,
1290 682 1399 716 quam
1427 671 1620 715 indigentis

55 724 252 758 advocato:
269 724 330 758 sed
347 724 405 757 ille
421 724 481 769 qui
495 724 603 758 habet
616 731 833 769 potestatem
850 723 1002 765 cibandi,
1021 734 1095 757 non
1110 734 1254 769 semper
1267 731 1408 757 tenetur
1424 735 1618 769 pauperem

55 777 194 819 cibare;
223 788 309 823 ergo
336 789 402 811 nec
431 778 626 811 advocatus
653 788 797 823 semper
822 785 962 810 tenetur
990 787 1119 811 causae
1146 788 1347 822 pauperum
1373 778 1616 823 patrocinium

56 839 251 877 praestare.

124 884 352 918 RESPONDEO
369 884 573 925 dicendum,
588 884 684 929 quod
701 895 784 917 cum
806 891 985 930 praestare
999 883 1242 930 patrocinium
1265 895 1394 917 causae
1416 895 1615 929 pauperum

53 937 95 971 ad
124 948 216 983 opus
238 937 508 971 misericordiae
534 937 723 982 pertineat,
749 936 847 970 idem
874 945 926 971 est
951 937 1009 970 hic
1034 937 1240 978 dicendum,
1267 937 1364 982 quod
1386 945 1421 971 et
1442 948 1548 982 supra
1575 937 1619 970 de

52 990 130 1025 aliis
152 991 318 1037 operibus
342 990 610 1024 misericordiae
633 990 769 1024 dictum
790 998 842 1025 est
860 990 908 1036 (q.
927 1002 978 1036 32.
1001 995 1065 1025 art.
1085 1002 1112 1036 5.
1132 995 1162 1025 et
1180 991 1245 1035 6.):
1267 990 1387 1024 nullus
1407 999 1527 1024 autern
1551 989 1618 1024 suf-

51 1043 126 1078 ficit
137 1044 304 1078 omnibus
319 1043 560 1089 indigentibus
576 1043 847 1078 misericordiae
859 1055 949 1089 opus
964 1043 1192 1089 impendere;
1209 1052 1243 1078 et
1255 1044 1350 1086 ideo,
1362 1044 1454 1078 sicut
1464 1045 1618 1089 August.

51 1098 138 1131 dicit
158 1098 193 1131 in
216 1108 243 1131 1.
260 1097 302 1131 de
324 1097 448 1131 Doctr.
470 1096 603 1131 Christ.
621 1097 706 1143 (cap.
722 1097 807 1142 28),
831 1109 848 1128 «
865 1108 947 1130 cum
964 1097 1132 1131 omnibus
1146 1097 1316 1143 prodesse
1330 1108 1404 1131 non
1420 1097 1547 1142 possis,
1563 1097 1619 1131 his

51 1151 237 1196 potissime
253 1149 517 1184 consulendum
533 1158 595 1191 est,
611 1150 671 1195 qui
686 1161 749 1196 pro
765 1149 943 1191 locorum,
962 1158 995 1183 et
1009 1158 1229 1196 temporum,
1240 1149 1298 1184 vel
1312 1150 1553 1196 quarumlibet
1572 1161 1623 1184 re—

51 1215 131 1237 rum
147 1204 485 1249 opportunitatibus,
501 1203 727 1237 constrictius
755 1203 817 1237 tibi
839 1203 939 1249 quasi
962 1203 1117 1249 quadam
1139 1211 1235 1237 sorte
1250 1204 1445 1249 junguntur
1467 1217 1498 1236 >›.
1520 1203 1620 1237 Dicit

50 1263 115 1303 pro
134 1257 281 1291 locorum
305 1258 615 1302 opportunitatilncs,
639 1256 722 1302 quia
748 1268 821 1290 non
848 1264 989 1290 tenetur
1013 1256 1128 1290 homo
1155 1267 1218 1302 per
1244 1257 1419 1290 mundum
1449 1267 1621 1302 quaerere

51 1309 254 1355 indigentes
277 1309 403 1354 quibus
425 1309 629 1351 subveniat3
656 1309 717 1343 sed
739 1309 881 1351 sufficit,
895 1309 926 1343 si
941 1309 1002 1351 eis,
1025 1310 1086 1355 qui
1107 1310 1174 1343 sibi
1196 1318 1400 1352 occurrunt,
1419 1310 1622 1343 misericor-

52 1362 131 1396 diae
155 1373 243 1407 opus
268 1362 469 1408 impendat:
486 1363 580 1396 unde
600 1363 727 1397 dicitur
748 1363 860 1396 Exod.
884 1373 956 1408 23.:
975 1363 1012 1397 Si
1031 1365 1213 1397 occurreris
1232 1364 1309 1397 bovi
1329 1365 1460 1398 ininzisi
1478 1364 1540 1404 tui,
1560 1369 1617 1397 ant

52 1417 142 1450 asino
165 1417 302 1457 erranti,
319 1415 415 1450 reduc
434 1416 476 1450 ad
497 1429 584 1456 eum,-
610 1416 708 1450 addit
722 1424 854 1457 autem,
878 1424 912 1450 et
933 1421 1127 1462 temporum,
1148 1417 1232 1462 quia
1246 1427 1319 1450 non
1338 1425 1479 1451 tenetur
1501 1417 1616 1450 homo

50 1468 189 1502 futurae
211 1469 417 1503 necessitati
431 1469 575 1503 alterius
597 1469 805 1515 providere3
825 1469 887 1503 sed
902 1468 1043 1511 sufficit,
1066 1471 1093 1503 si
1117 1470 1298 1515 praesenti
1315 1470 1521 1503 necessitati
1535 1481 1614 1503 suc-

52 1529 188 1555 currat:
211 1521 305 1555 unde
320 1522 448 1555 dicitur
473 1532 499 1556 1.
518 1522 621 1566 Joan.
648 1534 694 1567 3.:
716 1522 1073 1568 Qaivideritfratrem
1086 1534 1181 1556 snam
1194 1524 1413 1557 necessitatem
1433 1523 1618 1564 habentem,

51 1579 80 1609 et
106 1575 258 1608 clauserit
283 1576 413 1608 viscera
437 1587 495 1609 sua
521 1576 561 1609 ab
583 1587 630 1617 eo,
655 1583 739 1617 etc.;
762 1576 880 1609 subdit
906 1583 1042 1609 autem:
1061 1576 1113 1610 vel
1134 1576 1357 1621 quarumlibet
1383 1589 1509 1618 reram,
1539 1577 1622 1622 quia

50 1627 165 1661 homo
189 1627 255 1661 sibi
277 1628 478 1672 conjunctis
501 1639 730 1674 quacumque
752 1628 1016 1662 necessitudine
1040 1628 1197 1662 maxime
1213 1629 1318 1662 debet
1336 1640 1460 1663 curam
1484 1629 1620 1675 impen-

52 1680 147 1721 dere,
170 1680 370 1714 secundum
393 1680 480 1714 illud
508 1692 534 1714 1.
564 1681 607 1715 ad
636 1680 800 1715 Timoth.
832 1692 878 1726 5.:
908 1682 944 1716 Si
970 1683 1040 1726 qais
1068 1693 1218 1723 suoram,
1245 1686 1273 1716 et
1300 1683 1442 1716 maxime
1469 1683 1618 1716 Amnesti—

51 1745 166 1768 corum
188 1745 304 1767 curam
327 1746 390 1767 non
414 1734 519 1775 habet,
540 1734 636 1777 fidem
658 1736 810 1780 aega-vit,-
834 1734 961 1780 quibus
981 1743 1103 1768 tamen
1123 1736 1430 1776 concurrentibus,
1455 1735 1616 1768 conside-

51 1787 205 1820 randum
235 1795 354 1828 restat,
385 1795 505 1821 utrum
537 1788 663 1834 aliquis
692 1796 831 1822 tantam
861 1788 1116 1822 necessitatem
1145 1788 1312 1834 patiatur,
1347 1789 1444 1834 quod
1472 1801 1545 1822 non
1579 1789 1615 1821 in

51 1848 222 1886 promptu
245 1849 425 1886 appareat,
445 1841 633 1886 quomodo
656 1841 689 1875 ei
710 1842 823 1887 possit
837 1841 939 1875 aliter
951 1841 1150 1876 subveniri:
1173 1849 1208 1875 et
1229 1841 1264 1874 in
1286 1841 1349 1875 tali
1372 1853 1456 1876 casu
1478 1850 1619 1875 tenetur

51 1893 84 1927 ei
111 1905 200 1938 opus
228 1894 497 1928 misericordiae
524 1894 752 1940 impendere:
781 1895 810 1929 si
837 1903 957 1928 autem
983 1895 1019 1928 in
1041 1901 1210 1940 promptu
1230 1904 1410 1940 appareat,
1431 1896 1619 1940 quomodo

52 1946 154 1980 aliter
180 1947 212 1980 ei
239 1947 419 1980 subveniri
446 1948 569 1993 possit,
601 1947 659 1981 vel
686 1959 748 1992 per
778 1949 948 1993 seipsum,
978 1948 1036 1981 vel
1063 1959 1125 1992 per
1147 1947 1256 1981 aliam
1283 1959 1477 1994 personam
1505 1949 1621 1993 magis

53 2000 296 2044 conjunctam,
325 2009 385 2034 aut
412 2002 589 2046 majorem
616 2000 828 2035 facultatem
851 2002 1060 2043 habentem,
1081 2012 1156 2035 non
1177 2009 1319 2035 tenetur
1342 2014 1385 2035 ex
1407 2002 1622 2035 necessitate

51 2053 226 2098 indigenti
260 2053 461 2095 subvenire,
489 2055 537 2087 ita
565 2054 660 2098 quod
687 2065 761 2088 non
787 2054 952 2088 faciendo
980 2061 1125 2100 peccet;
1158 2055 1324 2100 quamvis
1354 2055 1382 2088 si
1413 2055 1619 2088 subvenerit

52 2106 186 2151 absque
202 2105 264 2139 tali
282 2107 506 2148 necessitate,
522 2106 746 2141 laudabiliter
760 2106 886 2141 faciat:
909 2107 1004 2141 unde
1019 2107 1216 2142 advocatus
1231 2119 1305 2142 non
1320 2115 1461 2142 tenetur
1476 2119 1620 2152 semper

53 2170 183 2192 causae
202 2170 401 2203 pauperum
424 2160 663 2205 patrocinium
686 2169 878 2205 praestare,
900 2160 962 2194 sed
984 2159 1105 2194 solum
1128 2162 1424 2195 concurrentibus
1445 2161 1620 2194 conditio-

52 2212 154 2245 nibus
177 2212 385 2256 praedictis3
408 2213 568 2258 alioquin
590 2221 773 2258 oporteret
796 2225 879 2247 eum
902 2214 1024 2247 omnia
1052 2213 1121 2248 alia
1148 2215 1294 2259 negotia
1321 2215 1616 2260 praetermittere,

54 2272 88 2298 et
109 2263 194 2298 solis
218 2265 331 2298 causis
354 2276 552 2310 pauperum
578 2266 741 2310 juvandis
768 2266 973 2308 intendere;
1002 2274 1036 2300 et
1061 2266 1159 2300 idem
1181 2267 1373 2301 dicendum
1397 2275 1450 2300 est
1473 2267 1515 2300 de
1544 2278 1619 2300 me-

54 2317 146 2359 dico,
168 2325 342 2362 quantum
364 2317 407 2350 ad
430 2318 653 2352 curationem
676 2330 885 2364 pauperum.

125 2370 186 2403 AD
204 2380 355 2403 PRIMUM
377 2381 464 2415 ergo
484 2370 689 2412 dicendum,
709 2372 805 2416 quod
827 2371 972 2417 quando
991 2372 1111 2405 asinus
1133 2373 1226 2417 jacet
1244 2372 1308 2406 sub
1328 2383 1449 2413 onere,
1468 2383 1541 2405 non
1562 2383 1622 2416 po-

53 2430 122 2456 test
155 2423 187 2456 ei
222 2422 324 2456 aliter
350 2423 531 2456 subveniri
557 2423 593 2456 in
621 2435 705 2458 casu
740 2424 820 2465 isto,
851 2425 920 2458 nisi
949 2436 1013 2470 per
1044 2425 1276 2459 advenientes
1307 2425 1557 2465 subveniatur3
1586 2433 1622 2458 et

34 2475 136 2509 ,ideo
158 2483 325 2509 tenentur
351 2477 492 2520 juvare:
519 2487 594 2509 non
621 2485 742 2510 autem
767 2484 988 2519 tenerentur,
1021 2478 1050 2512 si
1083 2487 1206 2524 posset
1239 2478 1382 2512 aliunde
1417 2478 1618 2511 remedium

56 2527 184 2561 afferri.

127 2581 188 2614 AD
215 2591 423 2615 SECUNDUM
445 2581 650 2623 dicendum,
666 2582 762 2627 quod
777 2583 892 2616 homo
914 2583 1091 2617 talentum
1110 2584 1177 2618 sibi
1199 2584 1375 2617 creditum
1396 2591 1538 2616 tenetur
1556 2583 1619 2616 uti-

55 2632 134 2666 liter
155 2633 373 2679 dispensare,
396 2642 537 2667 servata
559 2636 828 2680 opportunitate
847 2635 1027 2678 locorum,
1048 2644 1082 2670 et
1102 2645 1322 2682 temporum,
1346 2643 1378 2669 et
1398 2635 1550 2669 aliarum
1569 2647 1619 2669 re-

56 2696 148 2726 rum,
166 2694 205 2719 ut
226 2686 361 2720 dictum
385 2695 437 2720 est
459 2687 511 2731 (in
530 2694 617 2733 corp.
637 2688 731 2732 art).

128 2739 188 2772 AD
211 2748 382 2773 TERTIUM
405 2739 609 2782 dicendum,
636 2741 733 2786 quod
759 2752 833 2775 non
861 2742 1040 2787 quaelibet
1073 2742 1269 2775 necessitas
1303 2748 1427 2775 causat
1460 2741 1618 2775 debitum

57 2791 304 2833 subveniendi,
326 2792 388 2825 sed
409 2792 529 2826 solum
550 2793 623 2835 illa,
647 2805 737 2839 quae
760 2802 812 2828 est
834 2795 940 2828 dicta.

210 2922 239 2949 S.
259 2923 381 2950 ΤΗοΜΔε
402 2924 506 2951 Summa
532 2925 692 2961 Theologica.
714 2926 778 2952 Vol.
802 2926 854 2952 111.
1448 2937 1479 2961 34
