1859 3122
187 110 272 165 854
593 119 813 154 QUAESTIO
848 119 977 148 CXXV.
1010 118 1254 148 ARTICULUS
1288 118 1347 147 111.

184 215 258 237 non
278 202 476 237 secundum
491 201 689 234 rationem:
712 207 747 234 et
763 199 843 233 talis
862 199 1080 233 inordinatio
1096 199 1236 232 timoris
1251 198 1467 244 quandoque
1487 206 1539 233 est
1556 205 1747 245 peccatum

186 256 351 298 mortale,
378 254 595 300 quandoque
621 252 785 286 veniale:
813 253 841 286 si
868 252 965 286 enirn
988 251 1115 297 aliquis
1141 259 1285 297 propter
1310 251 1493 293 timorem,
1520 263 1591 297 quo
1619 250 1750 297 refugit

185 308 386 356 periculum
408 307 547 349 mortis,
567 306 626 340 vel
644 306 898 352 quodcumque
917 305 1011 338 aliud
1034 304 1234 350 temporale
1253 303 1403 346 malum,
1419 304 1469 338 sic
1489 304 1681 350 dispositus
1698 312 1751 338 est

186 370 224 396 ut
244 361 351 395 faciat
373 360 505 405 aliquid
528 359 762 404 prohibitum,
784 357 843 392 vel
864 359 1124 404 praetermittat
1151 357 1283 402 aliquid
1311 357 1408 403 quod
1436 365 1490 391 est
1515 365 1748 403 praeceptum

186 417 222 449 in
249 414 329 460 lege
359 413 490 454 divina,
519 411 601 446 talis
627 412 737 446 timor
767 418 820 445 est
848 418 1042 457 peccatum
1071 409 1244 444 mortale:
1275 409 1436 456 alioquin
1464 411 1529 444 erit
1557 418 1749 455 peccatum

186 467 339 502 veniale.

258 521 317 554 AD
339 529 488 554 PRIMUM
510 529 597 564 ergo
621 517 827 559 dicendum,
846 517 943 563 quod
961 517 1052 550 ratio
1074 515 1136 550 illa
1157 516 1322 562 procedit
1335 516 1378 550 de
1391 516 1534 558 timore,
1550 516 1750 550 secundum

188 575 284 620 quod
307 573 471 606 consistit
492 572 584 606 intra
606 570 888 605 sensualitatem.

259 627 318 661 AD
342 636 548 661 SECUNDUM
571 624 778 666 dicendum,
800 624 896 670 quod
913 623 1023 657 etiam
1039 623 1172 657 Glossa
1185 622 1247 656 illa
1261 630 1379 668 potest
1393 622 1545 668 intelligi
1560 622 1603 656 de
1621 622 1752 656 timore

187 680 224 714 in
246 679 477 714 sensualitate
501 679 696 713 existente:
715 677 773 711 vel
796 684 915 722 potest
935 676 1065 710 melius
1080 676 1161 718 dici,
1177 677 1273 722 quod
1288 675 1350 710 ille
1364 683 1442 710 toto
1458 675 1568 709 corde
1588 683 1752 720 terretur,

190 734 290 778 cujus
320 733 484 766 animum
513 733 624 765 timor
652 731 764 764 vincit
792 729 1091 775 irreparabiliter:
1120 737 1238 775 potest
1263 737 1385 763 autern
1413 729 1634 774 contingere,
1657 729 1752 774 quod

190 786 331 820 etiamsi
352 786 461 819 timor
482 785 526 819 sit
547 792 739 830 peccatum
761 783 926 825 mortale,
947 794 1022 816 non
1043 791 1166 816 tamen
1186 782 1312 828 aliquis
1332 783 1379 816 ita
1395 782 1571 816 obstinate
1589 789 1751 824 terretur,

189 839 275 886 quin
297 838 589 885 persuasionibus
613 837 777 872 revocari
799 838 926 882 possit:
949 836 1042 870 sicut
1063 835 1279 881 quandoque
1303 835 1430 881 aliquis
1452 834 1653 868 mortaliter
1674 845 1754 880 pec-

191 903 286 933 cans,
310 891 626 937 concupiscentiae
655 890 927 931 consentiendo,
958 888 1149 922 revocatur
1169 899 1215 922 ne
1238 899 1348 934 opere
1375 887 1524 934 impleat
1550 887 1647 933 quod
1676 897 1755 932 pro-

190 946 309 992 posuit
330 944 461 979 facere.

261 999 320 1032 AD
343 1008 514 1032 TERTHJM
538 997 742 1038 dicendum,
771 995 866 1042 quod
894 995 1027 1029 Glossa
1052 994 1115 1028 illa
1141 993 1301 1040 loquitur
1327 995 1369 1028 de
1398 994 1530 1028 timore
1558 1000 1753 1028 revocante

189 1051 379 1085 hominem
403 1063 422 1084 a
439 1051 550 1091 bono,
572 1050 668 1096 quod
690 1060 764 1083 non
787 1056 840 1082 est
862 1048 905 1082 de
922 1047 1137 1082 necessitate
1163 1048 1356 1093 praecepti,
1384 1048 1446 1082 sed
1469 1047 1511 1081 de
1533 1046 1753 1092 perfectione

191 1104 350 1138 consilii:
369 1104 449 1138 talis
469 1111 588 1138 autem
608 1104 717 1136 timor
731 1113 804 1136 non
824 1110 877 1136 est
894 1109 1086 1146 peccatum
1101 1100 1267 1142 mortale,
1282 1102 1343 1135 sed
1359 1100 1576 1146 quandoque
1592 1098 1753 1134 veniale:

191 1158 407 1204 quandoque
435 1157 544 1191 etiam
566 1167 639 1189 non
663 1164 716 1190 est
737 1162 951 1201 peccatum;
981 1161 1065 1199 puta
1096 1165 1179 1187 cum
1210 1153 1338 1199 aliquis
1365 1154 1472 1188 habet
1498 1152 1752 1187 rationabilem

192 1222 339 1245 causam
361 1219 513 1244 timoris.

750 1329 1094 1374 ARTICULUS
1130 1329 1206 1371 IV.
1686 1337 1753 1384 637

566 1439 720 1469 UTRUM
747 1439 886 1468 TIMOR
912 1437 1111 1467 EXCUSET
1138 1438 1165 1466 A
1191 1436 1410 1466 PECCATO.

263 1529 322 1563 AD
345 1537 533 1568 QUARTUM
555 1527 605 1561 sic
627 1526 843 1573 proceditur.
859 1526 1021 1567 Videtur,
1037 1526 1132 1571 quod
1152 1525 1261 1559 timor
1282 1536 1357 1558 non
1377 1532 1522 1559 excuset
1543 1537 1563 1559 a
1584 1532 1752 1570 peccato:

192 1583 302 1618 timor
324 1582 421 1616 enim
443 1590 497 1615 est
514 1589 718 1626 peccatum,
740 1588 778 1614 ut
801 1580 937 1613 dictum
959 1588 1012 1614 est
1035 1580 1114 1623 (art.
1137 1592 1164 1614 Ι.
1187 1579 1255 1624 huj.
1279 1579 1348 1624 q.):
1376 1579 1437 1612 sed
1464 1586 1654 1624 peccatum
1680 1589 1754 1612 non

194 1643 339 1671 excusat
366 1647 385 1669 a
416 1643 579 1681 peccato,
610 1634 672 1668 sed
702 1633 819 1678 magis
851 1641 1024 1679 aggravat
1045 1633 1186 1678 ipsum;
1215 1643 1302 1677 ergo
1328 1631 1438 1665 timor
1463 1642 1537 1665 non
1565 1639 1710 1666 excusat
1737 1642 1755 1665 a

193 1697 356 1736 peccato.

265 1754 295 1777 2.
318 1742 554 1776 PRAETEREA.
577 1740 615 1774 Si
634 1740 762 1786 aliquis
776 1740 887 1774 timor
902 1747 1049 1773 excusat
1063 1750 1082 1772 a
1096 1746 1259 1785 peccato,
1275 1738 1432 1772 maxime
1449 1745 1636 1772 excusaret
1647 1737 1752 1772 tim01

194 1796 333 1837 mortis,
354 1796 413 1841 qui
436 1795 565 1828 dicitur
587 1794 714 1828 cadere
736 1794 772 1827 in
795 1801 1023 1827 constantem
1050 1792 1189 1825 virum:
1219 1792 1279 1825 sed
1307 1791 1364 1824 hic
1392 1791 1502 1825 timor
1523 1802 1597 1825 non
1618 1791 1756 1824 videtur

195 1860 364 1883 excusare
381 1861 389 1890 ;
411 1848 493 1893 quia
516 1859 599 1881 cum
618 1858 717 1880 mors
739 1858 782 1880 ex
803 1846 1017 1880 necessitate
1038 1845 1227 1878 immineat
1245 1844 1424 1885 omnibus,
1438 1855 1511 1877 non
1526 1844 1666 1878 videtur
1679 1854 1756 1878 esse

193 1902 373 1943 timenda;
395 1912 482 1946 ergo
504 1902 613 1934 timor
634 1911 708 1933 non
731 1907 878 1933 excusat
901 1910 920 1932 a
941 1907 1105 1944 peccato.

270 1966 297 2000 3.
319 1955 554 1989 PRAETEREA.
579 1953 712 1988 Omnis
733 1952 844 1986 timor
863 1960 922 1985 aut
945 1959 997 1985 est
1018 1951 1105 1985 mali
1131 1950 1354 1996 temporalis,
1378 1958 1437 1984 aut
1458 1949 1667 1996 spiritualis:
1695 1950 1757 1984 sed

194 2009 304 2042 timor
325 2007 411 2041 mali
433 2007 626 2053 spiritualis
653 2017 727 2039 non
754 2014 873 2051 potest
900 2016 1071 2039 excusare
1101 2012 1310 2050 peccatum3
1341 2003 1424 2049 quia
1447 2015 1522 2037 non
1551 2003 1689 2038 inducit
1714 2003 1757 2037 ad

194 2061 432 2108 peccandum,
455 2060 516 2094 sed
539 2060 654 2105 magis
676 2059 825 2093 retrahit
847 2070 866 2092 a
888 2066 1058 2104 peccato:
1082 2058 1192 2092 timor
1214 2057 1323 2091 etiam
1346 2057 1432 2090 mali
1452 2056 1662 2102 temporalis
1683 2067 1758 2091 non

196 2122 341 2149 excusat
363 2124 382 2146 a
404 2121 573 2159 peccat03
596 2114 690 2158 quia,
718 2113 808 2146 sicut
834 2111 970 2145 Philos.
998 2111 1083 2144 dicit
1109 2111 1144 2144 in
1170 2122 1198 2156 3.
1221 2110 1336 2144 Ethic.
1365 2110 1449 2156 (cap.
1470 2110 1535 2154 6.),
1560 2110 1758 2155 «inopiam

194 2179 269 2201 non
292 2174 434 2213 oportet
454 2166 594 2207 timere,
621 2176 737 2210 neque
766 2165 1042 2210 aegritudinem,
1057 2174 1175 2209 neque
1191 2174 1441 2209 quaecumque
1468 2174 1541 2197 non
1569 2174 1588 2196 a
1615 2163 1759 2209 propria

196 2220 334 2255 malitia
354 2219 556 2265 procedunt
574 2231 614 2260 »ς
638 2229 724 2263 ergo
739 2218 890 2259 videtur,
905 2218 1001 2263 quod
1019 2218 1128 2251 timor
1146 2216 1246 2250 nullo
1266 2217 1376 2250 modo
1396 2224 1540 2250 excuset
1559 2227 1578 2249 a
1597 2223 1758 2262 peccato.

269 2273 342 2307 SED
370 2283 524 2307 CONTRA
547 2280 610 2313 est,
633 2271 729 2317 quod
757 2271 886 2304 dicitur
910 2271 945 2304 in
972 2271 1117 2304 Decret.
1145 2281 1172 2303 1.
1196 2281 1228 2315 q.
1255 2281 1283 2304 1.
1308 2270 1418 2316 (casm
1448 2269 1611 2313 Constat)-
1637 2269 1758 2303 «Vim

194 2338 331 2374 passus,
354 2334 389 2360 et
406 2326 538 2359 invitus
561 2325 602 2358 ab
626 2324 817 2358 haereticis
840 2324 1037 2365 ordinatus,
1061 2323 1225 2357 colorem
1247 2323 1356 2357 habet
1378 2323 1617 2357 excusationis
1635 2336 1667 2356 ».

267 2380 496 2414 RESPONDEO
524 2378 728 2418 dicendum,
756 2377 864 2422 quod,
891 2377 983 2410 sicut
1009 2387 1116 2422 supra
1144 2376 1278 2410 dictum
1303 2384 1355 2410 est
1377 2376 1459 2421 (art.
1483 2376 1626 2422 praec),
1648 2375 1759 2410 timor

196 2433 375 2467 intantum
390 2432 497 2466 habet
511 2433 689 2465 rationem
704 2430 854 2475 peccati,
869 2430 1082 2475 inquantum
1098 2437 1150 2463 est
1166 2437 1291 2463 contra
1306 2429 1470 2463 ordinem
1484 2429 1651 2463 rationis:
1667 2429 1758 2463 ratio

197 2494 318 2520 autern
339 2486 485 2532 judicat,
512 2483 689 2530 quaedam
712 2482 807 2516 mala
831 2494 909 2517 esse
932 2483 1048 2527 magis
1071 2482 1148 2516 aliis
1170 2481 1360 2527 fugienda3
1384 2490 1418 2516 et
1438 2482 1520 2516 ideo
1540 2482 1758 2528 quicumque

197 2547 235 2573 ut
255 2538 393 2584 fugiant
414 2537 522 2579 mala,
544 2548 635 2583 quae
658 2536 858 2570 secundum
880 2536 1058 2569 rationem
1081 2543 1162 2569 sunt
1185 2535 1300 2580 magis
1327 2534 1509 2580 fugienda,
1530 2546 1604 2569 non
1626 2534 1757 2580 refugit

197 2591 305 2633 mala,
328 2603 418 2637 quae
441 2599 522 2625 sunt
544 2591 662 2624 minus
681 2589 863 2633 fugienda,
885 2599 958 2621 non
982 2589 1130 2622 incurrit
1147 2596 1354 2633 peccatum:
1382 2588 1474 2622 sicut
1495 2588 1611 2633 magis
1633 2595 1686 2622 est
1706 2587 1760 2621 fu-

198 2645 329 2690 gienda
354 2656 452 2678 mors
480 2642 691 2689 corporalis,
719 2652 828 2687 quam
857 2641 1002 2674 amissio
1035 2653 1152 2675 rerum
1180 2641 1461 2687 temporalium;
1489 2641 1583 2675 unde
1618 2642 1646 2674 si
1680 2640 1758 2686 quis

197 2706 342 2744 propter
363 2697 532 2731 timorem
555 2696 687 2730 mortis
703 2694 901 2728 latronibus
922 2694 1053 2739 aliquid
1074 2696 1310 2740 promitteret,
1326 2702 1385 2728 aut
1404 2695 1514 2735 daret,
1530 2702 1758 2728 excusaretur

199 2762 218 2784 a
236 2759 406 2796 peccato;
425 2751 519 2796 quod
540 2750 747 2791 incurreret,
763 2755 797 2782 et
815 2747 891 2781 sine
911 2758 1019 2781 causa
1039 2747 1213 2791 legitima,
1227 2747 1487 2793 praetermissis
1502 2747 1616 2788 bonis,
1632 2747 1757 2792 quibus

198 2812 291 2838 esset
312 2804 427 2849 magis
449 2803 619 2844 dandum,
641 2800 891 2848 peccatoribus
914 2800 1118 2845 largiretur:
1142 2801 1171 2834 si
1193 2809 1313 2834 autem
1342 2800 1469 2846 aliquis
1496 2811 1559 2846 per
1584 2800 1757 2834 timorem

1846 2470 1853 2523 Ἀ
