1859 3122
484 163 706 199 QUAESTIO
740 163 838 193 XLV.
873 163 1117 193 ARTICULUS
1152 163 1210 194 111.
1545 164 1627 207 347

70 243 266 278 secundum
295 244 391 289 quod
419 252 471 278 est
497 244 748 279 intellectualis
770 244 899 279 virtus:
924 245 985 279 sed
1013 244 1198 291 sapientia,
1229 244 1429 279 secundum
1456 244 1553 290 quod
1580 253 1633 279 est

69 296 318 331 intellectualis
333 298 455 339 virtus,
471 306 523 332 cst
536 298 755 344 speculativa
778 306 937 339 tantumn
958 310 1044 343 ergo
1064 298 1178 332 multo
1202 299 1317 343 magis
1337 298 1523 344 sapientia,
1538 309 1629 344 quae

70 357 123 383 est
145 350 293 392 donum,
316 359 368 384 est
390 351 622 396 speculativa,
645 359 679 386 et
696 363 770 385 non
793 351 961 397 practica.

139 413 169 436 2.
193 403 428 438 PRAETEREA.
452 405 635 439 Praeticus
657 404 860 439 intellectus
888 412 941 438 est
962 406 1056 438 circa
1080 405 1288 451 operabilia,
1316 417 1407 451 quae
1441 413 1523 439 sunt
1550 416 1632 439 con-

67 455 257 501 tingentia:
277 458 338 491 sed
357 458 532 503 sapientia
552 466 603 492 est
618 458 712 491 circa
728 458 858 500 divina,
875 469 966 504 quae
982 467 1064 492 sunt
1079 467 1234 501 aeterua,
1250 467 1283 492 et
1302 459 1523 501 necessaria3
1544 470 1630 504 ergo

68 509 240 555 sapientia
263 522 335 544 non
360 520 478 557 potest
500 523 577 546 esse
600 512 768 558 practica.

141 574 170 607 3.
193 564 429 599 PRAE'sRREA.
455 566 563 610 Greg.
587 565 672 599 dicit
698 565 734 598 in
762 565 793 598 6.
817 565 945 599 Moral.
969 565 1057 612 (scip.
1087 565 1163 610 nit.)
1187 566 1282 611 quod
1314 579 1330 597 <t
1352 566 1387 599 in
1411 565 1632 612 contempla-

67 616 165 650 tione
188 618 414 663 principium,
437 619 533 664 quod
560 619 658 652 Deus
681 626 744 660 est,
767 619 964 664 quaeritur:
988 620 1023 652 in
1046 619 1257 665 operatione
1286 628 1404 653 autem
1439 620 1502 653 sub
1531 621 1628 665 gravi

66 671 288 705 necessitatis
308 671 402 706 fasce
418 672 600 706 laboratur
622 687 638 704 2)
655 683 662 704 :
684 673 744 706 sed
769 672 811 706 ad
835 672 1047 718 sapientiam
1066 673 1220 718 pertinet
1238 672 1444 706 divinorum
1463 673 1567 714 visio,
1587 674 1629 707 ad

66 735 175 768 quam
197 736 270 758 non
298 726 451 770 pertinet
476 726 539 760 sub
568 726 689 772 aliquo
717 725 813 760 fasce
832 725 1014 768 laborare;
1039 726 1133 772 quia,
1157 734 1194 760 ut
1215 726 1344 760 dicitur
1375 727 1457 772 Sap.
1481 727 1529 761 8.:
1553 728 1630 761 Non

65 777 158 812 habet
183 779 441 814 amaritudinem
459 781 663 814 conversatio
683 782 762 825 ejns,
786 791 841 814 nec
864 779 1008 814 taedium
1035 781 1201 814 con-victus
1221 780 1307 814 illins
1317 792 1329 821 ;
1346 791 1433 825 ergo
1456 781 1630 826 sapientia

67 838 120 865 est
141 829 424 878 contemplativa
445 841 596 875 tantum,
618 844 692 867 non
715 841 836 868 autem
855 833 1025 879 practica,
1047 833 1122 867 sive
1144 834 1272 867 activa.

137 884 210 919 SED
234 897 389 921 CONTRA
413 894 476 929 est,
499 887 595 932 quod
617 887 746 921 dicitur
767 887 811 920 ad
835 886 979 921 Coloss.
1001 896 1054 929 4.:
1077 887 1117 921 In
1142 889 1304 934 sapientia
1322 887 1487 922 ambulate
1505 886 1546 921 ad
1568 898 1628 929 cos,

64 939 224 986 qicisoris
236 945 330 975 sunt:
353 940 424 974 hoc
448 948 569 975 autem
591 941 743 986 pertinet
762 940 805 974 ad
829 940 1030 983 actionem3
1050 952 1138 987 ergo
1157 941 1331 987 sapientia
1349 952 1423 975 non
1443 949 1495 975 est
1509 940 1629 975 solum

63 993 292 1040 speculativa,
311 993 372 1027 sed
395 993 504 1028 etiam
525 994 693 1040 practica.

134 1046 364 1082 RESPONDEO
387 1047 592 1089 dicendum,
608 1047 717 1093 quod,
731 1048 823 1082 sicut
836 1048 990 1094 August.
1013 1048 1098 1082 dicit
1119 1048 1155 1082 in
1178 1058 1229 1082 12.
1246 1048 1287 1082 de
1306 1047 1424 1082 Trinit
1438 1050 1526 1095 (cap.
1546 1049 1628 1092 14),

63 1101 227 1147 superior
247 1112 328 1146 pars
350 1100 498 1135 rationis
520 1101 717 1147 sapientiae
739 1102 939 1146 deputatur,
962 1101 1109 1135 inferior
1131 1110 1253 1136 autem
1272 1102 1454 1136 scientiae:
1467 1102 1630 1147 superior

64 1162 184 1188 autem
206 1154 309 1196 ratio,
331 1162 369 1188 ut
389 1154 465 1200 ipse
487 1154 523 1188 in
545 1155 676 1189 eodem
695 1154 754 1188 lib.
780 1155 867 1201 (cap.
891 1157 937 1201 7.)
961 1155 1058 1196 dicit,
1081 1168 1097 1186 ((
1116 1155 1269 1189 intendit
1291 1155 1489 1189 rationibus
1511 1166 1630 1200 super-

62 1209 129 1250 nis,
151 1207 288 1242 scilicet
314 1207 453 1250 divinis,
481 1216 516 1242 et
543 1208 819 1253 conspiciendis,
842 1216 877 1242 et
903 1207 1132 1242 consulendis
1150 1220 1190 1242 »t
1211 1209 1446 1254 conspiciendis
1471 1208 1629 1254 quidem,

62 1261 261 1296 secundum
280 1261 376 1307 quod
398 1261 518 1295 divina
539 1261 575 1295 in
597 1261 722 1307 seipsis
745 1261 1030 1308 contemplatur:
1052 1262 1251 1296 consulendis
1273 1270 1406 1303 autem,
1428 1261 1628 1296 secundum

63 1315 159 1362 quod
174 1326 236 1361 per
250 1315 370 1349 divina
388 1315 523 1359 judicat
541 1315 584 1349 de
602 1315 771 1349 humanis
787 1315 936 1357 actibus,
951 1326 1014 1361 per
1033 1315 1171 1349 divinas
1192 1315 1335 1361 regulas
1354 1316 1510 1361 dirigens
1529 1323 1629 1349 actus

62 1369 263 1413 humanos3
286 1371 335 1404 sic
359 1381 445 1416 ergo
467 1370 654 1416 sapientia,
677 1370 876 1404 secundum
899 1370 995 1416 quod
1018 1377 1070 1404 est
1090 1370 1323 1412 donum‚n0n
1339 1369 1459 1404 solum
1482 1376 1535 1403 est
1555 1379 1630 1414 spe-

63 1423 230 1466 culativa,
252 1424 314 1458 sed
337 1423 445 1457 etiam
467 1424 638 1469 practica.

133 1477 193 1511 AD
220 1488 369 1512 PRIMUM
402 1488 489 1521 ergo
522 1477 727 1519 dicendum,
754 1477 850 1523 quod
878 1485 1013 1523 quanto
1036 1476 1155 1522 aliqua
1177 1476 1288 1510 virtus
1312 1484 1365 1510 est
1387 1475 1504 1517 altior,
1526 1483 1626 1509 tanto

65 1529 107 1563 ad
128 1529 230 1576 plura
252 1541 289 1564 se
312 1531 478 1575 extendit,
501 1538 539 1564 ut
572 1531 723 1564 habetur
745 1532 780 1564 in
802 1530 861 1564 lib.
886 1531 928 1564 de
951 1530 1081 1564 Causis
1104 1531 1213 1576 (prop.
1236 1542 1286 1565 10.
1309 1535 1336 1564 et
1357 1530 1443 1576 17.)‚·
1468 1529 1561 1562 unde
1585 1540 1625 1563 ex

61 1583 133 1616 hoc
156 1584 234 1628 ipso
257 1583 352 1629 quod
375 1584 560 1629 sapientia,
583 1595 674 1629 quae
703 1591 755 1617 est
785 1584 934 1625 donum,
963 1591 1015 1618 est
1037 1583 1281 1625 excellentior,
1307 1594 1416 1629 quarn
1439 1582 1626 1628 sapientia,

62 1647 153 1682 quae
175 1643 228 1670 est
248 1637 359 1670 virtus
381 1636 645 1678 intellectualis,
661 1644 785 1682 utpote
807 1637 925 1681 magis
948 1637 990 1671 de
1013 1637 1216 1682 propinquo
1232 1637 1353 1670 Deum
1373 1636 1550 1682 attingens
1566 1647 1627 1682 per

61 1690 258 1736 quamdam
279 1691 454 1724 unionem
477 1690 619 1724 animae
643 1690 687 1724 ad
708 1691 838 1736 ipsum,
860 1690 970 1724 habet
991 1690 1087 1736 quod
1109 1701 1183 1724 non
1205 1689 1325 1724 solum
1344 1690 1472 1735 dirigat
1490 1689 1526 1723 in
1546 1701 1628 1723 con-

60 1743 308 1789 templatione,
331 1744 392 1778 sed
414 1744 523 1777 etiam
546 1744 581 1777 in
605 1744 758 1777 actione.

132 1797 191 1831 AD
215 1807 422 1832 SECUNDUM
445 1797 649 1839 dicendum,
677 1797 772 1843 quod
800 1797 919 1830 divina
941 1797 977 1830 in
1011 1808 1049 1831 se
1079 1797 1225 1843 quidem
1252 1804 1334 1831 sunt
1359 1797 1573 1838 necessaria,
1593 1804 1627 1831 et

63 1858 226 1893 aeterna3
249 1859 331 1884 sunt
351 1858 473 1884 tamen
495 1849 641 1896 regulae
664 1850 965 1896 contingentium,
982 1861 1073 1896 quae
1091 1851 1260 1884 humanis
1283 1850 1419 1884 actibus
1442 1851 1600 1884 subsunt.

133 1904 192 1938 AD
215 1914 386 1939 TERTIUM
402 1904 608 1945 dicendum,
624 1903 719 1949 quod
734 1903 831 1950 prius
853 1911 906 1937 est
925 1903 1153 1938 considerare
1169 1903 1302 1949 aliquid
1318 1903 1353 1937 in
1368 1903 1500 1949 seipso,
1515 1915 1625 1950 quam

62 1957 263 1991 secundum
284 1957 380 2003 quod
402 1957 520 2003 ipsum
544 1957 587 1990 ad
622 1956 774 1990 alterum
808 1965 1057 2002 comparatur;
1081 1957 1174 1991 unde
1206 1957 1249 1990 ad
1280 1956 1494 2003 sapientiam
1528 1957 1624 2003 prius

62 2011 214 2057 pertinet
235 2010 495 2057 contemplatio
522 2010 739 2052 divinorum,
763 2021 854 2056 quae
883 2018 935 2045 est
956 2011 1047 2044 visio
1074 2010 1259 2057 principii3
1283 2018 1317 2044 et
1343 2011 1519 2056 posterius
1547 2010 1625 2044 diri-

62 2075 146 2109 gere
162 2072 262 2098 actus
277 2064 458 2113 humanos
480 2063 681 2098 secundum
701 2063 857 2098 rationes
877 2063 1035 2099 divinas:
1054 2075 1120 2098 nec
1140 2072 1262 2098 tamen
1284 2064 1321 2097 in
1343 2064 1479 2098 actibus
1500 2064 1625 2097 huma-

62 2117 116 2152 nis
138 2129 180 2152 ex
202 2114 399 2152 directione
426 2117 622 2162 sapientiae
650 2117 815 2162 provenit
841 2118 1056 2160 amaritudo,
1084 2126 1144 2152 aut
1165 2117 1278 2160 labor,
1305 2118 1368 2152 sed
1390 2118 1508 2164 potius
1530 2129 1624 2151 ama-

62 2171 180 2205 ritudo
201 2179 347 2218 propter
367 2170 580 2217 sapientiam
601 2171 749 2205 vertitur
769 2170 806 2204 in
827 2170 1068 2214 dulcedinem,
1091 2179 1125 2206 et
1147 2171 1249 2205 labor
1269 2171 1305 2205 in
1327 2171 1500 2217 requiem.

617 2318 960 2364 ARTICULUS
997 2320 1072 2363 iv.
1554 2341 1620 2376 252

312 2432 463 2462 UTRUM
496 2433 723 2464 SAPIENTIA
755 2434 906 2464 POSSIT
937 2434 1038 2463 ESSE
1071 2434 1167 2464 SINE
1202 2433 1376 2472 GRATIA,

509 2498 564 2526 ET
600 2498 691 2528 CUM
722 2499 926 2528 PECCATO
962 2499 1172 2528 MORTALI.

135 2596 195 2630 AD
222 2605 411 2635 QUARTUM
432 2595 482 2630 sic
504 2596 720 2641 proceditur.
742 2596 905 2639 Videtur,
927 2597 1023 2643 quod
1045 2597 1220 2643 sapientia
1235 2597 1347 2643 possit
1362 2607 1438 2630 esse
1453 2596 1529 2630 sine
1545 2607 1620 2641 gra-

63 2649 124 2690 tia,
147 2656 181 2683 et
202 2660 286 2682 cum
308 2657 458 2693 peccato
480 2649 643 2683 mortali:
666 2650 708 2684 de
729 2650 785 2684 his
807 2651 916 2692 enim,
938 2662 1029 2696 quae
1052 2662 1134 2684 cum
1158 2658 1308 2696 peccato
1332 2649 1476 2683 mortali
1495 2649 1621 2684 haberi

63 2713 137 2735 non
171 2710 332 2748 possunt,
363 2702 554 2747 praecipue
584 2703 699 2737 sancti
725 2703 935 2748 gloriantur,
961 2704 1160 2737 secundum
1194 2703 1281 2737 illud
1314 2713 1344 2736 2.
1381 2703 1424 2736 ad
1455 2702 1540 2736 Cor.
1572 2714 1619 2736 1.:

67 2755 188 2789 Gloria
214 2760 326 2789 nostra
357 2755 433 2789 haec
459 2760 512 2796 est,
541 2757 761 2790 testimoninm
787 2758 1000 2791 conscientiae
1027 2761 1178 2790 nostrae.-
1208 2756 1268 2790 sed
1297 2756 1339 2789 de
1362 2756 1535 2801 sapientia
1557 2767 1621 2790 sua

63 2818 138 2841 non
160 2808 264 2842 debet
287 2807 414 2853 aliquis
433 2807 590 2853 gloriari,
613 2810 811 2844 secundum
833 2810 920 2844 illud
944 2810 1102 2844 Hierem.
1126 2820 1177 2855 9.:
1206 2810 1283 2843 Non
1307 2810 1467 2854 glorietur
1496 2811 1621 2855 sapiens

62 2861 97 2893 in
123 2862 284 2907 sapientia
305 2873 384 2901 ςιιιι,·
409 2872 495 2906 ergo
517 2862 690 2907 sapientia
712 2871 830 2908 potest
851 2875 927 2897 esse
950 2863 1025 2897 sine
1048 2862 1160 2907 gratia
1184 2873 1265 2895 cum
1289 2869 1438 2908 peccato
1462 2862 1619 2896 mortali.
