1859 3122
450 183 670 219 QUAESTIO
705 182 820 212 XXVI.
854 183 1098 213 ARTICULUS
1133 183 1206 212 V11.
1529 182 1610 224 223

59 264 141 299 citia
162 265 326 306 honesta,
348 265 532 299 ordinetur
553 265 646 299 sicut
667 264 710 298 ad
731 264 840 298 finem
863 264 906 298 ad
927 264 1075 305 bonum,
1098 276 1204 310 super
1226 263 1322 310 quod
1343 262 1511 297 fundatur
1533 263 1617 297 cha-

59 317 155 359 ritas,
178 329 402 363 consequens
425 326 488 359 est,
511 326 548 352 ut
570 318 724 352 charitas
743 317 897 363 imperet
919 318 1012 351 actui
1035 318 1223 363 cujuslibet
1249 317 1393 352 alterius
1415 316 1614 351 amicitiae:

60 371 152 405 sicut
173 382 240 413 ars,
264 382 354 416 quae
377 379 429 405 est
451 372 546 405 circa
573 371 694 412 finem,
716 371 869 416 imperat
891 372 967 412 arti,
989 382 1080 417 quae
1103 380 1155 405 est
1177 372 1271 405 circa
1293 383 1335 406 ea
1356 382 1447 417 quae
1469 379 1552 404 sunt
1573 370 1615 404 ad

59 423 188 459 finem:
212 432 246 458 et
268 426 317 458 sic
340 425 410 458 hoc
433 425 551 470 ipsum
573 425 668 470 quod
692 432 744 458 est
765 424 914 469 diligere
937 424 1106 470 aliquem,
1129 425 1211 470 quia
1234 425 1538 470 consanguineus,
1559 422 1617 457 vel

60 478 274 522 conjunctus
297 486 360 518 est,
382 477 439 512 vel
461 478 543 524 quia
565 478 735 518 concivis,
757 477 815 511 vel
836 486 981 523 propter
1003 479 1257 523 quodcumque
1285 478 1494 523 hujusmodi
1522 476 1617 510 aliud

58 529 197 564 licitum
219 531 416 565 ordinabile
439 531 474 564 in
493 531 602 565 finem
625 531 818 572 charitatis,
840 539 957 577 potest
985 543 1003 564 a
1030 531 1204 565 charitate
1230 532 1418 577 imperari:
1442 539 1476 565 et
1500 531 1549 565 ita
1576 541 1617 564 ex

59 583 231 617 charitate
252 591 327 618 tam
343 584 523 626 eliciente,
537 595 646 630 quam
656 584 855 630 imperante
870 583 1028 630 pluribus
1047 585 1164 619 modis
1179 584 1362 630 diligimus
1382 585 1497 630 magis
1512 583 1616 618 nobis

60 638 284 683 conjunctos.

128 691 187 725 AD
209 701 358 725 PRIMUM
381 702 466 737 ergo
489 690 693 733 dicendum,
716 691 811 737 quod
835 691 870 724 in
892 691 1100 737 propinquis
1121 691 1252 726 nostris
1274 702 1349 725 non
1375 691 1619 737 praecipimur

58 743 170 785 odire,
192 744 288 789 quod
304 744 495 790 propinqui
508 745 623 778 nostri
636 752 733 778 sunt:
754 745 815 778 sed
830 745 901 778 hoc
924 745 1056 786 solum,
1072 745 1168 790 quod
1183 744 1384 790 impediunt
1397 755 1464 778 nos
1481 756 1499 777 a
1518 744 1618 778 Deo:

58 805 94 831 et
112 797 150 830 in
170 797 240 831 hoc
258 808 332 831 non
353 805 436 832 sunt
461 798 664 844 propinqui,
686 798 748 832 sed
768 797 918 839 inimici,
950 798 1149 832 secundum
1170 797 1257 832 illud
1285 797 1452 831 Micheae
1475 808 1527 842 7.:
1550 798 1619 831 Ini-

59 851 136 885 mici
162 851 301 885 hominis
323 850 488 885 domestici
513 853 592 893 esus.

128 903 188 938 AD
218 914 425 939 SECUNDUM
447 904 651 947 dicendum,
673 905 770 950 quod
792 904 947 939 charitas
968 904 1052 939 facit
1073 905 1263 939 hominem
1286 904 1507 939 conformari
1534 905 1615 938 Deo

58 957 257 991 secundum
279 958 572 1003 proportionem3
594 966 632 992 ut
649 958 787 993 scilicet
804 959 852 992 ita
868 969 904 992 se
926 958 1057 992 habeat
1074 959 1188 993 homo
1205 959 1248 992 ad
1270 959 1304 992 id
1320 959 1415 1004 quod
1430 970 1538 992 suum
1554 966 1619 999 est,

58 1011 148 1045 sicut
168 1011 268 1045 Deus
290 1012 333 1045 ad
348 1011 383 1044 id
405 1011 501 1057 quod
516 1023 622 1046 suum
637 1020 710 1046 est:
735 1012 912 1058 quaedam
928 1013 1024 1045 enim
1046 1023 1238 1058 possumus
1259 1024 1301 1046 ex
1319 1012 1492 1046 charitate
1510 1011 1620 1053 velle,

59 1064 141 1109 quia
162 1072 245 1098 sunt
264 1065 368 1099 nobis
390 1065 653 1107 convenientia,
675 1077 766 1111 quae
788 1074 910 1099 tamen
933 1066 1031 1099 Deus
1054 1076 1126 1099 non
1147 1065 1234 1106 vult,
1257 1066 1340 1111 quia
1358 1076 1431 1099 non
1447 1065 1617 1099 convenit

58 1117 91 1151 ei
111 1125 150 1151 ut
170 1128 211 1151 ea
236 1117 339 1160 velit;
369 1118 462 1152 sicut
482 1129 588 1164 supra
610 1119 773 1152 habitum
796 1127 848 1152 est
869 1119 946 1163 (1-2.
970 1131 998 1164 q.
1021 1131 1072 1164 19.
1095 1124 1160 1153 art.
1187 1120 1254 1164 10.)
1279 1130 1362 1152 cum
1392 1119 1435 1152 de
1456 1118 1616 1152 bonitate

57 1170 252 1205 voluntatis
274 1179 450 1216 ageretur.

127 1224 188 1258 AD
215 1234 385 1258 TERTIUM
408 1225 612 1267 dicendum,
635 1225 731 1271 qnod
750 1225 905 1259 charitas
924 1237 998 1259 non
1016 1224 1136 1259 solum
1151 1225 1248 1259 elicit
1269 1233 1390 1259 actum
1412 1225 1620 1260 dilectionis

57 1277 257 1312 secundum
271 1279 448 1312 rationem
463 1278 607 1324 objecti,
621 1279 683 1313 sed
693 1279 801 1313 etiam
816 1279 1015 1313 secundum
1030 1279 1208 1313 rationem
1227 1279 1466 1324 diligentis‚ut
1483 1279 1618 1313 dictum

61 1339 113 1366 est
133 1333 183 1376 (in
204 1338 293 1378 corp.
312 1333 414 1377 art.):
434 1344 476 1366 ex
497 1344 569 1378 quo
590 1333 777 1379 contingit,
799 1333 895 1379 quod
918 1333 1034 1379 magis
1057 1334 1270 1379 conjunctus
1284 1333 1400 1378 magis
1422 1340 1573 1366 amatur.

589 1479 932 1524 ARTICULUS
960 1479 1083 1523 VIII.
1555 1501 1615 1536 155

413 1602 566 1632 UTRUM
592 1603 659 1632 SIT
687 1602 816 1631 MAGIS
845 1601 1111 1632 DILIGENDUS
1144 1601 1258 1640 ILLE,

61 1667 138 1704 QUI
157 1667 284 1698 NOBIS
305 1667 384 1697 EST
412 1668 542 1697 MAGIS
567 1667 848 1709 CONJUNCTUS
873 1667 1110 1697 SECUNDUM
1133 1666 1365 1696 CARNALEM
1388 1665 1619 1704 ORIGINEM,

131 1767 234 1813 (Infr.
257 1779 286 1813 q.
304 1779 355 1814 32.
370 1772 433 1802 art.
456 1779 488 1813 9.
507 1772 534 1802 et
551 1779 579 1814 3.
594 1768 681 1802 Dist.
697 1768 750 1803 28.
772 1772 836 1802 art.
859 1767 891 1802 6.
909 1772 937 1801 et
965 1767 1046 1802 Virt.
1062 1779 1091 1812 q.
1107 1778 1138 1802 2.
1157 1772 1221 1802 art.
1237 1778 1269 1812 9.
1288 1766 1330 1801 ad
1350 1778 1393 1812 13.
1413 1771 1442 1801 et
1462 1767 1543 1811 14).

130 1869 191 1904 ΑΒ
218 1879 405 1904 OCTAVUM
426 1869 477 1903 sic
495 1869 711 1915 proceditur.
732 1869 895 1910 Videtur,
911 1869 1007 1914 quod
1028 1879 1102 1902 non
1124 1868 1168 1902 sit
1185 1867 1302 1914 magis
1320 1867 1522 1913 diligendus
1544 1866 1622 1909 ille,

59 1922 120 1969 qui
140 1931 193 1957 est
217 1922 332 1968 magis
353 1922 457 1956 nobis
479 1923 692 1968 conjunctus
714 1922 912 1956 secundum
935 1921 1117 1956 carnalem
1141 1922 1338 1967 originem:
1362 1921 1491 1955 dicitur
1518 1921 1616 1955 enim

59 1975 228 2010 Proverb.
255 1976 326 2010 18.:
357 1976 415 2009 Vir
441 1976 626 2010 amicabilis
652 1975 693 2010 ad
713 1977 897 2010 societatem
924 1977 1026 2019 tnagis
1058 1977 1120 2009 erit
1141 1977 1279 2017 amicus,
1302 1987 1401 2020 quam
1427 1975 1554 2018 frater:
1584 1982 1619 2008 et

59 2028 224 2063 Valerius
249 2029 429 2063 Maximus
451 2029 536 2063 dicit
556 2029 629 2073 (lib.
654 2040 687 2073 4.
715 2035 785 2075 cap.
819 2040 847 2074 7.
872 2030 905 2062 in
921 2029 1063 2074 princ),
1087 2028 1183 2074 quod
1217 2028 1398 2061 amicitiae
1432 2026 1619 2061 vinculum

60 2081 306 2126 praevalidum
328 2090 390 2124 est,
411 2093 529 2128 neque
563 2081 636 2116 ulla
658 2093 699 2116 ex
721 2089 818 2128 parte
840 2081 1024 2127 sanguinis
1052 2081 1184 2115 viribus
1214 2080 1382 2115 inferius:
1411 2081 1482 2114 hoc
1511 2081 1619 2115 etiam

61 2137 201 2177 certius,
224 2143 259 2169 et
279 2134 509 2181 exploratius,
539 2135 636 2181 quod
666 2134 754 2168 illud
775 2135 947 2168 nascendi
973 2145 1050 2168 sors
1075 2133 1264 2168 fortuitum
1292 2145 1381 2180 opus
1408 2133 1521 2175 dedit;
1548 2134 1620 2167 hoc

60 2188 313 2234 uniuscuisque
334 2188 450 2222 solido
477 2188 610 2234 judicio
636 2188 804 2222 incoacta
824 2187 991 2221 voluntas
1018 2188 1218 2229 contrahit;
1245 2198 1331 2233 ergo
1360 2186 1422 2230 illi,
1449 2187 1510 2232 qui
1540 2195 1625 2221 sunt

62 2242 244 2286 conjuncti
264 2242 450 2287 sanguine,
472 2253 546 2275 non
567 2250 650 2275 sunt
671 2241 786 2286 magis
810 2241 992 2286 diligendi,
1014 2252 1124 2286 quam
1147 2240 1217 2274 alii.

132 2304 162 2328 2.
184 2295 418 2329 PRAETEREA.
441 2295 610 2328 Ambros.
626 2295 662 2328 in
689 2305 715 2328 1.
732 2295 775 2328 de
792 2293 899 2329 Offic.
924 2293 1010 2340 (cap.
1034 2295 1104 2339 7‚):
1130 2294 1248 2328 «Non
1271 2293 1389 2327 minus
1411 2304 1476 2328 vos
1492 2293 1617 2337 diligo,

61 2358 150 2393 quos
169 2347 207 2381 in
228 2347 426 2393 Evangelio
449 2348 569 2393 genui,
592 2359 702 2393 quam
720 2348 749 2382 si
770 2347 806 2381 in
829 2347 1000 2392 conjugio
1019 2347 1276 2393 suscepissem:
1299 2358 1374 2380 non
1396 2347 1492 2380 enim
1514 2347 1622 2380 vehe-

61 2400 216 2434 mentior
237 2408 290 2434 est
310 2408 437 2434 natura
459 2400 502 2434 ad
521 2400 756 2446 diligendum,
771 2411 881 2446 quam
906 2400 1038 2445 gratia:
1054 2399 1132 2445 plus
1157 2408 1252 2434 certe
1272 2400 1420 2445 diligere
1437 2400 1621 2439 debemus,

61 2464 151 2498 quos
165 2461 335 2499 perpetuo
350 2453 542 2487 nobiscum
556 2461 722 2499 putamus
735 2453 886 2495 futuros,
908 2465 1017 2498 quam
1032 2464 1122 2498 quos
1138 2461 1278 2487 tanturn
1291 2455 1325 2487 in
1340 2453 1411 2486 hoc
1428 2452 1574 2486 saeculo
1593 2464 1624 2493 »3

61 2517 135 2539 non
149 2517 235 2551 ergo
251 2506 511 2552 consanguinei
525 2514 606 2540 sunt
621 2508 736 2551 magis
751 2506 923 2551 diligendi
936 2506 1003 2547 his,
1019 2506 1175 2552 quisunt
1191 2506 1292 2540 aliter
1306 2506 1409 2539 nobis
1425 2506 1622 2549 conjuncti.

136 2571 164 2605 3.
179 2559 414 2594 PRAETEREA.
428 2560 586 2594 Probatio
597 2559 778 2594 dilectionis
797 2565 840 2594 est
853 2560 1006 2594 exhibitio
1022 2561 1138 2605 operis,
1154 2567 1192 2593 ut
1207 2559 1317 2604 Greg.
1334 2558 1418 2592 dicit
1432 2558 1468 2591 in
1487 2557 1624 2591 Homil.

65 2613 187 2657 (30.'in
204 2613 375 2657 Evang.):
397 2612 460 2646 sed
483 2612 696 2658 quibusdam
719 2613 835 2658 magis
854 2613 1024 2646 debemus
1042 2612 1251 2658 impendere
1274 2611 1476 2645 dilectionis
1501 2622 1627 2656 opera,

63 2676 171 2710 quam
192 2665 300 2698 etiam
323 2665 621 2710 consanguineis:
652 2666 743 2700 sicut
775 2666 892 2711 magis
916 2674 968 2699 est
1001 2666 1244 2699 obediendum
1277 2665 1313 2698 in
1336 2664 1493 2698 exercitu
1527 2665 1622 2706 duci,

64 2728 173 2763 quam
187 2717 277 2762 patri
292 2730 300 2759 ;
323 2729 408 2763 ergo
423 2717 485 2759 illi,
501 2719 561 2763 qui
574 2727 654 2752 sunt
672 2719 846 2763 sanguine
870 2719 1064 2763 conjuncti,
1079 2729 1152 2752 non
1168 2725 1248 2751 sunt
1264 2717 1419 2750 maxime
1435 2716 1620 2762 diligendi.

137 2770 211 2804 SED
234 2780 388 2804 CONTRA
421 2778 484 2811 est,
506 2771 603 2816 quod
624 2771 826 2816 specialiter
858 2771 895 2806 in
916 2771 1115 2817 praeceptis
1148 2769 1328 2814 Decalogi
1362 2770 1552 2804 mandatur
1578 2770 1621 2804 de

65 2823 307 2857 honoratione
321 2831 522 2868 parentum,
541 2832 579 2858 ut
600 2832 697 2869 patet
718 2824 829 2858 Exod.
846 2835 923 2866 20.;
943 2835 1028 2869 ergo
1043 2824 1106 2864 illi,
1129 2823 1189 2868 qui
1207 2831 1287 2856 sunt
1309 2823 1412 2857 nobis
1436 2824 1624 2868 conjuncti

68 2875 266 2910 secundum
288 2875 402 2910 carnis
426 2876 616 2922 originem,
638 2884 720 2911 sunt
741 2888 761 2910 a
781 2877 885 2911 nobis
906 2876 1097 2922 specialius
1121 2875 1309 2921 diligendi.
