1859 3122
496 181 713 218 QUAESTIO
746 181 876 211 CXXV.
909 180 1152 211 ARTICULUS
1185 180 1213 210 Ι.
1544 167 1621 222 851

545 425 898 488 QUAESTIO
941 423 1153 472 CXXV.

266 548 329 579 DE
367 548 563 588 TIMORE,
607 549 657 580 IN
695 548 924 588 QUATUOR
962 547 1223 579 ARTICULOS
1262 547 1436 579 DIVISA.

146 685 286 720 Deinde
317 686 618 721 considerandum
659 695 712 722 est
745 687 787 722 de
815 687 908 721 vitiis
935 688 1109 734 oppositis
1139 687 1358 722 fortitudini:
1393 695 1428 722 ct
1447 689 1560 735 primo
1587 687 1630 723 de

74 738 226 774 timore:
247 739 383 774 secundo
405 740 448 774 de
469 740 714 775 intimiditate:
743 742 837 776 tertio
864 741 907 776 de
927 741 1087 775 audacia.

519 831 619 866 Circa
635 832 784 877 primum
806 823 1009 877 qnaerzcnlzcr
1026 837 1178 878 quatuor.

145 900 280 935 Primo.
304 901 435 936 Utrum
457 902 566 936 timor
587 903 631 936 sit
651 911 852 948 peccatum.

146 954 325 990 Secundo.
346 955 475 990 Utrum
501 964 704 1002 opponatur
724 956 934 991 fortitudini.

147 1007 285 1043 Tertio.
300 1009 432 1043 Utrum
454 1010 498 1044 sit
518 1018 707 1056 peccatum
731 1010 895 1044 mortale.

148 1061 300 1103 Quarto.
323 1062 455 1097 Utrum
478 1070 633 1105 excuset,
655 1063 713 1097 vel
735 1063 913 1098 diminuat
933 1071 1135 1110 peccatum.

641 1186 985 1232 ARTICULUS
1022 1188 1054 1230 1.
1565 1200 1633 1247 634

504 1294 656 1325 UTRUM
684 1295 825 1326 TIMOR
851 1296 918 1325 SIT
946 1296 1196 1326 PECCATUM.

144 1381 204 1416 AD
230 1391 379 1416 PRIMUM
400 1381 450 1416 sic
473 1383 688 1429 proceditur.
710 1383 873 1426 Videtur,
895 1384 991 1430 quod
1010 1384 1119 1418 timor
1132 1394 1206 1417 non
1228 1383 1272 1418 sit
1292 1391 1501 1429 peccatum:
1523 1383 1634 1418 timor

77 1436 172 1468 enirn
196 1442 249 1469 est
262 1435 381 1480 passio
404 1435 593 1482 quaedam,
617 1444 653 1471 ut
675 1448 780 1482 supra
802 1437 966 1471 habitum
988 1444 1041 1471 est
1064 1437 1139 1480 (1-2.
1162 1449 1191 1482 q.
1217 1449 1266 1483 23.
1288 1442 1352 1472 art.
1378 1448 1411 1482 4.
1438 1442 1466 1472 et
1484 1449 1513 1483 q.
1535 1437 1606 1481 42.)
1622 1450 1632 1472 .·

75 1488 136 1522 sed
159 1499 201 1522 ex
221 1488 447 1534 passionibus
467 1501 542 1523 non
568 1489 769 1533 laudamur,
791 1502 907 1537 neque
928 1491 1184 1537 vituperamur,
1207 1498 1245 1525 ut
1270 1499 1367 1537 patet
1392 1491 1427 1524 in
1459 1501 1489 1525 2.
1517 1491 1631 1525 Ethic.

77 1541 162 1588 (cap.
180 1542 225 1587 5.)
236 1554 249 1582 ,·
269 1553 353 1576 curn
375 1554 461 1589 ergo
477 1554 586 1578 omne
608 1552 799 1590 peccatum
821 1544 865 1579 sit
886 1544 1131 1591 vituperabile,
1153 1544 1293 1578 videtur
1314 1544 1410 1591 quod
1432 1545 1541 1579 timor
1558 1556 1632 1579 non

75 1595 118 1629 sit
143 1603 343 1641 peccatum.

147 1658 178 1682 2.
200 1648 435 1684 PRAETEREA.
469 1649 571 1683 Nihil
592 1650 688 1696 quod
711 1651 745 1684 in
767 1650 847 1696 lege
870 1651 989 1685 divina
1012 1651 1213 1693 mandatur,
1241 1659 1293 1686 est
1318 1659 1528 1698 peccatum3
1551 1653 1634 1699 quia

75 1702 126 1736 lex
147 1702 291 1736 Domini
315 1708 358 1737 est
383 1704 610 1745 immaculata,
634 1712 672 1738 ut
693 1704 821 1738 dicitur
843 1705 878 1738 in
897 1706 953 1747 Ps‚
986 1705 1055 1739 18.:
1078 1705 1140 1739 sed
1154 1705 1265 1739 timor
1285 1706 1475 1740 mandatur
1495 1707 1531 1740 in
1552 1706 1633 1753 lege

77 1755 165 1789 Dei:
189 1755 318 1789 dicitur
339 1756 436 1789 enim
459 1757 502 1790 ad
523 1757 653 1803 Ephes.
682 1756 734 1792 6.:
761 1759 856 1792 Servi
883 1758 1005 1794 obedite
1031 1758 1171 1792 dominis
1192 1759 1382 1794 carnalibus
1403 1772 1476 1794 cnm
1503 1761 1633 1803 timore,

78 1813 107 1843 et
124 1814 284 1850 tremore,>⁴
306 1820 391 1855 ergo
411 1810 520 1844 timor
541 1822 615 1844 non
638 1819 691 1845 est
712 1819 912 1857 peccatum.

151 1873 180 1908 3.
202 1862 438 1898 PRAETEREA.
472 1863 574 1898 Nihil
600 1864 697 1910 quod
717 1864 927 1899 naturaliter
947 1865 1040 1900 inest
1060 1865 1213 1907 homini,
1237 1874 1289 1900 est
1309 1874 1524 1912 peccatum;
1551 1867 1634 1913 quia

77 1923 267 1962 peccatum
289 1924 342 1951 est
363 1925 489 1951 contra
510 1925 688 1961 naturam,
711 1926 749 1952 ut
769 1919 943 1952 Damasc.
967 1918 1051 1953 dicit
1072 1919 1108 1952 in
1131 1929 1161 1953 2.
1183 1918 1242 1952 lib.
1271 1920 1386 1964 (Orth.
1413 1920 1490 1954 Fid.
1517 1927 1588 1967 cap.
1606 1933 1634 1967 3.

75 1974 105 2004 et
125 1969 180 2003 lib.
211 1981 245 2014 4.
279 1976 351 2016 cap.
377 1971 465 2015 11.).·
487 1971 549 2005 sed
579 1971 707 2006 timere
737 1980 790 2006 est
818 1972 960 2006 homini
992 1971 1173 2014 naturale3
1201 1973 1294 2007 unde
1323 1973 1459 2007 Philos.
1482 1973 1568 2008 dicit
1598 1974 1634 2008 in

80 2033 108 2067 3.
131 2022 246 2057 Ethic.
271 2022 356 2069 (cap.
373 2024 434 2069 7.),
454 2024 550 2070 quod
576 2037 594 2056 «
609 2025 675 2059 erit
690 2025 817 2071 aliquis
838 2025 996 2067 insanus,
1017 2024 1076 2059 vel
1096 2026 1172 2059 sine
1193 2036 1298 2060 sensu
1326 2025 1473 2069 doloris,
1491 2027 1522 2061 si
1545 2027 1635 2061 nihil

77 2075 214 2117 timeat,
240 2087 356 2122 neque
379 2085 494 2111 terrae
521 2086 674 2120 motum,
696 2090 812 2124 neque
839 2078 1139 2123 inundationesffi
1161 2090 1247 2125 ergo
1269 2079 1378 2114 timor
1393 2089 1532 2115 nonest
1557 2091 1636 2127 pec-

78 2136 210 2163 catum.

147 2182 221 2216 SED
249 2192 404 2217 CONTRA
430 2191 493 2224 est,
527 2183 624 2229 quod
650 2184 832 2219 Dominus
854 2185 950 2227 dicit,
973 2185 1100 2219 Matth.
1127 2196 1199 2221 1o.:
1228 2186 1338 2221 Nolite
1360 2188 1474 2222 timere
1494 2199 1556 2230 eos,
1578 2189 1635 2233 qm?

79 2234 233 2270 occidunt
261 2241 396 2282 corpus;
431 2244 466 2270 et
498 2235 627 2270 Ezech.
659 2247 690 2271 2.
725 2237 869 2272 dicitur:
896 2239 946 2273 Ne
973 2239 1087 2273 timeas
1112 2250 1174 2282 eos,
1209 2251 1308 2285 neque
1332 2251 1492 2275 sermones
1522 2253 1634 2275 eorum

76 2293 209 2323 metuas.

156 2341 386 2377 RESPONDEO
407 2342 612 2385 dicendum,
630 2344 725 2389 quod
745 2344 877 2390 aliquid
899 2344 1028 2379 dicitur
1049 2356 1126 2380 esse
1147 2353 1338 2391 peccatum
1355 2346 1391 2379 in
1408 2346 1544 2381 actibus
1573 2347 1636 2380 hu-

79 2395 193 2429 manis
215 2403 361 2441 propter
381 2395 708 2431 inordinationem:
724 2409 808 2431 nam
830 2398 967 2432 bonum
990 2406 1089 2432 actus
1110 2398 1262 2433 humani
1283 2399 1318 2432 in
1334 2399 1458 2434 ordine
1476 2400 1635 2445 quodam

79 2448 253 2490 consistit,
275 2457 314 2482 ut
335 2460 375 2483 ex
399 2460 504 2495 supra
525 2449 628 2484 dictis
643 2458 740 2496 patet
767 2451 814 2497 (q.
836 2463 911 2497 109.
939 2456 1002 2486 art.
1025 2464 1056 2486 2.
1078 2457 1108 2486 et
1125 2463 1154 2497 q.
1177 2463 1246 2496 114.
1268 2458 1332 2487 art.
1354 2453 1421 2496 1.):
1444 2461 1496 2487 est
1515 2461 1635 2487 autem

78 2501 136 2535 hic
163 2502 301 2536 debitus
324 2502 425 2543 ord0‚
442 2510 480 2536 ut
502 2503 677 2548 appetitus
700 2504 868 2549 regimini
889 2505 1037 2539 rationis
1058 2504 1248 2539 fundatur:
1265 2506 1355 2539 ratio
1372 2514 1491 2539 autem
1514 2506 1635 2548 dictat,

86 2553 205 2600 aliqua
240 2566 316 2589 esse
350 2555 571 2601 refugienda,
594 2564 628 2590 et
661 2556 779 2603 aliqua
807 2559 1068 2604 prosequenda,
1091 2567 1125 2592 et
1145 2559 1236 2592 inter
1264 2559 1433 2604 fugienda
1459 2560 1634 2605 quaedam

79 2607 188 2641 dictat
208 2608 323 2654 magis
344 2608 525 2654 fugienda,
548 2621 656 2655 quam
676 2610 763 2646 alia:
779 2619 813 2645 et
835 2611 999 2646 similiter
1017 2612 1125 2646 etiam
1147 2613 1239 2646 inter
1252 2613 1513 2658 prosequenda,
1533 2625 1636 2659 quae-

78 2661 162 2694 dam
183 2661 293 2695 dictat
314 2673 390 2696 esse
410 2662 526 2707 magis
552 2665 813 2709 prosequenda,
836 2676 945 2710 quam
967 2665 1058 2699 alia:
1075 2674 1109 2699 et
1131 2673 1305 2711 quantum
1329 2674 1381 2699 est
1400 2666 1535 2700 bonum
1557 2678 1635 2713 pro-

79 2714 313 2759 sequendum,
328 2723 467 2748 tantum
487 2724 539 2750 est
554 2715 698 2762 aliquod
725 2718 933 2763 oppositum
955 2718 1091 2752 malum
1113 2718 1341 2764 fugiendum3
1361 2719 1442 2753 inde
1465 2728 1518 2754 est
1539 2721 1635 2766 quod

79 2768 170 2801 ratio
204 2768 323 2810 dictat,
355 2769 532 2815 quaedam
552 2769 648 2803 bona
670 2773 787 2816 magis
810 2782 886 2805 esse
913 2772 1174 2818 prosequenda,
1203 2783 1311 2817 quarn
1339 2773 1516 2818 quaedam
1538 2774 1635 2808 mala

79 2821 263 2866 fugienda:
287 2822 430 2867 quando
458 2833 545 2867 ergo
573 2824 748 2869 appetitus
769 2823 860 2869 fugit
886 2836 938 2866 ea,
962 2836 1052 2871 quae
1075 2825 1165 2858 ratio
1187 2825 1297 2859 dictat
1319 2837 1395 2860 esse
1417 2827 1634 2869 sustinenda,

80 2884 124 2907 ne
146 2873 292 2908 desistat
313 2875 354 2908 ab
383 2874 471 2916 aliis,
501 2887 592 2921 quae
626 2877 742 2922 magis
775 2878 943 2923 prosequi
980 2878 1094 2919 debet,
1117 2878 1226 2912 timor
1262 2878 1484 2913 inordinatus
1510 2888 1573 2921 est,
1601 2888 1635 2914 et
