1859 3122
445 185 665 221 QUAESTIO
700 185 861 215 CLXXII.
894 185 1138 216 ARTICULUS
1172 185 1228 215 IV.
1499 185 1607 226 1117

52 266 179 308 ciente,
201 273 236 300 et
252 277 316 312 per
337 277 562 312 consequens
585 268 660 301 sine
681 266 842 301 bonitate
857 277 1014 300 morum.
1036 266 1233 312 Prophetia
1253 273 1374 300 autem
1395 272 1514 312 potest
1532 276 1610 300 esse

51 320 126 354 sine
149 319 342 361 charitate;
364 320 459 365 quod
475 329 621 366 apparet
636 331 677 354 ex
695 320 839 354 duobus:
855 322 969 367 primo
984 320 1129 366 quidem
1146 331 1187 353 ex
1203 328 1284 353 actu
1300 319 1501 365 utriusque:
1525 329 1610 352 nam

51 373 240 419 prophetia
270 374 423 418 pertinet
450 374 492 407 ad
522 373 758 415 intellectum,
789 375 890 419 cujus
923 381 1022 407 actus
1054 373 1235 418 praecedit
1263 380 1382 406 actum
1405 372 1612 414 voluntatis,

51 437 161 472 quam
182 425 319 472 perficit
342 427 516 468 charit-‚153
540 428 633 462 unde
657 437 690 461 et
713 427 924 473 Apostolus,
952 438 978 461 1.
1007 427 1050 460 ad
1075 427 1160 462 Cor.
1188 438 1252 472 13„
1275 426 1503 472 prophetiam
1526 437 1612 459 con-

50 487 217 514 numerat
238 479 315 513 aliis
338 481 381 514 ad
404 480 627 514 intellectum
656 481 926 526 pertinentibus,
957 491 1048 526 quae
1077 488 1227 526 possunt
1249 480 1324 513 sine
1349 479 1523 513 charitate
1545 479 1609 512 ha-

50 533 142 566 beri:
164 533 299 567 secundo
324 546 366 567 ex
385 533 454 567 sine
477 534 678 580 utriusque:
703 535 805 568 datur
822 535 917 568 enim
934 534 1122 580 prophetia
1140 534 1183 567 ad
1198 533 1390 567 utilitatem
1412 532 1612 574 Ecclesiae,

51 588 142 620 sicut
163 594 198 620 et
220 587 310 620 aliae
334 587 469 631 gratiae
493 588 601 631 gratis
624 587 740 629 datae,
769 588 968 622 secundum
999 587 1087 621 illud
1110 587 1279 633 Apostoli
1306 598 1335 622 1.
1357 587 1399 620 ad
1423 586 1509 621 Cor.
1542 596 1611 619 12.:

57 640 238 685 Unicuique
265 641 364 675 datur
384 642 603 686 mamyri-tatio
625 643 762 688 spiritus
779 642 821 675 ad
836 642 1008 675 ulilitatmn
1021 654 1030 675 .·
1053 652 1127 674 non
1144 649 1264 675 autem
1281 641 1465 674 ordinatur
1478 639 1611 673 directe

53 693 95 726 ad
118 693 200 736 hoc,
223 694 319 739 quod
343 694 490 728 affectus
513 695 623 740 ipsius
650 695 853 741 Prophetae
877 696 1116 739 conjungatur
1135 695 1227 736 Deo,
1247 694 1289 727 ad
1314 694 1409 739 quod
1429 693 1614 727 ordinatur

53 747 227 789 charitas;
251 756 285 781 et
306 748 387 782 ideo
411 749 599 794 prophetia
623 757 740 794 potest
755 760 832 783 esse
848 749 924 782 sine
941 749 1100 782 bonitate
1116 759 1261 781 morum
1278 755 1451 793 quantum
1475 747 1518 780 ad
1536 757 1614 792 pro-

52 801 167 846 priam
187 801 345 835 radicem
368 802 472 847 hujus
495 802 675 837 bonitatis.
698 802 736 835 Si
758 814 844 836 vero
875 802 1147 836 consideremus
1176 801 1374 835 bonitatem
1397 811 1542 834 morum
1563 810 1614 833 se-

53 854 211 888 cundum
234 855 420 901 passiones
443 855 596 897 animae,
619 864 653 889 et
675 856 836 890 actiones
868 856 1072 896 exteriores,
1095 855 1296 889 secundum
1326 854 1396 888 hoc
1418 853 1614 899 impeditur

53 908 180 954 aliquis
215 920 234 942 a
271 909 460 955 prophetia
487 921 549 955 per
579 920 724 943 morum
760 909 953 943 malitiam:
986 920 1070 942 nam
1103 909 1145 942 ad
1167 907 1396 954 prophetiam
1423 906 1614 952 requiritur

0 995 1 1004 ¹
53 962 212 996 maxima
235 963 365 996 mentis
388 963 542 997 elevatio
565 962 607 996 ad
623 963 863 1008 spiritualium
883 961 1251 1007 contemplationem3
1275 972 1366 1007 quae
1386 960 1532 1006 quidem
1552 961 1615 994 im-

52 1015 192 1060 peditur
213 1028 276 1062 per
294 1016 563 1050 vehementiam
578 1016 801 1061 passionum,
817 1023 850 1049 et
865 1027 925 1062 per
939 1015 1184 1048 inordinatam
1199 1014 1480 1060 occupationem
1493 1023 1614 1047 rerum

53 1069 269 1103 exteriorum
284 1081 292 1111 ;
308 1069 401 1103 unde
418 1077 452 1103 et
467 1070 510 1103 de
524 1069 605 1102 filiis
616 1069 882 1114 Prophetarum
893 1068 1034 1114 legitur,
1049 1078 1082 1110 4.
1097 1068 1186 1113 Reg.
1202 1078 1247 1110 4.‚
1258 1067 1474 1113 quod,5imul
1491 1067 1616 1101 habita-

52 1124 129 1157 bunt
155 1135 228 1158 cum
249 1123 415 1165 Helisaeo,
439 1123 541 1169 quasi
563 1123 763 1156 solitariam
786 1123 897 1156 vitam
921 1122 1103 1163 ducentes,
1125 1133 1171 1155 ne
1194 1121 1386 1155 mundanis
1409 1119 1616 1166 occupatio-

51 1176 154 1210 nibus
179 1177 439 1222 impedirentur
461 1188 481 1209 a
503 1177 600 1210 dono
623 1176 854 1222 Prophetiae.

122 1230 181 1264 AD
207 1241 356 1264 PRIMUM
383 1241 469 1275 ergo
501 1230 707 1271 dicendum,
735 1230 831 1275 quod
869 1229 1006 1263 donum
1037 1228 1249 1274 prophetiae
1285 1227 1478 1273 aliquando
1512 1227 1615 1260 datur

50 1283 193 1317 homini
215 1291 249 1317 et
269 1291 414 1329 propter
435 1283 627 1317 utilitatem
651 1283 817 1325 aliorum,
840 1291 874 1317 et
894 1291 1039 1328 propter
1060 1282 1227 1328 propriae
1249 1281 1380 1315 mentis
1406 1280 1614 1315 illustratio-

52 1348 154 1371 nem:
179 1345 212 1371 et
233 1337 272 1370 hi
292 1345 384 1379 sunt,
406 1338 441 1371 in
464 1348 621 1383 quorum
643 1337 782 1371 animas
804 1337 979 1382 sapientia
997 1337 1117 1369 divina
1139 1347 1201 1381 per
1223 1335 1378 1380 gratiam
1402 1343 1544 1380 gratum
1565 1334 1614 1367 fa-

2 1383 4 1391 *
53 1391 208 1425 cientem
230 1401 267 1424 se
288 1390 516 1432 transferens,
539 1391 677 1424 amicos
699 1390 780 1431 Dei,
802 1398 837 1423 et
850 1390 1052 1435 Prophetas
1069 1400 1131 1423 eos
1149 1389 1508 1434 constituit:quidam
1526 1398 1613 1421 vero

53 1452 322 1489 consequuntur
348 1444 485 1477 donum
507 1444 718 1490 prophetiae
739 1444 858 1477 solum
879 1444 922 1477 ad
938 1442 1128 1477 utilitatem
1145 1442 1312 1483 aliorum,
1327 1442 1387 1487 qui
1409 1449 1491 1475 sunt
1512 1441 1615 1487 quasi

52 1497 288 1531 instrumenta
311 1497 452 1531 divinae
475 1497 713 1543 operationis;
735 1497 829 1530 unde
852 1497 1001 1530 Hieron.
1025 1496 1110 1530 dicit
1132 1507 1238 1541 super
1267 1495 1396 1529 Matth.
1418 1495 1507 1541 (cap.
1527 1505 1557 1540 7.
1578 1495 1614 1528 in

4 1573 6 1584 .
55 1551 159 1584 illud.-
183 1551 301 1585 Nonnt»
321 1553 353 1584 in
375 1553 505 1584 nomina
528 1556 580 1584 tuo
596 1551 869 1596 prophetavimus
880 1550 939 1594 ?):
966 1562 982 1581 (t
1004 1549 1239 1595 Prophetare‚
1263 1557 1297 1583 et
1317 1549 1465 1582 virtutes
1483 1547 1614 1590 facere,

55 1612 90 1638 et
109 1604 303 1638 daemonia
324 1604 464 1649 ejicere,
486 1604 667 1638 interdum
688 1615 763 1638 non
785 1613 837 1638 est
859 1605 934 1649 ejus
957 1604 1086 1645 meriti,
1109 1604 1170 1649 qui
1192 1611 1378 1649 operatur;
1400 1603 1462 1636 sed
1482 1601 1541 1636 vel
1561 1601 1617 1635 in-

53 1657 247 1691 vocatione
268 1658 426 1691 nominis
449 1657 584 1691 Christi
606 1657 676 1691 hoc
700 1658 783 1703 agit,
805 1657 863 1691 vel
885 1658 931 1691 ob
955 1657 1301 1691 condemnationem
1331 1667 1458 1690 eorum
1485 1655 1546 1702 qui
1566 1655 1616 1689 in-

6 1710 8 1714 “
54 1718 198 1752 vocant,
221 1718 255 1744 et
275 1710 467 1744 utilitatem
489 1722 617 1745 eorum
639 1711 700 1756 qui
719 1711 852 1752 vident,
875 1719 909 1744 et
931 1710 1089 1752 audiunt,
1113 1709 1324 1744 conceditur
1342 1723 1374 1743 ».

128 1764 186 1798 AD
209 1774 417 1798 SECUNDUM
439 1764 644 1805 dicendum,
671 1763 767 1810 quod
796 1764 949 1809 Gregor.
977 1764 1078 1808 (hom.
1105 1775 1157 1809 27.
1188 1765 1223 1797 in
1250 1763 1400 1808 Evang.)
1431 1773 1614 1809 exponens

8 1847 9 1856 ,
54 1817 154 1858 illud,
177 1817 279 1851 dicit:
305 1831 323 1849 «
344 1817 444 1851 Dum
467 1817 586 1851 audita
608 1828 761 1863 superna
789 1817 962 1852 coelestia
989 1828 1165 1858 amamus,
1193 1824 1312 1850 amata
1334 1817 1407 1861 jam
1428 1816 1615 1858 novimus;

8 1864 10 1888 ἶ
52 1863 140 1916 'quia
163 1881 266 1904 amor
286 1871 362 1916 ipse
384 1870 512 1905 notitia
534 1878 605 1905 est:
629 1871 753 1904 omnia
775 1882 861 1916 ergo
885 1871 934 1904 eis
956 1878 1043 1904 nota
1067 1869 1221 1912 fecerat3
1243 1870 1326 1916 quia
1348 1881 1368 1903 a
1388 1869 1538 1904 terrenis
1561 1869 1617 1903 de-

10 1917 11 1933 ³
55 1923 193 1958 sideriis
214 1924 395 1958 immutati
417 1924 550 1958 amoris
576 1924 710 1958 summi
730 1923 866 1957 facibus
889 1923 1061 1958 ardebant
1081 1935 1114 1966 »3
1137 1931 1172 1957 et
1192 1923 1263 1957 hoc
1286 1923 1398 1957 modo
1419 1934 1495 1957 non
1516 1933 1618 1956 reve-

56 1976 174 2010 lantur
194 1987 337 2023 semper
357 1985 495 2011 secreta
516 1977 635 2010 divina
662 1977 862 2023 Prophetis.

128 2030 188 2064 AD
203 2040 375 2064 TERTIUM
385 2030 589 2072 dicendum,
605 2031 700 2076 quod
719 2041 793 2064 non
815 2041 941 2064 omnes
957 2029 1044 2063 mali
1054 2037 1135 2063 sunt
1149 2029 1224 2076 lupi
1237 2041 1395 2076 rapaces,
1414 2029 1477 2063 sed
1495 2028 1617 2063 solum

57 2083 109 2117 illi
130 2083 191 2129 qui
211 2084 400 2118 intendunt
418 2084 495 2117 aliis
516 2095 667 2118 nocere:
691 2083 775 2117 dicit
791 2083 887 2117 enim
903 2083 1093 2129 Chrysost.
1116 2094 1222 2129 super
1243 2083 1370 2117 Matth.
1394 2083 1497 2126 (hom.
1515 2094 1566 2128 19.
1581 2083 1616 2116 in

58 2143 111 2183 op.
130 2137 279 2183 imperf.)
303 2137 400 2183 quod
424 2151 441 2169 «
465 2137 649 2171 Catholici
670 2137 862 2178 Doctores,
882 2137 948 2171 etsi
968 2137 1100 2170 fuerint
1117 2145 1338 2182 peccatores,
1359 2137 1453 2170 servi
1470 2136 1615 2182 quidem

59 2190 176 2224 carnis
190 2190 366 2232 dicuntur,
380 2201 454 2224 non
471 2198 594 2224 tamen
608 2190 683 2236 lupi
696 2202 861 2236 rapaces:
883 2191 964 2236 quia
985 2202 1060 2225 non
1081 2191 1215 2225 habent
1225 2191 1452 2237 propositum
1466 2190 1614 2236 perdere

60 2243 287 2277 Christianos
309 2256 340 2277 »t
363 2252 398 2277 et
418 2244 501 2289 quia
522 2244 711 2290 prophetia
732 2244 916 2278 ordinatur
931 2245 974 2278 ad
988 2244 1179 2279 utilitatem
1199 2244 1364 2285 aliorum,
1383 2243 1613 2278 manifestum

59 2304 124 2338 est,
145 2296 234 2330 tales
257 2308 334 2331 esse
354 2296 464 2331 falsos
486 2297 702 2342 Prophetas;
724 2297 807 2343 quia
829 2299 872 2332 ad
893 2298 964 2331 hoc
985 2309 1060 2331 non
1082 2298 1271 2332 mittuntur
1293 2309 1312 2331 a
1332 2298 1426 2331 Deo.

130 2350 191 2384 AD
218 2360 406 2389 QUARTUM
432 2350 637 2392 dicendum,
664 2351 759 2396 quod
787 2350 882 2384 dona
909 2351 1029 2384 divina
1055 2362 1130 2384 non
1156 2362 1299 2396 semper
1321 2351 1449 2384 dantur
1471 2349 1616 2395 optimis

17 2436 19 2459 t
60 2402 282 2448 simpliciter,
309 2403 370 2437 sed
398 2403 614 2449 quandoque
635 2403 705 2437 illis
727 2404 787 2449 qui
807 2411 890 2438 sunt
916 2404 1044 2449 optimi
1065 2412 1240 2449 quantum
1263 2404 1306 2437 ad
1332 2403 1412 2437 talis
1434 2403 1521 2436 doni
1542 2414 1619 2449 per-

61 2456 285 2501 ceptionem3
305 2464 338 2490 et
358 2456 408 2490 sic
429 2456 529 2490 Deus
551 2457 689 2490 donum
711 2457 922 2503 prophetiae
944 2457 1014 2492 illis
1041 2457 1111 2499 dat,
1133 2457 1260 2503 quibus
1283 2457 1461 2503 optimum
1482 2456 1618 2502 judicat

19 2542 21 2545 .
61 2508 155 2542 dare.
