1859 3122
153 114 235 169 398
589 125 810 160 QUAESTIO
845 125 932 154 Lm.
966 124 1210 154 ART1CULus
1243 125 1290 154 11.

220 208 449 242 Rrsponnro
472 206 678 248 dicendum,
700 205 796 252 quod
820 206 964 252 aliquod
986 205 1124 248 vitium,
1145 205 1205 240 vel
1225 213 1417 252 peccatum
1431 215 1549 252 potest
1568 206 1640 242 dici
1656 218 1714 254 ge-

148 261 271 295 nerale
293 260 489 306 dupliciter:
512 271 576 293 uno
598 259 692 293 modo
715 259 898 301 absolute;
920 259 1003 305 quia
1025 258 1163 293 scilicet
1184 267 1237 292 est
1258 259 1425 304 generale
1445 268 1611 306 respectu
1633 272 1708 295 om-

147 314 248 348 nium
268 321 521 358 peccatorum:
541 313 606 347 alio
621 312 728 354 modo,
745 313 827 358 quia
842 321 894 346 est
909 311 1077 357 generale
1090 320 1252 358 respectu
1268 312 1509 358 quorumdam
1525 313 1712 356 vitiorum,

148 379 239 414 quae
262 376 344 401 sunt
365 367 504 413 species
526 368 614 412 ejus.
636 367 751 400 Primo
774 374 895 401 autem
917 366 1028 400 modo
1050 373 1168 412 potest
1189 365 1260 399 dici
1281 365 1429 412 aliquod
1448 366 1577 400 vitium
1608 378 1714 413 gene-

147 421 221 455 rale
243 421 439 467 dupliciter:
462 431 527 453 uno
549 420 644 453 modo
666 431 730 466 per
747 419 960 461 essentiam3
980 419 1063 465 quia
1081 418 1219 452 scilicet
1236 419 1462 464 praedicatur
1480 419 1523 453 de
1541 419 1712 454 omnibus

148 473 323 520 peccatis:
346 481 380 507 et
400 473 472 506 hoc
495 473 606 506 modo
629 472 870 519 imprudentia
892 483 965 506 non
996 480 1049 506 est
1082 471 1250 517 generale
1282 480 1486 518 peccatum,
1519 473 1612 507 sicut
1643 483 1712 507 nec

147 526 336 573 prudentia
357 525 536 571 generalis
556 527 688 568 virtus;
711 537 796 559 cum
817 526 862 560 sit
885 526 978 560 circa
1001 533 1100 558 actus
1122 524 1309 570 speciales,
1330 524 1469 559 scilicet
1490 525 1586 560 circa
1613 525 1712 572 ipsos

150 589 250 614 actus
272 579 440 613 rationis:
463 579 529 613 alio
551 579 646 613 modo
668 590 731 625 per
752 579 1084 625 participationem:
1115 587 1150 612 et
1170 578 1242 612 hoc
1264 578 1376 612 modo
1396 578 1639 623 imprudentia
1660 587 1714 613 est

149 632 318 680 generale
339 641 552 679 peccatum:
575 633 667 666 sicut
689 632 786 666 enim
808 632 997 677 prudentia
1024 631 1256 676 participatur
1285 631 1559 677 quodammodo
1581 633 1617 666 in
1639 643 1715 672 orn-

149 687 252 721 nibus
273 686 473 727 virtutibus,
487 686 702 731 inquantum
717 694 770 719 est
784 685 954 719 directiva
971 696 1113 726 earum3
1128 684 1177 718 ita
1192 692 1226 718 et
1238 684 1480 730 imprudentia
1493 685 1530 718 in
1546 685 1717 719 omnibus

148 739 254 781 vitiis,
277 747 311 773 et
332 739 508 785 peccatis:
531 738 672 772 nullum
695 739 794 773 enim
814 747 1005 784 peccatum
1028 746 1145 783 potest
1167 737 1342 780 accidere,
1375 738 1444 772 nisi
1476 738 1521 772 sit
1553 737 1712 773 defectus

149 794 185 827 in
207 792 328 838 aliquo
352 800 433 826 actu
455 792 603 826 rationis
626 792 822 837 dirigentis,
846 792 942 837 quod
964 791 1116 837 pertinet
1134 791 1178 824 ad
1195 791 1496 836 imprudentiam:
1517 791 1546 825 si
1562 802 1649 826 vero
1667 792 1718 825 di-

150 854 250 880 catur
270 854 461 892 peccatum
482 844 649 891 generale
670 856 745 879 non
767 845 988 890 simpliciter,
1011 844 1072 877 sed
1094 844 1296 878 secundum
1318 843 1463 890 aliquod
1486 855 1610 890 genus,
1630 845 1716 890 quia

149 899 287 934 scilicet
308 899 469 933 continet
489 899 552 932 sub
576 909 613 932 se
635 897 768 932 multas
789 898 939 944 species,
961 898 1011 931 sic
1034 897 1275 943 imprudentia
1305 905 1357 931 est
1390 897 1559 943 generale
1592 909 1717 942 pecca-

149 962 237 987 tum.
261 952 435 998 Continet
456 953 553 985 enirn
574 952 637 985 sub
660 962 698 985 se
721 952 879 985 diversas
900 951 1038 996 species
1065 950 1264 996 tripliciter:
1286 961 1351 984 uno
1371 949 1517 995 quidem
1536 950 1631 984 modo
1650 961 1714 997 per

151 1005 360 1052 oppositum
382 1005 426 1038 ad
448 1005 605 1038 diversas
627 1013 745 1050 partes
766 1004 982 1049 subjectivas
1003 1003 1232 1049 prudentiae:
1256 1003 1349 1037 sicut
1367 1003 1462 1036 enim
1482 1003 1713 1050 distinguitur

150 1058 338 1104 prudentia
359 1058 396 1091 in
417 1059 671 1099 monasticam,
694 1068 785 1103 quae
808 1065 860 1091 est
881 1057 1032 1102 regitiva
1054 1056 1170 1097 unius,
1205 1064 1240 1090 et
1272 1056 1309 1090 in
1343 1055 1431 1090 alias
1464 1057 1603 1101 species
1637 1068 1716 1102 pru-

151 1111 304 1152 dentiae,
327 1123 419 1157 quae
441 1119 524 1145 sunt
544 1110 783 1144 multitudinis
805 1110 989 1156 regitivae‚
1008 1118 1046 1143 ut
1067 1121 1174 1155 supra
1195 1109 1359 1143 habitum
1381 1117 1433 1144 est
1449 1109 1494 1156 (q.
1509 1111 1564 1155 48.
1579 1115 1611 1146 et
1622 1123 1716 1157 q-5o.

150 1170 213 1199 nrt.
228 1165 287 1209 L),
303 1165 352 1198 ita
375 1164 484 1198 etiam
506 1164 766 1209 imprudentia:
790 1164 855 1197 alio
879 1163 971 1197 modo
999 1163 1199 1196 secundum
1220 1170 1338 1208 partes
1369 1163 1471 1208 quasi
1499 1163 1717 1209 potentiales

151 1217 372 1264 prudentiae,
394 1228 485 1263 quae
507 1225 589 1251 sunt
610 1217 758 1250 virtutes
781 1217 982 1262 adjunctae,
1005 1224 1039 1250 et
1061 1216 1285 1261 accipiuntur
1319 1216 1520 1250 secundum
1554 1217 1717 1251 diversos

152 1279 252 1305 actus
274 1271 438 1304 rationis:
463 1278 497 1304 et
517 1270 588 1304 hoc
611 1270 722 1303 modo
745 1277 919 1315 quantum
942 1269 985 1302 ad
1008 1268 1189 1302 defectum
1217 1268 1369 1311 consilii,
1404 1269 1499 1303 circa
1534 1269 1630 1315 quod
1663 1279 1718 1304 est

153 1323 307 1365 eubulia,
330 1332 382 1357 est
398 1324 644 1369 piwzccipitntit),
669 1323 742 1356 sive
765 1324 938 1363 temeritas,
962 1322 1224 1368 imprudentiae
1246 1322 1401 1368 species:
1433 1330 1608 1368 quantum
1628 1333 1717 1357 vero

154 1377 197 1410 ad
220 1376 401 1410 defectum
423 1376 558 1422 judicii,
581 1376 676 1409 circa
697 1376 794 1421 quod
816 1383 898 1409 sunt
926 1375 1075 1421 synesis,
1111 1383 1145 1408 et
1178 1385 1324 1420 gnome,
1359 1382 1412 1408 est
1443 1375 1718 1410 inconsideratio-⁶

153 1437 327 1475 quantum
348 1440 435 1463 vero
458 1429 501 1462 ad
522 1429 643 1474 ipsum
665 1436 910 1474 praeceptum,
933 1427 1029 1474 quod
1051 1436 1103 1461 est
1122 1427 1286 1473 proprius
1305 1435 1404 1461 actus
1422 1427 1644 1473 prudentiae,
1663 1436 1718 1463 est

153 1483 384 1524 inconstantia,
407 1490 442 1516 et
463 1482 677 1527 negligentia:
701 1482 794 1516 tertio
818 1481 911 1515 modo
934 1488 1053 1526 potest
1073 1481 1166 1514 sumi
1189 1491 1252 1526 per
1273 1480 1482 1526 oppositum
1495 1481 1538 1514 ad
1554 1492 1607 1523 ea,
1622 1493 1714 1527 quae

153 1537 381 1582 requiruntur
403 1535 446 1568 ad
468 1535 706 1581 prudentiam,
729 1546 820 1580 quae
843 1542 923 1568 sunt
945 1534 1047 1579 quasi
1064 1541 1182 1579 partes
1200 1532 1392 1579 integrales
1412 1533 1639 1579 prudentiae:
1654 1534 1718 1569 sed

154 1589 236 1635 quia
258 1590 382 1622 onmia
403 1588 465 1622 illa
487 1588 697 1622 ordinantur
719 1588 763 1621 ad
785 1587 991 1632 dirigendos
1012 1586 1216 1632 praedictos
1238 1594 1309 1620 tres
1330 1586 1479 1620 rationis
1503 1595 1612 1629 actus,
1634 1587 1719 1622 inde

154 1650 206 1676 est
227 1642 322 1688 quod
346 1653 473 1675 onmes
496 1640 655 1675 defectus
678 1640 835 1686 oppositi
858 1640 1074 1674 reducuntur
1096 1639 1139 1672 ad
1162 1647 1316 1685 quatuor
1345 1639 1545 1685 praedictas
1578 1648 1717 1686 partes;

153 1695 245 1730 sicut
266 1696 440 1737 incautela,
454 1700 483 1730 at
499 1696 778 1740 incircmnspartio
794 1693 1026 1727 includuntur
1040 1693 1103 1726 sub
1119 1692 1463 1726 inconsideratione:
1480 1693 1577 1738 quod
1597 1701 1718 1727 autem

154 1748 282 1794 aliquis
305 1748 447 1782 deficiat
469 1759 488 1781 a
511 1747 706 1788 docilitate,
729 1746 786 1781 vel
808 1746 999 1788 memoria,
1020 1745 1078 1780 vel
1100 1746 1250 1788 ratione,
1272 1747 1424 1792 pertinet
1446 1746 1489 1779 ad
1510 1747 1721 1792 praecipita-

152 1801 311 1836 tionem:
334 1801 612 1847 improvidentia
633 1811 732 1842 vero,
755 1808 790 1834 et
811 1799 970 1833 desectus
999 1798 1270 1844 intelligentiae,
1305 1807 1339 1832 et
1372 1797 1540 1833 solertiae
1566 1799 1719 1845 pertinet

155 1854 198 1888 ad
220 1854 492 1900 negligentiam,
515 1862 550 1888 et
570 1853 863 1887 inconstantiam.

226 1909 286 1942 AD
313 1919 461 1942 PRIMUM
484 1919 570 1953 ergo
593 1907 798 1948 dicendum,
821 1906 917 1952 quod
939 1906 1030 1940 ratio
1049 1905 1110 1939 illa
1128 1905 1292 1951 procedit
1306 1905 1349 1939 de
1366 1905 1611 1951 generalitate,
1627 1917 1721 1952 quae

157 1969 209 1996 est
230 1961 430 1995 secundum
453 1961 777 2006 participationem.

228 2015 288 2048 AD
311 2024 518 2048 SECUNDUM
534 2013 740 2054 dicendum,
762 2013 859 2058 quod
882 2013 964 2058 quia
983 2011 1132 2045 scientia
1155 2019 1208 2045 est
1230 2011 1346 2056 magis
1368 2019 1509 2045 remota
1531 2023 1550 2045 a
1572 2011 1720 2046 morali-

157 2069 234 2109 bus,
257 2079 365 2113 quam
385 2067 584 2113 prudentia,
607 2066 807 2100 secundum
830 2065 1013 2111 propriam
1036 2065 1214 2098 rationem
1236 2065 1537 2110 utriusque3inde
1553 2073 1605 2098 est
1622 2065 1719 2111 quod

157 2121 362 2168 ignorantia
381 2132 455 2154 non
478 2121 586 2154 habet
608 2121 651 2153 de
673 2131 710 2154 se
732 2119 911 2153 rationem
933 2119 1071 2164 peccati
1094 2117 1269 2160 mortalis,
1289 2118 1351 2152 sed
1373 2118 1493 2152 solum
1509 2118 1648 2152 ratione
1661 2129 1720 2152 ne-

159 2175 353 2221 gligentiae
376 2173 635 2219 praecedentis,
657 2172 715 2206 vel
737 2172 884 2206 effectus
908 2171 1108 2216 sequentis:
1132 2179 1166 2205 et
1187 2180 1332 2217 propter
1358 2171 1429 2205 hoc
1455 2172 1601 2216 ponitur
1624 2171 1718 2206 inter

158 2227 346 2274 generales
368 2237 494 2260 causas
517 2226 673 2272 peccati:
697 2226 758 2259 sed
777 2225 1018 2270 imprudentia
1040 2224 1239 2258 secundum
1261 2225 1445 2271 propriam
1464 2226 1643 2258 rationem
1655 2224 1721 2258 im-

157 2289 275 2327 portat
286 2281 411 2314 vitium
425 2278 577 2313 mortale
591 2278 650 2323 [al.
663 2278 862 2322 moraleLet
882 2278 964 2311 ideo
989 2278 1104 2323 magis
1123 2285 1242 2323 potest
1263 2278 1333 2311 dici
1348 2277 1504 2324 speciale
1515 2286 1718 2324 peccatum.

230 2335 289 2368 AD
313 2343 484 2367 TERTIUM
508 2332 713 2373 dicendum,
735 2331 831 2377 quod
855 2330 999 2376 quando
1027 2331 1208 2376 corruptio
1237 2331 1458 2365 diversarum
1485 2331 1721 2365 circumstan-

159 2388 291 2422 tiarum
309 2387 418 2420 habet
432 2386 528 2419 idem
544 2385 735 2426 motivum,
754 2396 827 2418 non
844 2384 1103 2417 diversificatur
1118 2384 1256 2430 peccati
1271 2385 1426 2430 species:
1449 2384 1542 2418 sicut
1559 2384 1719 2429 ejusdem

160 2440 294 2486 speciei
317 2448 370 2473 est
391 2447 592 2485 peccatum,
615 2446 653 2471 ut
674 2437 802 2483 aliquis
825 2437 977 2482 accipiat
994 2448 1068 2470 non
1088 2448 1163 2478 sua,
1186 2445 1220 2471 et
1234 2437 1294 2470 ubi
1307 2448 1381 2471 non
1396 2437 1511 2478 debet,
1527 2445 1561 2470 et
1575 2437 1721 2482 quando

160 2505 234 2528 non
257 2493 383 2527 debet:
406 2492 468 2526 sed
490 2492 519 2525 si
541 2492 611 2525 sint
632 2491 773 2525 diversa
796 2490 944 2531 motiva,
967 2498 1050 2523 tunc
1074 2498 1193 2524 essent
1213 2490 1376 2524 diversae
1394 2491 1553 2535 species:
1580 2498 1666 2536 puta
1691 2490 1721 2524 si

162 2558 253 2581 unus
274 2546 453 2592 acciperet
474 2545 534 2578 ubi
554 2555 629 2578 non
648 2544 804 2584 deberet,
827 2551 864 2577 ut
885 2542 1019 2576 faceret
1040 2543 1208 2587 injuriam
1229 2542 1313 2577 loco
1335 2554 1451 2585 sacro,
1473 2543 1570 2588 quod
1588 2541 1722 2577 faceret

160 2600 319 2646 speciem
342 2598 541 2643 sacrilegii3
565 2597 653 2631 alius
676 2596 820 2642 quando
842 2607 916 2629 non
939 2596 1055 2637 debet,
1078 2604 1223 2642 propter
1245 2596 1365 2630 solum
1381 2595 1601 2642 superfluum
1616 2607 1720 2642 appe—

160 2654 266 2687 titum
287 2652 456 2692 habendi,
479 2650 575 2696 quod
599 2658 692 2684 esset
709 2648 861 2694 simplex
884 2649 1051 2690 avaritia,
1075 2657 1107 2682 et
1130 2649 1212 2682 ideo
1235 2648 1396 2683 defectus
1419 2660 1545 2683 eorum
1560 2660 1650 2694 quae
1668 2660 1720 2683 re-

162 2706 348 2752 quiruntur
371 2705 413 2738 ad
437 2703 676 2750 prudentiam,
697 2713 770 2736 non
794 2701 1035 2736 diversificant
1057 2701 1206 2746 species,
1227 2702 1296 2736 nisi
1318 2710 1492 2747 quatenus
1513 2702 1722 2736 ordinantur

162 2759 206 2792 ad
230 2767 329 2792 actus
352 2758 512 2799 rationis,
535 2765 573 2791 ut
591 2756 728 2790 dictum
750 2763 802 2789 est
824 2755 875 2800 (in
898 2761 986 2800 corp.
1015 2760 1078 2789 nrt.
1102 2760 1131 2789 at
1156 2767 1216 2789 1-2.
1239 2767 1269 2800 q.
1289 2766 1341 2800 72.
1363 2760 1428 2789 art.
1456 2756 1517 2800 9.).
