1859 3122
411 187 633 223 QUAESTIO
668 187 850 218 CXXVIII.
884 187 1128 217 ARTICULUS
1162 188 1336 218 UNICUS.
1574 175 1653 217 861

98 275 176 312 pter
197 267 497 302 consuetudinem
519 267 710 302 victoriae:
745 268 868 314 quinta
899 276 952 302 est
977 268 1156 314 fortitudo,
1192 280 1283 314 quae
1318 268 1457 303 sortiter
1491 277 1660 314 operatur

97 328 241 366 propter
262 320 558 366 inexperientiam
578 321 841 366 periculorum:
865 322 928 355 has
953 329 1074 356 autem
1094 321 1321 356 fortitudines
1344 322 1442 356 nulla
1465 322 1660 368 praedicta-

96 384 175 407 rum
197 373 512 407 enumerationum
536 375 715 416 continet;
738 385 824 420 ergo
847 375 1051 421 praedictae
1074 376 1366 409 enumerationes
1389 376 1543 421 partium
1566 374 1661 409 forti-

96 426 228 460 tudinis
249 426 414 460 videntur
435 438 511 460 esse
534 427 840 462 inconvenientes.

167 479 395 514 Ruspouoro
418 480 623 522 dicendum,
647 481 755 526 quod,
778 481 869 515 sicut
890 492 995 527 supra
1018 481 1155 514 dictum
1178 489 1230 515 est
1254 482 1297 527 (q.
1320 483 1406 526 48),
1428 482 1577 527 alicujus
1595 482 1661 515 vir-

96 532 179 566 tutis
201 541 350 578 possunt
372 544 449 566 esse
472 534 615 579 triplices
636 542 765 579 partes,
794 534 946 568 scilicet:
980 535 1193 579 subjectivae,
1228 536 1412 579 integrales,
1444 536 1639 582 potentiales
1653 548 1661 569 .·

97 584 294 619 fortitudini
317 594 449 627 autem,
472 587 670 621 secundum
693 587 789 633 quod
813 595 865 621 est
886 587 1051 633 specialis
1069 588 1191 629 virtus,
1214 599 1286 621 non
1310 597 1460 634 possunt
1487 589 1661 633 assignari

96 647 213 684 partes
235 639 470 684 subjectivae3
493 650 536 673 eo
560 640 655 685 quod
674 652 747 674 non
769 641 935 674 dividitur
954 640 988 674 in
1003 640 1134 674 multas
1148 641 1295 675 virtutes
1309 642 1428 687 specie
1445 641 1660 683 differentes,

96 691 178 737 quia
202 700 254 725 est
275 692 369 726 circa
392 694 581 726 materiam
603 693 707 727 valde
730 693 942 739 specialem:
967 694 1194 739 assignantur
1217 702 1337 728 autem
1361 695 1391 728 ei
1414 704 1531 740 partes
1560 694 1658 740 quasi

96 746 277 791 integrales,
300 753 334 779 et
352 747 561 792 potentiales:
585 747 755 791 integmzlas
777 747 922 792 quidem
944 748 1144 781 secundum
1167 758 1220 789 ea,
1240 759 1331 793 quae
1352 756 1493 793 oportet
1513 759 1661 781 concur-

97 809 172 832 rere
196 799 238 832 ad
261 807 387 833 actum.
403 798 634 834 fortitudinis:
652 801 846 846 potentiales
868 809 1000 842 autem,
1023 800 1222 834 secundum
1245 801 1342 846 quod
1365 813 1405 835 ea
1441 813 1531 847 quae
1565 800 1661 834 forti-

96 852 182 885 tudo
206 852 372 886 observat
393 853 488 886 circa
511 852 733 895 difficillima,
755 853 893 887 scilicet
915 854 1008 887 circa
1031 853 1190 899 pericula
1224 854 1362 896 mortis,
1394 854 1534 900 aliquae
1569 854 1659 888 aliae

96 904 244 939 virtutes
266 905 457 939 observant
479 907 573 939 circa
589 906 763 952 quasdam
780 906 867 940 alias
883 906 1051 940 materias
1066 907 1184 940 minus
1201 906 1381 941 difficiles:
1403 919 1493 953 quae
1513 908 1659 954 quidem

95 958 241 992 virtutes
265 959 506 1003 adjunguntur
526 959 736 1000 fortitudini,
758 959 849 993 sicut
870 960 1103 993 secundariae
1123 960 1329 1006 principali:
1351 969 1402 995 est
1418 970 1550 1002 autem,
1570 961 1661 995 sicut

96 1022 202 1056 supra
224 1011 360 1045 dictum
383 1020 435 1046 est
465 1012 509 1058 (q.
532 1024 596 1058 123.
619 1017 682 1046 art.
700 1024 728 1058 3.
751 1017 779 1046 et
801 1012 864 1056 6.),
892 1012 1011 1059 duplat
1044 1012 1261 1047 fortitudinis
1285 1022 1396 1055 actus,
1430 1014 1586 1048 scilicet:
1609 1026 1661 1059 cig-

95 1064 199 1109 grcdi,
223 1073 256 1098 et
275 1067 431 1099 sustinere
450 1078 456 1099 :
476 1065 519 1098 ad
542 1073 663 1098 actum
694 1073 813 1099 autem
850 1065 1083 1111 aggrediendi
1118 1066 1188 1100 duo
1223 1067 1469 1112 requiruntur:
1505 1078 1659 1113 quorum

93 1120 245 1164 primum
267 1118 420 1164 pertinet
441 1118 484 1152 ad
508 1119 618 1152 animi
639 1120 965 1164 praeparationem,
989 1127 1026 1152 ut
1048 1119 1186 1153 scilicet
1208 1120 1336 1166 aliquis
1358 1129 1568 1166 promptum
1591 1120 1662 1154 ani-

98 1182 198 1204 mum
221 1171 352 1205 habeat
374 1172 415 1204 ad
439 1172 743 1217 aggrediendum:
767 1180 801 1205 et
823 1180 998 1218 quantum
1021 1173 1064 1206 ad
1086 1173 1157 1206 hoc
1180 1173 1282 1218 ponit
1305 1172 1448 1208 Tullius
1470 1173 1660 1216 fiduciam;

98 1224 191 1258 unde
213 1225 299 1258 dicit
320 1225 398 1269 (loc.
420 1226 474 1259 cit.
496 1226 531 1259 in
553 1237 624 1271 arg.
646 1227 703 1270 1.),
728 1226 824 1271 quod
850 1239 868 1257 «
889 1225 1020 1259 fiducia
1044 1234 1107 1268 est,
1126 1238 1190 1272 per
1211 1237 1320 1272 quam
1335 1227 1488 1272 magnis,
1505 1236 1538 1261 et
1552 1227 1662 1261 hone-

97 1278 158 1311 stis
180 1278 214 1311 in
234 1278 339 1312 rebus
372 1278 527 1312 multum
550 1279 625 1325 ipse
648 1279 789 1313 animus
810 1279 845 1312 in
868 1291 905 1313 se
927 1279 1080 1313 fiduciae
1103 1288 1199 1313 certa
1222 1291 1305 1313 cum
1328 1291 1389 1325 spe
1413 1280 1606 1314 collocavit
1627 1292 1658 1313 »z

93 1331 269 1365 secundum
292 1339 411 1365 autem
434 1332 588 1377 pertinet
609 1333 652 1366 ad
676 1333 793 1378 operis
816 1333 1067 1366 executionem
1090 1344 1135 1366 ne
1158 1333 1296 1367 scilicet
1318 1333 1445 1379 aliquis
1464 1334 1607 1367 deficiat
1624 1334 1659 1367 in

95 1384 307 1418 executione
329 1384 487 1426 illorum,
510 1397 601 1431 quae
628 1386 840 1420 fiducialiter
865 1386 1066 1421 inchoavit:
1101 1395 1135 1420 et
1168 1395 1343 1433 quantum
1377 1388 1420 1421 ad
1454 1388 1523 1422 hoc
1559 1387 1660 1433 ponit

97 1436 238 1471 Tullius
260 1438 589 1484 magnificentiam3
613 1440 706 1473 unde
725 1440 821 1481 dicit,
843 1440 940 1485 quod
965 1453 983 1471 ((
1005 1440 1275 1485 magnificentia
1298 1448 1350 1474 est
1372 1453 1491 1475 rerum
1514 1453 1660 1487 magna-

97 1502 187 1533 rum,
211 1499 245 1525 et
266 1491 489 1525 excelsarum
512 1504 594 1526 cum
618 1493 728 1526 animi
751 1492 871 1538 ampla
886 1493 1053 1538 quadam,
1076 1501 1110 1526 et
1127 1493 1312 1538 splendida
1327 1495 1574 1540 propositione
1590 1495 1661 1539 agi-

96 1544 197 1585 tatio,
213 1553 318 1590 atque
334 1545 642 1587 administratio»,
661 1546 752 1580 idest
773 1546 956 1588 executio;
979 1554 1017 1580 ut
1038 1546 1175 1580 scilicet
1197 1547 1318 1592 amplo
1341 1548 1527 1593 proposito
1551 1548 1661 1581 admi-

96 1598 260 1632 nistratio
282 1610 356 1632 non
379 1599 484 1641 desit;
506 1600 596 1634 haec
625 1611 711 1646 ergo
746 1600 817 1633 dno
847 1599 877 1633 si
911 1608 1138 1633 coarctentur
1172 1601 1215 1633 ad
1250 1601 1434 1646 propriam
1469 1601 1659 1634 materiam

97 1651 325 1693 fortitudinis,
347 1652 485 1686 scilicet
507 1653 549 1686 ad
571 1652 730 1699 pericula
753 1654 890 1694 mortis,
910 1661 1013 1687 erunt
1035 1654 1136 1699 quasi
1165 1662 1282 1699 partes
1312 1654 1504 1700 integrales
1537 1654 1659 1700 ipsius,

96 1705 172 1738 sine
195 1705 322 1751 quibus
348 1705 520 1740 fortitudo
548 1717 624 1740 esse
659 1718 732 1740 non
766 1714 899 1752 potest:
921 1707 950 1740 si
984 1715 1105 1740 autem
1127 1706 1324 1740 referantur
1347 1708 1388 1741 ad
1412 1707 1549 1753 aliquas
1572 1707 1659 1741 alias

97 1758 277 1800 materias,
298 1759 334 1792 in
357 1759 483 1804 quibus
511 1767 563 1793 est
584 1761 703 1793 minus
725 1759 955 1801 difficultatis,
978 1768 1079 1793 erunt
1100 1761 1248 1794 virtutes
1275 1760 1462 1794 distinctae
1486 1772 1505 1794 a
1526 1760 1661 1794 fortitu-

96 1811 178 1844 dine
200 1812 399 1845 secundum
421 1813 582 1858 speciem
600 1824 722 1847 suam:
745 1821 868 1846 tamen
885 1813 1123 1858 adjungentur
1138 1814 1180 1855 ei,
1196 1813 1286 1847 sicut
1301 1815 1553 1847 secundarium
1570 1814 1661 1860 prin-

96 1864 220 1910 cipali:
243 1865 335 1898 sicut
355 1867 597 1911 magnificentia
619 1877 638 1898 a
661 1866 796 1900 Philos.
816 1867 851 1899 in
865 1876 897 1909 4.
913 1866 1029 1900 Ethic.
1054 1867 1140 1912 (cap.
1160 1868 1207 1910 2.)
1229 1867 1373 1912 ponitur
1397 1868 1490 1901 circa
1506 1878 1659 1912 magnos

96 1925 276 1963 sumptus:
300 1920 557 1964 magnanimitas
578 1927 711 1962 autem,
734 1930 825 1965 quae
846 1919 986 1952 videtur
1006 1919 1103 1953 idem
1126 1931 1202 1953 esse
1218 1919 1380 1961 fiduciae,
1397 1921 1491 1954 circa
1506 1932 1660 1966 magnos

96 1970 266 2004 honores.
285 1971 342 2005 Ad
365 1972 469 2006 alium
491 1980 612 2006 autem
635 1981 756 2006 actum
778 1972 1006 2014 fortitudinis,
1032 1973 1092 2018 qui
1113 1981 1166 2007 est
1187 1973 1373 2015 sustinere,
1395 1973 1456 2007 duo
1480 1975 1661 2020 requirun-

97 2032 170 2056 tur:
194 2035 349 2069 quorum
362 2027 515 2071 primum
537 2035 600 2066 est,
622 2037 668 2059 ne
687 2024 895 2059 difficultate
914 2025 1183 2059 imminentium
1206 2026 1389 2060 malorum
1411 2027 1552 2060 animus
1571 2026 1660 2061 fran-

98 2083 202 2121 gatur
222 2088 283 2122 per
304 2078 496 2120 tristitiam,
519 2087 554 2112 et
575 2079 716 2113 decidat
738 2090 757 2112 a
779 2090 842 2112 sua
865 2079 1133 2124 magnitudine:
1158 2087 1192 2113 et
1213 2085 1373 2125 quantum
1408 2080 1450 2114 ad
1482 2081 1539 2115 hoc
1565 2082 1660 2127 ponit

92 2131 310 2175 patientiavm
333 2131 427 2164 unde
449 2132 545 2173 dicit,
568 2133 663 2178 quod
689 2144 706 2163 «
725 2133 896 2178 patientia
915 2140 968 2166 est
985 2132 1196 2174 honestatis,
1220 2141 1279 2166 aut
1301 2133 1460 2167 utilitatis
1477 2145 1596 2175 causa,
1612 2146 1662 2168 re-

98 2195 177 2216 rum
208 2184 412 2225 arduarum,
432 2192 491 2218 aut
505 2184 705 2218 difficilium
719 2184 934 2227 voluntaria,
950 2197 990 2219 ac
1009 2185 1173 2219 diuturna
1187 2186 1371 2232 perpessio
1387 2200 1418 2222 n:
1435 2187 1525 2221 aliud
1539 2196 1659 2221 autem

98 2245 161 2279 est,
178 2246 215 2270 ut
229 2249 270 2271 ex
285 2238 450 2272 diuturna
464 2238 662 2272 difficilium
678 2239 844 2284 passione
862 2239 977 2273 homo
999 2250 1072 2273 non
1094 2239 1262 2285 fatigetur
1281 2251 1392 2285 usque
1412 2241 1454 2274 ad
1474 2241 1543 2274 hoc
1564 2240 1659 2286 quod

99 2291 256 2332 desistat,
277 2291 479 2325 secundum
501 2291 587 2325 illud
610 2292 718 2326 Hebr.
739 2302 807 2326 12.:
831 2293 906 2326 Non
917 2293 1110 2338 fatigamini
1131 2294 1251 2327 animis
1272 2295 1385 2327 vestris
1406 2293 1604 2339 c‘iaficialites:
1627 2302 1661 2326 et

97 2352 273 2389 quantum
295 2345 337 2377 ad
360 2344 430 2378 hoc
453 2345 555 2390 ponit
575 2345 900 2390 perseverantiam3
921 2346 1015 2379 unde
1038 2345 1133 2385 dicit,
1156 2346 1252 2392 quod
1278 2359 1295 2377 «
1317 2347 1581 2392 perseverantia
1609 2354 1661 2380 est

98 2397 133 2430 in
148 2397 286 2430 ratione
301 2397 391 2430 bene
406 2397 633 2432 considerata
645 2397 793 2439 stabilis,
812 2406 847 2432 et
867 2406 1038 2444 perpetua
1060 2399 1266 2444 permansio
1289 2411 1319 2432 »ς
1343 2400 1432 2432 haec
1456 2401 1565 2432 etiam
1588 2399 1659 2432 duo

99 2450 128 2483 si
149 2458 378 2483 coarctentur
400 2451 442 2484 ad
458 2451 639 2496 propriam
655 2451 845 2485 materiam
859 2451 1088 2493 fortitudinis,
1104 2460 1207 2486 erunt
1220 2461 1337 2497 partes
1353 2452 1454 2498 quasi
1467 2451 1660 2497 integrales

98 2503 226 2548 ipsius:
248 2503 277 2537 si
299 2512 417 2537 autem
447 2504 489 2536 ad
520 2515 765 2550 quascumque
785 2505 952 2538 materias
974 2504 1136 2539 difficiles
1158 2505 1366 2547 referantur,
1389 2513 1491 2539 erunt
1512 2506 1660 2539 virtutes

99 2568 118 2590 a
140 2555 347 2590 fortitudine
370 2556 577 2598 distinctae3
596 2565 629 2591 et
643 2565 766 2591 tamen
782 2558 815 2592 ei
829 2558 1078 2604 adjungentur,
1101 2558 1193 2592 sicut
1211 2558 1443 2592 secundariae
1462 2557 1659 2604 principali.

169 2609 229 2643 AD
255 2620 404 2644 PR1MUM
427 2621 513 2655 ergo
541 2610 744 2652 dicendum,
767 2611 862 2656 quod
884 2611 1153 2657 magnificentia
1177 2611 1271 2645 circa
1294 2611 1483 2644 materiam
1511 2610 1662 2644 liberali-

99 2662 179 2696 tatis
202 2662 299 2696 addit
320 2663 517 2708 quamdam
539 2663 838 2708 magnitudinem,
861 2675 952 2709 quae
974 2664 1126 2710 pertinet
1149 2664 1192 2697 ad
1215 2664 1393 2697 rationem
1416 2663 1528 2705 ardui,
1563 2664 1659 2709 quod

100 2723 152 2749 est
173 2715 356 2760 objectum
378 2715 577 2757 irascibilis,
600 2727 708 2761 quam
730 2716 974 2763 principaliter
995 2717 1133 2763 perficit
1151 2716 1340 2750 fortitudo:
1362 2725 1395 2751 et
1413 2728 1455 2750 ex
1473 2717 1541 2750 hac
1560 2725 1660 2762 parte

100 2768 253 2814 pertinet
274 2769 318 2802 ad
339 2768 600 2803 fortitudinem.

171 2821 231 2855 AD
259 2833 466 2856 SECUNDUM
489 2822 695 2864 dicendum,
717 2823 813 2868 quod
835 2834 927 2869 spes,
950 2834 1020 2869 qua
1042 2823 1120 2868 quis
1143 2823 1186 2856 de
1207 2823 1288 2856 Deo
1323 2822 1482 2864 confidit,
1516 2823 1661 2869 ponitur

100 2873 211 2908 virtus
232 2875 455 2921 theologica,
477 2883 515 2908 ut
536 2886 642 2921 supra
662 2875 825 2910 habitum
848 2885 900 2910 est
922 2876 968 2921 (q.
987 2887 1036 2921 17.
1064 2881 1129 2910 art.
1147 2888 1175 2921 5.
1199 2881 1226 2910 et
1243 2887 1307 2910 1-2.
1328 2888 1357 2921 q.
1374 2877 1428 2910 62.
1443 2878 1579 2922 art.3.):
1599 2877 1661 2910 sed
