1905 3137
533 142 753 178 QUAESTIO
787 142 843 171 VI.
878 141 1121 171 ARTICULUS
1155 141 1181 170 Ι.
1585 141 1609 183 7

1616 142 1635 183 Ὠ»)

617 383 970 444 QUAESTIO
1012 383 1094 430 vl.

283 509 346 539 DE
374 508 526 540 CAUSA
562 507 704 545 FIDEI,
736 507 787 537 IN
811 507 935 538 DUOS
964 506 1226 537 ARTICULOS
1252 506 1426 537 DIVISA.

155 648 295 682 Deinde
318 647 618 682 considerandum
643 656 695 682 est
716 647 759 681 de
779 658 887 681 causa
909 646 1001 680 fidei.

580 737 621 770 Et
647 737 737 770 circa
755 735 813 770 hoc
835 739 1039 780 quaeruntur
1061 734 1134 768 dno.

153 807 288 841 Primo.
311 807 442 841 Utrum
465 807 551 841 fides
573 807 616 841 sit
637 807 779 840 homini
800 806 916 840 infusa
939 818 957 840 a
978 806 1070 840 Deo.

156 860 336 894 Secundo.
361 861 491 894 Utrum
509 860 597 894 fides
618 860 782 894 informis
804 860 848 894 sit
873 859 1010 893 donum
1034 859 1112 893 Dei.

662 1000 1008 1045 ARTICULUS
1036 1000 1069 1042 1.
1602 1022 1638 1057 35

385 1109 537 1138 UTRUM
564 1109 687 1137 FIDES
715 1109 781 1137 SIT
810 1108 970 1137 HOMINI
998 1108 1024 1137 A
1051 1109 1140 1137 DEO
1171 1108 1338 1138 INFUSA.

179 1196 272 1240 (Lilr.
292 1207 319 1241 3.
340 1195 457 1230 Contr.
478 1207 508 1241 g.
531 1201 604 1242 cap.
627 1206 694 1241 154.
716 1200 744 1229 et
772 1195 858 1229 Veri.
886 1207 915 1241 t]-
940 1196 991 1241 58.
1019 1201 1082 1230 art.
1106 1208 1132 1242 3.
1160 1201 1190 1230 et
1213 1202 1319 1242 opusc.
1345 1206 1374 1229 1.
1403 1201 1473 1241 cap.
1496 1205 1546 1241 31.

676 1254 705 1283 et
730 1249 815 1294 Eph.
842 1261 873 1283 2.
901 1249 969 1283 lact.
993 1250 1050 1295 3.).

159 1338 217 1372 AD
239 1348 388 1372 PRIMUM
420 1338 470 1371 sic
492 1338 709 1384 proceditur.
733 1337 895 1382 Videtur,
919 1339 1015 1383 quod
1037 1337 1124 1372 fides
1148 1349 1221 1372 non
1253 1338 1297 1372 sit
1322 1338 1464 1372 homini
1485 1338 1602 1372 infusa
1625 1349 1643 1371 a

86 1391 186 1425 Deo:
215 1391 300 1425 dicit
322 1391 419 1424 enim
441 1393 594 1437 August.
622 1402 673 1433 14.
697 1391 739 1425 de
771 1390 872 1424 Trin.
898 1391 984 1438 (sap.
1011 1405 1037 1426 I.
1065 1403 1084 1425 ιι
1107 1392 1218 1437 med),
1242 1392 1338 1437 quod
1361 1404 1422 1438 per
1455 1392 1644 1426 scientiam

86 1445 243 1490 gignitur
263 1445 299 1477 in
316 1445 420 1478 nobis
442 1444 540 1486 fides,
562 1444 725 1486 nutritur,
748 1444 959 1486 defenditur,
991 1452 1024 1478 et
1057 1445 1263 1478 roboratur:
1300 1446 1361 1479 sed
1394 1457 1447 1487 ea,
1469 1457 1560 1491 quae
1582 1457 1644 1491 per

86 1498 274 1532 scientiam
302 1498 337 1530 in
369 1497 472 1531 nobis
495 1497 701 1542 gignuntur,
736 1499 851 1543 magis
879 1498 1044 1531 videntur
1072 1498 1244 1543 acquisita
1267 1510 1355 1540 esse,
1378 1510 1484 1544 quarn
1508 1499 1643 1540 infusa3

88 1561 174 1596 ergo
196 1550 282 1583 fides
303 1561 377 1583 non
398 1550 537 1583 videtur
563 1550 599 1583 in
620 1550 724 1584 nobis
746 1561 823 1584 esse
846 1562 886 1584 ex
909 1550 1089 1584 infusione
1108 1551 1240 1585 divina.

158 1613 189 1636 2.
219 1603 454 1638 PRAETEREA.
476 1603 580 1644 Illud,
613 1603 655 1636 ad
678 1603 774 1649 quod
808 1603 922 1637 homo
946 1605 1115 1649 pertingit
1138 1604 1330 1646 audiendo,
1354 1613 1387 1638 et
1408 1605 1576 1648 videndo,
1598 1605 1646 1639 vi-

88 1656 190 1690 detur
219 1667 295 1690 esse
327 1656 368 1690 ab
395 1656 545 1690 homine
583 1656 815 1702 acquisitum:
851 1657 912 1690 sed
947 1657 1061 1690 homo
1084 1656 1251 1703 pertingit
1285 1658 1328 1691 ad
1359 1658 1589 1700 credendum,
1612 1667 1646 1693 et

85 1711 240 1744 videndo
263 1711 448 1752 miracula,
472 1718 506 1744 et
526 1710 705 1744 audiendo
729 1710 810 1744 fidei
829 1711 1031 1744 doctrinam
1048 1724 1054 1745 :
1075 1711 1203 1744 dicitur
1217 1704 1314 1744 enim
1332 1711 1434 1756 Joan.
1449 1722 1501 1754 4.:
1520 1713 1647 1757 Cogno-

85 1765 136 1798 vit
151 1769 259 1810 pater,
282 1765 361 1809 qnia
382 1764 440 1797 illa
461 1763 544 1796 hora
565 1768 645 1805 erat,
675 1765 708 1796 in
730 1775 794 1808 qua
812 1763 898 1797 dixit
918 1765 946 1797 ci
963 1764 1052 1807 Jcsus
1068 1776 1077 1798 :
1099 1764 1205 1798 Filius
1233 1769 1304 1798 tuus
1324 1766 1413 1798 vivit
1423 1777 1435 1805 ,·
1458 1771 1487 1799 et
1508 1766 1645 1800 credidit

85 1818 162 1863 ipse,
182 1822 209 1851 et
234 1817 347 1850 domus
368 1819 435 1861 ejus
464 1821 554 1857 tota,·
587 1825 622 1850 et
647 1816 754 1850 Rom.
782 1827 832 1850 10.
861 1817 1000 1858 dicitur,
1023 1817 1119 1862 quod
1136 1817 1227 1862 ‚fidas
1260 1823 1303 1852 cst
1328 1830 1366 1852 ax
1392 1818 1528 1859 audium
1558 1830 1643 1865 ergo

86 1869 173 1904 fides
194 1870 345 1903 liabetur
367 1870 408 1903 ab
431 1869 579 1903 homine
597 1877 785 1915 tamquam
808 1870 992 1915 acquisita.

159 1934 187 1969 3.
209 1923 444 1957 PRAETEREA.
466 1922 558 1956 Illud
581 1922 677 1968 quod
700 1922 863 1956 consistit
884 1924 919 1956 in
940 1923 1099 1957 hominis
1122 1923 1320 1966 voluntate,
1348 1925 1389 1958 ab
1417 1925 1567 1960 homine
1586 1938 1645 1971 po-

85 1984 153 2010 test
179 1976 329 2022 acquiri:
353 1976 413 2009 sed
427 1976 509 2021 fides
530 1977 674 2010 consistit
714 1977 748 2009 in
770 1976 967 2010 credentium
990 1977 1170 2019 voluntate,
1194 1986 1232 2011 ut
1246 1978 1398 2023 August.
1426 1979 1510 2013 dicit
1530 1980 1566 2013 in
1584 1980 1644 2014 lib.

89 2030 130 2064 de
152 2029 278 2063 Praed.
303 2029 422 2062 Sanct.
440 2029 531 2075 (cap.
550 2029 612 2075 3.),·
637 2040 724 2074 ergo
747 2028 833 2062 fides
856 2038 974 2075 potest
1002 2040 1078 2063 esse
1107 2030 1148 2063 ab
1172 2031 1323 2065 homine
1348 2033 1532 2078 acquisita.

159 2083 232 2117 SED
255 2093 410 2116 CONTRA
438 2090 500 2123 est,
523 2081 619 2128 quod
641 2082 770 2115 dicitur
792 2082 834 2115 ad
852 2082 982 2128 Ephes.
1006 2092 1048 2116 2.:
1076 2083 1199 2118 Gratia
1218 2086 1289 2119 estis
1305 2085 1427 2120 salvati
1442 2092 1504 2132 pur
1518 2086 1642 2132 fidanz;

85 2140 113 2170 et
132 2136 190 2170 hoc
215 2147 279 2169 non
301 2147 339 2169 ex
359 2137 463 2177 volvis,
490 2147 530 2169 ne
550 2137 620 2180 quis
639 2135 822 2180 glorietur:
845 2135 967 2169 domam
988 2138 1073 2170 enim
1092 2137 1158 2171 Dal*
1178 2143 1232 2172 est.

156 2189 385 2223 RESPONDEO
413 2188 617 2230 dicendum,
645 2188 741 2234 quod
780 2188 823 2222 ad
853 2189 962 2223 finem
984 2189 1047 2223 dno
1082 2190 1330 2235 requiruntur:
1366 2204 1521 2238 quorum
1542 2205 1645 2227 unum

87 2250 149 2284 est,
171 2251 208 2276 ut
229 2243 371 2276 homini
393 2241 575 2276 credibilia
597 2250 862 2288 proponantur3
885 2243 981 2288 quod
1010 2243 1201 2288 requiritur
1229 2245 1271 2277 ad
1294 2245 1364 2278 hoc
1399 2246 1495 2291 quod
1530 2246 1644 2280 homo

87 2296 219 2342 aliquid
241 2295 405 2342 explicite
429 2295 567 2329 credat:
591 2295 682 2329 aliud
703 2303 835 2337 autem,
858 2297 954 2341 quod
977 2296 1021 2330 ad
1044 2296 1153 2330 finem
1181 2299 1382 2343 requiritur,
1406 2307 1458 2333 est
1481 2311 1645 2334 assensus

87 2350 261 2384 credentis
284 2349 326 2382 ad
343 2360 395 2390 ea,
418 2360 508 2394 quae
524 2357 979 2394 proponuntur3quantum
1002 2361 1087 2395 ergo
1105 2351 1147 2383 ad
1157 2353 1309 2397 primum
1331 2352 1475 2394 horum,
1497 2363 1644 2386 necesse

87 2411 139 2437 est
159 2402 254 2448 quod
277 2402 364 2436 fides
390 2402 434 2436 sit
469 2413 488 2435 a
513 2401 613 2435 Deo:
649 2412 690 2435 ea
717 2402 825 2443 enim,
848 2413 939 2447 quae
961 2411 1043 2436 sunt
1064 2403 1158 2445 fidei,
1184 2405 1362 2438 excedunt
1383 2406 1561 2439 rationem
1583 2406 1646 2439 hu-

86 2467 244 2497 manam,
267 2456 360 2488 unde
381 2466 455 2488 non
478 2456 610 2488 cadunt
630 2455 666 2488 in
689 2455 938 2500 cognitionem
959 2455 1130 2498 hominis,
1157 2457 1226 2490 nisi
1254 2458 1334 2491 Deo
1358 2458 1558 2492 revelante:
1582 2459 1643 2492 sed

87 2509 299 2554 quibusdam
321 2508 466 2553 quidem
488 2508 690 2541 revelantur
711 2508 920 2542 immediate
934 2509 1043 2543 aDeo
1059 2509 1151 2543 sicut
1172 2518 1254 2543 sunt
1271 2511 1428 2544 revelata
1446 2511 1644 2556 Apostolis‚

87 2569 122 2595 et
140 2561 331 2606 Prophetis
349 2572 356 2594 t
380 2561 593 2606 quibusdam
616 2569 736 2594 autem
758 2570 1008 2606 proponuntur
1031 2573 1050 2595 a
1072 2562 1153 2596 Deo
1174 2563 1338 2597 mittente
1362 2563 1443 2596 fidei
1465 2564 1644 2609 praedica-

84 2623 192 2656 tores,
214 2614 412 2648 secundum
434 2613 521 2647 illud
542 2613 649 2648 Rom.
673 2614 1192 2660 10.:Quomodopraedicabunt,
1214 2617 1278 2650 nisi
1300 2618 1498 2651 mittantur?
1523 2617 1645 2657 Quan-

86 2676 162 2702 tum
183 2678 269 2700 vero
297 2667 340 2699 ad
360 2666 546 2708 secundum,
567 2666 706 2700 scilicet
738 2667 781 2699 ad
804 2678 990 2700 assensum
1017 2668 1176 2702 hominis
1199 2670 1234 2702 in
1259 2680 1310 2710 ea,
1334 2680 1424 2714 quae
1447 2678 1529 2703 sunt
1550 2670 1643 2712 fidei,

87 2729 205 2767 potest
226 2720 445 2754 considerari
475 2720 591 2766 duplex
622 2731 748 2754 causa:
771 2732 837 2754 una
859 2721 1004 2766 quidem
1032 2722 1185 2755 exterius
1208 2721 1401 2763 inducens3
1429 2723 1520 2756 sicut
1541 2724 1645 2757 mira-

89 2768 209 2808 culum
228 2776 365 2815 visum3
386 2774 438 2807 vel
459 2774 643 2818 persuasio
677 2773 836 2807 hominis
862 2774 1063 2808 inducentis
1084 2775 1126 2807 ad
1149 2774 1276 2808 fidem:
1301 2786 1453 2820 quorum
1476 2785 1643 2810 neutrum

90 2835 142 2862 est
162 2826 341 2861 sufficiens
364 2837 489 2859 causa:
512 2826 710 2860 videntium
733 2826 830 2859 enim
852 2838 964 2859 unum
999 2835 1032 2860 et
1061 2827 1158 2860 idem
1192 2827 1420 2870 miraculum,
1448 2837 1482 2863 et
1503 2830 1645 2864 audien-
