1859 3122
483 187 703 224 QUAEs’mo
738 187 856 218 cun.
891 187 1133 217 ART1curus
1166 188 1206 217 v.
1546 187 1625 230 993

75 285 137 308 sua
153 272 196 307 ad
212 270 491 306 delectationem
514 270 674 313 ordinat;
696 277 730 304 et
751 270 800 304 sic
823 269 1025 316 prorumpit
1043 269 1077 303 in
1092 269 1200 303 verba
1222 269 1365 304 ludicra:
1384 273 1501 315 quarto
1524 279 1632 314 quan-

75 335 150 361 tum
167 325 210 360 ad
225 325 438 360 sententiam
455 324 660 363 verborum,
676 335 784 370 quarn
799 323 968 370 pervertit
981 322 1119 356 luxuria
1141 331 1286 369 propter
1307 323 1519 357 caecitatem
1536 333 1633 356 men-

75 380 130 422 tis,
148 390 257 426 quam
277 385 419 419 causat3
435 385 468 412 et
486 378 535 412 sic
558 378 758 424 prorumpit
773 377 806 410 in
821 377 1041 422 5tztlliloqzcicz,‘
1065 384 1188 422 utpote
1208 388 1291 410 cum
1310 377 1382 410 suis
1400 376 1517 411 verbis
1537 386 1633 422 prae-

76 433 142 468 fert
163 431 433 472 delectationes,
456 443 543 478 quas
566 431 711 478 appetit,
732 431 1016 477 quibuscumque
1039 430 1116 464 aliis
1138 430 1253 464 rebus.

578 700 931 761 QUAESTIO
975 699 1145 747 CLIV.

132 826 196 856 DE
222 825 466 858 LUXURIAE
495 825 735 864 PARTIBUS,
766 825 817 855 IN
844 824 1096 856 DUODECIM
1123 823 1384 855 ARTICULOS
1410 822 1584 854 DIVISA.

150 965 291 1000 Deinde
314 966 616 1000 considerandum
639 973 692 1000 est
713 965 756 999 de
777 963 938 999 luxuriae
960 963 1130 1010 partibus.

529 1054 572 1088 Et
592 1054 682 1088 circa
702 1053 760 1087 hoc
781 1057 986 1098 quaeruntur
1007 1051 1185 1086 duodecim.

151 1126 288 1161 Primo.
309 1126 364 1160 De
387 1125 564 1160 divisione
585 1125 741 1172 partium
762 1124 936 1159 luxuriae.

153 1179 334 1214 Secundo.
357 1179 488 1213 Utrum
508 1178 700 1213 fornicatio
722 1177 875 1224 simplex
897 1177 942 1212 sit
963 1185 1155 1224 peccatum
1178 1175 1343 1211 mortale.

154 1232 292 1267 Tertio.
315 1232 447 1266 Utrum
469 1233 512 1266 sit
533 1232 733 1266 maximum
756 1238 1000 1277 peccatorum.

159 1285 312 1326 Quarto.
334 1286 466 1320 Utrum
487 1286 523 1319 in
544 1285 708 1327 tactibus,
731 1293 766 1319 et
787 1284 932 1326 osculis,
960 1292 994 1318 et
1021 1284 1098 1318 aliis
1124 1283 1335 1329 hujusmodi
1359 1282 1536 1316 illecebris
1557 1294 1640 1316 con-

81 1339 181 1373 sistat
201 1347 391 1385 peccatum
413 1339 578 1374 mortale.

155 1392 305 1433 Quinto.
328 1393 460 1427 Utrum
482 1400 659 1427 nocturna
681 1391 833 1439 pollutio
856 1391 900 1426 sit
920 1399 1122 1437 peccatum.

154 1446 275 1480 Sexto.
298 1447 352 1480 De
374 1455 509 1492 stupro.

155 1499 330 1546 Septimo.
353 1500 409 1534 De
431 1509 544 1546 raptu.

156 1552 311 1588 Octavo.
334 1553 390 1587 De
413 1553 600 1588 adulterio.

154 1607 277 1640 Nono.
298 1606 354 1640 De
375 1606 525 1640 incestu.

154 1660 322 1694 Decimo.
346 1660 401 1694 De
423 1660 625 1706 sacrilegio.

154 1713 371 1748 Undecimo.
393 1713 450 1747 De
471 1721 622 1759 peccato
646 1720 771 1747 contra
793 1720 971 1746 naturam.

155 1766 397 1801 Duodecimo.
418 1767 475 1801 De
499 1766 623 1801 ordine
646 1766 829 1812 gravitatis
851 1766 886 1799 in
909 1764 1100 1811 praedictis
1122 1765 1320 1810 speciebus.

677 1883 1020 1928 ARTICULUS
1057 1883 1088 1924 Ι.
1579 1903 1645 1938 742

171 1993 321 2023 UTRUM
344 1993 680 2023 CONVENIENTER
704 1993 1004 2022 ASSIGNENTUR
1028 1992 1105 2020 SEX
1128 1992 1297 2020 SPECIES
1320 1991 1560 2029 LUXURIAE3

90 2058 310 2088 SCILICET:
339 2058 607 2088 FORNICATIO
638 2058 834 2095 SIMPLEX‚
857 2057 1156 2095 ADULTERIijl,
1185 2056 1410 2095 INCESTUS,
1431 2055 1646 2094 STUPRUM,

430 2123 611 2162 RAPTUS,
631 2124 686 2152 ET
710 2122 867 2151 VITIUM
890 2122 1068 2151 CONTRA
1088 2122 1312 2151 NATURAM.

361 2209 408 2254 (4.
431 2210 519 2244 Dist.
541 2222 592 2254 μ.
616 2215 680 2244 art.
700 2221 732 2253 4.
755 2221 784 2255 q.
812 2222 839 2244 r.
861 2215 891 2244 εἰ
911 2221 941 2244 2.
965 2214 992 2243 et
1015 2210 1098 2243 Jalal.
1122 2221 1150 2254 q.
1173 2221 1215 2254 15.
1241 2214 1304 2243 art.
1325 2209 1379 2254 3).

95 2343 98 2345 Α
162 2298 222 2333 AD
243 2309 393 2333 PRIMUM
414 2298 465 2332 sic
488 2298 704 2344 proceditur.
727 2297 889 2339 Videtur,
913 2297 1009 2344 quod
1030 2298 1328 2331 inconvenienter
1351 2296 1576 2341 assignentur
1595 2307 1649 2329 sax

92 2352 230 2398 species
262 2352 443 2394 luxuriae3
471 2351 631 2386 scilicet:
658 2352 843 2398 fornicatio
876 2352 1024 2398 simplex,
1059 2351 1271 2390 adnlterimn,
1307 2352 1454 2391 incestus,
1486 2354 1648 2395 stuprum,

92 2411 216 2452 raptus,
243 2410 272 2439 et
296 2406 418 2440 vitium
449 2410 562 2439 contra
591 2410 772 2439 naturam:
803 2405 989 2439 diversitas
1016 2405 1113 2438 enim
1143 2404 1314 2438 materiae
1340 2414 1413 2437 non
1436 2402 1652 2436 diversificat

93 2459 271 2505 speciem:
291 2459 352 2492 sed
367 2459 549 2504 praedicta
563 2458 690 2492 divisio
707 2458 858 2492 sumitur
872 2458 1071 2492 secundum
1087 2458 1258 2491 materiae
1273 2457 1531 2497 diversitatem3
1546 2463 1652 2500 prout

96 2512 233 2546 scilicet
259 2512 386 2557 aliquis
413 2511 672 2545 commiscetur
699 2513 927 2557 conjugatae,
949 2511 1006 2545 vel
1027 2511 1168 2553 vimini,
1191 2510 1248 2544 vel
1270 2510 1413 2543 alterius
1436 2509 1652 2543 conditionis

94 2565 257 2607 mulieri;
280 2577 366 2611 ergo
388 2565 540 2606 videtur,
563 2565 659 2610 quod
681 2576 743 2610 per
761 2565 831 2598 hoc
856 2566 993 2610 species
1015 2564 1174 2598 luxuriae
1196 2575 1270 2597 non
1293 2562 1586 2597 diversificentur.

166 2628 196 2652 2.
219 2618 455 2652 PRAETEREA.
480 2618 626 2663 Species
648 2618 724 2651 vitii
747 2618 851 2651 unius
872 2629 945 2651 non
968 2618 1133 2651 videntur
1157 2616 1388 2650 diversificari
1413 2627 1477 2661 per
1499 2627 1540 2649 ea
1562 2626 1652 2660 quae

94 2671 272 2718 pertinent
293 2671 336 2704 ad
359 2668 454 2705 aliud
475 2671 622 2704 vitium:
646 2671 708 2704 sed
731 2671 946 2705 adulterium
965 2682 1038 2704 non
1058 2670 1174 2703 differt
1193 2681 1211 2702 a
1230 2669 1385 2714 simplici
1402 2668 1652 2709 fornicatione,

95 2725 163 2758 nisi
183 2725 219 2757 in
240 2724 310 2758 hoc
333 2725 429 2770 quod
452 2724 578 2770 aliquis
602 2724 742 2758 accedit
765 2724 808 2757 ad
831 2736 911 2758 earn
934 2735 1025 2770 quae
1051 2731 1102 2757 est
1125 2723 1280 2764 alterius,
1307 2731 1341 2756 et
1367 2723 1415 2756 sic
1444 2721 1653 2766 injustitiam

96 2778 310 2820 committit3
332 2789 418 2823 ergo
440 2778 591 2820 videtur,
614 2777 710 2823 quod
734 2777 949 2811 adulterium
977 2789 1050 2811 non
1077 2776 1182 2810 debet
1208 2776 1292 2821 poni
1319 2775 1457 2821 species
1482 2775 1653 2808 luxuriae.

170 2842 198 2876 3.
221 2830 456 2866 PRAETEREA.
485 2831 586 2864 Sicut
607 2831 794 2876 contingit,
822 2831 918 2876 quod
947 2830 1073 2876 aliquis
1103 2829 1361 2863 commiscetur
1387 2828 1540 2870 mulieri,
1563 2839 1654 2874 quae

97 2893 150 2919 est
176 2884 277 2919 alteri
297 2885 374 2919 viro
397 2896 460 2931 per
482 2884 756 2918 matrimonium
784 2884 958 2929 obligata3
984 2884 1032 2918 ita
1055 2884 1162 2917 etiam
1191 2882 1379 2927 contingit,
1402 2882 1497 2928 quod
1526 2881 1653 2927 aliquis
