1859 3122
178 124 263 178 776
609 131 830 167 QUAESTIO
865 130 951 160 CXI.
985 129 1228 160 ARTICULUS
1262 130 1289 158 Ι.

177 215 262 249 dicit
283 214 325 248 de
347 213 534 247 Abraham
555 213 591 246 in
613 211 672 245 lib.
703 211 746 245 de
776 211 994 245 Patriarchis
1017 210 1090 255 (lib.
1116 223 1143 245 r.
1171 211 1207 245 de
1235 211 1425 254 Abraham,
1447 217 1518 258 cap.
1549 212 1610 257 8.),
1639 211 1735 258 quod

178 268 339 314 captiose
360 266 574 312 loquebatur
589 276 672 298 cum
686 264 848 306 servulis,
871 275 954 298 cum
970 264 1066 306 dixit,
1084 263 1175 298 Gen.
1199 273 1273 297 22.:
1295 264 1377 309 Ego,
1400 269 1429 298 et
1444 270 1532 310 puer
1544 265 1622 300 illuc
1639 277 1738 311 usque

170 326 395 368 properantes,
412 325 586 366 postquam
607 319 872 360 adoraverimus,
901 323 1105 353 revertemur
1130 317 1172 352 ad
1196 330 1271 352 vos:
1294 317 1430 363 fingere
1457 327 1590 360 autem,
1620 326 1655 352 et
1684 329 1739 352 ca-

178 375 293 421 ptiose
307 373 407 419 loqui
422 373 465 406 ad
481 371 753 406 simulationem
768 371 940 417 pertinet:
955 371 1017 405 sed
1032 382 1106 404 non
1121 378 1173 405 est
1188 370 1393 412 dicendum,
1412 371 1508 416 quod
1526 371 1563 405 in
1577 371 1737 413 Christo,

178 436 212 462 et
233 428 269 461 in
291 426 477 460 Abraham
499 425 605 459 fuerit
626 432 834 470 peccatum3
857 435 944 470 ergo
967 435 1040 458 non
1063 424 1182 458 omnis
1203 423 1386 458 simulatio
1409 432 1462 457 est
1490 432 1690 470 peccatum.

248 490 279 514 2.
306 480 542 513 PRAETEREA.
564 477 716 512 Nullum
737 485 929 522 peccatum
951 486 1004 511 est
1029 477 1133 512 utile:
1157 477 1230 519 sed,
1253 476 1345 510 sicut
1366 477 1515 510 Hieron.
1543 477 1629 511 dicit
1649 477 1737 523 (sup.

178 533 258 567 illud
278 532 320 567 ad
341 532 417 567 Gal.
440 544 494 566 2.:
520 531 604 566 Cum
630 533 767 565 venisset
786 531 901 565 Petrus
927 531 1114 572 Anhoch),
1148 529 1307 564 «utilem
1329 530 1612 572 simulationem,
1643 538 1678 565 et
1701 531 1739 564 in

177 595 341 632 tempore
368 584 636 625 assumendam,
653 584 745 629 Jehu
760 583 869 629 Regis
885 583 995 617 Israel
1010 595 1077 617 nos
1096 583 1226 617 doceat
1244 583 1461 629 exemplum,
1484 583 1545 629 qui
1561 582 1740 618 interfecit

177 639 382 674 sacerdotes
406 637 504 680 Baal,
531 637 643 683 finges
671 648 708 671 se
734 636 832 671 idola
860 636 979 671 colere
1005 636 1098 671 velle
1125 650 1157 678 »,
1188 644 1226 670 ut
1251 636 1403 670 habetur
1430 646 1463 679 4.
1490 636 1579 682 Reg.
1607 646 1678 678 10.;
1705 644 1741 670 et

177 693 295 726 David
310 692 636 736 immumvitfaciem
655 702 749 724 sicam
768 702 882 724 coram
897 690 998 724 Achis
1017 691 1098 735 Rege
1119 690 1214 732 Geth,
1232 697 1270 723 ut
1283 689 1434 723 habetur
1459 700 1486 723 1.
1501 689 1645 735 Regum
1663 699 1738 732 21.;

178 757 264 791 ergo
291 756 366 779 non
393 744 511 778 omnis
538 742 720 777 simulatio
749 750 801 776 est
826 750 1029 788 peccatum.

253 810 281 844 3.
303 798 539 833 PRAETEREA.
563 797 707 830 Bonum
730 804 782 830 est
801 796 899 829 malo
918 796 1160 838 contrarium3
1182 795 1211 829 si
1234 806 1320 841 ergo
1342 795 1513 829 simulare
1531 795 1668 829 bonum
1687 804 1740 830 est

178 851 327 893 malum,
350 862 436 897 ergo
459 849 629 885 simulare
652 848 789 883 malum
812 849 878 883 erit
898 849 1047 883 bonum.

248 915 280 947 4.
302 905 539 939 PRAETEREA.
566 903 633 936 Isa.
659 914 687 948 3.
725 910 849 936 contra
877 902 1055 948 quosdam
1078 901 1224 936 dicitur:
1248 902 1423 937 Peccatum
1443 913 1539 936 suum
1560 903 1654 947 quasi
1679 902 1738 937 So-

179 959 273 992 doma
292 958 582 1004 praedicavermzl,
604 968 658 990 nec
680 955 934 990 absconderant:
957 955 1020 989 sed
1050 955 1271 989 abscondere
1298 961 1489 1001 peccatum
1521 954 1565 988 ad
1595 954 1741 989 simula-

177 1013 316 1046 tionem
343 1011 511 1057 pertinet3
534 1021 620 1055 ergo
642 1020 717 1043 non
743 1009 794 1043 uti
820 1008 1051 1043 simulatione
1079 1008 1258 1042 interdum
1285 1016 1338 1042 est
1366 1007 1667 1054 reprehensibile:
1694 1008 1743 1041 vi-

179 1074 254 1099 tare
270 1073 390 1099 autem
406 1071 597 1110 peccatum
612 1074 812 1108 numquam
828 1070 880 1096 est
894 1061 1194 1108 reprehensibile3
1210 1072 1296 1107 ergo
1312 1061 1495 1095 simulatio
1509 1072 1584 1095 non
1598 1072 1741 1108 semper

179 1127 233 1153 est
253 1126 455 1164 peccatum.

252 1171 326 1206 SED
349 1181 504 1206 CONTRA
526 1177 589 1211 est,
612 1168 707 1215 quod
724 1169 790 1202 Isa.
812 1167 862 1202 16.
883 1179 989 1214 super
1006 1167 1113 1201 illud:
1134 1168 1174 1202 In
1193 1169 1298 1202 tribus
1315 1169 1420 1209 annis,
1441 1175 1519 1210 etc.,
1539 1167 1624 1202 dicit
1639 1167 1740 1203 Glos.

180 1225 267 1270 (ord.
287 1225 467 1270 Hie7¹0n.).·
494 1237 511 1255 α
533 1223 572 1256 In
596 1222 869 1268 comparatione
891 1221 1048 1255 duorum
1078 1220 1260 1255 malorum
1289 1220 1403 1254 levius
1430 1229 1482 1255 est
1508 1229 1629 1267 aperte
1659 1232 1741 1267 pec-

180 1290 261 1312 care
284 1289 393 1324 quam
414 1277 643 1311 sanctitatem
662 1275 832 1310 simulare
851 1287 889 1308 »z
911 1274 972 1308 sed
992 1282 1112 1320 aperte
1132 1285 1282 1320 peccare
1301 1285 1443 1320 semper
1461 1282 1514 1308 est
1531 1282 1742 1319 peccatum3

181 1343 268 1378 ergo
291 1330 473 1366 simulatio
496 1341 637 1376 semper
659 1337 711 1363 est
732 1337 935 1375 peccatum.

251 1385 480 1419 RESPONDEO
503 1383 708 1424 dicendum,
725 1382 832 1428 quod,
850 1381 942 1416 sicut
963 1380 1100 1415 dictum
1123 1388 1175 1415 est
1194 1381 1242 1426 (q.
1263 1393 1338 1426 109.
1354 1386 1417 1416 art.
1432 1393 1460 1427 3.
1481 1381 1522 1415 ad
1535 1393 1563 1427 3.
1586 1386 1615 1416 et
1628 1393 1658 1427 q.
1671 1393 1741 1416 ΗΟ.

181 1444 243 1474 art.
270 1439 329 1484 1.),
350 1438 393 1471 ad
414 1437 585 1471 virtutem
605 1436 764 1470 veritatis
785 1435 948 1481 pertinet,
970 1442 1009 1468 ut
1030 1434 1108 1480 quis
1129 1433 1240 1468 talem
1262 1445 1300 1468 se
1319 1434 1483 1468 exhibeat
1505 1434 1658 1468 exterius
1680 1445 1743 1479 per

181 1493 284 1538 signa
307 1491 493 1532 exteriora,
513 1489 627 1536 qualis
647 1498 714 1524 est:
738 1489 840 1534 signa
863 1496 985 1522 autem
1007 1487 1183 1522 exteriora
1204 1498 1278 1521 non
1300 1486 1420 1521 solum
1442 1495 1524 1521 sunt
1543 1487 1663 1529 verba,
1681 1488 1742 1522 sed

181 1546 290 1580 etiam
312 1545 423 1586 facta3
446 1545 538 1578 sicut
559 1554 645 1589 ergo
667 1543 806 1576 veritati
834 1541 1039 1588 opponitur,
1067 1540 1163 1586 quod
1191 1540 1318 1586 aliquis
1344 1551 1406 1586 per
1431 1540 1540 1574 verba
1568 1540 1742 1575 exteriora

181 1599 277 1633 aliud
299 1597 486 1644 significet,
509 1608 617 1643 quam
641 1596 737 1642 quod
758 1595 867 1629 habet
889 1594 981 1640 apud
1001 1605 1050 1636 se,
1070 1594 1166 1640 quod
1189 1594 1232 1627 ad
1255 1593 1484 1627 mendacium
1508 1593 1676 1639 pertinet;
1694 1593 1742 1628 ita

182 1653 289 1687 etiam
313 1652 506 1698 opponitur
532 1650 682 1691 veritati,
710 1648 806 1695 quod
835 1648 962 1694 aliquis
989 1659 1051 1693 per
1078 1647 1197 1693 aliqua
1219 1647 1320 1692 signa
1339 1646 1530 1688 factorum,
1547 1646 1606 1681 vel
1622 1658 1742 1681 rerum

182 1705 316 1751 aliquid
339 1704 517 1750 significet
544 1702 765 1736 contrarium
792 1703 867 1747 ejus
891 1701 986 1747 quod
1008 1701 1044 1734 in
1066 1711 1110 1734 eo
1133 1708 1196 1742 est,
1219 1700 1314 1746 quod
1334 1700 1477 1746 proprie
1495 1699 1678 1734 simulatio
1698 1700 1745 1734 di-

182 1759 293 1800 citur3
320 1758 414 1791 unde
436 1756 619 1791 simulatio
638 1755 780 1802 proprie
803 1763 855 1789 est
878 1754 1110 1788 mendacium
1129 1753 1312 1799 quoddam
1334 1755 1368 1788 in
1392 1754 1611 1787 exteriorum
1632 1753 1743 1799 signis

181 1812 360 1846 factorum
383 1811 602 1844 consistens:
637 1820 710 1842 non
745 1807 851 1842 refert
886 1815 1006 1841 autem
1036 1814 1155 1840 utrum
1183 1806 1293 1852 aliqui
1319 1807 1511 1840 mentiatur
1539 1807 1660 1849 verbo,
1686 1806 1745 1841 vel

183 1876 413 1911 quocumque
437 1863 506 1897 alio
534 1862 642 1904 facto,
669 1871 707 1896 ut
733 1873 839 1908 supra
864 1861 1028 1894 habitum
1052 1868 1105 1894 est
1128 1859 1172 1905 (q.
1197 1867 1309 1906 praec.
1334 1865 1396 1894 art.
1416 1872 1442 1894 1.
1466 1870 1537 1905 arg.
1558 1860 1630 1905 2.)‚·
1650 1860 1744 1894 unde

184 1930 267 1952 cum
290 1929 399 1952 omne
422 1916 654 1951 mendacium
676 1916 719 1949 sit
740 1922 943 1961 peccatum,
966 1922 1004 1948 ut
1025 1924 1131 1959 supra
1153 1913 1289 1947 dictum
1312 1921 1365 1947 est
1386 1913 1433 1958 (q.
1455 1919 1568 1959 praec.
1595 1918 1659 1949 art.
1683 1913 1743 1959 3.),

184 1982 409 2016 consequens
437 1978 490 2004 est
517 1970 625 2003 etiam
653 1969 750 2014 quod
777 1969 895 2002 omnis
922 1966 1105 2001 simulatio
1134 1975 1186 2000 est
1211 1975 1413 2012 peccatum.

254 2025 314 2058 AD
336 2034 483 2058 PRxMUM
506 2034 592 2068 ergo
616 2021 821 2063 dicendum,
851 2021 959 2067 quod,
982 2020 1073 2054 sicut
1102 2020 1256 2065 August.
1284 2020 1369 2054 dicit
1390 2020 1424 2053 in
1447 2019 1506 2055 lib.
1529 2030 1560 2054 2.
1583 2020 1626 2054 de
1654 2019 1743 2061 QQ.

183 2078 318 2122 Evang.
342 2079 386 2122 (q.
406 2079 481 2122 512),
509 2089 525 2107 «
553 2087 626 2109 non
649 2087 758 2109 omne
781 2075 877 2120 quod
902 2074 1083 2119 fingimus,
1106 2073 1336 2107 mendacium
1359 2081 1429 2107 est:
1453 2073 1514 2107 sed
1542 2073 1686 2119 quando
1704 2074 1739 2108 id

183 2130 364 2175 fingimus,
387 2129 483 2175 quod
498 2128 585 2162 nihil
602 2127 790 2173 significat,
814 2135 897 2160 tunc
922 2135 974 2160 est
1000 2126 1250 2160 mendacium:
1270 2138 1352 2160 cum
1368 2134 1487 2160 autern
1506 2126 1603 2160 fictio
1622 2134 1745 2161 nostra

183 2183 331 2218 refertur
354 2183 395 2216 ad
420 2182 577 2227 aliquam
604 2181 918 2227 significationem,
946 2192 1019 2214 non
1047 2188 1099 2214 est
1125 2180 1368 2221 mendacium,
1395 2180 1457 2214 sed
1485 2179 1604 2226 aliqua
1630 2179 1744 2226 figura

182 2237 340 2271 veritatis
363 2249 404 2277 »3
428 2244 461 2269 et
482 2235 664 2280 subjungit
694 2233 900 2279 exemplum
928 2233 970 2268 de
998 2233 1157 2278 figuratis
1188 2233 1442 2275 locutionibus,
1469 2233 1506 2266 in
1533 2233 1658 2279 quibus
1685 2233 1745 2266 fin-

184 2291 277 2335 gitur
293 2290 469 2335 quaedam
486 2300 551 2329 res,
570 2299 643 2321 non
663 2296 698 2321 ut
718 2294 893 2320 asseratur
916 2287 963 2320 ita
985 2298 1075 2328 esse,
1098 2286 1159 2320 sed
1183 2297 1263 2320 eam
1282 2286 1518 2332 proponimus
1537 2294 1575 2320 ut
1592 2286 1743 2332 figuram

184 2344 339 2386 alterius,
362 2342 458 2388 quod
482 2353 638 2375 asserere
661 2340 849 2382 volumus3
869 2341 919 2374 sic
939 2351 1025 2386 ergo
1048 2340 1230 2374 Dominus
1249 2342 1284 2374 in
1300 2340 1499 2385 Evangelio
1513 2341 1616 2386 finxit
1631 2352 1661 2375 se
1679 2341 1745 2374 lon-

181 2399 252 2442 gius
278 2398 336 2438 ire,
360 2396 443 2441 quia
470 2394 676 2440 composuit
702 2402 843 2427 motum
871 2405 976 2428 suum
1004 2393 1104 2439 quasi
1133 2393 1289 2427 volentis
1315 2392 1458 2438 longius
1492 2393 1543 2427 ire
1577 2393 1622 2427 ad
1648 2393 1743 2427 aliud

182 2450 333 2495 figurate
350 2447 638 2494 significandum,
657 2446 794 2481 scilicet
809 2447 904 2492 quod
918 2447 991 2492 ipse
1015 2446 1055 2479 ab
1073 2457 1199 2480 eorum
1215 2446 1285 2480 fide
1303 2445 1413 2491 longe
1432 2454 1518 2487 erat,
1533 2454 1571 2480 ut
1590 2446 1744 2492 Gregor.

183 2503 268 2537 dicit
291 2503 393 2546 (Imm.
415 2514 462 2548 23.
482 2503 515 2535 in
537 2501 703 2545 Et·ang.):
727 2499 795 2541 vel,
818 2508 855 2533 ut
877 2499 1029 2545 August.
1053 2499 1138 2533 dicit
1159 2499 1231 2543 (lib.
1253 2511 1284 2534 2.
1301 2500 1380 2543 QQ.
1396 2499 1590 2545 Evangelia.
1608 2511 1637 2545 q.
1655 2499 1742 2544 ult),

183 2557 267 2602 quia
292 2569 308 2587 «
333 2567 415 2589 cum
442 2554 586 2599 longius
613 2564 816 2588 recessurus
839 2561 931 2586 esset
954 2552 1182 2586 ascendendo
1205 2553 1241 2585 in
1264 2551 1419 2593 coelum,
1442 2563 1504 2598 per
1524 2551 1746 2598 hospitalita-

182 2618 256 2643 tem
278 2608 552 2655 quodammodo
580 2607 795 2641 retinebatur
823 2606 857 2639 in
884 2614 977 2639 terra
999 2618 1034 2638 »z
1067 2606 1253 2639 Abraham
1281 2605 1389 2639 etiam
1421 2605 1570 2650 figurate
1601 2605 1743 2640 locutus

183 2670 254 2704 est3
288 2662 382 2695 unde
416 2661 541 2695 Ambr.
578 2660 656 2704 (loc.
679 2661 731 2694 cit.
760 2660 792 2692 in
824 2659 912 2703 arg.)
935 2659 1020 2692 dicit
1051 2659 1093 2692 de
1126 2659 1325 2699 Abraham,
1357 2658 1453 2703 quod
1485 2658 1744 2704 «prophetavit

183 2715 278 2760 quod
301 2714 505 2759 ignorabat:
530 2714 604 2759 ipse
627 2713 723 2747 enim
746 2711 843 2746 solus
867 2711 1078 2757 disponebat
1100 2711 1214 2745 redire
1236 2710 1427 2745 immolato
1454 2710 1546 2745 filio:
1579 2711 1641 2745 sed
1670 2711 1743 2745 Do-

183 2769 301 2802 minus
325 2780 387 2813 per
409 2779 449 2802 os
472 2769 546 2813 ejus
569 2767 710 2801 locutus
741 2774 793 2800 est
823 2765 918 2810 quod
952 2765 1098 2810 parabat
1120 2777 1159 2806 »;
1191 2764 1284 2798 unde
1306 2772 1404 2809 patet
1433 2764 1529 2810 quod
1555 2772 1681 2798 neuter
1701 2764 1744 2798 si-

184 2822 344 2855 mulavit.
