1859 3122
476 185 695 221 QUAESTIO
731 185 878 215 CXVIII.
911 185 1155 216 ARTICULUS
1188 185 1230 214 V.
1551 173 1634 228 807

80 276 150 310 est余
173 276 208 302 et
233 267 432 301 secundum
453 267 523 301 hoc
548 275 748 312 peccatum,
771 266 867 312 quod
889 274 941 300 est
963 274 1086 300 contra
1108 266 1240 308 Deum,
1271 274 1324 300 est
1359 265 1634 311 gravissimum:

80 329 115 356 et
135 321 198 355 sub
221 321 291 354 hoc
315 328 368 354 est
389 328 590 365 peccatum,
612 320 707 366 quod
730 328 783 354 est
805 327 930 353 contra
952 330 1145 365 personam
1166 319 1345 353 hominis:
1380 319 1444 353 sub
1479 330 1550 365 quo
1584 327 1637 353 est

79 382 279 420 peccatum,
301 373 397 419 quod
420 381 472 407 est
493 381 618 407 contra
640 385 696 407 res
718 373 921 416 exteriores,
943 384 1034 419 quae
1057 381 1138 407 sunt
1159 374 1203 407 ad
1224 384 1330 407 usum
1352 373 1510 407 hominis
1531 373 1637 418 depu-

78 435 192 467 tatae余
215 427 311 472 quod
334 426 473 460 videtur
495 427 538 460 ad
561 426 747 460 avaritiam
769 427 966 472 pertinere:
989 427 1054 460 alio
1076 426 1172 460 modo
1194 434 1311 471 potest
1343 426 1477 460 attendi
1507 426 1637 472 gradus

78 488 311 527 peccatorum
335 491 376 513 ex
398 487 496 525 parte
518 480 614 521 boni,
637 480 693 513 cui
715 479 917 514 inordinate
939 479 1100 513 subditur
1121 479 1297 525 appetitus
1318 479 1517 521 humanus3
1541 478 1636 525 quod

79 541 214 579 quanto
236 533 354 566 miuus
377 540 441 574 est,
462 541 562 566 tanto
584 540 773 578 peccatum
796 540 848 566 est
870 531 1084 566 deformius:
1107 532 1243 578 turpius
1272 540 1324 567 est
1360 533 1456 566 enim
1491 532 1638 566 subesse

78 585 238 620 inferiori
258 586 368 627 bono,
391 597 499 631 quam
520 586 714 631 superiori:
737 586 874 620 bonum
897 594 1017 620 autem
1036 586 1253 619 exteriorum
1270 597 1388 620 rerum
1405 594 1456 620 est
1471 585 1637 619 infimum

79 639 171 673 inter
192 639 350 672 humana
371 638 478 680 bona,
493 647 546 672 est
560 639 656 672 enirn
670 639 800 680 minus,
815 650 924 684 quam
939 639 1076 672 bonum
1092 639 1265 684 corporis,
1282 639 1377 685 quod
1394 639 1503 672 etiam
1518 638 1637 672 minus

80 700 143 734 est,
165 703 273 738 quam
295 692 432 725 bonum
455 692 609 733 animae,
633 692 728 738 quod
751 692 933 726 exceditur
955 703 974 725 a
995 691 1092 726 bono
1116 692 1257 733 divin03
1281 700 1316 726 et
1337 691 1536 726 secundum
1565 691 1637 725 hoc

79 754 267 792 peccatum
292 745 473 787 avaritiae,
489 757 559 791 quo
575 747 751 792 appetitus
766 746 946 779 humanus
961 745 1146 790 subjicitur
1161 747 1269 779 etiam
1284 745 1518 780 exterioribus
1533 745 1637 779 rebus

78 799 187 833 habet
207 798 480 844 quodammodo
503 797 769 833 deformitatem
792 799 986 844 majorem:
1015 799 1098 844 quia
1124 807 1246 832 tamen
1277 799 1473 844 corruptio,
1494 798 1552 831 vel
1573 799 1639 844 pri-

78 852 175 886 vatio
196 852 283 886 boni
304 851 504 886 formaliter
526 863 563 886 se
585 852 693 885 habet
713 852 749 885 in
771 860 934 897 peccato,
956 851 1146 885 conversio
1169 860 1290 885 autern
1313 851 1356 885 ad
1378 852 1515 886 bonum
1538 862 1636 885 com-

79 904 250 938 mutabile
273 904 515 945 materialiter,
538 905 653 949 magis
675 912 728 938 est
748 904 939 949 judicanda
968 904 1126 949 gravitas
1159 904 1299 949 peccati
1332 915 1373 937 ex
1408 912 1507 950 parte
1540 904 1637 945 boni,

79 958 175 1003 quod
210 959 461 1004 corrumpitur,
483 969 591 1003 quam
613 969 655 991 ex
676 965 774 1002 parte
795 957 893 998 boni,
917 957 973 991 cui
996 957 1181 1001 subjicitur
1216 957 1409 1002 appetitus余
1432 965 1467 990 et
1487 957 1568 990 ideo
1591 956 1639 990 di-

80 1011 235 1045 cendum
258 1019 321 1052 est,
343 1011 440 1056 quod
462 1010 610 1044 avaritia
631 1021 704 1043 non
727 1018 778 1043 est
800 1009 1010 1055 simpliciter
1031 1009 1232 1043 maximum
1255 1017 1502 1055 peccatorum.

150 1064 210 1098 AD
228 1074 376 1098 PRtMUM
399 1075 484 1109 ergo
506 1063 709 1104 dicendum,
733 1062 829 1108 quod
851 1064 1081 1096 auctoritates
1103 1062 1186 1096 illae
1207 1062 1404 1108 loquuntur
1425 1063 1468 1096 de
1491 1062 1639 1096 avaritia

79 1128 121 1152 ex
142 1125 240 1163 parte
261 1117 358 1158 boni,
381 1117 438 1150 cui
459 1116 620 1150 subditur
641 1116 834 1162 appetitus余
857 1116 952 1150 unde
974 1123 1009 1150 et
1029 1115 1140 1149 Eccli.
1167 1126 1218 1150 10.
1233 1127 1298 1161 pro
1313 1115 1451 1150 ratione
1466 1115 1638 1158 subditur,

79 1171 176 1217 quod
199 1181 325 1204 avarus
345 1181 439 1204 suam
461 1170 609 1203 animam
631 1169 724 1203 habet
744 1169 914 1203 venalem:
937 1168 1020 1215 quia
1041 1168 1210 1203 videlicet
1231 1169 1390 1202 animam
1413 1180 1527 1211 suam,
1548 1168 1640 1202 idest

79 1224 190 1258 vitam
211 1234 326 1264 suam,
348 1223 493 1268 exponit
513 1221 681 1268 periculis
702 1233 767 1268 pro
789 1222 953 1268 pecunia,
975 1230 1011 1256 et
1030 1221 1112 1256 ideo
1134 1222 1270 1256 subdit:
1295 1223 1468 1266 Quoniam
1501 1223 1536 1255 in
1568 1223 1640 1256 vita

78 1288 137 1311 sua
150 1277 304 1322 projecit,
327 1275 418 1310 idest
444 1275 672 1320 contempsit,
703 1277 823 1310 intima
847 1286 918 1317 sua,
953 1283 992 1310 ut
1024 1275 1162 1309 scilicet
1195 1275 1388 1321 pecuniam
1422 1274 1637 1309 lucraretur:

81 1328 222 1363 Tullius
244 1329 354 1363 etiam
377 1329 483 1370 addit,
505 1328 576 1362 hoc
599 1339 676 1362 esse
697 1330 826 1374 angusti
847 1330 965 1371 animi,
987 1336 1026 1362 ut
1046 1328 1184 1362 scilicet
1199 1327 1286 1362 velit
1304 1328 1479 1374 pecuniae
1498 1327 1636 1372 subjici.

149 1382 210 1416 AD
232 1392 437 1416 SECUNDUM
459 1381 664 1423 dicendum,
686 1382 782 1427 quod
804 1382 957 1427 August.
972 1381 1020 1415 ibi
1034 1382 1163 1427 accipit
1178 1381 1411 1427 cupiditatem
1426 1381 1640 1427 generaliter

79 1436 338 1481 cujuscumque
359 1435 568 1481 temporalis
590 1435 687 1477 boni,
709 1446 783 1469 non
805 1436 1005 1469 secundum
1027 1435 1123 1480 quod
1146 1435 1318 1481 accipitur
1347 1434 1549 1480 specialiter
1570 1445 1635 1480 pro

80 1489 245 1523 avaritia:
269 1488 444 1534 cupiditas
467 1488 563 1522 enirn
585 1488 845 1534 cujuscumque
859 1488 1069 1534 temporalis
1084 1488 1169 1522 boni
1184 1498 1236 1522 est
1250 1499 1430 1522 venenum
1445 1487 1638 1530 charitatis,

79 1542 293 1587 inquantum
313 1541 450 1575 scilicet
470 1541 584 1574 horno
607 1541 742 1586 spernit
762 1541 900 1575 bonum
923 1541 1086 1575 divinum
1109 1549 1255 1587 propter
1273 1541 1343 1575 hoc
1362 1541 1459 1587 quod
1476 1541 1640 1575 inhaeret

79 1595 176 1629 bono
198 1593 402 1640 temporali.

151 1648 211 1682 AD
234 1658 404 1682 TERTIUM
426 1647 630 1689 dicendum,
653 1647 749 1692 quod
771 1646 872 1681 aliter
894 1655 946 1681 est
966 1646 1163 1681 insanabile
1194 1655 1384 1693 peccatum
1405 1647 1442 1681 in
1465 1647 1637 1693 Spiritum

82 1701 268 1742 Sanctum,
291 1709 326 1735 et
348 1700 450 1734 aliter
471 1700 637 1734 avaritia:
660 1711 745 1734 narn
767 1708 958 1746 peccatum
980 1701 1015 1733 in
1039 1700 1210 1746 Spiritum
1234 1700 1407 1734 Sanctum
1430 1708 1484 1734 est
1500 1701 1639 1734 insana-

79 1754 150 1788 bile
173 1765 215 1788 ex
236 1762 335 1800 parte
358 1761 603 1798 contemptus:
626 1761 711 1798 puta
733 1753 816 1799 quia
836 1753 951 1787 homo
972 1753 1173 1787 contemnit
1189 1753 1247 1787 vel
1266 1753 1563 1794 misericordiam,
1582 1752 1640 1786 vel

80 1808 253 1853 justitiam
275 1807 444 1848 divinam,
468 1815 527 1840 aut
549 1806 681 1851 aliquid
703 1806 847 1848 horum,
869 1818 932 1852 per
953 1817 1044 1852 quae
1059 1806 1218 1840 hominis
1233 1814 1381 1852 peccata
1397 1814 1585 1848 sanantur,
1605 1813 1639 1840 et

81 1860 162 1894 ideo
188 1860 269 1894 talis
291 1859 534 1893 insanabilitas
556 1860 710 1905 pertinet
732 1859 774 1892 ad
794 1861 971 1905 majorem
986 1860 1199 1905 gravitatem
1214 1860 1370 1905 peccati:
1388 1860 1535 1894 avaritia
1552 1870 1638 1893 vero

81 1913 190 1947 habet
210 1912 513 1946 insanabilitatem
535 1923 576 1945 ex
598 1920 696 1958 parte
718 1911 877 1946 defectus
899 1913 1061 1954 humani,
1076 1913 1112 1946 in
1127 1924 1236 1959 quern
1251 1912 1387 1947 scilicet
1402 1924 1544 1959 semper
1561 1923 1641 1958 pro-

81 1966 175 2000 cedit
191 1966 352 1999 humana
372 1974 516 1999 natura:
540 1967 622 2010 quia
644 1976 714 2011 quo
737 1965 864 2011 aliquis
887 1974 939 2000 est
957 1966 1071 2012 magis
1094 1965 1274 2007 deficiens,
1294 1977 1338 1999 eo
1360 1966 1476 2011 magis
1502 1966 1639 2011 indiget

81 2018 303 2053 adminiculo
326 2019 544 2052 exteriorum
565 2029 705 2060 rerum3
727 2026 762 2052 et
783 2019 865 2052 ideo
888 2019 1003 2064 magis
1025 2020 1061 2052 in
1084 2019 1271 2052 avaritiam
1293 2018 1441 2061 labitur余
1463 2019 1558 2052 unde
1576 2030 1640 2064 per

81 2071 191 2106 talem
204 2070 508 2106 insanabilitatem
521 2082 595 2105 non
610 2071 807 2105 ostenditur
819 2080 1008 2117 peccatum
1025 2083 1101 2106 esse
1118 2072 1273 2117 gravius,
1288 2072 1351 2105 sed
1365 2072 1638 2117 quodammodo

82 2135 159 2159 esse
181 2123 427 2170 periculosius.

144 2178 205 2212 AD
216 2187 403 2216 QL'ARTL'M
414 2177 618 2218 dicendum,
628 2177 725 2222 quod
736 2177 883 2211 avaritia
896 2185 1125 2223 comparatur
1134 2177 1360 2212 idololatriae
1371 2190 1434 2223 per
1445 2178 1639 2224 quamdam

83 2230 366 2271 similitudinem,
389 2241 498 2275 quam
518 2229 627 2263 habet
648 2230 692 2263 ad
712 2230 844 2275 ipsam:
868 2230 950 2276 quia
978 2230 1069 2264 sicut
1089 2230 1295 2264 idololatria
1316 2231 1467 2276 subjecit
1487 2242 1524 2265 se
1547 2242 1640 2265 crea-

82 2291 182 2317 turae
203 2283 381 2324 exteriori,
404 2283 452 2316 ita
474 2283 582 2316 etiam
604 2293 751 2316 avarus:
773 2294 847 2316 non
872 2291 995 2317 tamen
1026 2284 1157 2317 eodem
1187 2284 1315 2317 modo:
1344 2284 1407 2317 sed
1435 2283 1639 2317 idololatria

83 2337 228 2382 quidem
250 2337 392 2381 suincit
413 2347 450 2370 se
473 2344 655 2369 creaturae
678 2336 854 2378 exteriori,
877 2345 914 2370 ut
932 2337 1096 2371 exhibeat
1115 2337 1148 2371 ei
1164 2337 1299 2370 cultum
1318 2337 1497 2370 divinum:
1513 2347 1639 2370 avarus

84 2397 205 2423 autem
220 2390 359 2434 subjicit
375 2400 412 2422 se
428 2397 609 2422 creaturae
625 2389 792 2422 exteriori
807 2389 1046 2424 immoderate
1062 2401 1143 2424 eam
1158 2390 1447 2435 concupiscendo
1464 2390 1506 2423 ad
1523 2401 1639 2431 usum,

82 2453 158 2476 non
177 2450 298 2476 tamen
318 2442 359 2476 ad
384 2441 538 2484 cultum余
559 2450 592 2475 et
612 2441 694 2475 ideo
716 2453 790 2476 non
811 2450 964 2488 oportet,
987 2443 1082 2488 quod
1105 2443 1252 2476 avaritia
1266 2443 1397 2477 habeat
1410 2450 1548 2476 tantam
1563 2453 1639 2488 gra

83 2496 243 2538 vitatem,
266 2504 437 2542 quantam
455 2495 564 2529 habet
584 2494 800 2529 idololatria.

639 2617 981 2662 ARTICULUS
1015 2619 1092 2660 VI.
1571 2614 1635 2650 601

333 2726 485 2756 UTRUM
515 2725 721 2755 AVARiTrA
753 2725 820 2754 SIT
852 2725 1088 2755 PECCATUM
1120 2723 1388 2754 SPIRITUALE.

154 2815 214 2849 AD
237 2825 388 2849 SEthJM
409 2815 458 2848 sic
480 2813 694 2859 proceditur.
716 2813 877 2855 Videtur,
899 2813 995 2858 quod
1019 2813 1165 2846 avaritia
1184 2823 1257 2846 non
1285 2812 1328 2845 sit
1354 2819 1544 2857 peccatum
1573 2811 1639 2856 spi-

84 2867 228 2910 rituale余
250 2876 397 2914 peccata
419 2867 516 2901 enirn
536 2865 732 2912 spiritualia
751 2866 916 2900 videntur
938 2877 1015 2900 esse
1037 2866 1132 2899 circa
1146 2864 1341 2911 spiritualia
1360 2864 1474 2898 bona:
1491 2863 1552 2897 sed
1568 2875 1641 2897 ma-
