1859 3122
209 143 294 185 720
655 142 877 177 QUAESTIO
912 143 969 172 CI.
1002 143 1247 173 ARTICULUS
1280 143 1325 172 ΙΙ.

208 225 291 265 rior,
320 224 420 270 quasi
445 222 663 268 principium
694 222 758 256 filii
781 223 945 265 existens,
981 223 1129 258 debetur
1156 224 1187 258 ei
1215 235 1234 257 a
1271 223 1346 258 filio
1380 223 1592 265 reverentia,
1612 231 1646 258 et
1667 223 1772 258 obse-

209 279 351 323 quium:
374 288 436 322 per
459 276 625 310 accidens
660 284 782 310 autem
804 277 937 322 aliquid
959 277 1108 311 debetur
1134 277 1225 323 patri
1247 277 1343 322 quod
1370 277 1474 311 decet
1502 288 1586 311 eum
1609 277 1771 322 accipere

208 331 407 364 secundum
431 329 577 375 aliquid,
599 329 695 375 quod
719 330 751 363 ei
773 330 914 371 accidit,
937 339 1022 376 puta
1044 330 1073 364 si
1094 331 1139 364 sit
1160 330 1334 372 infirmus,
1351 330 1447 376 quod
1461 329 1633 372 visitetur,
1649 337 1682 363 et
1697 330 1772 374 ejus

209 383 385 417 curationi
406 383 630 424 intendatur,
653 383 682 416 si
709 383 753 416 sit
775 395 919 429 pauper,
954 383 1050 429 quod
1087 391 1322 426 sustentetur3
1354 391 1388 417 et
1414 383 1464 417 sic
1488 383 1531 416 de
1554 382 1632 416 aliis
1653 383 1773 428 hujus-

209 437 326 472 modi:
362 448 453 482 quae
489 437 612 470 omnia
650 437 713 470 sub
737 437 858 470 debito
885 437 1060 482 obsequio
1088 437 1340 478 continentur3
1363 445 1397 470 et
1422 436 1504 470 ideo
1525 435 1667 470 Tullius
1689 436 1775 469 dicit

208 491 283 535 (lib.
305 502 335 525 2.
358 490 393 525 de
416 491 573 534 latent),
610 490 706 536 quod
731 492 833 536 piatas
855 490 979 524 exhibet
1000 495 1028 524 et
1054 491 1208 536 officium,
1236 495 1263 524 et
1291 490 1434 529 cultum,-
1463 498 1501 523 ut
1522 489 1662 536 officium
1689 487 1776 522 refe-

207 551 304 577 ratur
326 544 369 578 ad
392 545 618 590 obsequium,
641 545 743 579 cultus
761 556 847 578 vero
869 545 912 578 ad
934 545 1188 587 reverentiam,
1203 544 1277 578 sive
1298 545 1504 586 honorem;
1523 544 1618 590 quia,
1633 552 1671 578 ut
1689 543 1774 577 dicit

208 597 361 642 August.
384 597 419 631 in
446 608 497 634 10.
521 597 563 632 de
587 597 666 632 civ.
688 598 759 632 Dei
781 598 867 644 (cap.
890 598 949 642 L),
976 610 993 630 ‹<
1017 598 1170 632 dicimur
1200 597 1321 632 colere
1342 597 1523 640 homines,
1550 608 1640 644 quos
1661 596 1776 631 hono—

208 649 308 684 rifica
326 650 384 685 vel
405 651 670 694 recordatione,
696 651 754 685 vel
781 651 984 697 praesentia
1005 650 1276 697 frequentamus
1298 665 1329 685 ».

279 704 340 738 AD
362 715 511 739 PRIMUM
539 716 625 750 ergo
664 705 869 746 dicendum,
896 704 993 750 quod
1026 705 1062 738 in
1097 704 1312 738 onoratione
1345 711 1536 750 parentum
1562 703 1773 749 intelligitur

210 758 328 792 omnis
354 758 556 800 subventio,
579 769 670 804 quae
705 758 810 792 debet
830 758 1035 804 parentibus
1064 758 1234 800 exhiberi,
1257 765 1295 791 ut
1316 757 1497 792 Dominus
1524 757 1776 803 interpretatur

210 811 336 845 Matth.
361 821 433 855 15.;
457 819 492 846 et
512 811 583 845 hoc
606 811 703 854 ideo,
724 811 807 857 quia
829 811 1019 845 subventio
1041 811 1079 845 fit
1100 811 1192 856 patri
1211 822 1253 845 ex
1275 811 1406 853 debito,
1426 819 1612 857 tamquam
1634 811 1775 856 majori.

281 864 341 898 An
356 875 562 899 SECUNDUM
579 864 785 907 dicendum,
808 865 904 910 quod
926 865 1009 910 quia
1028 873 1127 911 pater
1148 865 1256 899 habet
1282 865 1460 898 rationem
1480 865 1656 911 principii,
1681 863 1774 898 filius

214 926 334 951 autem
357 917 467 952 habet
487 918 666 952 rationem
689 929 709 951 a
730 918 907 964 principio
931 918 1131 960 existenti83
1154 918 1235 952 ideo
1263 929 1326 964 per
1359 929 1396 952 se
1418 918 1509 964 patri
1536 917 1717 959 convenit,
1739 925 1778 951 ut

212 971 399 1005 subveniat
421 970 517 1013 filio3
538 979 571 1005 et
593 979 739 1017 propter
760 971 831 1005 hoc
861 982 935 1005 non
962 971 1082 1005 solum
1103 971 1145 1004 ad
1163 971 1293 1005 horam
1316 971 1421 1005 debet
1442 971 1473 1005 ei
1500 971 1700 1012 subvenire,
1715 970 1777 1004 sed

211 1024 254 1057 ad
276 1032 391 1058 totam
414 1036 517 1058 suam
532 1025 654 1066 vitam,
677 1025 772 1070 quod
796 1032 849 1058 est
870 1025 1130 1060 thesaurizare:
1150 1025 1211 1059 sed
1231 1025 1327 1070 quod
1349 1024 1442 1058 filius
1462 1024 1595 1070 aliquid
1615 1023 1778 1058 conferat

211 1077 313 1122 patri,
332 1077 403 1111 hoc
436 1086 488 1111 est
518 1089 580 1123 per
603 1078 769 1111 accidens
796 1078 936 1111 ratione
959 1077 1110 1123 alicujus
1136 1078 1359 1112 necessitatis
1387 1078 1561 1120 instantis,
1582 1078 1617 1111 in
1641 1088 1711 1123 qua
1731 1085 1779 1111 te-

210 1140 314 1164 netur
332 1131 365 1164 ei
383 1131 582 1172 subvenire,
602 1142 676 1164 non
699 1139 819 1165 autem
841 1132 1084 1166 thesaurizare
1107 1133 1208 1178 quasi
1229 1133 1265 1165 in
1287 1132 1548 1178 longinquum3
1575 1132 1658 1178 quia
1678 1139 1777 1165 natu-

212 1183 333 1218 raliter
354 1196 428 1218 non
451 1193 616 1230 parentes
640 1184 808 1226 filiorum,
831 1185 893 1219 sed
916 1185 979 1218 filii
1006 1193 1195 1231 parentum
1217 1194 1299 1219 sunt
1326 1197 1564 1220 successores.

282 1239 341 1272 AD
364 1248 536 1272 TERTIUM
559 1238 764 1280 dicendum,
788 1239 884 1284 quod
907 1239 1022 1280 cultus,
1045 1243 1073 1273 et
1095 1239 1246 1285 officium,
1264 1247 1302 1273 ut
1317 1239 1459 1273 Tullius
1483 1239 1568 1273 dicit
1589 1239 1667 1283 (loc.
1688 1245 1778 1285 supr.

211 1291 295 1335 cit),
320 1291 468 1324 debetur
495 1291 662 1325 omnibus
696 1291 872 1337 sanguine
894 1292 1035 1337 junctis,
1070 1300 1105 1326 et
1140 1293 1275 1337 patriae
1314 1292 1518 1327 benevolis:
1553 1303 1627 1326 non
1656 1300 1779 1326 tamen

213 1344 410 1390 aequaliter
447 1345 626 1386 omnibus,
649 1345 710 1378 sed
738 1345 929 1390 praecipue
956 1345 1181 1390 parentibus:
1214 1345 1291 1379 aliis
1327 1353 1447 1380 autem
1480 1346 1679 1380 secundum
1701 1356 1780 1391 pro-

212 1397 328 1443 priam
346 1396 568 1440 facultatem,
592 1406 626 1432 et
647 1398 851 1432 decentiam
874 1409 1124 1443 personarum.

765 1522 1108 1567 ARTICULUS
1144 1523 1222 1565 111.
1714 1545 1778 1580 537

334 1631 488 1661 UTRUM
515 1631 666 1660 PIETAS
691 1631 758 1660 SIT
776 1631 994 1660 SPECIALIS
1017 1631 1174 1661 VIRTUS
1199 1631 1251 1659 AB
1275 1631 1385 1660 ALIIS
1407 1630 1660 1661 DISTINCTA.

286 1719 346 1753 AD
369 1729 541 1753 TERTIUM
564 1718 613 1752 sic
637 1718 853 1764 proceditur.
881 1718 1045 1761 Videtur,
1068 1718 1163 1764 quod
1187 1718 1300 1764 pietas
1321 1729 1395 1752 non
1417 1718 1462 1752 sit
1483 1717 1648 1764 specialis
1669 1718 1780 1752 virtus

213 1773 255 1807 ab
279 1772 357 1806 aliis
383 1772 570 1806 distincta:
599 1772 766 1806 exhibere
789 1772 886 1805 enim
914 1772 1140 1818 obsequium,
1168 1780 1201 1806 et
1228 1771 1365 1806 cultum
1392 1771 1569 1818 aliquibus
1591 1782 1632 1805 ex
1655 1782 1780 1805 amore

214 1826 395 1872 procedit:
418 1826 479 1860 sed
502 1826 573 1860 hoc
595 1826 751 1872 pertinet
785 1825 828 1859 ad
862 1825 1051 1871 pietatem3
1074 1836 1161 1871 ergo
1185 1825 1298 1871 pietas
1327 1836 1401 1859 non
1424 1833 1477 1859 est
1496 1825 1607 1859 virtus
1629 1836 1648 1859 a
1670 1825 1782 1859 chari-

213 1888 286 1913 tate
309 1879 485 1913 distincta.

286 1943 316 1966 2.
339 1933 575 1967 PRAETEREJ„
604 1932 755 1966 Cultum
773 1933 853 1966 Deo
882 1933 1050 1966 exhibere
1072 1940 1125 1966 est
1146 1931 1332 1978 proprium
1359 1931 1563 1977 religionis:
1586 1932 1648 1966 sed
1670 1932 1778 1966 etiam

214 1987 326 2033 pietas
357 1986 499 2020 exhibet
534 1985 670 2020 cultum
692 1986 785 2023 Deo,
808 1994 845 2020 ut
867 1986 953 2020 dicit
973 1987 1126 2032 August.
1154 1996 1204 2020 10.
1228 1986 1270 2019 de
1293 1985 1373 2019 Civ.
1395 1985 1465 2019 Dei
1489 1985 1574 2031 (cap.
1593 1985 1668 2031 5.),·
1692 1996 1779 2031 ergo

213 2041 325 2087 pietas
347 2051 422 2074 non
443 2040 672 2086 distinguitur
694 2051 713 2073 a
728 2040 913 2085 religione.
1334 2041 1336 2043 ’

290 2105 318 2139 3.
340 2093 576 2127 PRAETEREA.
600 2093 731 2134 Pietas,
754 2104 845 2139 quae
869 2093 1011 2127 exhibet
1033 2092 1182 2134 cultum,
1213 2100 1247 2126 et
1273 2091 1436 2126 officium
1469 2092 1616 2138 patriae,
1641 2092 1782 2127 videtur

216 2158 293 2181 esse
315 2146 411 2180 idem
441 2157 525 2180 cum
546 2146 681 2192 justitia
711 2146 830 2191 legali,
862 2157 954 2192 quae
988 2146 1133 2192 respicit
1158 2147 1296 2180 bonum
1319 2157 1534 2180 commune:
1561 2145 1622 2180 sed
1648 2146 1781 2191 iustitia

216 2199 344 2246 legalis
367 2208 420 2234 est
440 2200 551 2233 virtus
582 2199 771 2244 generalis,
803 2208 840 2233 ut
868 2207 964 2245 patet
990 2211 1053 2245 per
1074 2199 1166 2233 Phil.
1190 2200 1226 2233 in
1253 2210 1279 2244 ς.
1308 2199 1466 2234 Ethicor.
1503 2199 1592 2246 (cap.
1613 2211 1640 2234 1.
1663 2204 1691 2234 et
1711 2199 1780 2244 2.);

217 2265 305 2299 ergo
329 2253 440 2299 pietas
462 2264 536 2286 non
565 2261 616 2286 est
637 2253 748 2302 virtus
771 2252 948 2298 specialis.

288 2307 362 2341 SED
391 2317 544 2341 CONTRA
572 2314 635 2347 est,
666 2307 761 2351 quod
789 2307 933 2352 ponitur
956 2318 974 2339 a
1003 2306 1126 2340 Tullio
1149 2318 1228 2352 pars
1257 2306 1410 2351 justitiae
1431 2307 1506 2351 (lib.
1522 2318 1552 2341 2.
1569 2305 1604 2340 de
1622 2306 1781 2352 suvant).

286 2360 514 2394 Respoxmo
538 2360 743 2401 dicendum,
759 2360 855 2405 quod
872 2359 990 2405 aliqua
1009 2362 1120 2393 virtus
1136 2359 1301 2406 specialis
1320 2368 1372 2393 est
1391 2371 1431 2393 ex
1454 2359 1536 2401 hoc,
1557 2359 1654 2405 quod
1676 2359 1783 2404 respi-

215 2414 263 2448 cit
281 2413 427 2460 aliquod
450 2413 633 2457 objectum
656 2413 855 2446 secundum
879 2412 1038 2459 aliquam
1060 2413 1257 2459 specialem
1279 2413 1478 2447 rationem:
1495 2424 1578 2446 cum
1602 2421 1722 2446 autem
1738 2412 1781 2446 ad

216 2468 393 2501 rationem
415 2467 570 2511 justitiae
592 2466 779 2512 pertineat,
801 2467 896 2511 quod
921 2467 1078 2500 debitum
1103 2466 1163 2500 alii
1183 2466 1318 2508 reddat,
1335 2466 1393 2499 ubi
1415 2466 1594 2500 invenitur
1616 2465 1781 2512 specialis

215 2521 306 2555 ratio
337 2521 446 2554 debiti
473 2519 578 2554 alicui
606 2530 793 2566 personae,
817 2520 863 2552 ibi
891 2529 943 2553 est
974 2520 1139 2566 specialis
1167 2520 1296 2554 virtus:
1320 2520 1468 2553 debetur
1498 2527 1618 2553 autem
1649 2519 1782 2565 aliquid

217 2574 323 2607 alicui
344 2574 559 2620 specialiter,
581 2573 664 2619 quia
687 2581 739 2607 est
761 2573 994 2607 connaturale
1022 2573 1237 2619 principium
1261 2573 1463 2618 producens
1493 2573 1528 2606 in
1552 2583 1639 2614 esse,
1663 2581 1698 2606 et
1720 2584 1780 2618 gu-

217 2628 388 2661 bernans:
420 2627 491 2660 hoc
524 2635 644 2660 autem
672 2626 887 2672 princ-'pium
922 2627 1065 2672 respicit
1099 2627 1222 2672 pietas,
1257 2629 1468 2673 inquantum
1496 2627 1714 2673 parentibus,
1749 2634 1783 2660 ct

218 2681 364 2726 patriae,
388 2689 421 2714 et
442 2681 497 2714 his
520 2680 581 2726 qui
600 2680 642 2714 ad
665 2680 755 2713 haec
779 2679 1001 2722 ordinantur,
1025 2679 1198 2722 officium,
1221 2688 1254 2714 et
1277 2680 1413 2714 cultum
1432 2680 1626 2726 impendit3
1649 2687 1682 2713 ct
1700 2679 1781 2713 ideo

218 2736 330 2781 pietas
352 2742 404 2768 est
425 2733 590 2780 specialis
611 2735 732 2767 virtus.

288 2789 348 2822 AD
370 2798 519 2822 PRIMUM
541 2798 628 2833 ergo
655 2786 860 2828 dicendum,
888 2786 984 2832 quod
1016 2786 1108 2820 sicut
1145 2786 1271 2831 religio
1295 2794 1347 2820 est
1368 2786 1547 2832 quaedam
1570 2785 1781 2830 protestatio

219 2841 312 2883 fidei,
335 2842 420 2888 spei,
443 2849 477 2875 et
499 2841 694 2882 charitatis,
716 2840 843 2886 quibus
865 2839 979 2874 homo
1007 2839 1286 2886 primordialiter
1308 2839 1492 2874 ordinatur
1514 2839 1549 2872 in
1572 2839 1712 2881 Deum3
1734 2838 1782 2872 ita
