1859 3122
461 192 682 230 QUAEsrto
716 192 875 224 cxxxv.
909 191 1153 222 ART1cuLus
1186 191 1230 222 11.
1543 180 1627 236 897

68 278 288 325 portionem,
315 286 405 321 quae
427 286 505 311 esse
527 275 633 310 debet
658 282 823 322 sumptus
849 274 893 310 ad
920 285 1011 321 opus
1041 273 1241 308 secundum
1268 272 1431 319 regulam
1456 273 1629 316 rationis3

69 331 162 366 unde
189 329 421 364 manifestum
448 337 512 372 est,
539 329 636 375 quod
658 329 745 364 vitio
772 328 1050 375 parvificenfiae,
1072 339 1144 374 quo
1173 327 1301 373 aliquis
1323 326 1443 361 deficit
1469 338 1488 361 a
1511 326 1629 361 debita

67 384 303 432 proportione
322 394 560 430 expensarum
577 383 620 418 ad
635 394 738 429 opus,
760 382 948 417 intendens
970 382 1088 416 minus
1108 380 1321 426 expendere,
1344 392 1453 426 quam
1472 380 1628 425 dignitas

69 438 187 484 operis
208 437 376 484 requirat,
404 437 599 482 opponitur
619 437 758 479 vitium,
780 447 852 483 quo
872 435 999 482 aliquis
1026 435 1159 469 dictam
1182 434 1456 481 proportionem
1478 435 1629 476 excedit,

69 500 106 526 ut
121 491 259 526 scilicet
274 490 351 538 plus
366 491 554 537 expendat,
570 502 678 537 quam
693 491 737 525 sit
752 490 852 537 operi
867 490 1200 537 proportionatum;
1217 496 1251 522 et
1264 489 1335 522 hoc
1358 488 1484 522 vitium
1500 498 1630 533 graece

69 545 215 592 quidem
241 545 370 579 dicitur
395 544 583 589 βαναυσία,
619 556 638 578 a
671 544 776 578 furno
807 544 920 586 dicta3
953 543 1037 589 quia
1070 542 1237 576 videlicet
1276 541 1319 576 ad
1351 541 1502 575 modum
1535 540 1629 586 ignis

69 601 126 646 qui
150 606 203 633 est
223 599 258 632 in
272 597 388 642 furno,
404 599 528 632 omnia
543 598 740 632 consumit:
755 596 813 631 vel
827 597 955 631 dicitur
968 595 1201 644 (ἰπυροκαλία,
1216 595 1307 630 idest
1321 595 1397 629 sine
1415 595 1513 629 bono
1528 595 1630 640 igne3

69 652 153 698 quia
175 652 218 686 ad
239 651 391 686 modum
414 651 504 697 ignis
529 652 652 686 onmia
676 653 857 685 consumit
877 661 951 693 non
967 658 1112 697 propter
1132 650 1291 692 bonum3
1314 649 1408 683 unde
1426 648 1536 682 latine
1558 648 1630 682 hoc

69 705 196 740 vitium
218 713 335 752 potest
356 705 537 738 nominari
560 706 772 752 consumptio.
1094 702 1097 704 ’

141 758 201 793 AD
227 769 376 793 PRIMUM
400 769 487 804 ergo
511 758 716 800 dicendum,
738 758 835 805 quod
857 757 1127 803 magnificentia
1148 756 1277 791 dicitur
1299 767 1375 790 esse
1403 766 1445 790 ex
1464 767 1507 790 eo
1531 755 1629 802 quod

69 812 154 846 facit
175 823 350 857 magnum
373 823 475 858 opus,
494 823 566 846 non
584 821 705 846 autem
723 823 765 846 ex
780 822 823 845 eo
843 811 940 857 quod
959 811 994 844 in
1017 818 1161 856 sumptu
1185 809 1334 844 excedat
1355 809 1629 856 proportionem

71 866 205 913 operis:
227 866 299 900 hoc
323 865 419 899 enim
442 866 596 912 pertinet
615 866 658 899 ad
679 865 819 906 vitium,
842 864 939 910 quod
962 864 1157 909 opponitur
1177 862 1457 909 parvificentiae.

141 920 201 954 AD
219 929 425 954 SECUNDUM
447 919 652 960 dicendum,
674 918 770 964 quod
789 918 887 952 idem
908 917 1037 951 vitium
1053 917 1292 950 contrariatur
1313 916 1446 957 virtuti,
1462 927 1553 962 quae
1576 922 1630 950 est

69 973 105 1008 in
129 973 263 1015 medio,
285 980 319 1007 et
341 972 522 1006 contrario
544 972 649 1014 vitio;
671 973 721 1006 sic
744 982 831 1017 ergo
853 971 981 1005 vitium
1000 970 1290 1016 consumptionis
1306 970 1500 1016 opponitur
1518 969 1631 1016 parvi-

71 1026 235 1061 sxcentiae
256 1026 293 1060 in
319 1037 375 1067 eo,
397 1026 493 1072 quod
516 1025 655 1060 excedit
672 1025 709 1058 in
727 1032 871 1071 sumptu
894 1024 1012 1070 operis
1035 1024 1259 1069 dignitatem,
1280 1023 1486 1069 expendens
1505 1022 1630 1064 multa,

71 1080 132 1114 ubi
160 1091 276 1126 pauca
306 1087 489 1126 oporteret
518 1078 735 1124 expendere:
765 1079 961 1124 opponitur
991 1084 1113 1111 autem
1143 1076 1435 1122 magnificentiae
1464 1088 1505 1110 ex
1532 1085 1631 1122 parte

72 1133 191 1180 operis
222 1133 357 1179 magni,
387 1132 485 1179 quod
517 1132 710 1178 praecipue
738 1131 890 1165 intendit
911 1130 1143 1176 magnificus:
1165 1130 1382 1176 inquantum
1409 1130 1547 1165 scilicet
1572 1129 1632 1163 ubi

71 1194 216 1233 oportet
236 1186 350 1221 multa
371 1185 587 1232 expendere,
608 1185 710 1227 nihil,
732 1193 793 1219 aut
809 1196 937 1231 parum
960 1184 1138 1230 expendit.

141 1240 201 1275 AD
221 1250 392 1274 TERTIUM
414 1239 619 1280 dicendum,
638 1239 736 1285 quod
758 1246 995 1284 consumptor
1014 1249 1056 1271 ex
1075 1237 1152 1284 ipsa
1174 1237 1295 1283 specie
1315 1244 1416 1271 actus
1438 1236 1633 1283 opponitur

73 1293 258 1340 parvifico,
279 1293 494 1339 inquantum
512 1292 733 1327 transcendit
754 1291 918 1338 regulam
940 1291 1102 1333 rationis,
1125 1302 1144 1324 a
1167 1302 1237 1337 qua
1258 1290 1471 1337 parvificum
1493 1290 1630 1325 deficit:

71 1346 160 1381 nihil
182 1355 305 1381 tamen
323 1346 501 1392 prohibet,
523 1346 609 1392 quin
627 1345 698 1379 hoc
721 1345 764 1379 ad
786 1345 898 1380 finem
921 1344 1067 1379 alterius
1084 1344 1179 1379 vitiis
1198 1344 1394 1386 ordinetur,
1412 1352 1498 1390 puta
1516 1343 1632 1378 inanis

71 1399 221 1447 gloriae,
241 1399 301 1435 vel
321 1401 581 1446 cujuscumque
605 1398 760 1434 alterius.

501 1636 857 1698 QUAESTIO
914 1636 1204 1683 CXXXVI.

231 1762 294 1792 DE
332 1761 601 1798 PATIENTIA,
643 1760 694 1791 IN
733 1760 951 1800 QUINQUE
989 1759 1251 1792 ARTICULOS
1289 1760 1467 1792 DIVISA.

144 1882 287 1918 Deinde
309 1882 614 1917 considerandum
637 1890 690 1916 est
710 1882 753 1916 de
772 1882 955 1928 patientia.

531 1972 575 2006 Et
600 1973 690 2006 circa
711 1972 769 2006 hoc
795 1976 1002 2017 quaeruntur
1027 1972 1178 2017 quinque.

145 2044 281 2078 Primo.
304 2043 436 2078 Utrum
458 2043 628 2089 patientia
649 2043 694 2077 sit
713 2043 836 2077 virtus.

151 2097 332 2132 Secundo.
354 2097 486 2131 Utrum
507 2096 552 2130 sit
573 2096 731 2130 maxima
751 2096 935 2130 virtutum.

149 2150 288 2185 Tertio.
311 2150 443 2184 Utrum
461 2150 575 2195 possit
595 2149 720 2183 haberi
737 2149 813 2183 sine
833 2149 957 2194 gratia.

151 2204 305 2245 Quarto.
324 2203 457 2238 Utrum
479 2203 523 2237 sit
543 2214 624 2249 pars
645 2202 874 2236 fortitudinis.

148 2257 301 2298 Quinto.
323 2257 455 2292 Utrum
477 2256 521 2290 sit
541 2256 638 2291 idem
660 2267 744 2290 cum
764 2255 1052 2302 longanimitate.

649 2395 992 2440 ARTICULUS
1029 2395 1061 2438 I.
1566 2402 1634 2438 668

372 2504 569 2535 UTRUM
611 2504 933 2534 PATIENTIA
977 2504 1063 2533 SIT
1110 2503 1336 2533 VIRTUS.

535 2592 637 2636 (Infr.
653 2597 715 2627 art.
726 2604 755 2638 5.
771 2599 858 2639 corp.
875 2598 904 2627 et
919 2598 1010 2639 supr.
1026 2604 1055 2638 q.
1070 2592 1169 2635 128).

149 2682 209 2716 AD
235 2692 385 2716 PRIMUM
407 2682 455 2715 sic
479 2681 694 2727 proceditur.
704 2680 866 2723 Videtur,
885 2681 981 2727 quod
997 2680 1167 2726 patientia
1182 2690 1256 2713 non
1276 2679 1320 2713 sit
1338 2678 1466 2711 virtus:
1485 2677 1634 2711 virtutes

79 2737 176 2770 enirn
197 2734 479 2781 perfectissimae
502 2742 582 2768 sunt
604 2734 640 2767 in
662 2735 786 2780 patria,
802 2742 839 2767 ut
854 2735 1006 2779 August.
1030 2733 1115 2767 dicit
1136 2733 1172 2766 in
1191 2742 1241 2774 14.
1259 2732 1302 2765 de
1325 2730 1426 2764 Trin.
1449 2731 1538 2776 (cap.
1561 2731 1610 2776 9.)
1624 2743 1634 2764 .-

79 2789 141 2823 sed
162 2789 211 2822 ibi
231 2800 304 2822 non
327 2796 379 2822 est
400 2787 588 2833 patientia:
612 2787 694 2833 quia
715 2787 813 2821 nulla
834 2795 916 2821 sunt
937 2787 985 2820 ibi
999 2786 1094 2820 mala
1108 2784 1308 2826 toleranda,
1330 2783 1529 2818 secundum
1545 2783 1632 2817 illud

78 2842 145 2876 Isa.
160 2852 229 2888 49„
245 2849 279 2876 et
293 2840 445 2886 Apocal.
462 2851 512 2885 7.:
529 2840 605 2874 Non
623 2841 774 2883 esurient,
790 2852 888 2886 neque
905 2841 1024 2881 sitient,
1041 2844 1068 2874 et
1082 2851 1146 2873 non
1159 2839 1321 2885 percutiet
1337 2849 1387 2872 eos
1402 2841 1514 2878 aestus,
1534 2848 1634 2882 neque

79 2895 147 2936 sol;
168 2906 254 2941 ergo
276 2894 447 2941 patientia
468 2904 540 2928 non
560 2901 612 2928 est
632 2893 753 2928 virtus.
