1859 3122
505 183 724 219 QUAESTIO
760 183 904 212 CLVIII.
939 182 1182 212 ARTICULUS
1216 182 1254 211 V.
1547 181 1651 223 1035

102 267 226 300 Fatue:
249 265 308 311 qui
323 265 468 311 quidem
485 265 614 311 gradus
635 265 677 299 ad
700 264 899 311 praedictas
921 264 1059 310 species
1081 275 1154 297 non
1169 262 1387 305 referuntur;
1403 272 1490 308 crgo
1505 261 1655 302 videtur,

100 319 199 366 quod
222 319 402 365 praedicta
425 319 553 353 divisio
575 319 648 353 irae
670 329 744 353 non
766 318 810 353 sit
832 319 1062 352 conveniens.

172 372 246 406 SED
269 382 421 406 CONTRA
446 380 509 413 est,
537 372 631 418 quod
661 371 770 417 Greg.
797 371 951 418 Nyssen.
981 371 1047 415 (vel
1074 371 1200 405 Nemes.
1223 369 1279 404 lib.
1302 369 1338 404 de
1359 370 1440 404 Nat.
1463 369 1564 403 Hom.
1587 367 1655 412 21.)

100 425 195 467 dicit,
219 425 314 471 quod
333 431 395 460 tres
416 434 497 459 sunt
518 425 771 459 irascibilitatis
797 425 953 471 species3
980 424 1135 458 scilicet:
1163 425 1227 464 ira,
1255 434 1346 469 quae
1372 430 1523 456 vocatur
1549 421 1655 463 fellea,

100 487 134 513 et
152 481 276 521 munia,
298 491 388 525 quae
403 488 553 513 vocatur
567 480 717 521 insania,
739 487 773 513 et
786 480 900 525 saror.
918 478 1023 519 Quae
1038 478 1104 512 tria
1126 477 1290 511 videntur
1305 488 1381 510 esse
1404 476 1530 510 eadem
1544 475 1655 508 tribus

99 533 321 578 praemissis:
345 544 428 566 nam
453 535 538 567 irum
558 534 690 579 felleum
714 533 799 566 dicit
821 544 909 574 esse,
932 543 1022 578 quae
1049 531 1277 577 principium,
1305 539 1339 564 et
1366 537 1507 563 motum
1534 529 1654 569 habet,

99 586 195 632 quod
217 586 309 620 Phil.
335 586 412 630 (loc.
434 593 504 633 sup.
527 588 597 632 cil.)
623 587 779 621 attribuit
801 586 931 620 acutis:
954 587 1104 620 muniam
1126 596 1211 619 vero
1234 584 1318 618 dicit
1340 596 1416 618 esse
1438 584 1540 626 iram,
1563 593 1654 629 quae

99 648 296 686 permanet,
319 648 352 674 ct
375 640 408 673 in
432 649 646 674 vetustatem
675 641 828 681 devenit,
856 640 951 686 quod
979 639 1114 673 Philos.
1145 638 1301 673 attribuit
1328 638 1476 672 amaris:
1500 637 1654 682 furorem

100 702 219 727 autem
239 693 324 727 dicit
343 705 419 728 csse
438 694 541 736 iram,
557 706 646 740 quae
663 694 829 728 observat
847 702 986 739 tempus
1003 694 1037 726 in
1054 692 1282 738 supplicium,
1298 692 1393 737 quod
1410 690 1546 724 Philos.
1563 689 1656 724 attri-

98 747 173 781 buit
194 746 415 782 difficilibus:
441 756 474 782 et
497 748 662 782 eamdem
686 748 793 781 etiam
810 747 1023 781 divisionem
1040 747 1141 792 ponit
1155 746 1325 779 Damasc.
1349 745 1383 778 in
1408 755 1438 778 2.
1456 743 1515 778 lib.
1540 743 1653 787 (Orth.

99 801 172 834 Fid.
188 807 258 846 cap.
278 802 369 844 16.)‚·
394 813 480 846 ergo
502 802 683 847 praedicta
705 801 885 835 distinctio
908 800 1122 845 Philosophi
1143 811 1217 833 non
1239 807 1292 833 est
1312 798 1582 832 inconveniens.

168 853 396 889 RESPONDEO
419 855 625 896 dicendum,
649 855 743 900 quod
766 854 947 900 praedicta
969 854 1149 888 distinctio
1172 860 1289 898 potest
1310 851 1442 893 referri,
1456 851 1508 885 vel
1522 850 1564 884 ad
1580 861 1656 896 pas-

97 907 237 942 sionem
265 909 348 950 irae,
370 909 422 942 vel
443 910 548 942 etiam
579 909 621 942 ad
648 909 765 953 ipsum
792 916 980 954 peccatum
1001 908 1094 941 irae:
1122 905 1308 952 quomodo
1336 913 1456 939 autem
1484 903 1655 938 referatur

98 962 141 995 ad
164 962 369 1007 passionem
397 963 481 1004 irae,
509 973 613 1007 supra
640 961 802 994 habitum
830 969 882 995 est
908 961 985 1006 (1-2.
1008 972 1037 1006 q.
1059 960 1116 1005 46.
1143 965 1208 994 ιιι-ί.
1235 959 1285 1004 S.)
1313 971 1394 992 cum
1423 958 1465 992 de
1487 957 1654 1003 passione

97 1016 170 1049 irae
193 1024 371 1061 ageretur:
396 1024 429 1050 et
455 1016 504 1049 sic
532 1015 721 1060 praecipue
747 1015 888 1048 videtur
913 1014 999 1060 poni
1026 1025 1044 1047 a
1073 1013 1181 1059 Greg.
1203 1013 1383 1059 Nysseno‚
1406 1020 1439 1046 et
1459 1011 1654 1045 Damasc.:

96 1081 191 1103 nunc
207 1078 326 1104 autem
344 1077 486 1116 oportet
500 1069 662 1114 accipere
681 1068 949 1101 distinctionem
964 1068 1093 1100 harum
1115 1067 1328 1112 specierum,
1343 1065 1542 1099 secundum
1558 1064 1653 1110 quod

96 1123 274 1168 pertinent
296 1123 339 1157 ad
361 1131 550 1169 peccatum
572 1123 656 1163 irae,
679 1129 785 1166 prout
805 1123 950 1168 ponitur
972 1132 990 1154 a
1011 1121 1258 1167 Philosopho:
1279 1128 1399 1167 potest
1421 1128 1541 1154 autem
1562 1120 1656 1153 inor-

96 1176 231 1210 dinatio
254 1177 326 1210 irae
349 1188 390 1210 ex
412 1176 533 1210 duobus
556 1176 706 1210 attendi:
723 1177 836 1221 primo
859 1175 1004 1221 quidem
1026 1186 1068 1209 ex
1089 1175 1166 1220 ipsa
1185 1175 1257 1209 irae
1281 1174 1436 1220 origine3
1457 1183 1491 1208 et
1508 1173 1566 1207 hoc
1582 1179 1656 1219 per—

96 1231 175 1264 tinet
194 1231 237 1264 ad
257 1235 381 1272 acutos,
404 1230 464 1276 qui
484 1230 592 1264 nimis
620 1230 690 1263 cito
713 1230 924 1271 irascuntur,
947 1237 980 1263 et
1002 1240 1043 1262 ex
1062 1228 1221 1274 qualibet
1238 1227 1309 1262 levi
1328 1239 1454 1262 causa:
1474 1227 1539 1261 alio
1558 1226 1653 1260 modo

95 1295 137 1317 ex
158 1283 234 1329 ipsa
256 1283 328 1318 irae
351 1284 551 1326 duratione,
575 1295 617 1318 eo
640 1283 778 1318 scilicet
800 1283 896 1329 quod
922 1283 973 1316 ira
1004 1282 1112 1316 nirnis
1141 1289 1356 1328 perseverat,
1384 1281 1479 1327 quod
1507 1280 1653 1327 quidem

93 1344 211 1382 potest
232 1348 309 1372 esse
331 1337 528 1384 dupliciter:
558 1349 621 1371 uno
644 1337 752 1379 modo,
775 1337 857 1383 quia
880 1348 987 1370 causa
1008 1337 1092 1378 irae,
1112 1336 1250 1370 scilicet
1267 1336 1396 1381 injuria
1414 1334 1524 1376 illata,
1545 1334 1653 1368 nimis

93 1399 216 1425 manet
236 1391 272 1424 in
294 1392 472 1425 memoria
493 1391 671 1433 hominis;
694 1391 787 1424 unde
803 1402 844 1424 ex
858 1390 929 1424 hoc
948 1390 1063 1424 homo
1079 1390 1254 1423 diutinam
1272 1389 1452 1423 tristitiam
1473 1388 1652 1434 concipit;

94 1452 128 1478 et
147 1445 229 1479 ideo
250 1450 324 1479 sunt
342 1446 406 1479 silu'
426 1446 501 1491 ipsis
520 1456 648 1490 graves,
671 1450 700 1479 ct
721 1445 853 1478 amari:
875 1444 940 1478 alio
964 1443 1057 1477 modo
1081 1443 1258 1488 contingit
1279 1454 1322 1476 ex
1340 1451 1438 1488 parte
1457 1442 1566 1488 ipsius
1580 1441 1654 1474 vin-

93 1498 220 1540 dictae,
243 1510 352 1544 quam
375 1498 501 1544 aliquis
524 1498 703 1532 obstinato
727 1498 884 1544 appetitu
907 1498 1059 1543 quaerit:
1083 1505 1118 1530 et
1142 1497 1213 1531 hoc
1235 1497 1389 1543 pertinet
1411 1496 1454 1529 ad
1477 1494 1652 1536 difficiles,

93 1553 167 1586 sive
190 1564 329 1598 graves,
353 1554 409 1598 qui
433 1564 506 1586 non
530 1552 712 1586 dimittunt
732 1552 834 1593 iram,
857 1562 1044 1597 quousque
1066 1551 1225 1596 puniant.

164 1606 224 1640 AD
239 1616 387 1640 PRIMUM
402 1617 488 1651 ergo
508 1606 710 1647 dicendum,
733 1606 828 1651 quod
847 1605 883 1638 in
902 1605 1088 1650 speciebus
1106 1604 1296 1650 praedictis
1318 1615 1391 1637 non
1411 1604 1653 1650 principaliter

93 1660 339 1693 consideratur
360 1667 512 1706 tempus,
534 1660 594 1693 sed
617 1659 769 1692 facilitas
791 1659 950 1692 hominis
973 1658 1015 1691 ad
1037 1658 1140 1700 iram,
1162 1657 1221 1692 vel
1241 1657 1390 1691 firmitas
1411 1658 1447 1691 in
1469 1658 1531 1692 ira.

164 1713 223 1747 AD
238 1724 444 1748 SECUNDUM
459 1713 663 1754 dicendum,
679 1713 775 1758 quod
794 1713 944 1758 utrique,
964 1712 1116 1746 scilicet:
1138 1712 1261 1753 amari,
1279 1719 1312 1745 et
1326 1711 1499 1753 difficiles,
1517 1713 1652 1747 habent

91 1767 184 1800 iram
207 1766 424 1808 diuturnam,
447 1766 508 1800 sed
530 1774 675 1812 propter
697 1766 805 1800 aliam
829 1777 994 1800 causam:
1017 1777 1102 1799 nam
1122 1767 1234 1799 amari
1251 1765 1385 1799 habent
1402 1765 1493 1799 iram
1515 1777 1653 1812 perma-

90 1828 237 1854 nentem
259 1828 404 1866 propter
425 1820 710 1865 permanentiam
729 1819 905 1861 tristitiae,
927 1831 1036 1865 quam
1058 1820 1148 1854 inter
1169 1819 1306 1853 viscera
1325 1827 1448 1853 tenent
1469 1819 1649 1854 clausam:

92 1882 126 1908 et
147 1874 229 1920 quia
254 1885 328 1907 non
350 1880 588 1919 prorumpunt
609 1873 653 1906 ad
676 1873 851 1907 exteriora
873 1873 1079 1907 iracundiae
1102 1873 1215 1918 signa,
1237 1883 1311 1906 non
1334 1881 1484 1918 possunt
1505 1884 1650 1919 persua-

91 1927 165 1961 deri
188 1928 229 1960 ab
253 1926 342 1968 aliis,
363 1938 428 1960 nec
452 1938 494 1961 ex
516 1927 641 1971 seipsis
663 1927 835 1961 recedunt
857 1927 897 1960 ab
921 1927 983 1968 ira,
1005 1926 1073 1960 nisi
1094 1935 1201 1972 prout
1227 1926 1455 1960 diuturnitate
1477 1928 1650 1973 temporis

90 1979 254 2014 aboletur
275 1980 427 2021 tristitia,
451 1988 484 2014 et
507 1980 556 2014 sic
579 1979 698 2014 deficit
718 1980 786 2014 ira:
809 1981 871 2015 sed
892 1980 928 2014 in
951 1979 1151 2014 difficilibus
1174 1988 1227 2014 est
1247 1980 1298 2013 ira
1320 1979 1485 2014 diuturna
1504 1989 1650 2026 propter

90 2034 288 2068 vehemens
310 2034 527 2068 desiderium
548 2034 746 2076 vindictae3
768 2041 802 2068 et
819 2034 901 2068 ideo
915 2042 1078 2080 tempore
1092 2045 1166 2068 non
1182 2033 1364 2079 digeritur,
1379 2033 1441 2068 sed
1455 2045 1518 2080 per
1532 2033 1648 2068 solam

90 2088 317 2134 punitionem
339 2088 500 2134 quiescit.

161 2142 221 2176 AD
244 2152 415 2176 TERTIUM
431 2142 635 2188 dicendum,
657 2142 752 2188 quod
773 2142 902 2187 gradus
924 2142 1008 2184 irae,
1031 2153 1120 2188 quos
1141 2142 1323 2176 Dominus
1345 2142 1457 2187 ponit,
1479 2153 1552 2176 non
1575 2153 1650 2188 per-

90 2195 205 2229 tinent
223 2195 266 2228 ad
286 2195 442 2229 diversas
463 2195 536 2229 irae
559 2195 706 2241 species,
722 2196 782 2230 sed
799 2196 1021 2241 accipiuntur
1042 2196 1239 2230 secundum
1262 2207 1472 2242 processum
1498 2196 1649 2229 humani

92 2257 202 2283 actus.
225 2249 263 2282 In
287 2249 413 2294 quibus
434 2250 544 2294 primo
568 2248 700 2294 aliquid
722 2249 757 2282 in
780 2249 887 2283 corde
907 2249 1124 2295 concipitur:
1149 2257 1183 2283 et
1204 2257 1378 2294 quantum
1399 2249 1441 2282 ad
1460 2249 1530 2283 hoc
1547 2249 1647 2283 dicit:

93 2303 163 2346 Qui
185 2302 462 2347 francium-fratri
482 2314 560 2336 sno:
583 2302 755 2336 samnium
777 2311 897 2336 autem
925 2310 987 2344 est,
1015 2314 1098 2336 cum
1125 2314 1186 2348 per
1209 2302 1327 2348 aliqua
1349 2303 1451 2348 signa
1473 2302 1648 2336 exteriora

91 2355 338 2390 manifestatur
360 2355 522 2397 exterius,
546 2357 653 2389 etiam
676 2363 869 2402 antequam
890 2364 1099 2402 prorumpat
1113 2356 1148 2390 in
1167 2356 1347 2397 effectum,
1363 2364 1396 2390 et
1414 2364 1588 2402 quantum
1604 2356 1647 2389 ad

89 2409 161 2443 hoc
184 2409 283 2443 dicit:
308 2410 377 2452 Qui
398 2408 516 2442 dixerit
530 2409 639 2454 fratri
659 2421 735 2443 suo:
759 2410 883 2452 Raclm,
899 2410 995 2455 quod
1011 2418 1063 2444 est
1080 2410 1280 2455 interjectio
1307 2410 1514 2443 irascentis:
1535 2411 1649 2444 turtius

90 2463 220 2508 gradus
243 2470 306 2504 est,
329 2462 472 2508 quando
495 2470 682 2508 peccatum
705 2463 851 2497 interius
871 2472 1088 2509 conceptum
1109 2464 1151 2497 ad
1171 2463 1338 2498 effectum
1357 2463 1580 2509 perducitur:
1597 2470 1648 2497 est

90 2524 211 2550 autem
239 2515 385 2550 effectus
411 2516 484 2549 irae
510 2524 772 2550 nocumentum
800 2515 942 2551 alterius
973 2517 1036 2550 sub
1065 2517 1203 2550 ratione
1233 2517 1431 2550 vindictae:
1454 2517 1647 2550 minimum

90 2578 210 2603 autem
234 2577 539 2602 nocumentorum
562 2577 624 2611 est,
647 2569 742 2614 quod
769 2569 806 2604 fit
820 2569 900 2604 solo
915 2570 1045 2613 verbo;
1062 2578 1096 2604 et
1110 2570 1191 2604 ideo
1207 2579 1381 2616 quantum
1397 2570 1524 2604 adhoc
1540 2570 1646 2603 dicit:

90 2623 160 2666 Qui
181 2622 304 2656 dixerit
321 2622 426 2665 fratri
445 2633 522 2656 sno:
547 2623 670 2662 Fatum
692 2630 726 2656 et
739 2622 789 2656 sic
804 2631 911 2669 patet,
927 2624 1022 2669 quod
1038 2624 1237 2657 secundum
1250 2623 1345 2657 addit
1359 2634 1464 2668 supra
1479 2623 1648 2669 primum,

89 2683 123 2709 et
143 2675 289 2709 tertium
310 2686 416 2720 supra
438 2683 649 2720 utrumque;
672 2676 766 2710 unde
788 2677 817 2710 si
843 2677 999 2722 primum
1026 2685 1078 2710 est
1104 2684 1294 2722 peccatum
1321 2676 1474 2710 mortale
1496 2676 1531 2709 in
1551 2687 1647 2717 casu,

88 2728 124 2762 in
147 2739 218 2774 quo
240 2728 421 2762 Dominus
444 2728 613 2774 loquitur,
635 2729 726 2763 sicut
748 2729 884 2763 dictum
906 2737 958 2763 est
980 2730 1060 2774 (αι-ί.
1076 2742 1102 2775 3.
1122 2730 1189 2774 lmj.
1205 2742 1234 2775 q.
1254 2729 1296 2763 ad
1310 2731 1371 2774 2.)‚
1395 2729 1509 2763 multo
1531 2729 1648 2775 magis

89 2781 178 2824 alia3
201 2789 236 2815 et
257 2781 338 2815 ideo
361 2781 510 2827 singulis
532 2793 658 2815 eorum
680 2790 861 2827 ponuntur
883 2783 1201 2828 correspondentia
1224 2782 1342 2828 aliqua
1364 2783 1577 2828 pertinentia
1605 2783 1647 2816 ad

90 2835 435 2870 condemnationem
447 2847 453 2869 z
467 2835 528 2869 sed
536 2837 649 2881 primo
664 2835 1003 2882 ponsturjudicium,
1018 2836 1114 2882 quod
1126 2836 1243 2869 minus
1255 2844 1326 2878 est3
1341 2837 1434 2881 quia,
1446 2843 1483 2869 ut
1494 2836 1647 2881 August·

89 2888 174 2923 dicit
196 2888 269 2932 (lib.
292 2901 318 2923 r.
341 2888 376 2923 de
401 2889 504 2924 Serm.
531 2889 633 2923 Dom.
660 2890 694 2923 in
720 2894 838 2931 monte,
861 2895 931 2936 cap.
953 2890 1011 2934 9),
1049 2889 1120 2923 «in
1147 2888 1280 2934 judicio
1304 2888 1419 2923 adhuc
1448 2888 1647 2924 defensioni
