1859 3122
480 163 701 200 QUAESTIO
737 161 880 193 CXLVI.
914 160 1217 209 ART1CULU811.
1543 158 1624 202 945

524 406 878 468 QUAESTIO
922 404 1145 453 CXLVI.

285 532 347 562 DE
369 531 698 569 ABSTINENTIA,
730 530 779 561 IN
802 530 925 562 DUOS
953 528 1214 561 ARTICULOS
1239 528 1414 559 DIVISA.

142 672 284 707 Deinde
307 671 609 706 considerandum
632 678 684 705 est
706 670 749 704 de
771 670 927 716 partibus
949 669 1152 715 subjectivis
1166 668 1444 715 temperantiae3
1468 675 1502 702 et
1516 668 1631 714 primo

73 727 116 760 de
138 726 205 767 his,
227 736 318 771 quae
333 732 416 759 sunt
431 724 525 758 circa
542 723 800 758 delectationes
817 724 1001 765 ciborum3
1022 723 1156 757 secundo
1179 722 1222 756 de
1244 723 1299 756 his
1323 733 1413 768 quae
1435 729 1517 756 sunt
1538 721 1633 755 circa

73 779 330 814 delectationes
352 789 604 813 venereorum.
627 778 735 812 Circa
758 779 910 824 primum
937 776 1241 811 considerandum
1263 784 1315 810 est
1341 776 1384 811 de
1407 775 1632 816 abstinentia,
1673 793 1676 796 ⁴

74 844 165 880 quae
187 841 241 868 est
262 833 356 867 circa
379 833 491 874 cibos,
507 840 541 866 et
562 839 686 878 potu33
709 840 744 866 et
761 831 804 865 de
823 831 1026 872 sobrietate,
1043 841 1133 876 quae
1156 838 1209 864 est
1229 830 1432 876 specialiter
1453 829 1549 863 circa
1570 839 1634 875 po-

74 895 162 921 tum.
186 887 293 922 Circa
316 886 567 920 abstinentiam
591 893 711 919 autem
735 884 994 919 consideranda
1015 891 1096 917 sunt
1116 884 1201 918 tria:
1217 885 1330 930 primo
1358 883 1401 918 de
1423 883 1499 929 ipsa
1521 882 1633 917 absti-

75 940 212 975 nentia:
233 940 370 975 secundo
393 939 436 974 de
459 947 540 973 actu
563 940 650 985 ejus,
672 938 733 985 qui
754 946 807 972 est
827 937 1019 983 jejunium:
1043 939 1136 972 tertio
1158 937 1202 971 de
1225 938 1394 983 opposito
1415 937 1515 980 vitio,
1537 935 1635 983 quod

75 1002 129 1028 est
148 993 243 1040 gula.

458 1083 559 1118 Circa
580 1082 811 1116 abstinentiam
829 1086 940 1116 autem
958 1086 1166 1127 quaeruntur
1183 1080 1256 1115 duo.

146 1154 282 1189 Primo.
305 1154 438 1189 Utrum
457 1152 670 1187 abstinentia
691 1152 736 1186 sit
755 1152 878 1186 virtus.

148 1207 329 1243 Secundo.
351 1207 483 1242 Utrum
503 1207 548 1241 sit
568 1206 678 1241 virtus
700 1205 877 1253 specialis.

653 1347 998 1393 ARTICULUS
1031 1348 1065 1390 Ι.
1570 1368 1638 1404 704

468 1457 622 1487 UTRUM
653 1456 943 1486 ABSTINENTIA
977 1456 1043 1485 SIT
1076 1455 1248 1485 VIRTUS.

715 1545 833 1592 (Schr.
856 1557 885 1590 q.
905 1545 1008 1590 142).

152 1635 212 1669 ΑΒ
230 1644 379 1669 PRIMUM
398 1633 448 1668 sic
471 1633 686 1680 proceditur.
709 1633 870 1674 Videtur,
893 1632 990 1678 quod
1013 1632 1226 1666 abstinentia
1247 1643 1321 1666 non
1340 1631 1384 1666 sit
1400 1631 1530 1666 virtus:
1554 1632 1639 1666 dicit

82 1688 180 1724 enim
201 1687 411 1734 Apostolus,
431 1698 458 1721 1.
481 1687 525 1721 ad
541 1687 628 1721 Cor.
652 1697 720 1730 14.:
741 1687 818 1721 Non
838 1692 882 1721 est
900 1697 1037 1731 regumn
1054 1687 1120 1720 Dei
1138 1687 1173 1719 in
1193 1698 1351 1727 sermone,
1369 1685 1422 1720 sed
1440 1687 1473 1719 in
1494 1687 1638 1720 virtute:

81 1743 118 1776 in
134 1742 347 1776 abstinentia
363 1749 483 1775 autem
498 1752 571 1774 non
587 1740 751 1774 consistit
762 1751 913 1785 regnum
927 1740 1015 1773 Dei:
1032 1739 1117 1773 dicit
1131 1739 1227 1773 enim
1243 1740 1370 1784 Apost.
1387 1740 1429 1773 ad.
1445 1739 1552 1773 Rom.
1572 1749 1641 1782 14:

82 1797 159 1831 Non
177 1801 220 1830 est
240 1806 380 1841 regnum
405 1795 468 1829 Dei
494 1805 575 1835 esca,
603 1799 631 1828 ct
646 1798 754 1840 potus,
778 1801 815 1827 ut
837 1793 922 1827 dicit
945 1792 1064 1827 Gloss.
1089 1792 1242 1838 (August.
1271 1793 1324 1827 lib.
1348 1805 1378 1827 2.
1408 1793 1488 1837 QQ.
1507 1793 1638 1838 Evang.

82 1861 112 1896 q.
131 1851 193 1895 11.)
207 1862 217 1884 :
238 1849 305 1883 Nec
324 1850 358 1882 in
376 1848 579 1890 abstinendo,
595 1859 650 1882 nec
668 1849 703 1881 in
716 1846 945 1881 manducando
960 1858 1020 1881 esse
1034 1848 1222 1892 jnsstitianm
1240 1857 1326 1892 ergo
1343 1846 1555 1880 abstinentia
1569 1857 1643 1880 non

86 1911 139 1937 est
160 1903 283 1936 virtus.

156 1966 187 1990 2.
210 1956 446 1990 PRAETEREA.
469 1954 622 2000 August.
645 1953 730 1988 dicit
750 1954 787 1988 in
806 1964 856 1988 10.
881 1952 1046 1988 Confess.
1069 1954 1157 1999 (cap.
1175 1953 1240 2000 31.)
1263 1953 1306 1987 ad
1320 1953 1441 1987 Deum
1459 1952 1643 1999 loquens:

84 2010 158 2044 Hoc
176 2022 226 2044 me
247 2009 395 2050 docuisti,
416 2013 450 2042 ut
471 2007 743 2053 quemadmodum
766 2007 1014 2050 medicamenta,
1032 2008 1076 2041 sis
1091 2007 1246 2041 alimenta
1260 2012 1448 2053 sumpturus
1466 2006 1618 2041 accedam
1634 2019 1643 2041 :

85 2063 147 2097 sed
162 2062 429 2096 medicamenta
444 2061 626 2095 moderari
642 2072 715 2095 non
730 2061 881 2106 pertinet
901 2060 943 2094 ad
958 2061 1138 2102 virtutem,
1154 2060 1215 2094 sed
1235 2060 1278 2094 ad
1298 2068 1411 2094 artem
1426 2060 1644 2103 medicinae3

86 2127 173 2162 ergo
194 2116 272 2162 pari
292 2115 431 2149 ratione
453 2114 635 2149 moderari
653 2113 835 2156 alimenta,
857 2113 953 2160 quod
975 2113 1128 2160 pertinet
1149 2113 1192 2148 ad
1215 2113 1478 2157 abstinentiam,
1499 2125 1574 2148 non
1593 2121 1646 2148 est

87 2177 186 2204 actus
207 2169 358 2210 virtutis,
381 2168 443 2202 sed
465 2168 558 2202 artis.

161 2235 189 2269 3.
211 2223 446 2257 PRAETEREA.
477 2221 609 2256 Omnis
630 2220 740 2254 virtus
768 2221 803 2254 in
831 2220 951 2255 medio
979 2220 1153 2263 consistit,
1180 2228 1219 2255 ut
1243 2220 1396 2255 habetur
1416 2221 1453 2254 in
1475 2230 1506 2254 2.
1529 2220 1644 2254 Ethic.

88 2277 177 2323 (cap.
198 2276 231 2311 6.
250 2281 280 2310 et
297 2277 342 2322 7.)
356 2288 366 2310 .·
386 2274 599 2309 abstinentia
621 2282 741 2308 autem
764 2285 837 2308 non
858 2275 999 2308 videtur
1016 2274 1052 2308 in
1074 2274 1196 2308 medio
1219 2274 1426 2315 consistere,
1449 2273 1508 2307 sed
1532 2274 1567 2307 in
1589 2273 1647 2307 de-

87 2329 193 2372 fectu,
216 2340 299 2363 cum
322 2340 363 2363 ex
385 2328 628 2362 subtractione
649 2328 875 2369 nominetur;
898 2339 984 2373 ergo
1008 2327 1221 2362 abstinentia
1242 2339 1316 2361 non
1339 2334 1392 2361 est
1411 2327 1534 2360 virtus.

158 2393 190 2425 4.
212 2383 447 2417 PRAETEREA.
474 2380 585 2415 Nulla
611 2381 722 2414 virtus
748 2380 903 2414 excludit
931 2381 1055 2415 aliam:
1083 2381 1145 2415 sed
1174 2380 1387 2415 abstinentia
1414 2379 1570 2414 excludit
1590 2391 1647 2426 pa-

87 2436 266 2470 tientiam:
291 2435 377 2469 dicit
397 2435 494 2468 enim
519 2434 627 2479 Greg.
650 2434 686 2468 in
701 2434 838 2468 Pastor.
864 2434 966 2480 (part.
982 2447 1010 2480 3.
1033 2441 1104 2481 cap.
1128 2434 1214 2478 20),
1235 2434 1330 2479 quod
1356 2433 1645 2467 «abstinentium

88 2498 226 2523 mentes
238 2489 449 2535 plerumque
460 2488 683 2534 impatientia
694 2488 826 2522 excutit
840 2499 859 2522 a
871 2488 949 2522 sinu
963 2488 1229 2534 tranqiillitatis
1241 2500 1273 2529 »ς
1286 2487 1417 2521 ibidem
1429 2487 1538 2520 etiam
1549 2487 1647 2529 dicit,

90 2543 186 2588 quod
211 2542 484 2588 «cogitationes
507 2541 761 2575 abstinentium
782 2553 1059 2587 nonnumquam
1082 2541 1268 2587 superbiae
1291 2540 1395 2586 culpa
1416 2540 1593 2586 transfigit
1608 2553 1647 2582 »3

90 2605 124 2630 et
144 2597 192 2630 ita
214 2595 370 2630 excludit
387 2594 650 2637 humilitatem3
673 2606 760 2640 ergo
783 2595 996 2629 abstinentia
1017 2607 1090 2629 non
1114 2603 1166 2629 est
1183 2596 1305 2628 virtus.

161 2649 235 2683 SED
263 2659 417 2683 CONTRA
440 2657 503 2690 est,
523 2648 619 2694 quod
638 2648 766 2682 dicitur
788 2660 819 2682 2.
842 2649 917 2683 Pet.
944 2660 991 2682 1.:
1015 2649 1206 2682 Ministraoe
1225 2647 1331 2693 infida
1349 2653 1456 2682 vestra
1478 2649 1647 2690 virtutem,

91 2704 125 2736 in
145 2704 267 2737 virtute
286 2707 394 2736 autam
419 2703 598 2744 scientiam,
628 2703 662 2736 ῐιι
682 2703 817 2736 ςτίεηίἱιι
838 2708 946 2736 autam
968 2703 1222 2736 abstinentiam:
1251 2701 1311 2734 ubi
1335 2701 1548 2734 abstinentia
1570 2700 1648 2735 aliis

90 2755 278 2789 virtutibus
300 2763 595 2798 connumeratur3
620 2767 706 2801 ergo
730 2755 941 2790 abstinentia
964 2764 1015 2790 est
1036 2755 1158 2789 virtus.

162 2809 390 2843 RESPONDEO
413 2809 618 2850 dicendum,
646 2808 742 2854 quod
765 2809 977 2842 abstinentia
1000 2820 1040 2842 ex
1068 2819 1132 2842 suo
1154 2807 1303 2841 nomine
1325 2807 1496 2853 importat
1517 2807 1649 2841 subtra-

94 2862 253 2897 ctionem
275 2862 458 2904 ciborum;
480 2861 652 2908 dupliciter
670 2873 756 2907 ergo
778 2873 912 2896 nomen
936 2861 1148 2896 abstinentia
1169 2860 1283 2907 accipi
1303 2868 1439 2906 potest:
1461 2872 1524 2895 uno
1539 2860 1648 2903 modo,
