1859 3122
211 184 323 237 1076
613 194 831 229 QUAESTIO
865 193 1009 223 CLXIV.
1042 194 1287 224 ARTICULUS
1321 195 1364 224 11.

205 276 374 318 dimenta,
395 287 440 309 ne
460 275 591 309 rediret
614 276 657 309 ad
679 286 720 308 ea
743 286 834 320 quae
856 275 973 320 primo
996 276 1100 308 statui
1125 275 1390 321 competebant,
1413 276 1549 311 scilicet
1571 289 1590 311 a
1609 278 1701 320 cibo,
1719 290 1764 313 ne

204 337 363 363 sumeret
384 329 427 362 de
448 328 548 373 ligno
571 329 675 369 vitae,
699 336 733 361 et
755 339 773 361 a
796 328 895 362 loco:
917 327 1111 362 collocavit
1126 328 1222 361 enirn
1235 329 1335 362 Deus
1351 337 1433 363 ante
1447 330 1653 375 paradisum
1673 331 1767 366 Che-

203 383 331 423 rubim,
354 390 388 415 et
408 381 620 414 flammeum
643 381 814 426 gladium.
835 381 981 414 Secundo
1003 389 1123 414 autem
1142 381 1255 426 puniti
1276 381 1419 415 fuerunt
1432 391 1607 427 quantum
1621 385 1664 418 ad
1681 384 1766 426 hoc,

203 435 299 480 quod
323 435 487 468 attributa
509 442 591 468 sunt
613 435 663 468 eis
685 445 737 475 ea,
759 444 851 479 quae
872 442 1021 467 naturae
1044 434 1264 468 conveniunt
1285 433 1349 468 tali
1368 435 1546 470 beneficio
1568 437 1757 471 destitutae

204 496 238 522 et
258 488 329 521 hoc
351 488 496 533 quidem
519 495 693 532 quantum
716 487 758 520 ad
782 498 922 532 corpus,
939 495 973 520 et
988 495 1162 532 quantum
1179 488 1220 520 ad
1237 487 1414 521 animam:
1431 497 1605 534 quantum
1620 490 1764 536 quidem

204 541 247 574 ad
270 552 411 586 corpus,
435 541 477 574 ad
500 541 596 586 quod
619 541 771 585 pertinet
792 540 991 574 differentia
1013 552 1129 582 sexus,
1145 540 1214 574 alia
1228 552 1346 586 poena
1362 542 1529 576 attributa
1545 551 1598 577 est
1612 543 1766 585 mulieri,

205 594 272 628 alia
293 595 391 627 viro:
415 594 555 627 mulieri
578 594 722 639 quidem
745 594 910 627 attributa
934 601 986 627 est
1006 605 1125 639 poena
1157 594 1355 628 secundum
1386 595 1461 637 duo,
1495 604 1641 642 propter
1673 609 1766 643 quae

204 648 281 681 viro
306 647 552 692 conjungitur-3
576 658 667 692 quae
690 655 789 680 sunt:
818 648 982 691 generatio
1011 648 1128 692 prolis,
1152 655 1187 681 et
1208 649 1463 682 communicatio
1498 656 1632 695 operum
1665 651 1768 696 perti-

204 700 367 734 nentium
389 700 432 733 ad
455 700 695 734 domesticam
718 700 1044 734 conversationem.
1069 701 1259 741 Quantum
1281 709 1402 734 autern
1425 701 1469 734 ad
1491 703 1765 747 generationem

206 753 316 798 prolis
338 755 460 798 punita
482 753 547 786 fuit
567 753 751 799 dupliciter.
774 753 891 787 Primo
913 753 1059 799 quidem
1089 761 1263 798 quantum
1287 754 1329 787 ad
1351 755 1480 796 taedia,
1503 766 1594 800 quae
1615 756 1767 790 sustinet

205 807 383 852 portando
417 806 558 852 prolem
592 814 826 852 conceptam:
861 815 895 840 et
927 807 999 840 hoc
1032 806 1264 851 significatur,
1299 818 1382 841 curn
1413 807 1541 841 dicitur
1569 809 1670 851 (Gen.
1696 809 1766 855 3.):

207 860 438 905 Multiplicabo
465 871 642 894 aei-immas
668 865 752 901 tems,
780 865 808 893 et
834 865 1004 905 conceptus
1030 865 1121 900 t1105‚·
1142 868 1175 893 et
1193 868 1367 905 quantum
1391 861 1433 894 ad
1456 861 1633 903 dolorem,
1656 874 1764 908 quem

206 913 337 959 patitur
362 913 397 946 in
425 913 614 959 pariendo:
644 921 678 946 et
705 921 879 958 quantum
907 913 950 946 ad
977 913 1048 946 hoc
1076 913 1222 947 dicitur:
1250 914 1290 947 In>
1316 913 1427 947 dolore
1439 916 1572 959 paries:
1591 923 1766 960 quantum

205 977 291 1000 vero
320 966 362 1000 ad
390 967 628 1000 domesticam
652 967 965 1000 conversationem
985 967 1128 1011 punitur
1146 966 1345 999 secundum
1364 966 1447 1009 hoc,
1467 967 1562 1012 quod
1581 968 1768 1013 subjicitur

206 1019 446 1053 dominationi
467 1020 533 1053 viri
558 1030 621 1065 per
645 1019 717 1054 hoc
744 1020 839 1065 quod
867 1020 1013 1053 dicitur:
1040 1019 1104 1053 Sul)
1131 1020 1201 1052 viri
1220 1024 1377 1065 potestate
1403 1021 1475 1054 eris.
1511 1020 1612 1055 Sicut
1646 1029 1767 1056 autem

207 1073 250 1106 ad
277 1073 465 1106 mulierem
487 1074 650 1119 pertinet,
677 1081 714 1106 ut
736 1073 905 1106 subdatur
930 1073 1008 1106 viro
1035 1072 1070 1105 in
1098 1072 1152 1105 his
1179 1083 1269 1117 quae
1297 1073 1340 1105 ad
1359 1073 1599 1107 domesticam
1621 1085 1769 1109 conver-

205 1126 383 1160 sationem
409 1127 603 1171 pertinent:
631 1127 680 1160 ita
707 1126 749 1159 ad
776 1126 892 1158 virum
920 1125 1082 1170 pertinet,
1110 1126 1206 1170 quod
1232 1126 1435 1159 necessaria
1461 1127 1555 1160 vitae
1582 1136 1767 1172 procuret;

206 1187 241 1213 et
267 1179 360 1212 circa
386 1179 456 1213 hoc
484 1180 629 1224 punitur
655 1180 849 1225 tripliciter:
870 1181 983 1224 primo
1012 1179 1157 1224 quidem
1179 1190 1241 1224 per
1262 1186 1376 1212 terrae
1410 1179 1648 1223 sterilitatem,
1684 1192 1767 1214 cum

206 1232 351 1267 dicitur:
374 1233 552 1266 Maledicta
578 1237 670 1266 tarra
696 1234 728 1265 in
756 1239 850 1278 opere
878 1237 952 1266 tuo:
970 1231 1106 1266 saciando
1125 1242 1188 1277 per
1209 1232 1341 1265 laboris
1361 1233 1588 1275 anxietatem,
1604 1234 1680 1268 sine
1699 1245 1770 1280 qua

206 1285 340 1319 fructus
366 1293 481 1319 terrae
498 1297 573 1319 non
591 1285 759 1331 percipit;
782 1285 876 1318 unde
898 1284 1044 1318 dicitur:
1067 1285 1106 1318 In
1129 1285 1239 1318 labore
1258 1285 1400 1319 comedes
1413 1297 1452 1319 ex
1465 1297 1502 1319 ea
1521 1288 1642 1320 cunctis
1660 1286 1770 1321 diebus

206 1340 294 1372 vitae
316 1343 406 1372 tuae:
430 1340 521 1372 tertio
549 1347 723 1384 quantum
746 1338 787 1371 ad
811 1337 1080 1382 impedimenta,
1103 1349 1193 1382 quae
1216 1338 1433 1383 proveniunt
1460 1346 1592 1372 terram
1621 1339 1768 1374 colenti-

207 1392 292 1433 bus;
314 1392 408 1425 unde
430 1392 575 1425 dicitur:
598 1392 726 1437 Spinas,
753 1396 783 1425 et
808 1391 945 1424 tribulos
969 1391 1171 1435 germinabit
1195 1391 1266 1424 tibi.
1287 1390 1460 1424 Similiter
1482 1393 1590 1426 etiam
1610 1404 1651 1426 ex
1669 1400 1768 1438 parte

209 1445 350 1478 animae
380 1445 498 1490 triplex
524 1456 650 1478 eorum
672 1455 789 1490 poena
811 1444 1037 1478 describitur:
1063 1445 1175 1489 primo
1203 1443 1348 1488 quidem
1375 1452 1548 1489 quantum
1579 1445 1622 1479 ad
1648 1445 1770 1480 confu-

208 1499 361 1539 sionem,
384 1510 492 1543 quam
515 1498 609 1543 passi
630 1506 713 1531 sunt
747 1498 789 1531 de
823 1496 1018 1531 rebellione
1053 1497 1168 1531 carnis
1203 1496 1248 1530 ad
1280 1496 1462 1542 spiritum;
1495 1498 1589 1532 unde
1623 1499 1767 1533 dicitur:

209 1553 327 1598 Aperti
343 1557 419 1586 sunt
437 1552 524 1586 oculi
541 1553 727 1592 amborum,
751 1556 780 1585 et
798 1555 1022 1595 cognoverunt
1038 1562 1067 1584 sa
1085 1562 1145 1584 esse
1167 1549 1288 1583 nudos:
1310 1550 1445 1584 secundo
1465 1558 1640 1596 quantum
1660 1552 1704 1585 ad
1722 1552 1771 1586 in-

210 1605 456 1651 crepationem
478 1605 644 1651 propriae
666 1604 805 1650 culpae,
827 1615 889 1649 per
910 1604 981 1638 hoc
1001 1603 1097 1648 quod
1116 1603 1262 1637 dicitur:
1281 1604 1364 1637 Ecca
1379 1603 1490 1637 Adam
1502 1605 1609 1648 factus
1622 1610 1663 1639 est
1677 1607 1770 1651 quasi

208 1671 290 1693 unus
310 1671 348 1692 ex
374 1660 485 1693 nobis:
514 1660 608 1692 tertio
631 1665 805 1703 quantum
828 1657 871 1690 ad
894 1657 1285 1691 commemorationem
1306 1655 1446 1690 futurae
1476 1658 1614 1700 mortis,
1647 1669 1771 1692 secun-

209 1712 295 1746 dum
320 1712 416 1758 quod
445 1712 476 1745 ei
503 1712 637 1745 dictum
665 1719 735 1745 est:
763 1711 877 1745 Pulvis
903 1722 941 1749 es,
973 1715 1001 1744 et
1020 1710 1239 1755 impul-mrem
1258 1711 1451 1744 reverteris:
1475 1710 1519 1744 ad
1540 1711 1638 1757 quod
1660 1713 1770 1745 etiam

208 1768 372 1814 pertinet,
399 1767 494 1812 quod
521 1766 620 1800 Deus
647 1765 731 1798 fecit
752 1767 801 1798 eis
819 1765 959 1798 tunicas
977 1763 1147 1810 pelliceas
1166 1763 1202 1796 in
1222 1763 1367 1808 signum
1386 1763 1613 1799 mortalitatis
1631 1775 1769 1800 eorum.

280 1821 340 1854 AD
358 1830 508 1855 PRIMUM
523 1830 610 1864 ergo
626 1819 833 1860 dicendum,
848 1818 944 1863 quod
961 1817 996 1850 in
1011 1824 1102 1850 statu
1118 1817 1348 1850 innocentiae
1362 1815 1486 1850 fuisset
1499 1825 1620 1863 partus
1639 1818 1772 1864 absque

209 1873 351 1908 dolore:
375 1874 459 1907 dicit
478 1873 575 1906 enim
597 1873 692 1917 Aug.
716 1872 751 1904 in
778 1881 829 1913 14.
853 1871 895 1904 de
919 1870 998 1904 Civ.
1022 1870 1091 1903 Dei
1113 1872 1201 1915 (cap.
1221 1870 1316 1914 26.).-
1334 1882 1352 1901 «
1375 1869 1476 1904 Sicut
1498 1870 1541 1904 ad
1559 1871 1771 1915 pariendum

208 1940 282 1962 non
305 1927 440 1962 doloris
463 1927 627 1973 gemitus,
650 1926 711 1960 sed
727 1925 941 1959 maturitatis
955 1923 1130 1969 impulsus
1151 1923 1334 1957 foeminea
1355 1923 1492 1957 viscera
1514 1924 1708 1966 relaxaret3
1722 1925 1770 1958 ita

211 1982 253 2016 ad
276 1981 498 2022 foetandum,
521 1988 554 2013 et
576 1979 853 2024 concipiendum
876 1989 949 2011 non
968 1977 1124 2011 libidinis
1148 1976 1334 2022 appetitus,
1357 1977 1418 2010 sed
1440 1976 1662 2011 voluntarius
1685 1988 1770 2011 usus

209 2044 376 2069 naturam
394 2042 583 2079 utramque
606 2034 843 2077 conjungeret
863 2043 900 2064 n:
924 2030 1099 2075 subjectio
1122 2038 1243 2064 autem
1258 2029 1418 2064 mulieris
1441 2030 1485 2063 ad
1506 2030 1624 2064 virum
1642 2030 1771 2064 intelli-

212 2088 328 2135 genda
350 2096 403 2121 est
422 2088 458 2120 in
481 2097 637 2132 poenam
660 2085 819 2118 mulieris
839 2096 916 2118 esse
937 2084 1094 2125 inducta,
1116 2095 1189 2117 non
1213 2091 1387 2128 quantum
1415 2083 1458 2116 ad
1480 2083 1643 2129 regimen
1669 2083 1770 2130 (quia

212 2142 321 2176 etiam
344 2149 424 2174 ante
446 2148 635 2186 peccatum
657 2139 710 2172 vir
733 2147 838 2183 caput
860 2137 1019 2171 mulieris
1038 2136 1172 2177 fuisset,
1195 2144 1229 2170 et
1251 2137 1325 2181 ejus
1340 2136 1559 2181 gubernator
1570 2137 1770 2181 extitisset),

212 2196 274 2230 sed
296 2202 402 2241 prout
423 2193 553 2227 mulier
571 2201 696 2226 contra
711 2192 895 2238 propriam
913 2190 1138 2224 voluntatem
1156 2201 1251 2223 nunc
1266 2200 1416 2223 necesse
1438 2189 1547 2223 habet
1559 2190 1626 2223 viri
1646 2190 1773 2224 volun-

211 2249 275 2283 tati
296 2258 438 2294 parere:
468 2247 587 2292 spinas
615 2253 747 2286 autem,
768 2254 801 2278 et
821 2244 972 2278 tribulos
994 2252 1087 2277 terra
1119 2243 1367 2288 germinasset,
1397 2243 1427 2276 si
1453 2243 1567 2276 homo
1594 2254 1667 2277 non
1693 2255 1773 2289 pec-

213 2309 339 2343 casset,
361 2301 397 2334 in
427 2300 546 2334 cibum
571 2298 794 2339 animalium,
824 2309 897 2331 non
923 2305 1044 2331 autem
1071 2296 1106 2330 in
1136 2296 1296 2330 hominis
1317 2306 1494 2341 poenam3
1525 2297 1607 2341 quia
1634 2296 1771 2330 scilicet

212 2364 355 2402 propter
377 2365 504 2388 eorum
531 2361 694 2387 exortum
721 2351 839 2384 nullus
866 2351 979 2392 labor,
1007 2358 1066 2384 aut
1092 2350 1230 2395 punitio
1258 2349 1399 2383 homini
1426 2349 1589 2394 operanti
1614 2350 1650 2383 in
1676 2357 1771 2384 terra

213 2409 402 2449 accideret,
423 2416 462 2441 ut
483 2407 576 2452 Aug.
599 2406 685 2439 dicit
707 2416 734 2450 3.
757 2415 862 2450 super
889 2403 980 2437 Gen.
1004 2403 1047 2436 ad
1077 2403 1126 2436 lit.
1157 2403 1244 2448 (cap.
1272 2402 1366 2446 18.);
1397 2402 1560 2448 quamvis
1592 2402 1769 2437 Alcuinus

213 2463 319 2504 dicat,
338 2461 434 2507 quod
457 2468 537 2494 ante
559 2465 750 2505 peccatum
771 2465 864 2491 terra
884 2457 1034 2490 omnino
1056 2457 1187 2502 spinas,
1207 2464 1241 2489 et
1261 2455 1412 2489 tribulos
1432 2466 1507 2489 non
1522 2455 1770 2501 germinasset;

212 2516 274 2550 sed
295 2516 450 2561 primum
474 2522 527 2547 est
548 2512 688 2546 melius.

284 2570 343 2603 AD
366 2577 572 2603 SECUNDUM
595 2565 798 2605 dicendum,
821 2564 916 2609 quod
940 2563 1132 2597 multitudo
1161 2569 1402 2607 conceptuum
1429 2562 1609 2596 inducitur
1634 2562 1670 2595 in
1689 2572 1772 2607 poe-

213 2634 297 2656 nam
321 2621 492 2661 mulieris,
514 2631 589 2654 non
606 2626 752 2665 propter
774 2618 887 2662 ipsam
912 2616 1199 2660 procreationem
1216 2615 1337 2660 proliS,
1354 2626 1444 2660 quae
1464 2615 1571 2648 etiam
1593 2622 1675 2648 ante
1693 2626 1772 2660 pec-

215 2684 333 2709 catum
354 2675 487 2715 fuisset,
510 2674 570 2707 sed
598 2680 744 2719 propter
762 2669 1027 2703 multitudinem
1053 2669 1300 2709 afflictionum,
1320 2679 1407 2712 quas
1429 2667 1558 2701 mulier
1578 2667 1708 2713 patitur
1729 2679 1770 2701 ex

216 2730 284 2762 boc
301 2729 395 2774 quod
419 2736 537 2773 portat
558 2727 694 2760 foetum
712 2731 928 2768 conceptum
945 2723 1059 2763 3t1nde
1079 2723 1261 2765 signanter
1276 2721 1524 2765 conjungitur:
1541 2721 1770 2766 Multiplicalvo

216 2794 389 2816 aerummis
411 2787 493 2822 tuas,
517 2786 546 2814 e!
568 2784 737 2825 cont-aptus
759 2783 838 2811 tuos.

289 2836 346 2868 An
369 2845 538 2868 TER'l‘iL'M
562 2833 766 2872 dicendum,
781 2830 876 2875 quod
891 2828 974 2862 illae
996 2839 1134 2873 poenae
1152 2827 1352 2873 aliqualiter
1371 2827 1412 2860 ad
1430 2837 1556 2860 omnes
1573 2825 1768 2871 pertinent:

217 2899 465 2934 quaecumque
488 2887 584 2921 enim
608 2885 736 2920 mulier
757 2883 926 2928 concipit,
952 2892 1098 2915 necesse
1127 2889 1178 2914 est
1205 2880 1300 2925 quod
1329 2890 1518 2913 aerumnas
1545 2878 1708 2924 patiatur,
1735 2885 1770 2912 et
