1859 3122
550 158 771 193 QUAESTIO
806 158 904 188 CLV.
938 158 1182 188 ARTICULUS
1216 158 1243 188 Ι.
1563 158 1669 201 1013

111 249 185 273 non
211 246 333 272 tamen
356 237 496 283 attingit
518 238 561 272 ad
584 237 780 284 perfectam
799 240 978 273 rationem
1000 238 1137 273 virtutis
1159 239 1320 282 moralis,
1343 239 1542 273 secundum
1565 251 1673 285 quam

112 292 220 326 etiam
243 291 419 337 appetitus
442 292 630 325 sensitivus
653 292 811 326 subditur
834 292 961 326 rationi
990 292 1052 333 sic,
1076 300 1113 326 ut
1133 292 1168 325 in
1192 303 1235 326 eo
1258 303 1331 326 non
1357 292 1545 338 insurgant
1570 293 1675 327 vehe-

112 353 251 379 mentes
273 345 458 390 passiones
481 345 609 378 rationi
637 346 859 387 contrariae;
888 354 922 380 et
939 346 1021 380 ideo
1049 346 1185 379 Philos.
1209 346 1295 380 dicit
1321 347 1356 380 in
1378 356 1410 388 4.
1439 347 1554 380 Ethic.
1582 347 1672 393 (cap.

111 398 200 442 ult),
217 398 312 443 quod
336 399 557 432 continentia
581 410 653 432 non
677 408 729 433 est
742 401 864 441 virtus,
881 399 942 433 sed
962 400 1139 444 quaedam
1156 400 1286 441 mixta3
1309 400 1521 445 inquantum
1537 399 1676 434 scilicet

114 451 223 485 habet
249 451 382 497 aliquid
410 451 453 485 de
482 452 622 494 virtute,
646 461 679 486 et
706 453 740 485 in
769 452 890 498 aliquo
918 452 1037 486 deficit
1065 464 1083 486 a
1105 453 1254 487 virtute:
1283 453 1416 499 largius
1443 461 1564 487 tamen
1587 454 1677 487 acci-

112 504 243 551 piendo
263 516 398 538 nomen
413 505 562 546 virtutis,
586 517 650 550 pro
672 505 833 552 quolibet
852 506 1026 552 principio
1042 506 1278 540 laudabilium
1301 518 1463 552 operum,
1480 518 1674 553 possumus

113 559 243 600 dicere,
267 559 528 592 continentiam
552 570 629 593 esse
652 559 831 593 virtutem.

183 612 242 645 An
266 623 414 646 PRtMUM
443 624 529 658 ergo
558 613 764 654 dicendum,
791 613 886 658 quod
916 613 1162 659 Philosophus
1193 613 1453 648 continentiam
1479 614 1677 648 condividit

112 665 233 699 virtuti
255 674 430 711 quantuni
459 666 501 700 ad
524 666 608 707 hoc,
631 666 666 699 in
689 677 760 712 quo
784 666 903 700 deficit
930 678 949 700 a
971 666 1111 700 virtute.

184 719 243 752 AD
265 729 471 753 SECUNDUM
494 719 700 761 dicendum,
723 720 819 765 quod
842 720 956 753 homo
980 720 1123 765 proprie
1146 727 1197 754 est
1223 719 1258 753 id
1281 720 1377 766 quod
1400 728 1453 754 est
1473 720 1674 755 secundum

114 773 312 814 rationcm3
343 780 377 806 et
399 773 479 806 ideo
507 784 548 806 ex
570 773 642 806 hoc
670 773 798 807 dicitur
825 773 953 818 aliquis
978 773 1014 806 in
1037 773 1156 818 seipso
1179 784 1215 806 se
1239 782 1372 815 tenere,
1397 774 1493 819 quod
1514 782 1611 808 tenet
1637 785 1676 808 se

114 825 149 858 in
172 836 215 859 eo
238 825 335 870 quod
355 826 525 859 convenit
538 826 686 860 rationi:
710 826 805 871 quod
829 834 950 860 autem
973 826 1125 871 pertinet
1152 826 1195 859 ad
1222 827 1494 872 perversitatem
1518 827 1676 870 rationis,

113 890 187 912 non
211 887 263 912 est
280 880 499 913 conveniens
515 879 664 914 rationi:
687 880 780 913 unde
796 879 856 913 ille
872 879 970 914 solus
986 891 1068 913 vere
1092 880 1281 913 continens
1297 880 1437 923 dicitur,
1453 881 1513 927 qui
1528 889 1625 915 tenet
1639 892 1677 915 se

114 932 149 966 in
177 943 220 966 eo
248 932 344 978 quod
371 941 424 966 est
450 933 649 966 secundum
677 933 856 966 rationem
882 940 1030 975 rectam,
1058 944 1132 966 non
1159 941 1280 967 autem
1302 933 1338 967 in
1361 945 1404 967 eo
1427 935 1524 980 quod
1547 943 1600 968 est
1625 946 1677 969 se-

115 986 273 1019 cundum
289 986 466 1020 rationem
482 997 705 1031 perversam:
730 986 860 1019 rationi
883 994 1002 1019 autem
1026 994 1145 1020 rectae
1168 995 1400 1032 opponuntur
1420 988 1678 1034 concupiscen-

113 1039 183 1073 tiae
207 1050 348 1084 pravae,
364 1039 455 1073 sicut
478 1047 510 1072 et
532 1039 663 1072 rationi
685 1050 874 1083 perversae
897 1047 1128 1084 opponuntur
1144 1040 1459 1085 concupiscentiae
1481 1041 1619 1083 bonae;
1643 1049 1677 1075 et

114 1093 195 1126 ideo
220 1093 374 1138 proprie,
397 1100 431 1126 et
450 1103 534 1126 vere
562 1092 752 1126 continens
775 1101 838 1134 est,
861 1093 921 1137 qui
948 1092 1104 1138 persistit
1130 1092 1166 1125 in
1188 1093 1326 1127 ratione
1354 1102 1463 1135 recta,
1491 1094 1673 1128 abstinens

115 1158 135 1180 a
157 1146 458 1192 concupiscentiis
480 1147 617 1191 pravis;
640 1157 714 1179 non
742 1154 863 1179 autem
885 1146 945 1191 qui
967 1145 1123 1191 persistit
1143 1146 1179 1179 in
1202 1146 1341 1180 ratione
1369 1158 1548 1192 perversa,
1576 1147 1679 1181 absti-

117 1210 205 1233 nens
228 1210 247 1232 a
270 1199 571 1244 concupiscentiis
595 1199 717 1241 bonis;
740 1200 802 1233 sed
824 1199 883 1232 hic
906 1199 1021 1244 magis
1043 1207 1162 1245 potest
1188 1199 1259 1232 dici
1286 1200 1485 1234 obstinatus
1507 1201 1543 1233 in
1566 1200 1677 1234 malo.

186 1253 244 1286 AD
260 1262 430 1287 TERTIUM
446 1252 649 1296 dicendum,
667 1252 762 1298 quod
787 1251 920 1286 Glossa
934 1253 983 1286 ibi
1004 1252 1162 1298 loquitur
1178 1252 1220 1286 de
1237 1253 1458 1287 continentia
1473 1253 1676 1288 secundum

115 1306 272 1352 primum
299 1306 462 1345 modum,
490 1306 689 1340 secundum
716 1318 825 1352 quem
854 1306 1074 1340 continentia
1100 1307 1266 1340 nominat
1288 1307 1484 1352 quamdam
1504 1307 1675 1341 virtutem

115 1358 324 1406 perfectam,
346 1371 437 1405 quae
459 1371 533 1393 non
548 1359 667 1393 solum
688 1359 841 1393 abstinet
863 1359 904 1392 ab
924 1359 1058 1393 illicitis
1080 1359 1195 1400 bonis,
1210 1359 1271 1393 sed
1288 1361 1396 1393 etiam
1420 1372 1439 1394 a
1461 1360 1673 1407 quibusdan]

118 1412 225 1446 licitis
247 1413 366 1446 minus
387 1413 504 1454 bonis,
527 1420 565 1446 ut
590 1413 749 1447 totaliter
769 1413 974 1446 intendatur
996 1411 1269 1458 perfectioribus
1291 1413 1406 1448 bonis.

696 1567 1040 1612 ARTICULUS
1071 1569 1126 1612 Π.
1612 1591 1674 1627 755

236 1675 391 1704 UTRUM
424 1674 616 1704 MATERlA
651 1676 982 1705 CONTINENTIAE
1017 1676 1113 1705 SINT
1149 1676 1560 1706 CONCUPISCENTIAE

602 1741 983 1770 DELECTATIONUM
1016 1740 1205 1770 TACTUS.

190 1839 250 1873 AD
273 1849 479 1873 SECUNDUM
501 1839 551 1872 sic
575 1839 790 1885 proceditur.
806 1839 968 1881 Videtur,
985 1840 1081 1885 quod
1097 1841 1248 1873 materia
1263 1840 1506 1874 continentiae
1522 1852 1595 1874 non
1611 1842 1680 1875 sint

120 1893 436 1939 concupiscentiae
464 1892 748 1927 delectationum
774 1901 906 1927 tactus:
935 1894 1021 1927 dicit
1049 1893 1146 1927 enim
1180 1894 1349 1927 Ambros.
1380 1894 1415 1927 in
1447 1905 1474 1929 1.
1498 1895 1540 1928 de
1571 1894 1678 1929 Offic.

119 1947 206 1992 (cap.
228 1947 327 1990 46.).·
353 1959 370 1978 «
388 1945 566 1980 Gener-ale
589 1946 763 1981 decorum
784 1947 832 1980 ita
851 1956 914 1988 est,
938 1958 977 1980 ac
1001 1947 1030 1980 si
1053 1946 1279 1992 aequabilem
1301 1945 1471 1988 formam,
1487 1958 1592 1993 atque
1607 1948 1681 1981 uni-

119 2000 327 2034 versitatem
348 1999 546 2033 honestatis
565 2000 695 2034 habeat
713 2000 749 2033 in
772 2000 872 2033 omni
895 2007 975 2033 actu
994 2011 1059 2033 suo
1076 2000 1321 2033 continentem
1337 2012 1368 2033 »z
1392 2001 1453 2033 sed
1469 2012 1542 2034 non
1562 2001 1681 2035 omnis

121 2061 221 2087 actus
243 2053 424 2086 humanus
446 2053 600 2097 pertinet
619 2052 662 2085 ad
684 2052 942 2086 delectationes
959 2060 1095 2094 tactus;
1115 2063 1202 2098 ergo
1223 2053 1444 2087 continentia
1465 2065 1539 2087 non
1558 2062 1610 2088 est
1628 2066 1683 2088 so-

121 2106 199 2140 lum
221 2106 317 2139 circa
340 2105 652 2151 concupiscentias
675 2105 960 2140 delectationum
981 2113 1109 2139 tactus.

194 2170 225 2192 2.
247 2159 484 2193 PRAETEREA.
509 2159 656 2192 Nomen
679 2159 922 2193 continentiae
950 2170 991 2192 ex
1017 2159 1089 2192 hoc
1116 2158 1279 2200 sumitur,
1307 2158 1404 2205 quod
1431 2159 1558 2205 aliquis
1584 2168 1683 2194 tenet

122 2224 160 2247 se
182 2212 217 2246 in
239 2213 336 2245 bono
359 2212 507 2245 rationis
530 2220 662 2253 rectae,
684 2213 775 2245 sicut
794 2212 929 2246 dictum
953 2221 1005 2246 est
1027 2213 1107 2256 (art.
1126 2214 1280 2258 praec.):
1304 2212 1365 2246 sed
1389 2213 1568 2257 quaedam
1590 2213 1681 2247 aliae

122 2267 310 2312 passiones
330 2264 583 2298 vehementius
607 2265 788 2298 abducunt
808 2265 998 2298 hominem
1026 2277 1045 2298 a
1071 2265 1210 2298 ratione
1237 2273 1345 2307 recta,
1373 2277 1482 2311 quam
1514 2267 1682 2312 concupi-

123 2319 281 2354 scentiae
300 2317 566 2351 delectabilium
588 2325 722 2359 tactu33
745 2319 836 2351 sicut
856 2318 966 2352 timor
988 2317 1233 2364 periculorum
1255 2318 1392 2361 mortis,
1415 2319 1475 2364 qui
1492 2319 1683 2365 stupefacit

123 2372 333 2413 hominem3
356 2379 390 2404 et
419 2371 482 2412 ira,
505 2382 596 2416 quae
623 2379 675 2405 est
701 2371 861 2405 insaniae
888 2371 1027 2412 similis,
1055 2379 1093 2405 ut
1122 2371 1260 2405 Seneca
1290 2371 1376 2404 dicit
1397 2371 1472 2415 (lib.
1494 2384 1521 2406 r.
1548 2372 1583 2406 dc
1609 2372 1679 2414 Ira,

123 2432 194 2471 cap.
208 2425 265 2469 r.);
290 2435 376 2469 ergo
399 2424 620 2458 continentia
634 2435 709 2458 non
725 2424 854 2458 dicitur
875 2425 1019 2470 proprie
1035 2425 1128 2459 circa
1149 2425 1462 2470 concupiscentias
1477 2425 1683 2460 delectatio-

123 2490 213 2512 num
234 2485 362 2512 tactus.

199 2543 227 2575 3.
249 2531 486 2565 PRAETEREA.
510 2529 652 2564 Tullius
676 2530 761 2564 dicit
781 2531 817 2564 in
844 2540 875 2564 2.
898 2530 1048 2564 Rhetor.
1073 2530 1139 2574 (seu
1169 2530 1205 2564 de
1231 2530 1389 2575 Inveni),
1412 2531 1510 2576 quod
1540 2544 1557 2563 «
1573 2531 1684 2565 conti-

124 2585 246 2619 nentia
268 2592 331 2625 est‚
353 2594 416 2629 per
429 2595 538 2629 quam
554 2583 728 2629 cupiditas
743 2583 885 2617 consilii
900 2584 1162 2629 gubernatione
1177 2583 1353 2629 reguum:
1372 2584 1545 2629 cupiditas
1560 2593 1682 2619 autem

124 2638 242 2683 magis
265 2636 454 2670 consuevit
474 2636 544 2670 dici
566 2636 784 2678 divitiarum,
806 2648 915 2682 quam
937 2636 1206 2671 delectabilium
1227 2644 1355 2679 tactus,
1373 2637 1577 2671 secundum
1594 2637 1681 2672 illud

129 2703 157 2726 1.
181 2691 225 2724 ad
248 2689 412 2723 Timoth.
428 2689 502 2724 ult.:
519 2689 628 2724 Radix
646 2691 794 2724 omniusn
811 2690 978 2724 malornm
1000 2696 1043 2724 cst
1058 2690 1218 2736 cupiditas
1230 2703 1241 2731 ,·
1265 2702 1351 2736 ergo
1372 2691 1595 2725 continentia
1607 2703 1682 2726 non

126 2752 180 2778 est
199 2743 342 2790 proprie
365 2743 460 2776 circa
481 2743 791 2788 concupiscentias
813 2743 1095 2778 delectationum
1117 2751 1244 2777 tactus.

196 2807 230 2840 4.
252 2797 488 2831 PRAETEREA.
510 2795 782 2830 Delectationes
802 2804 919 2830 tactus
946 2808 1020 2830 non
1049 2795 1170 2830 solum
1203 2804 1284 2830 sunt
1317 2796 1354 2830 in
1382 2797 1486 2831 rebus
1509 2797 1682 2840 venereis,

127 2850 190 2885 sed
212 2851 320 2885 etiam
342 2849 378 2883 in
400 2860 465 2884 usu
488 2849 670 2883 ciborum:
694 2849 756 2883 sed
778 2849 1010 2892 continentia,
1033 2849 1154 2883 solum
1183 2849 1278 2884 circa
1308 2861 1413 2884 usum
1442 2861 1682 2886 venereorum

274 2932 302 2959 S.
323 2932 445 2958 Tuomz
465 2931 570 2957 Summa
594 2930 754 2966 Theologica.
773 2931 838 2958 Vol.
859 2931 912 2958 ΙΙΙ.
1507 2934 1538 2966 65
