1859 3122
516 174 736 210 QUAESTIO
771 174 916 205 CXXIV.
949 174 1193 205 ART1CULUS
1227 175 1252 203 Ι.
1574 162 1654 218 845

176 255 406 290 ΒΕεΡοΝῡΕο
429 255 635 299 dicendum,
657 256 766 303 quod,
792 256 883 291 sicut
910 256 1047 291 dictum
1075 264 1127 291 est
1158 256 1203 302 (q.
1220 262 1332 302 praec.
1355 262 1419 292 art.
1441 268 1468 291 1.
1487 261 1516 291 et
1533 257 1592 302 3.),
1616 256 1659 290 ad

104 310 271 344 virtutem
294 310 459 356 pertinet,
481 311 577 356 quod
601 310 728 357 aliquis
750 311 786 344 in
808 311 905 344 bono
920 309 1069 344 rationis
1084 318 1335 344 conservetur:
1359 309 1522 344 consistit
1540 317 1659 344 autern

104 363 241 398 bonum
263 363 410 398 rationis
432 363 467 396 in
488 365 648 406 veritate,
670 364 761 398 sicut
781 364 816 397 in
839 364 985 410 proprio
1013 363 1168 408 objecto,
1203 371 1237 397 et
1264 363 1299 396 in
1327 363 1471 408 justitia,
1501 363 1593 397 sicut
1625 363 1660 396 in

105 417 250 463 proprio
273 415 413 457 effectu,
440 416 531 450 sicut
561 430 601 451 cx
633 429 737 463 supra
773 417 875 451 dictis
905 425 1001 463 patet
1035 417 1079 462 (q.
1107 429 1181 463 roc).
1204 422 1268 451 art.
1291 429 1318 451 Ι.
1346 423 1374 451 ct
1395 428 1425 451 2.
1453 422 1480 451 et
1502 429 1532 463 q.
1551 423 1660 463 praec.

104 475 167 505 art.
189 471 270 516 12.).·
293 470 444 516 pertinet
467 478 587 504 autem
612 471 654 504 ad
677 471 857 505 rationem
880 470 1053 516 martyrii,
1076 478 1114 504 ut
1136 469 1264 516 aliquis
1286 469 1434 504 firmiter
1456 478 1523 504 stet
1550 471 1585 504 in
1607 481 1663 504 ve-

105 525 218 566 ritate,
241 532 274 558 et
295 524 426 568 justitia
451 532 576 558 contra
595 525 886 571 persequentium
907 525 1082 570 impetus;
1105 524 1198 558 unde
1220 523 1453 558 manifestum
1476 532 1538 566 est,
1567 523 1661 570 quod

105 586 317 624 martyrium
340 585 391 611 cst
414 586 513 611 actus
536 586 687 612 virtutis.

176 632 235 665 AD
261 641 410 665 PRIMUM
432 642 518 676 ergo
542 632 749 674 dicendum,
773 631 868 677 quod
897 631 1042 677 quidam
1074 631 1248 673 dixerunt,
1282 630 1378 677 quod
1410 630 1662 665 innocentibus

105 684 325 720 acceleratus
348 693 401 719 est
422 684 639 719 miraculose
658 685 760 719 liberi
783 685 917 719 arbitrii
939 697 1033 727 usus,
1051 685 1100 719 ita
1121 685 1218 731 quod
1234 685 1341 719 etiam
1356 684 1559 719 voluntarie
1574 696 1663 719 mar-

105 739 237 785 tyrium
259 738 354 785 passi
375 746 475 772 sunt:
498 739 558 772 sed
582 738 664 784 quia
687 739 757 772 hoc
781 750 842 784 per
865 739 1117 772 auctoritatem
1137 738 1341 784 Scripturae
1356 750 1430 773 non
1448 739 1661 785 comproba-

105 801 171 834 tur,
192 792 275 826 idco
298 791 425 826 melius
445 791 638 826 dicendum
662 800 725 832 est,
748 792 843 837 quod
868 792 1028 838 martyrii
1047 792 1213 837 gloriam,
1237 804 1346 838 quam
1363 792 1400 826 in
1423 792 1499 827 aliis
1519 792 1661 839 propria

105 845 271 880 voluntas
294 853 461 886 meretur,
483 844 534 879 illi
556 844 695 891 parvuli
717 845 827 878 occisi
849 856 911 890 per
932 845 1001 879 Dei
1028 845 1181 890 gratiam
1203 854 1285 880 sunt
1307 847 1477 880 assecuti:
1505 857 1592 880 nam
1619 845 1663 879 ef-

104 900 197 934 fusio
221 899 404 945 sanguinis
427 907 572 945 propter
594 898 780 933 Christum
803 898 921 932 vicem
943 898 1034 944 gerit
1048 899 1288 945 baptismatis;
1310 900 1404 933 unde
1419 900 1511 934 sicut
1531 900 1566 933 in
1581 910 1664 946 pue-

105 955 152 989 ris
172 953 359 1000 baptizatis
378 964 440 998 per
462 952 616 998 gratiam
638 951 892 998 baptismalem
914 952 1083 986 meritum
1106 951 1243 986 Christi
1265 961 1435 998 operatur
1449 953 1492 987 ad
1508 952 1663 999 gloriam

105 1007 356 1043 obtinendam:
373 1007 421 1040 ita
439 1014 473 1040 et
487 1006 523 1039 in
545 1005 673 1040 occisis
695 1012 840 1051 propter
855 1005 1043 1039 Christum
1058 1005 1228 1039 meritum
1248 1007 1411 1052 martyrii
1426 1006 1563 1041 Christi
1584 1017 1665 1052 ope-

103 1070 200 1096 ratur
222 1061 265 1095 ad
287 1060 447 1106 palmam
465 1058 627 1105 martyrii
645 1059 961 1104 consequendam
980 1058 1074 1093 unde
1090 1059 1243 1105 August.
1263 1059 1349 1094 dicit
1368 1061 1403 1094 in
1422 1060 1582 1106 quodam
1596 1071 1666 1094 ser-

104 1127 214 1150 mone
245 1114 288 1149 de
317 1113 517 1160 Epiphania
545 1112 618 1156 (66.
645 1111 681 1147 de
707 1112 842 1147 diversis
867 1119 938 1159 cap.
962 1112 1021 1158 3.),
1049 1112 1151 1158 quasi
1177 1123 1240 1147 eos
1266 1112 1474 1159 alloquens:
1500 1113 1595 1147 «Ille
1622 1112 1665 1147 de

104 1177 221 1204 vestra
243 1179 377 1202 corona
405 1165 579 1200 dubitabit
611 1167 648 1200 in
668 1166 837 1212 passione
859 1177 924 1212 pro
956 1165 1115 1209 Christo,
1139 1166 1200 1212 qui
1227 1167 1335 1201 etiarn
1362 1167 1518 1212 parvulis
1539 1167 1667 1213 baptis-

104 1234 206 1257 mum
228 1221 397 1268 prodesse
418 1231 492 1254 non
515 1219 680 1254 aestimat
695 1219 850 1254 Christi:
865 1231 939 1254 non
953 1219 1139 1254 habebatis
1154 1228 1322 1262 aetatem,
1341 1232 1410 1267 qua
1425 1221 1461 1255 in
1475 1231 1665 1267 passurum

105 1276 292 1311 Christum
314 1273 524 1317 crederetis3
542 1273 609 1331 ysed
630 1273 816 1308 habebatis
838 1284 997 1316 carnem,
1018 1273 1055 1307 in
1074 1285 1144 1320 qua
1165 1285 1230 1320 pro
1254 1274 1402 1309 Christo
1421 1285 1570 1321 passuro
1590 1285 1667 1321 pas-

104 1331 245 1365 sionem
267 1327 487 1363 sustineretis
504 1341 536 1361 n.

174 1383 234 1417 AD
257 1392 463 1417 SECUNDUM
493 1380 698 1423 dicendum,
726 1380 821 1426 quod
843 1381 996 1426 August.
1018 1380 1102 1415 ibid.
1125 1381 1222 1423 dicit,
1244 1394 1261 1413 «
1277 1393 1353 1416 esse
1369 1381 1551 1428 possibile,
1567 1381 1663 1428 quod

105 1437 281 1483 aliquibus
302 1435 371 1469 fide
393 1434 509 1480 dignis
530 1434 841 1469 testificationibus
863 1434 982 1468 divina
1010 1435 1226 1481 persuaserit
1253 1435 1447 1470 auctoritas
1468 1435 1665 1477 Ecclesiae,

105 1499 143 1525 ut
165 1490 340 1525 dictarum
362 1497 568 1523 sanctarum
591 1488 807 1522 memoriam
830 1488 1071 1522 honoraret».

176 1543 235 1578 AD
255 1552 426 1577 TERTIUM
445 1541 650 1583 dicendum,
667 1541 762 1587 quod
784 1549 975 1587 praecepta
997 1541 1088 1587 legis
1110 1541 1238 1576 dantur
1253 1542 1295 1577 de
1315 1543 1451 1577 actibus
1472 1542 1664 1577 virtutum:

106 1597 243 1631 dictum
265 1604 385 1630 autem
409 1602 461 1629 est
483 1606 589 1640 supra
613 1594 655 1640 (q.
678 1595 751 1629 108.
774 1600 838 1629 art.
861 1607 888 1629 1.
911 1594 953 1628 ad
972 1596 1037 1640 4.),
1060 1596 1238 1641 quaedam
1260 1605 1452 1642 praecepta
1470 1596 1560 1642 legis
1583 1596 1666 1630 divi-

106 1662 173 1685 nae
193 1649 322 1684 tradita
340 1660 416 1683 esse
433 1648 631 1682 secundum
646 1649 958 1694 praeparationem
974 1648 1107 1691 animi;
1126 1656 1163 1683 ut
1178 1649 1315 1684 scilicet
1328 1650 1442 1684 homo
1461 1650 1506 1684 sit
1523 1658 1666 1696 paratus

105 1704 190 1745 hoc,
210 1703 269 1737 vel
290 1702 378 1736 illud
400 1701 530 1743 facere,
554 1712 637 1735 cum
658 1700 764 1736 fuerit
786 1709 1049 1748 opportunum:
1073 1702 1121 1736 ita
1150 1703 1258 1737 etiam
1285 1712 1320 1738 et
1346 1703 1463 1750 aliqua
1490 1704 1668 1750 pertinent

107 1757 150 1791 ad
170 1765 291 1791 actum
312 1755 450 1789 virtutis
471 1754 671 1789 secundum
693 1757 1006 1801 praeparationem
1029 1756 1152 1799 animi,
1175 1765 1212 1791 ut
1233 1757 1370 1792 scilicet
1390 1758 1666 1804 superveniente

105 1810 168 1844 tali
190 1821 287 1852 casu,
314 1809 428 1843 homo
455 1808 655 1843 secundum
682 1809 860 1842 rationem
888 1817 988 1855 agat,
1016 1818 1050 1843 et
1074 1810 1145 1844 hoc
1173 1813 1364 1857 praecipue
1390 1811 1530 1845 videtur
1552 1811 1668 1845 obser-

105 1863 264 1897 vandum
285 1863 322 1896 in
343 1862 529 1908 martyrio,
556 1861 653 1908 quod
680 1862 843 1896 consistit
867 1862 904 1895 in
931 1863 1048 1897 debita
1075 1864 1284 1898 sustinentia
1307 1865 1516 1910 passionum
1538 1865 1666 1910 injuste

106 1917 340 1952 inflictarum:
362 1927 436 1950 non
459 1924 580 1950 autem
603 1916 708 1950 debet
728 1916 843 1950 horno
866 1916 1102 1951 occasionem
1124 1917 1208 1952 dare
1230 1918 1358 1964 injuste
1381 1919 1530 1964 agendi:
1554 1919 1616 1953 sed
1638 1918 1668 1953 si

107 1970 197 2005 alius
217 1970 346 2016 injuste
368 1969 492 2015 egerit,
514 1969 589 2015 ipse
612 1969 798 2004 moderate
819 1969 974 2004 tolerare
996 1970 1110 2005 debet.

673 2093 1017 2139 ARTICULUS
1053 2095 1107 2138 Π.
1487 2128 1496 2135 .
1601 2107 1669 2154 630

363 2201 516 2231 UTRUM
540 2201 799 2232 MARTYRIUM
822 2203 889 2233 SIT
916 2203 1058 2233 ACTUS
1086 2204 1416 2235 FORTITUDINIS.

180 2290 240 2324 AD
262 2298 470 2324 SECUNDUM
491 2289 541 2323 sic
562 2290 778 2335 proceditur.
801 2290 962 2333 Videtur,
985 2291 1081 2337 quod
1100 2293 1315 2338 martyrium
1329 2304 1403 2327 non
1423 2292 1466 2327 sit
1485 2301 1584 2327 actus
1602 2292 1669 2327 for-

109 2343 288 2378 titudinis:
310 2342 438 2376 dicitur
460 2343 556 2376 enim
569 2343 707 2390 μάρτυρ
723 2344 759 2377 in
779 2355 923 2389 graeco,
945 2346 1045 2390 quasi
1065 2347 1168 2380 testis:
1186 2346 1436 2380 testimonium
1455 2354 1576 2380 autem
1595 2346 1670 2380 red-

111 2396 452 2437 diturfideiChristi‚
464 2396 663 2430 secundum
679 2397 764 2431 illud
780 2398 861 2432 Act.
879 2399 1042 2433 1.:Erit1†s
1068 2399 1151 2433 mihi
1177 2405 1265 2434 testas
1292 2401 1325 2434 in
1346 2400 1567 2441 Hierusalem,
1590 2405 1668 2441 etc.‚·

111 2458 146 2485 et
165 2449 344 2484 Maximus
367 2449 452 2483 dicit
472 2449 509 2483 in
531 2450 690 2495 quodam
711 2462 896 2485 sermone:
923 2452 1072 2486 «Mater
1097 2453 1259 2499 martyrii
1286 2461 1338 2487 est
1363 2453 1449 2487 fides
1477 2452 1669 2495 catholica,

110 2503 147 2538 in
168 2515 238 2549 qua
258 2503 413 2537 illustres
436 2502 591 2537 athletae
613 2515 678 2537 suo
701 2504 875 2549 sanguine
902 2505 1188 2550 subscripserunt
1199 2519 1239 2549 »3
1267 2517 1354 2552 ergo
1382 2506 1596 2552 martyrium
1617 2514 1670 2541 est

110 2557 229 2603 potius
251 2564 351 2590 actus
373 2556 468 2598 fidei,
490 2567 599 2601 quarn
619 2555 847 2592 fortitudinis.

183 2620 214 2643 2.
229 2609 464 2644 ΡΗΑΕΤΕΕΕΑ.
485 2609 597 2643 Actus
615 2608 803 2645 laudabilis
823 2612 866 2645 ad
884 2611 985 2646 illam
999 2611 1168 2646 virtutem
1187 2612 1378 2658 praecipue
1396 2613 1560 2659 pertinet,
1579 2625 1669 2659 quae

113 2663 157 2697 ad
178 2663 297 2708 ipsum
319 2662 479 2704 inclinat,
502 2670 536 2696 et
557 2674 647 2708 quae
671 2663 712 2697 ab
734 2663 812 2709 ipso
835 2664 1095 2707 manifestatur,
1118 2674 1152 2700 et
1173 2666 1248 2699 sine
1268 2677 1337 2711 qua
1359 2666 1434 2712 ipse
1456 2677 1530 2700 non
1551 2666 1668 2701 valet:

114 2715 175 2750 sed
210 2716 253 2749 ad
282 2715 496 2761 martyrium
525 2716 716 2762 praecipue
743 2717 891 2752 inclinat
926 2718 1100 2761 charitas;
1127 2718 1220 2752 unde
1247 2719 1283 2752 in
1310 2720 1467 2765 quodam
1501 2731 1669 2754 sermone

114 2769 265 2802 Maximi
286 2768 431 2803 dicitur:
458 2782 475 2800 ι(
491 2768 658 2803 Charitas
677 2769 814 2804 Christi
830 2770 867 2804 in
887 2771 958 2805 suis
977 2772 1192 2817 martyribus
1206 2772 1317 2806 vincit
1331 2786 1348 2805 >›
1363 2784 1369 2806 ε
1387 2773 1543 2807 maxime
1561 2774 1669 2807 etiam

115 2822 270 2856 charitas
292 2833 354 2867 per
380 2829 502 2856 actum
529 2822 691 2868 martyrii
710 2823 968 2866 manifestatur,
990 2825 1190 2859 secundum
1208 2824 1296 2859 illud
1313 2825 1442 2871 joann.
1469 2837 1539 2871 15.:
1563 2828 1671 2872 Majo-

115 2887 184 2909 rem
206 2875 408 2910 dilectionem
430 2887 523 2910 uerno
544 2875 649 2916 habet,
676 2887 775 2921 quam
797 2881 831 2911 ut
852 2878 1001 2912 animam
1023 2890 1115 2912 suam
1136 2883 1244 2924 ponat
1268 2880 1338 2924 quis
1359 2885 1422 2925 pro
1449 2880 1564 2914 amicis
1583 2881 1669 2915 suis:
