1859 3122
185 176 267 231 968
575 184 793 220 QUAEsrto
827 183 971 213 chJX.
1005 183 1249 213 ARTmULth
1282 183 1342 212 111.

736 304 1080 349 ARTICULUS
1116 305 1196 347 ΙΙΙ.
1675 326 1742 362 722

432 402 583 431 UTRUM
610 401 715 429 Usus
748 401 838 429 viui
873 400 1123 429 TOTALITER
1158 399 1224 428 SIT
1258 399 1488 429 ILttciTtis.

253 479 312 512 AD
328 487 497 512 TERTHJM
521 477 570 510 sic
594 476 808 522 proceditur.
831 475 993 517 Videtur,
1017 474 1112 520 quod
1135 485 1218 508 usus
1240 473 1314 507 vini
1335 473 1491 508 totaliter
1512 474 1557 508 sit
1578 474 1742 509 illicitus:

182 532 257 566 sine
273 531 446 576 sapientia
463 530 558 563 enim
570 540 643 563 non
658 537 776 574 potest
792 528 918 574 aliquis
935 539 1010 562 esse
1027 528 1061 561 in
1077 535 1168 561 statu
1183 527 1325 561 salutis:
1344 527 1473 561 dicitur
1487 527 1583 561 enim
1600 528 1681 574 Sap.
1700 538 1742 572 7.:

182 586 355 620 Neminsm
370 583 476 628 diligit
500 584 598 623 Dum,
623 583 685 615 nisi
705 594 778 616 cnm
800 583 856 627 qni
870 593 943 615 cum
960 582 1123 627 stipienli'a
1145 581 1330 620 inlmlvitat;
1349 587 1382 614 et
1403 579 1493 614 infra
1515 592 1591 626 cap.
1614 592 1665 627 9.:
1681 581 1745 615 Per

180 639 379 684 sapientiam
397 638 507 670 sanati
527 641 610 676 sant,
631 637 824 680 quicumque
837 635 1036 680 placuerunt
1058 635 1129 675 tibi,
1152 634 1308 673 Domine,
1336 644 1354 666 cz
1371 634 1554 679 principio:
1576 633 1638 667 sed
1660 645 1743 668 usus

182 691 255 724 vini
276 690 427 736 impedit
449 689 678 735 sapientiam:
703 688 830 722 dicitur
849 687 945 721 enim
968 686 1087 720 Eccle.
1112 697 1162 720 2.:
1188 686 1343 731 Cogitavi¹
1365 687 1397 719 in
1421 686 1514 720 corda
1535 698 1604 720 meo
1621 687 1745 721 abstra-

182 745 252 778 here
280 756 298 777 ιι
324 745 402 777 vino
435 754 564 777 cm'nsm
597 754 716 783 marim,
745 746 778 775 zat
804 741 1018 786 transferrem
1045 741 1194 773 animum
1223 751 1327 773 metim
1351 738 1392 772 ad
1412 740 1606 785 sapientiam
1619 751 1632 780 ,·
1656 750 1742 786 ergo

182 805 287 843 potus
308 797 383 830 vini
405 804 457 830 est
478 794 726 829 universaliter
747 793 905 828 illicitus.

254 861 284 884 2.
300 850 536 884 PRAETEREA.
559 847 758 894 Apostolus
776 847 860 880 dicit
883 846 925 880 ad
945 846 1051 879 Rom.
1073 846 1287 887 14.:B011mn
1309 849 1350 879 est
1372 856 1436 878 non
1459 844 1658 880 manducare
1673 856 1744 879 car-

182 917 267 946 nem,
294 909 321 938 i'l
339 916 403 937 non
427 905 532 937 lvilwra
553 903 683 943 vinum,
707 913 805 946 neque
828 902 861 934 in
883 911 944 946 quo
964 900 1077 947 frates*
1104 903 1175 932 tuns
1196 898 1382 943 offenditur,
1406 903 1465 932 aict
1483 898 1742 943 scandalizatur,

182 963 237 992 ant
261 958 464 1003 infit-nnitur:
487 956 548 989 sed
571 966 711 989 cessare
733 966 753 988 a
775 955 871 987 bono
894 953 1032 986 virtutis
1056 960 1108 986 est
1129 951 1311 993 vitiosum,
1335 959 1369 985 et
1389 951 1554 985 similiter
1579 950 1744 986 fratribus

182 1010 393 1045 scandalum
416 1020 569 1055 ponere3
593 1019 679 1053 ergo
702 1008 752 1042 uti
774 1007 857 1041 vino
881 1014 933 1040 est
954 1006 1132 1039 illicitum.

253 1077 279 1111 3.
300 1065 535 1099 PRAETEREA.
559 1063 707 1096 Hieron.
731 1061 816 1095 dicit
839 1061 912 1104 (lib.
935 1073 960 1094 Ι.
989 1064 1073 1094 cont.
1097 1059 1210 1102 Jovsn.
1241 1065 1313 1104 cap.
1345 1069 1390 1103 9.,
1418 1062 1445 1091 et
1471 1058 1544 1091 hali.
1573 1063 1659 1103 caps
1686 1058 1739 1092 Ab

182 1118 330 1160 exordio,
350 1119 436 1151 Disl.
456 1116 530 1163 35),
550 1116 645 1161 quod
670 1128 687 1146 ((
710 1115 835 1148 vinum
858 1125 941 1147 cum
964 1112 1129 1146 carnibus
1148 1119 1229 1156 post
1250 1110 1425 1144 diluvium
1448 1118 1501 1144 est
1522 1110 1744 1145 dedicatum:

184 1172 350 1207 Christus
373 1178 491 1204 autem
514 1169 612 1203 venit
632 1169 668 1202 in
691 1168 760 1202 fine
783 1166 1025 1207 saeculorum,
1048 1173 1081 1199 et
1103 1165 1365 1198 extremitatem
1389 1164 1533 1198 retraxit
1555 1164 1598 1198 ad
1619 1163 1747 1210 princi—

183 1226 283 1272 pium
305 1237 342 1265 »3
367 1235 452 1269 ergo
474 1231 638 1268 tempore
663 1221 878 1256 christianae
900 1219 989 1264 legis
1011 1218 1150 1252 videtur
1172 1228 1248 1251 esse
1271 1217 1436 1251 illicitum
1458 1218 1508 1250 uti
1530 1217 1626 1251 vino.

256 1278 329 1312 SED
358 1287 512 1311 CONTRA
536 1283 598 1317 est,
626 1274 722 1320 quod
749 1274 876 1320 Apost.
904 1273 990 1306 dicit
1015 1283 1042 1305 1.
1066 1271 1108 1305 ad
1133 1270 1296 1304 Timoth.
1323 1281 1369 1314 5.:
1393 1270 1474 1305 Noli
1495 1269 1598 1305 adhuc
1621 1280 1743 1316 aquam

184 1333 303 1372 bibere,
330 1330 381 1364 sed
408 1329 533 1363 modico
560 1330 638 1361 *vino
666 1332 751 1361 utera
774 1331 913 1372 propter
937 1325 1139 1359 stomachmn
1166 1329 1270 1365 tinam,
1299 1328 1326 1357 et
1352 1324 1560 1369 >infirmitates
1586 1328 1658 1358 tuas
1675 1323 1746 1368 fre-

183 1390 322 1431 quentes:
346 1392 379 1417 et
401 1382 510 1416 Eccli.
531 1392 581 1427 31.
599 1381 742 1414 dicitur:
761 1380 933 1414 Exultatio
949 1379 1091 1418 ansulas,
1108 1382 1137 1411 et
1153 1376 1258 1411 cordis
1271 1377 1388 1410 vinum
1406 1376 1568 1410 moderate
1578 1381 1744 1422 potatum.

255 1438 483 1471 RESPONDEO
503 1434 708 1474 dicendum,
728 1433 823 1479 quod
841 1431 960 1466 nullus
981 1431 1090 1472 cibus,
1108 1429 1166 1463 vel
1184 1438 1289 1475 potus
1311 1429 1510 1463 secundum
1529 1440 1565 1463 se
1585 1429 1746 1463 conside-

184 1499 280 1525 ratus
308 1498 360 1524 est
387 1489 544 1529 illicitus,
574 1487 773 1522 secundum
803 1485 1019 1519 sententiam
1046 1483 1199 1517 Domini
1226 1482 1386 1523 dicentis,
1413 1482 1540 1516 Matth.
1571 1492 1640 1526 15.:
1668 1482 1746 1516 Non

184 1544 269 1590 qnod
292 1545 396 1578 intrat
423 1544 454 1576 in
478 1553 521 1583 ος,
542 1542 734 1586 coinquinat
756 1540 933 1578 hominunm
958 1546 992 1571 et
1012 1537 1094 1571 ideo
1120 1536 1241 1570 bibere
1263 1537 1400 1577 vinum,
1421 1535 1618 1569 secundum
1641 1545 1678 1569 se
1696 1534 1746 1569 lo-

184 1598 340 1644 quendo,
362 1607 435 1630 non
455 1603 507 1629 est
527 1594 712 1628 illicitum:
735 1600 853 1638 potest
873 1600 995 1626 tamen
1018 1590 1108 1625 reddi
1129 1590 1281 1624 illicitum
1299 1595 1356 1635 per
1374 1588 1534 1623 accidens:
1554 1588 1745 1634 quandoque

185 1651 331 1697 quidem
353 1662 395 1684 ex
418 1648 625 1682 conditione
651 1646 814 1687 bibentis,
842 1645 924 1691 quia
945 1645 1030 1678 vino
1053 1644 1095 1677 de
1116 1642 1214 1676 facili
1234 1642 1397 1684 laeditur,
1417 1641 1476 1675 vel
1497 1641 1579 1688 quia
1601 1653 1643 1675 ex
1664 1652 1741 1686 spe-

186 1704 267 1738 ciali
288 1711 375 1737 voto
398 1702 577 1747 obligatur
597 1700 639 1734 ad
657 1700 782 1733 vinum
804 1710 878 1732 non
904 1697 1119 1731 bibendum:
1143 1695 1335 1742 quandoque
1362 1703 1484 1729 autem
1506 1706 1548 1729 ex
1570 1694 1682 1729 modo
1697 1694 1746 1728 bi-

184 1757 302 1798 bendi,
325 1756 407 1802 quia
426 1755 563 1789 scilicet
585 1763 792 1787 mensuram
813 1752 850 1785 in
870 1751 1026 1785 bibendo
1049 1749 1206 1784 excedit:
1227 1749 1419 1795 quandoque
1441 1755 1562 1782 autern
1580 1759 1623 1782 ex
1643 1755 1743 1794 parte

186 1810 352 1851 aliorum,
375 1809 434 1855 qui
458 1820 498 1842 ex
519 1808 590 1841 hoc
613 1805 909 1841 scandalizantur.

256 1864 315 1897 AD
337 1872 485 1897 PRIMUM
508 1871 595 1905 ergo
618 1859 822 1900 dicendum,
846 1858 941 1904 quod
970 1856 1146 1902 sapientia
1168 1863 1286 1901 potest
1314 1854 1440 1889 haberi
1469 1854 1661 1901 dupliciter:
1679 1865 1744 1888 uno

185 1917 280 1952 modo
302 1915 500 1950 secundum
529 1914 680 1948 modum
711 1922 959 1952 communem,
982 1917 1088 1956 prout
1109 1908 1239 1943 sufficit
1262 1907 1305 1941 ad
1333 1907 1506 1949 salutem;
1537 1915 1573 1942 et
1593 1907 1644 1941 sic
1669 1918 1744 1941 non

184 1970 374 2016 requiritur
396 1969 437 2002 ad
465 1968 679 2013 sapientiam
705 1964 921 2005 habendam,
948 1963 1045 2009 quod
1069 1962 1195 2007 aliquis
1218 1973 1237 1995 a
1262 1961 1348 1994 vino
1375 1960 1526 1994 omnino
1555 1960 1741 2003 abstineat,

185 2024 247 2058 sed
270 2022 365 2068 quod
388 2021 563 2055 abstineat
585 2020 626 2053 ab
648 2018 890 2052 immoderato
918 2027 982 2050 usu
1005 2015 1096 2048 vini:
1119 2015 1184 2048 alio
1207 2014 1300 2048 modo
1327 2014 1525 2048 secundum
1548 2014 1743 2060 quemdam

185 2075 414 2122 perfectionis
445 2074 615 2118 gradum3
646 2080 680 2105 et
708 2071 759 2105 sic
786 2070 976 2115 requiritur
1006 2069 1041 2102 in
1070 2067 1245 2113 aliquibus
1276 2067 1319 2100 ad
1348 2066 1503 2113 perfecte
1531 2067 1743 2113 sapientiam

184 2128 465 2176 percipiendam,
483 2127 578 2172 quod
595 2125 744 2159 omnino
760 2135 778 2157 a
797 2124 882 2157 vino
899 2122 1109 2163 abstineant,
1124 2121 1325 2155 secundum
1340 2120 1564 2154 conditiones
1580 2131 1744 2166 quarum—

185 2184 269 2216 dam
292 2191 540 2227 personarum,
563 2187 597 2212 et
617 2178 796 2211 locorum.
1072 2200 1074 2203 v

257 2236 316 2269 An
338 2243 544 2268 SECUNDUM
578 2231 783 2271 dicendum,
806 2229 901 2275 quod
929 2227 1128 2274 Apostolus
1149 2238 1222 2261 non
1253 2226 1464 2272 simpliciter
1485 2225 1581 2267 dicit,
1605 2225 1743 2260 bonum

185 2300 262 2323 esse
284 2289 459 2322 abstinere
483 2297 501 2319 a
522 2285 619 2326 vino,
641 2283 703 2318 sed
726 2284 760 2316 in
783 2294 866 2316 casu
889 2282 923 2315 in
947 2292 1018 2327 quo
1041 2292 1084 2314 ex
1105 2281 1175 2314 hoc
1199 2279 1308 2325 aliqui
1330 2278 1627 2313 scandalizantur.

257 2342 316 2375 AD
351 2349 521 2374 TERTIUM
544 2337 747 2377 dicendum,
778 2336 873 2381 quod
902 2335 1066 2369 Christus
1094 2333 1241 2367 retrahit
1262 2344 1328 2366 nos
1351 2344 1370 2365 a
1400 2332 1624 2377 quibusdam,
1651 2331 1744 2366 sicut

185 2395 336 2430 omnino
358 2393 502 2433 illicitis,
526 2403 544 2425 a
561 2390 773 2437 quibusdam
788 2400 885 2429 vero,
908 2388 999 2421 sicut
1014 2387 1055 2420 ab
1071 2386 1336 2432 impedimentis
1354 2384 1603 2431 perfectionis;
1623 2392 1658 2418 et
1670 2384 1741 2418 hoc

185 2449 296 2482 modo
318 2446 465 2481 retrahit
484 2444 622 2490 aliquos
645 2455 663 2477 a
685 2443 769 2476 vino
784 2449 928 2488 propter
942 2441 1100 2475 studium
1122 2439 1362 2485 perfectionis,
1385 2438 1476 2472 sicut
1498 2445 1532 2472 et
1553 2449 1572 2472 a
1595 2437 1738 2480 divitiis,

185 2510 221 2536 et
242 2500 320 2535 aliis
341 2498 562 2545 hujusmodi.

745 2576 1087 2636 ARTICULUS
1124 2575 1198 2618 iv.
1673 2593 1738 2630 723

224 2673 374 2703 UTRUM
408 2670 642 2700 SOBRIE'I‘AS
676 2669 806 2698 MAGIS
840 2666 1117 2702 REQUIRATUR
1142 2666 1185 2695 IN
1218 2663 1452 2706 MAJORIBUS
1486 2662 1706 2693 PERSONIS·

772 2738 816 2782 (Ι.
846 2737 932 2770 Tim.
955 2747 984 2770 2.
1009 2735 1078 2769 lert.
1102 2736 1161 2779 2.).

256 2819 315 2852 AD
338 2827 524 2857 QUARTUM
547 2818 596 2850 sic
619 2814 834 2861 proceditur.
849 2812 1011 2852 Videtur,
1034 2811 1129 2857 quod
1148 2810 1320 2845 sobrietas
1344 2809 1460 2854 magis
1482 2807 1682 2854 requiratur
1702 2807 1738 2842 in

184 2871 379 2917 majoribus
402 2870 577 2917 personis:
606 2877 769 2903 senectus
793 2867 888 2901 enim
911 2865 1161 2900 excellentiam
1184 2863 1379 2909 quamdam
1401 2861 1541 2895 homini
1563 2868 1738 2907 praestat3
