1859 3122
543 174 763 210 QUAESTIO
797 174 911 204 LXVI.
946 173 1189 204 ARTICULUS
1222 172 1279 201 IX.
1578 171 1660 214 495

658 344 998 390 ARTICULUS
1029 344 1104 386 ix.
1423 372 1425 374 -
1600 351 1664 398 376

234 452 386 482 UTRUM
415 453 593 482 FURTUM
625 453 691 482 SIT
725 452 908 482 GRAYIUS
937 451 1187 490 PECCATUM,
1215 451 1337 486 QUAM
1370 450 1539 479 RAPINA.

177 539 278 585 (Insr.
306 552 335 586 q.
364 551 408 586 73.
436 545 500 574 art.
519 552 546 587 3.
569 539 611 574 ιιιί
632 551 662 575 2.
678 545 705 574 ct
731 552 760 585 q.
780 540 849 574 116.
877 544 940 574 art.
963 551 992 574 2.
1009 539 1051 573 ml
1071 552 1097 574 1.
1124 544 1154 573 ut
1178 550 1208 584 q.
1235 549 1303 582 114.
1331 544 1394 572 art.
1417 549 1447 572 2.
1467 536 1508 570 ml
1530 536 1592 581 4.).

176 629 236 663 AD
258 640 398 663 NONL'M
433 629 482 663 sic
517 629 732 675 proceditur.
754 628 916 669 Videtur,
944 627 1040 673 quod
1068 627 1202 661 furtum
1232 627 1276 660 sit
1298 626 1440 671 gravius
1463 633 1665 671 peccatum,

105 693 214 728 quam
236 683 377 729 rapina:
405 682 538 716 furtum
565 683 662 716 enim
684 692 788 728 super
814 681 1065 727 acceptionem
1091 681 1141 714 rei
1163 680 1301 713 alienae
1329 679 1434 712 habet
1459 679 1664 723 adjunctam

105 735 278 778 fraudem,
306 744 340 770 et
361 735 499 778 dolum,
521 736 617 782 quod
639 747 712 769 non
735 743 788 769 est
805 735 841 768 in
860 736 1002 781 rapina:
1026 734 1086 768 scd
1109 733 1215 775 fraus,
1231 741 1265 766 et
1287 732 1389 766 dolus
1412 733 1454 766 dc
1476 743 1513 766 se
1532 732 1667 765 habent

105 789 283 823 rationem
306 791 456 835 peccati,
475 798 513 823 ut
534 801 639 835 supra
658 789 820 822 habitum
843 796 895 822 est
921 789 966 834 (q.
990 800 1034 834 55.
1057 793 1120 822 nrt.
1144 798 1176 831 4.
1204 792 1233 821 et
1255 788 1314 832 5.);
1339 797 1425 831 crgo
1454 785 1587 819 furtum
1614 793 1666 819 est

105 843 247 888 gravius
271 850 472 889 peccatum,
495 854 602 888 quam
630 842 765 888 rapina.

174 907 205 930 2.
224 897 459 931 PRAETEREA.
475 895 702 930 Verecundia
725 903 778 929 est
798 895 908 929 timor
930 894 973 929 de
994 894 1087 940 turpi
1111 902 1203 935 actu,
1226 901 1264 927 ut
1291 893 1420 926 dicitur
1441 893 1477 926 in
1499 902 1533 935 4.
1549 892 1664 926 Ethic.

105 949 190 996 (cap.
219 951 308 995 ult.).-
331 950 393 984 sed
413 950 528 995 magis
549 949 836 983 verecundantur
853 948 1022 982 homines
1037 948 1080 981 de
1098 947 1205 989 furto,
1221 957 1331 993 quam
1353 946 1396 980 de
1419 946 1563 992 rapina3
1579 956 1665 991 ergo

103 1002 236 1037 furtum
259 1012 312 1038 cst
330 1003 477 1049 turpius,
505 1014 613 1049 quam
635 1003 770 1047 rapina.

178 1069 206 1103 3.
228 1057 463 1091 PRAETEREA.
487 1056 636 1097 Quanto
671 1055 816 1102 aliquod
849 1063 1040 1102 peccatum
1071 1053 1229 1100 pluribus
1250 1061 1370 1095 nocet,
1392 1060 1494 1086 tanto
1519 1052 1663 1098 gravius

105 1122 181 1145 esse
202 1110 360 1144 videtur:
383 1110 445 1144 sed
467 1121 530 1156 per
548 1109 680 1143 furtum
704 1117 823 1155 potest
836 1116 1099 1143 nocumentum
1122 1107 1243 1141 inferri
1263 1115 1297 1141 et
1315 1107 1469 1151 magnis,
1480 1114 1514 1140 et
1528 1106 1666 1152 parvis,

103 1175 166 1209 per
187 1164 350 1210 rapinam
373 1171 493 1197 autern
512 1162 631 1197 solum
649 1163 921 1208 impotentibus,
943 1162 1070 1207 quibus
1085 1169 1203 1206 potest
1223 1160 1397 1194 violentia
1419 1159 1560 1201 inferri,
1579 1170 1666 1205 ergo

103 1218 246 1263 gravius
267 1217 406 1251 videtur
428 1228 505 1251 esse
520 1225 709 1262 peccatum
731 1216 826 1258 furti,
849 1228 958 1262 quam
984 1215 1142 1260 rapinae.

175 1271 248 1305 SED
271 1281 426 1305 CONTRA
460 1279 523 1312 est,
546 1270 642 1316 quod
665 1270 865 1304 secundum
899 1269 999 1315 leges
1033 1269 1176 1314 gravius
1215 1268 1360 1314 punitur
1388 1268 1524 1314 rapina,
1555 1278 1665 1314 quam

103 1323 247 1358 furtum.

173 1378 402 1413 RESPONDEO
430 1377 635 1419 dicendum,
662 1377 758 1423 quod
785 1377 921 1422 rapina,
944 1384 978 1411 et
998 1375 1132 1410 furtum
1159 1376 1294 1410 habent
1315 1375 1494 1409 rationem
1516 1376 1665 1421 peccati,

103 1433 194 1466 sicut
214 1443 320 1477 supra
342 1432 479 1465 dictum
502 1439 554 1465 est
574 1432 654 1476 (art.
681 1442 713 1475 4.
736 1436 765 1466 et
784 1431 816 1465 6.
836 1431 904 1476 huj.
927 1431 986 1476 q.),
1010 1439 1156 1476 propter
1177 1429 1472 1471 involuntarium,
1496 1429 1592 1474 quod
1614 1437 1667 1462 est

104 1497 145 1519 ex
178 1493 278 1531 parte
312 1487 400 1531 ejus,
428 1485 485 1518 cui
507 1484 641 1530 aliquid
664 1484 838 1518 aufertur:
862 1484 910 1517 ita
931 1492 1054 1517 tamen
1085 1483 1182 1528 quod
1203 1483 1239 1516 in
1265 1482 1359 1516 furto
1388 1491 1439 1516 est
1465 1482 1666 1516 involunta-

103 1539 196 1572 rium
226 1549 287 1584 per
308 1538 571 1584 ignorantiam,
599 1538 635 1571 in
665 1538 790 1584 rapina
825 1545 946 1571 autem
968 1545 1021 1571 est
1042 1535 1326 1570 involuntarium
1353 1548 1416 1582 per
1436 1536 1663 1570 violentiam:

104 1593 220 1637 magis
242 1600 295 1626 est
317 1599 438 1625 autem
473 1590 607 1636 aliquid
640 1591 925 1624 involuntarium
947 1602 1008 1635 per
1035 1589 1258 1631 violentiam,
1282 1601 1390 1635 quam
1419 1601 1481 1634 per
1502 1591 1667 1635 ignoran-

102 1654 127 1679 ti
131 1657 206 1679 1111
231 1645 312 1691 quia
333 1644 508 1679 violentia
539 1644 707 1678 directius
731 1644 924 1690 opponitur
938 1643 1127 1685 voluntati,
1155 1654 1262 1689 quam
1282 1643 1504 1688 ignorantia,
1527 1651 1562 1676 et
1582 1643 1664 1676 ideo

102 1699 226 1744 rapina
253 1707 306 1733 est
331 1698 474 1743 gravius
492 1706 684 1743 peccatum
711 1709 820 1743 quam
845 1697 998 1731 furtum:
1027 1705 1080 1731 est
1106 1705 1140 1731 et
1167 1696 1235 1730 alia
1261 1697 1364 1738 ratio,
1393 1697 1474 1742 quia
1494 1708 1557 1742 per
1576 1696 1666 1742 rapi-

102 1764 188 1786 nam
209 1764 283 1786 non
305 1751 425 1786 solum
443 1750 592 1785 infertur
614 1751 721 1784 alicui
743 1751 946 1784 damnum
938 1762 974 1783 m
996 1750 1112 1792 rebus,
1136 1750 1197 1784 sed
1220 1749 1328 1784 etiam
1351 1750 1466 1795 vergit
1486 1750 1522 1782 in
1544 1760 1665 1795 quam-

102 1806 186 1839 dam
208 1816 383 1851 personae
409 1805 663 1850 ignominiam,
690 1804 764 1838 sive
790 1804 976 1849 injuriam:
1005 1811 1039 1838 et
1064 1804 1135 1838 hoc
1166 1803 1429 1849 praeponderat
1454 1802 1581 1845 fraudi,
1607 1802 1666 1837 vel

101 1858 198 1901 dolo,
213 1870 304 1905 quae
325 1859 504 1904 pertinent
524 1858 567 1892 ad
588 1858 734 1892 furtum.

173 1912 279 1947 Unde
299 1920 398 1958 patet
417 1912 604 1958 responsio
626 1923 676 1946 AD
698 1922 856 1946 PRlMUM.

172 1966 232 2000 AD
254 1976 461 2000 SECUNDUM
483 1965 688 2006 dicendum,
715 1965 811 2011 quod
837 1965 1005 1998 homines
1028 1963 1254 1999 sensibilibus
1281 1963 1521 2006 inhaerentes,
1544 1963 1662 2009 magis

103 2019 302 2065 gloriantur
323 2020 366 2053 cle
386 2019 516 2052 virtute
539 2019 717 2060 exteriori,
740 2029 830 2064 quae
850 2017 1098 2052 manifestatur
1125 2017 1160 2051 in
1181 2017 1318 2063 rapina,
1338 2028 1447 2063 quam
1469 2017 1512 2051 de
1535 2017 1664 2051 virtute

101 2073 273 2116 interiori,
292 2075 384 2120 quae
404 2072 542 2107 tollitur
563 2084 625 2119 per
640 2080 849 2118 peccatum:
873 2080 907 2106 et
927 2072 1009 2105 ideo
1025 2072 1143 2105 minus
1157 2070 1447 2105 verecundantur
1466 2071 1509 2105 de
1526 2071 1664 2117 rapina,

103 2138 212 2172 quam
234 2127 277 2161 de
298 2126 405 2160 furto.

173 2181 233 2215 AD
262 2190 432 2215 TERTIUM
458 2179 662 2222 dicendum,
696 2180 793 2225 quod
825 2179 911 2213 licet
943 2178 1103 2225 pluribus
1133 2179 1247 2224 possit
1273 2179 1398 2212 noceri
1433 2190 1496 2224 per
1516 2178 1663 2220 furtum,

104 2245 212 2279 quam
233 2245 296 2279 per
316 2233 496 2279 rapinam;
518 2241 642 2267 tamen
664 2233 829 2278 graviora
850 2240 1072 2266 nocumenta
1090 2240 1241 2277 possunt
1260 2232 1382 2266 inferri
1404 2243 1466 2277 per
1487 2233 1662 2278 rapinam,

104 2299 212 2333 quarn
234 2298 296 2333 per
313 2286 463 2330 furtum3
485 2286 579 2320 unde
602 2286 711 2321 etiam
733 2297 775 2320 ex
795 2286 866 2320 hoc
894 2285 1018 2332 rapina
1040 2293 1093 2320 est
1114 2284 1369 2319 detestabilior.
