1859 3122
531 199 748 234 QUAESTIO
782 199 883 229 CLII.
917 198 1160 228 ARTICULUS
1193 199 1220 229 Ι.
1574 199 1656 242 979

100 281 156 315 lib.
182 281 218 314 de
239 281 271 315 S.
298 281 453 325 Virginit.
481 287 552 327 cap.
576 281 649 327 13),
679 280 775 327 quod
801 280 1018 325 «virginitas
1040 287 1093 314 est
1114 280 1148 313 in
1173 291 1279 314 carne
1302 279 1524 325 corruptibili
1546 279 1661 314 incor-

100 334 276 380 ruptionis
298 342 469 380 perpetua
492 334 679 368 meditatio
696 347 732 369 »:
755 335 815 368 sed
839 333 1024 368 meditatio
1043 344 1118 367 non
1139 334 1292 379 pertinet
1314 333 1357 367 ad
1385 344 1553 376 carnem3
1573 345 1660 380 ergo

100 387 285 433 virginitas
306 398 380 420 non
404 388 567 421 consistit
585 388 619 421 in
643 399 760 421 carne.

172 450 203 474 2.
226 440 462 475 PRAETEREA.
478 440 676 485 Virginitas
695 440 904 486 pudicitiam
925 440 1120 486 quamdam
1142 440 1331 486 importat:
1355 440 1415 474 sed
1439 440 1660 486 Augustinus

100 493 186 528 dicit
207 494 242 527 in
270 505 296 527 1.
324 494 367 528 de
397 494 476 528 Civ.
504 494 572 528 Dei
589 495 677 540 (cap.
697 495 776 539 18),
795 493 890 539 quod
913 493 1113 540 «pudicitia
1133 493 1295 527 consistit
1316 494 1353 526 in
1377 494 1497 528 anima
1512 507 1552 536 »3
1572 505 1660 540 ergo

100 546 287 592 virginitas
309 558 382 580 non
406 548 569 581 consistit
590 548 626 581 in
648 548 764 581 carnis
787 547 1067 592 incorruptione.

177 612 204 644 3.
226 601 463 635 Palmam.
488 601 617 635 Carnis
640 601 825 645 integritas
847 601 986 635 videtur
1009 601 1205 635 consistere
1221 601 1256 634 in
1272 601 1461 646 signaculo
1476 602 1661 647 virginalis

102 653 266 700 pudoris:
291 655 351 688 sed
374 654 590 700 quandoque
613 655 746 700 absque
768 655 982 699 virginitatis
1005 654 1225 699 praejudicio
1250 654 1424 700 frangitur
1444 655 1532 688 illud
1547 656 1662 701 signa-

103 706 242 741 culum:
266 708 351 740 dicit
379 708 475 741 enim
503 708 654 753 August.
679 708 712 741 in
740 719 766 741 1.
790 708 832 742 de
856 708 934 741 Civ.
958 708 1026 742 Dei
1049 708 1127 752 (loc.
1147 709 1229 752 sih),
1254 708 1350 753 quod
1376 707 1469 741 «illa
1498 709 1660 742 membra

103 768 252 806 possunt
273 761 421 794 diversis
445 761 585 794 casibus
606 761 792 795 vulnerata
814 761 887 794 vim
911 761 1062 807 perpeti:
1092 769 1126 795 et
1147 761 1278 795 medici
1310 762 1526 808 quandoque
1556 762 1661 797 saluti

103 813 319 859 opitulantes
347 814 436 848 haec
468 814 514 847 ibi
537 813 683 856 faciunt,
706 826 797 860 quae
818 814 941 848 horret
970 822 1152 860 aspectus:
1176 814 1348 848 obstetrix
1377 815 1486 848 etiarn
1507 815 1657 861 virginis

103 867 290 911 cujusdam
319 867 563 911 integritatem
590 879 699 900 manu
726 867 824 901 velut
855 867 1058 913 explorans,
1089 867 1176 900 dum
1206 867 1360 913 inspicit,
1393 868 1546 914 perdidit
1560 881 1601 910 »;
1629 877 1663 902 et

103 920 238 954 subdit:
265 933 282 951 «
297 920 380 953 Non
403 921 544 966 opinor,
567 932 787 966 quemquam
809 929 882 954 tam
907 920 1012 954 stulte
1035 931 1171 966 sapere,
1194 929 1231 954 ut
1253 921 1336 954 huic
1361 921 1506 966 periisse
1530 921 1660 967 aliquid

103 973 282 1006 existimet
304 974 412 1007 etiam
435 974 478 1008 de
500 974 608 1019 ipsius
632 974 793 1019 corporis
815 974 1015 1014 sanctitate,
1038 973 1202 1019 quamvis
1226 974 1379 1007 membri
1402 974 1495 1023 illius
1522 975 1664 1021 integri-

102 1034 174 1061 tate
195 1027 268 1071 jam
291 1027 426 1072 perdita
441 1040 481 1068 »3
504 1038 591 1072 ergo
613 1027 798 1071 virginitas
820 1037 892 1059 non
917 1026 1079 1060 consistit
1100 1027 1136 1059 in
1160 1027 1276 1060 carnis
1295 1027 1577 1073 incorruptione.

173 1090 205 1122 4.
228 1079 464 1114 PRAETEREA.
488 1080 684 1126 Corruptio
707 1080 824 1113 carnis
846 1079 1003 1113 maxime
1026 1079 1061 1112 in
1081 1079 1228 1113 seminis
1243 1079 1465 1114 resolutione
1485 1081 1660 1123 consistit,

103 1144 194 1178 quae
217 1141 334 1179 potest
356 1133 429 1166 fieri
452 1133 527 1167 sine
551 1133 757 1173 concubitu,
779 1132 837 1166 vel
858 1133 894 1166 in
917 1132 1144 1173 dormiendo,
1166 1132 1224 1166 vel
1246 1134 1355 1166 etiam
1377 1133 1581 1178 vigilando:
1602 1135 1663 1168 sed

103 1187 179 1220 sine
202 1187 395 1220 concubitu
417 1198 490 1220 non
517 1186 658 1220 videtur
678 1186 777 1232 perdi
804 1186 1007 1231 virginitas:
1037 1186 1122 1219 dicit
1153 1186 1250 1219 enim
1283 1186 1437 1231 August.
1468 1187 1504 1220 in
1535 1187 1594 1221 lib.
1622 1188 1665 1222 de

103 1239 269 1284 Virginit.
293 1240 383 1286 (rap.
407 1241 482 1285 13),
507 1241 603 1285 quod
629 1239 846 1283 «virginalis
869 1239 1067 1283 integritas,
1090 1247 1124 1273 et
1145 1251 1208 1285 per
1223 1239 1320 1285 piam
1343 1240 1607 1274 continentiam
1623 1241 1664 1275 ab

103 1293 205 1327 omni
226 1293 419 1326 concubitu
441 1293 664 1334 immunitas,
691 1292 857 1338 angelica
883 1292 1000 1338 portio
1029 1300 1081 1326 est
1102 1305 1138 1334 »3
1167 1303 1253 1338 ergo
1275 1293 1461 1338 virginitas
1482 1305 1556 1327 non
1583 1305 1667 1328 con-

104 1346 194 1380 sistit
213 1346 250 1379 in
273 1347 388 1380 carnis
411 1347 694 1392 incorruptione.

175 1399 250 1434 SED
273 1410 428 1434 CONTRA
450 1407 514 1440 est,
537 1399 633 1445 quod
656 1399 809 1444 August.
832 1399 868 1432 in
891 1398 1022 1433 eodem
1052 1398 1111 1433 lib.
1133 1400 1222 1445 (sap.
1244 1399 1294 1443 8.)
1318 1399 1414 1441 dicit,
1437 1400 1534 1446 quod
1559 1413 1577 1431 «
1594 1400 1660 1434 vir-

105 1453 233 1499 ginitas
255 1461 308 1488 est
329 1454 563 1495 continentia,
587 1465 656 1499 qua
682 1452 867 1498 integritas
891 1452 1006 1486 carnis
1028 1452 1095 1498 ipsi
1119 1452 1285 1486 Creatori
1307 1452 1462 1495 animae,
1486 1461 1520 1487 et
1547 1453 1663 1488 carnis

104 1515 268 1548 vovetur,
291 1515 533 1547 consecratur,
557 1514 762 1540 servatur».

176 1560 404 1594 RESPONDEO
420 1559 624 1601 dicendum,
641 1559 736 1605 quod
751 1570 887 1592 nornen
901 1558 1114 1604 virginitatis
1130 1570 1149 1593 a
1167 1559 1285 1593 virore
1305 1569 1490 1605 sumptum
1505 1560 1660 1595 videtur:

105 1622 141 1648 et
160 1614 252 1648 sicut
272 1613 358 1648 illud
381 1613 508 1647 dicitur
529 1614 658 1655 virens,
681 1621 715 1647 et
735 1613 772 1646 in
794 1624 859 1646 suo
881 1613 999 1646 virore
1026 1612 1225 1658 persistere,
1248 1612 1343 1658 quod
1370 1624 1444 1646 non
1467 1621 1520 1647 est
1543 1624 1585 1647 ex
1608 1625 1662 1647 su-

106 1667 386 1714 perabundantia
400 1666 529 1701 caloris
545 1667 772 1700 adustionem
788 1674 990 1711 expertum:
1008 1665 1056 1699 ita
1072 1665 1180 1699 etiam
1195 1665 1380 1711 virginitas
1395 1666 1466 1700 hoc
1481 1666 1665 1712 importat,

105 1721 202 1767 quod
223 1732 388 1767 persona,
411 1721 468 1754 cui
488 1720 590 1762 inest,
613 1720 785 1753 immunis
808 1720 852 1753 sit
873 1731 892 1752 a
915 1719 1232 1765 concupiscentiae
1255 1719 1454 1761 adustione,
1477 1731 1568 1766 quae
1587 1732 1666 1755 esse

105 1775 244 1809 videtur
264 1775 300 1808 in
323 1774 639 1808 consummatione
667 1773 846 1807 maximae
874 1772 1125 1807 delectationis
1152 1772 1362 1818 corporalis,
1389 1773 1504 1819 qualis
1532 1782 1585 1808 est
1610 1785 1667 1808 ve-

105 1839 298 1862 nereorum
320 1827 531 1870 delectati03
554 1827 648 1861 unde
674 1826 891 1860 Ambrosius
918 1826 1004 1859 dicit
1024 1826 1060 1859 in
1082 1825 1140 1860 lib.
1168 1837 1194 1860 1.
1218 1826 1262 1860 de
1289 1825 1473 1872 virginib„
1495 1827 1591 1872 quod
1614 1838 1668 1861 ca-

106 1882 205 1916 stitas
225 1881 410 1926 virginalis
431 1889 484 1915 est
505 1892 630 1926 expers
653 1880 881 1925 contagionis
908 1879 1104 1925 integritas.
1132 1880 1173 1913 In
1201 1879 1440 1914 delectatione
1468 1888 1589 1914 autem
1610 1892 1667 1915 ve-

106 1946 297 1970 nereorum
320 1936 386 1968 tria
413 1941 465 1968 est
492 1933 737 1968 considerare:
768 1945 869 1967 unum
902 1933 1059 1978 quidem,
1082 1933 1178 1978 quod
1209 1941 1260 1967 est
1289 1944 1331 1967 ex
1361 1942 1460 1979 parte
1491 1934 1666 1979 corporis,

107 1988 245 2022 scilicet
264 1987 415 2022 violatio
437 1987 615 2033 signaculi
635 1986 836 2032 virginalis:
861 1986 951 2020 aliud
973 1993 1093 2019 autern
1122 1993 1184 2027 est,
1212 1986 1247 2019 in
1275 1998 1346 2031 quo
1374 1987 1605 2032 conjungitur
1631 1987 1666 2021 id

108 2041 204 2087 quod
226 2049 279 2075 est
301 2041 455 2084 animae,
478 2052 561 2074 cuin
589 2051 631 2074 eo
659 2040 755 2086 quod
778 2047 831 2073 est
853 2039 1026 2085 corporis,
1054 2038 1191 2073 scilicet
1216 2039 1294 2085 ipsa
1319 2039 1492 2074 resolutio
1519 2040 1668 2074 seminis

109 2094 386 2129 delectationem
408 2093 613 2128 sensibilem
637 2104 806 2126 causans:
830 2093 959 2126 tertium
984 2100 1104 2125 autem
1124 2099 1175 2125 est
1194 2092 1313 2126 solum
1332 2104 1375 2127 ex
1394 2101 1493 2139 parte
1512 2093 1666 2135 animae,

108 2146 246 2182 scilicet
266 2147 492 2193 propositum
515 2145 744 2191 perveniendi
769 2145 812 2178 ad
834 2144 945 2179 talem
967 2144 1258 2178 delectationem.
1286 2146 1325 2179 In
1353 2146 1479 2191 quibus
1501 2146 1611 2180 tribus
1633 2146 1668 2180 id

110 2200 206 2246 quod
222 2202 336 2247 primo
358 2200 515 2246 positum
538 2207 602 2241 est,
624 2210 686 2245 per
708 2198 876 2232 accidens
898 2209 935 2231 se
957 2198 1067 2232 habet
1085 2198 1128 2231 ad
1149 2198 1329 2232 moralem
1352 2206 1484 2240 actum,
1507 2199 1568 2244 qui
1593 2210 1667 2233 non

110 2253 358 2288 consideratur
378 2264 440 2299 per
461 2263 510 2294 se,
532 2252 601 2286 nisi
622 2251 822 2286 secundum
844 2262 885 2285 ea
907 2262 998 2296 quae
1016 2258 1099 2285 sunt
1118 2251 1278 2285 animae:
1297 2252 1472 2286 secundum
1490 2263 1577 2286 vero
1596 2263 1670 2286 ma-

109 2307 280 2342 terialiter
300 2318 336 2340 se
358 2306 467 2340 habet
486 2305 529 2339 ad
552 2313 671 2339 actum
692 2304 888 2339 moralem:
908 2315 993 2337 nam
1012 2304 1197 2338 sensibiles
1215 2304 1401 2350 passiones
1420 2312 1502 2338 sunt
1519 2305 1668 2339 materia

111 2359 304 2395 moralium
328 2367 492 2393 actuum:
513 2360 644 2393 tertium
662 2369 748 2392 vero
767 2369 804 2391 se
822 2358 932 2391 habet
948 2357 1159 2400 formaliter,
1175 2366 1209 2391 et
1225 2357 1457 2403 completive:
1477 2357 1559 2403 quia
1577 2358 1668 2391 ratio

111 2412 305 2447 moralium
327 2413 363 2446 in
391 2423 446 2453 eo,
473 2411 570 2457 quod
597 2419 651 2445 est
675 2410 834 2453 rationis,
863 2410 1083 2456 completur,
1111 2411 1194 2456 quia
1221 2421 1307 2455 ergo
1330 2410 1514 2456 virginitas
1541 2411 1670 2444 dicitur

111 2478 173 2512 per
205 2465 448 2499 remotionem
482 2464 686 2510 praedictae
716 2464 966 2510 corruptionis,
1001 2475 1225 2509 consequens
1259 2471 1322 2504 est,
1354 2463 1450 2508 quod
1484 2463 1669 2509 integritas

112 2519 264 2554 membri
289 2517 487 2564 corporalis
508 2529 572 2563 per
593 2517 760 2551 accidens
787 2528 824 2551 se
851 2517 982 2550 habeat
1003 2517 1046 2550 ad
1068 2516 1330 2561 virginitatem:
1358 2516 1434 2561 ipsa
1461 2524 1581 2550 autem
1607 2516 1672 2549 im-

112 2572 268 2606 munitas
287 2583 306 2605 a
328 2570 579 2611 delectatione,
601 2581 692 2615 quae
711 2570 873 2604 consistit
893 2570 929 2603 in
951 2569 1098 2603 seminis
1122 2568 1355 2610 resolutione,
1377 2580 1414 2602 se
1436 2569 1544 2602 habet
1562 2577 1670 2603 mate-

113 2625 265 2660 rialiter:
288 2625 405 2670 ipsum
429 2631 550 2657 autem
567 2623 793 2669 propositum
814 2630 986 2669 perpetuo
1010 2622 1211 2656 abstinendi
1237 2633 1256 2654 a
1282 2620 1345 2655 tali
1366 2621 1606 2656 delectatione
1632 2633 1669 2656 se

113 2678 222 2712 habet
243 2677 454 2721 formaliter,
476 2684 511 2710 et
532 2675 749 2721 completive
771 2676 806 2709 in
827 2676 1042 2722 virginitate.

184 2731 243 2764 AD
269 2740 418 2764 PRIMUM
440 2740 526 2775 ergo
549 2729 753 2771 dicendum,
776 2729 871 2774 quod
892 2729 953 2762 illa
975 2728 1133 2762 definitio
1155 2727 1349 2772 Augustini
1370 2727 1485 2773 tangit
1511 2728 1669 2774 quidem,

114 2785 150 2819 in
173 2791 271 2818 recto
293 2783 340 2824 id,
363 2782 459 2828 quod
478 2790 531 2816 est
550 2781 704 2816 formale
722 2782 758 2815 in
775 2782 995 2827 virginitate:
1018 2792 1103 2814 nam
1122 2791 1183 2825 per
1202 2779 1443 2814 meditationem
1460 2780 1670 2827 intelligitur

115 2837 341 2884 propositum
363 2835 527 2870 rationis:
551 2834 647 2880 quod
671 2842 792 2869 autem
815 2835 964 2879 additur,
979 2839 1151 2880 perpetua,
1171 2844 1245 2866 non
1263 2833 1313 2867 sic
1331 2832 1553 2879 intelligitur,
1573 2834 1668 2880 quod

117 2897 283 2937 oporteat
308 2889 484 2936 virginem
513 2899 655 2935 semper
682 2896 762 2922 actu
790 2887 900 2922 talem
931 2887 1204 2922 meditationem
1230 2885 1374 2928 habere,
1401 2886 1462 2920 sed
1489 2886 1572 2933 quia
1597 2886 1668 2921 hoc
