1859 3122
459 220 677 256 QUAESTIO
710 220 827 250 XLIII.
862 220 1106 250 ARTmULus
1140 198 1182 250 n.
1530 222 1612 265 327

52 301 109 335 vel
131 301 250 347 ipsum
265 312 367 347 opus,
383 302 478 347 quod
496 301 589 344 facit,
606 310 658 336 est
676 310 882 348 peccatum;
905 302 962 336 vel
978 303 1087 336 etiam
1102 303 1131 336 si
1145 303 1276 337 habeat
1291 302 1448 349 speciem
1463 305 1614 348 peccati,

53 354 306 389 dimittendum
341 364 392 389 est
423 367 565 402 semper
598 364 742 401 propter
769 355 923 402 proximi
952 356 1177 397 charitatem,
1206 368 1247 390 ex
1274 367 1343 402 qua
1370 357 1614 403 unusquisque

51 416 192 443 tenetur
213 408 319 442 saluti
341 410 495 454 proximi
516 409 722 455 providere;
751 417 785 443 et
810 409 860 443 sic
888 409 948 455 qui
975 421 1049 443 non
1074 410 1230 452 dimittit,
1254 418 1379 444 contra
1402 410 1614 445 charitatem

53 462 148 507 agit:
170 470 287 508 potest
311 470 434 496 tamen
462 474 538 497 esse
565 462 777 496 scandalum
805 462 962 496 activum
984 463 1059 497 sine
1083 471 1234 508 peccato
1257 463 1414 506 alterius,
1436 464 1496 510 qui
1517 475 1616 498 scan-

52 514 236 557 dalizatur,
258 515 349 550 sicut
371 527 477 562 supra
499 516 635 550 dictum
659 523 711 550 est
733 515 813 560 (art.
832 523 945 562 praec.
969 516 1010 550 ad
1031 516 1093 561 4.).

122 569 182 603 AD
205 579 352 603 PR1MUM
376 581 462 613 crgo
484 569 688 610 dicendum,
709 569 805 615 quod
821 569 891 603 hoc
909 569 1004 616 quod
1020 570 1167 604 dicitur:
1191 571 1322 605 Necesse
1348 576 1402 613 cst,
1425 577 1459 605 ut
1479 573 1616 607 veniant

50 622 218 665 scandala,
234 634 308 656 non
324 632 376 657 est
391 623 664 668 intelligendum
680 623 721 657 de
741 623 954 657 necessitate
975 623 1149 665 absoluta,
1168 624 1230 657 sed
1247 624 1289 658 de
1305 625 1517 660 necessitate
1533 637 1616 660 con-

52 675 235 718 ditionali3
259 688 328 722 qua
343 677 481 711 scilicet
496 687 642 710 necesse
665 684 717 710 est
739 679 927 722 praescita,
949 677 1006 711 vel
1033 678 1283 723 praenuntiata
1306 689 1324 711 a
1346 679 1427 712 Deo
1451 680 1613 722 evenire3

51 730 79 763 si
98 737 221 763 tamen
244 730 467 775 conjunctim
489 730 695 775 accipiatur,
718 738 756 764 ut
776 730 811 763 in
832 742 858 764 1.
876 730 1012 764 dictum
1028 739 1080 764 est
1095 731 1140 776 (q.
1157 742 1206 774 14.
1230 736 1293 765 art.
1312 744 1355 777 13.
1375 732 1417 766 ml
1438 738 1508 767 act
1522 745 1550 778 q.
1566 745 1614 779 23.

51 787 114 817 art.
138 784 170 818 6.
194 783 235 817 ad
261 784 309 827 2.)
325 797 335 818 .·
356 783 413 817 vel
444 794 591 817 necesse
618 791 671 817 est
693 783 837 817 evenire
859 783 1030 818 scandala
1052 784 1267 818 necessitate
1289 784 1387 826 smisg
1410 786 1492 831 quia
1515 787 1615 820 utilia

52 844 133 870 sunt
155 836 197 870 ad
220 837 302 878 hoc,
322 845 359 871 ut
375 837 434 882 qui
451 836 591 882 probati
608 844 701 878 sunt,
717 836 897 871 manifesti
915 837 1017 871 fiant:
1037 836 1095 871 vel
1112 848 1260 872 necesse
1283 845 1335 871 est
1357 839 1498 873 evenire
1517 851 1616 873 scan-

52 888 133 923 dala
156 891 354 924 secundum
378 890 626 924 conditionem
648 890 853 931 hominum,
870 891 931 936 qui
957 891 1023 924 sibi
1046 903 1065 924 a
1080 891 1238 937 peccatis
1257 902 1331 925 non
1359 901 1502 926 cavent:
1523 893 1615 926 sicut

52 943 81 977 si
103 943 230 989 aliquis
253 944 414 978 medicus
435 944 559 978 videns
582 943 722 989 aliquos
745 943 903 978 indebita
931 944 1048 978 diaeta
1071 952 1221 986 utentes,
1244 944 1357 979 dicat:
1382 946 1539 980 Necesse
1563 955 1614 980 est

51 996 140 1031 tales
163 997 354 1039 infirmari;
378 998 474 1043 quod
496 996 773 1043 intelligendum
796 1005 848 1031 est
869 998 932 1031 sub
960 998 1028 1031 hac
1057 998 1278 1040 conditione,
1305 999 1334 1032 si
1361 999 1518 1033 diaetam
1540 1012 1614 1034 non

52 1058 209 1092 mutent3
232 1058 266 1084 et
286 1050 450 1085 similiter
468 1061 615 1085 necesse
637 1059 689 1085 est
704 1051 846 1085 evenire
864 1051 1046 1094 scandala,
1066 1052 1095 1085 si
1112 1052 1281 1086 homines
1298 1053 1614 1088 conversationem

53 1103 187 1138 malam
209 1115 282 1138 non
305 1112 455 1138 mutent.

122 1157 181 1191 AD
205 1168 411 1192 SECUNDUM
434 1157 640 1199 dicendum,
663 1157 760 1204 quod
783 1158 996 1192 scandalum
1017 1158 1066 1192 ibi
1087 1158 1186 1203 large
1209 1159 1353 1205 ponitur
1374 1171 1439 1205 pro
1455 1160 1616 1206 quolibet

50 1210 332 1256 impedimento:
355 1211 500 1245 volebat
522 1211 619 1244 enim
641 1211 768 1246 Petrus
792 1211 928 1246 Christi
950 1212 1158 1258 passionem
1174 1212 1348 1259 impedire
1368 1213 1527 1259 quodam
1545 1214 1616 1260 pie-

50 1264 131 1298 tatis
155 1264 282 1298 affectu
306 1265 349 1298 ad
372 1264 571 1299 Christum.

121 1318 181 1352 AD
205 1328 375 1353 TERTIUM
399 1319 604 1361 dicendum,
620 1319 717 1365 quod
736 1318 877 1353 nullum
895 1319 1064 1365 impingit
1078 1319 1319 1366 spiritualiter,
1335 1320 1403 1354 nisi
1418 1321 1615 1356 retardetur

52 1371 255 1418 aliqualiter
277 1383 296 1406 a
317 1383 491 1418 processu
512 1372 548 1406 in
570 1372 627 1406 via
650 1372 739 1414 Dei;
763 1373 860 1418 quod
881 1372 919 1406 fit
941 1372 1069 1407 saltem
1092 1384 1154 1419 per
1179 1381 1371 1419 peccatum
1391 1374 1543 1408 veniale.

605 1515 951 1560 ARTICULUS
979 1516 1059 1559 HI.
1547 1539 1610 1575 235

308 1622 462 1652 UTRUM
490 1623 756 1653 SCANDALUM
783 1624 849 1652 SIT
874 1624 1079 1653 SPECIALE
1106 1625 1357 1654 PECCATUM.

448 1710 498 1755 (4.
520 1711 607 1745 Dist.
626 1712 676 1757 38.
700 1723 729 1757 q.
752 1723 782 1746 2.
806 1716 870 1746 art.
892 1723 922 1747 2.
946 1718 975 1747 et
995 1725 1025 1758 q.
1043 1725 1072 1759 3.
1095 1714 1214 1760 corp).

122 1799 182 1833 AD
201 1809 373 1834 TERT1UM
391 1799 442 1833 sic
458 1800 674 1845 proceditur.
693 1800 854 1843 Videtur,
870 1801 966 1847 quod
982 1801 1193 1836 scandalum
1209 1814 1283 1836 non
1299 1803 1343 1838 sit
1360 1803 1517 1849 speciale
1536 1816 1616 1850 pec-

5 1872 6 1877 =
51 1861 188 1887 catum:
212 1852 424 1886 scandalum
447 1853 543 1886 enim
566 1861 619 1887 est
640 1854 775 1896 dictum„
797 1855 849 1888 val
866 1856 999 1900 factum
1022 1857 1129 1890 minus
1151 1862 1298 1891 ructum:
1321 1858 1382 1890 sed
1405 1868 1514 1891 omne
1536 1869 1615 1903 pec-

51 1915 173 1940 catum
196 1914 249 1940 est
269 1906 494 1951 hujusmodi3
515 1918 602 1952 ergo
626 1918 735 1941 omne
757 1916 948 1953 peccatum
971 1917 1023 1943 est
1045 1909 1277 1953 scandalum3
1299 1921 1374 1944 non
1402 1922 1488 1956 ergo
1517 1922 1615 1945 scan-

51 1960 173 1995 dalum
196 1967 248 1994 est
269 1959 426 2006 speciale
448 1968 651 2006 peccatum.

7 2007 8 2010 ¹
120 2023 152 2047 2.
175 2013 411 2048 PRAETEREA.
441 2013 564 2048 Omne
586 2013 741 2060 speciale
763 2023 966 2060 peccatum,
994 2015 1068 2050 sive
1096 2016 1215 2050 omnis
1237 2017 1404 2063 specialis
1425 2017 1610 2063 injustitia,

9 2102 10 2113 γ
49 2067 229 2101 invenitur
250 2067 443 2112 separatim
467 2067 508 2100 ab
537 2067 626 2109 aliis,
650 2075 687 2101 ut
714 2068 842 2102 dicitur
868 2068 904 2102 in
935 2079 962 2113 ς.
990 2068 1106 2104 Ethic.
1129 2071 1216 2116 (scip.
1241 2083 1268 2116 3.
1296 2076 1325 2105 et
1342 2071 1410 2116 5.).·
1433 2071 1494 2105 sed
1517 2083 1616 2106 scan-

10 2155 11 2165 ἵ
51 2119 175 2154 dalum
201 2131 275 2153 non
302 2120 481 2154 invenitur
507 2121 700 2166 separatim
728 2121 769 2154 ab
798 2121 876 2155 aliis
903 2122 1081 2167 peccatis;
1110 2134 1197 2168 ergo
1226 2123 1437 2158 scandalum
1459 2136 1533 2158 non
1561 2134 1612 2160 est

10 2180 11 2190 ¹
50 2172 207 2220 speciale
229 2180 432 2218 peccatum.

11 2268 13 2278 γ
124 2238 152 2272 3.
175 2226 411 2260 PRAETEREA.
441 2226 563 2261 Omne
591 2227 747 2273 speciale
775 2235 966 2273 peccatum
995 2229 1223 2264 constituitur
1245 2231 1445 2264 secundum
1468 2231 1612 2277 aliquid,

9 2298 14 2313 2.
50 2280 147 2326 quod
171 2280 231 2313 dat
252 2280 411 2324 speciem
434 2280 565 2314 morali
588 2281 700 2315 actui:
723 2282 785 2315 sed
804 2282 894 2315 ratio
911 2282 1071 2316 scandali
1090 2283 1318 2318 constituitur
1336 2296 1399 2330 per
1416 2285 1500 2326 hoc,
1515 2285 1612 2330 quod

13 2332 14 2356 ἶ
55 2345 180 2367 coram
203 2332 281 2366 aliis
304 2341 492 2378 peccatur3
514 2334 549 2367 in
573 2334 764 2368 manifesto
789 2343 909 2368 autem
931 2347 1094 2381 peccare,
1110 2337 1174 2371 etsi
1197 2337 1241 2371 sit
1263 2338 1532 2372 circumstantia
1555 2350 1613 2383 ag-

53 2398 218 2432 gravans,
239 2397 314 2420 non
335 2386 476 2420 videtur
498 2387 717 2422 constituere
744 2388 884 2433 peccati
906 2389 1088 2434 specien13
1111 2401 1198 2435 ergo
1225 2391 1437 2425 scandalum
1459 2402 1532 2424 non
1560 2399 1613 2425 est

10 2451 14 2471 ι
50 2439 205 2485 speciale
227 2447 428 2484 peccatum.

123 2493 197 2527 SED
214 2502 380 2527 CONTRA.
397 2493 556 2539 Speciali
569 2495 691 2528 virtuti
705 2494 860 2540 speciale
875 2504 1066 2541 peccatum
1081 2498 1293 2542 opponitur:
1316 2498 1377 2531 sed
1400 2496 1611 2530 scandalum

51 2545 249 2592 opponitur
279 2545 428 2591 speciali
453 2547 586 2589 virtuti,
615 2547 754 2582 scilicet
784 2549 971 2591 charitati3
1002 2549 1131 2583 dicitur
1162 2550 1258 2584 enim
1289 2550 1443 2583 Roman.
1480 2560 1549 2592 14.:
1577 2551 1612 2584 Si

46 2604 185 2645 propter
218 2600 327 2633 cibum
341 2599 454 2644 frater
481 2605 552 2635 tuus
581 2603 808 2643 contristatm,
836 2604 910 2647 jam
934 2614 998 2636 non
1023 2603 1197 2637 secundum
1221 2604 1414 2638 charitatum
1437 2603 1585 2638 ambulas
1597 2615 1610 2644 ;

19 2669 20 2672 ¹
53 2664 141 2698 ergo
164 2652 377 2686 scandalum
399 2661 452 2687 est
473 2653 628 2700 speciale
650 2663 852 2701 peccatum.

19 2739 21 2741 ,
121 2705 352 2740 RESPONDEO
379 2705 584 2749 dicendum,
606 2708 715 2753 quod,
737 2709 828 2743 sicut
854 2720 959 2755 supra
987 2709 1123 2743 dictum
1151 2718 1202 2743 est
1225 2709 1304 2752 (art.
1322 2709 1465 2755 praec),
1494 2709 1611 2755 duplex

19 2773 22 2785 i
51 2767 105 2793 est
125 2758 354 2792 scandalum:
378 2761 523 2794 activmn
545 2760 694 2803 scilicet,
713 2769 746 2795 et
759 2764 943 2808 passivmn.
960 2763 1130 2797 Passz'vnm
1148 2762 1293 2807 quidem
1308 2761 1519 2796 scandalum
1536 2774 1610 2797 non

22 2814 23 2850 ξ
55 2819 173 2857 ροῖθεῖ
187 2823 265 2846 esse
284 2812 440 2858 speciale
459 2821 670 2859 peccatum:
689 2815 773 2860 quia
791 2827 834 2850 ex
852 2816 961 2858 dicto,
976 2816 1035 2850 vel
1048 2816 1144 2849 facto
1159 2815 1303 2849 alterius
1322 2815 1477 2861 aliquem
1494 2828 1609 2859 ruere,

23 2881 24 2888 ι
55 2865 234 2911 contingit
255 2865 455 2899 secundum
474 2866 729 2914 quodcumque
747 2879 861 2913 genus
884 2869 1040 2914 peccati:
1059 2880 1125 2902 nec
1143 2868 1213 2902 hoc
1235 2868 1353 2914 ipsum
1369 2870 1465 2914 quod
1485 2878 1538 2904 est
1553 2881 1610 2904 oc-

54 2920 240 2954 casionem
262 2919 435 2965 peccandi
457 2931 598 2955 sumere
625 2932 666 2955 ex
693 2921 802 2964 dicto,
829 2921 887 2956 vel
912 2921 1007 2956 facto
1035 2921 1190 2963 alterius,
1213 2921 1408 2968 specialem
1431 2923 1608 2959 rationem
