1859 3122
178 139 286 192 1046
591 146 812 180 QUAESTIO
847 145 961 174 CLXI.
995 143 1240 173 ARTICULUS
1272 143 1316 172 11.

242 240 273 264 2.
296 230 531 263 PRAETEREA.
554 227 706 271 August.
731 225 816 258 dicit
836 225 872 258 in
898 224 958 258 lib.
981 223 1024 257 de
1045 223 1213 269 Virginit.
1237 222 1323 269 (cap.
1342 224 1418 268 31),
1442 222 1539 268 quod
1560 223 1728 257 humilitas

166 290 248 330 pene
275 287 340 317 tola
368 281 539 326 disciplina
565 279 748 313 christiana
763 283 825 318 est‚·
848 276 939 310 nihil
961 288 1046 322 ergo
1066 277 1163 322 quod
1177 276 1214 309 in
1229 275 1416 322 disciplina
1431 276 1624 310 christiana
1647 286 1730 310 con-

169 337 314 376 tinetur,
336 341 513 379 repugnat
532 331 748 372 humilitati,
770 331 832 364 sed
854 331 890 363 in
913 330 1101 374 disciplina
1121 329 1314 363 christiana
1333 328 1574 363 admonemur
1600 329 1644 362 ad
1671 339 1730 374 ap-

171 389 365 436 petendum
391 386 556 426 meliora,
583 384 783 418 secundum
809 383 898 417 illud
929 394 955 416 1.
984 383 1028 416 ad
1056 382 1141 417 Cor.
1174 392 1244 416 12.:
1272 383 1500 416 Aemulamini
1526 383 1730 416 charismata

171 442 329 481 mcliora;
355 450 440 485 ergo
469 439 512 472 ad
538 437 782 471 humilitatem
807 448 883 470 non
909 436 1061 482 pertinet
1087 437 1282 481 reprimere
1301 435 1498 481 appetitum
1521 435 1729 476 arduorum,

172 495 233 529 sed
258 493 373 539 magis
396 491 697 526 aestimationem.

245 559 273 592 3.
302 547 537 580 PRAETEREA.
560 544 616 578 Ad
640 543 808 578 eamdem
826 543 996 577 virtutem
1015 542 1168 588 pertinet
1189 541 1390 575 refraenare
1412 540 1632 587 superfluum
1655 551 1731 574 mo-

171 609 260 642 tum,
283 609 317 633 et
338 599 481 632 firmare
508 598 671 631 animum
699 605 825 630 contra
851 595 1068 642 superfluam
1095 595 1368 636 retractionem3
1396 594 1488 628 sicut
1513 594 1641 628 eadem
1663 593 1733 628 for-

171 654 286 688 titudo
309 660 372 693 est,
395 662 486 697 quae
501 650 681 684 refraenat
696 650 896 691 audaciam,
919 657 954 683 et
968 660 1059 694 quae
1074 648 1193 681 firmat
1211 648 1375 681 animum
1394 654 1520 681 contra
1541 646 1730 680 timorem:

172 707 235 741 sed
257 705 537 751 magnanimitas
561 703 681 737 firmat
702 703 864 736 animum
887 710 1013 736 contra
1035 700 1273 742 difficultates,
1295 711 1386 746 quae
1407 700 1574 734 accidunt
1594 700 1631 733 in
1652 710 1731 745 pro-

172 760 358 794 secutione
380 768 618 803 magnorum;
640 757 671 791 si
691 767 777 801 ergo
806 755 991 789 humilitas
1026 753 1245 788 refraenaret
1277 754 1476 800 appetitum
1499 764 1730 798 magnorum,

175 820 382 858 sequeretur
404 810 500 857 quod
521 809 706 844 humilitas
727 821 802 843 non
819 817 913 843 esset
932 809 1043 842 virtus
1066 808 1233 842 distincta
1250 819 1269 840 a
1287 806 1607 853 magnanimitate:
1631 806 1727 852 quod

174 874 270 912 patet
292 876 368 899 esse
389 863 541 905 falsum3
563 874 637 897 non
659 874 745 908 ergo
768 861 952 896 humilitas
977 861 1139 895 consistit
1159 860 1254 894 circa
1281 860 1479 906 appetitum
1500 870 1730 905 magnorum,

174 920 236 954 sed
258 919 373 964 magis
397 918 492 952 circa
512 916 816 951 aestimationem.

244 983 275 1015 4.
296 972 531 1006 PRAETEREA.
560 969 791 1003 Andronicus
818 968 920 1014 ponit
945 967 1190 1002 humilitatem
1218 966 1312 1001 circa
1335 966 1550 1000 exteriorem
1575 964 1732 999 cultum:

174 1027 259 1060 dicit
280 1026 388 1067 enim,
411 1024 509 1070 quod
539 1023 723 1057 humilitas
752 1030 805 1056 est
834 1035 851 1054 (ε
873 1021 1016 1055 habitus
1042 1031 1116 1054 non
1143 1019 1437 1066 superabundans
1464 1018 1676 1064 sumptibus,
1700 1026 1735 1052 et

174 1078 507 1126 praeparationibus
521 1089 562 1119 »ς
585 1087 671 1122 ergo
693 1087 767 1110 non
791 1083 843 1109 est
865 1075 960 1108 circa
982 1082 1124 1108 motum
1149 1073 1337 1119 appetitus.

247 1133 320 1167 SED
350 1142 503 1166 CONTRA
527 1139 589 1172 est,
617 1129 713 1176 quod
735 1130 887 1174 August.
911 1128 994 1162 dicit
1020 1129 1057 1161 in
1084 1127 1142 1161 lib.
1170 1127 1213 1161 de
1240 1126 1380 1160 Poenit.
1403 1126 1478 1171 (qui
1499 1130 1541 1160 est
1562 1125 1649 1161 hom.
1675 1125 1734 1159 ult.

174 1188 259 1222 inter
276 1199 328 1232 50.
352 1192 423 1232 cap.
446 1198 472 1220 r.
501 1186 534 1218 ιἠ.
562 1183 672 1228 med),
702 1183 798 1229 quod
828 1181 1007 1215 «humilis
1035 1189 1098 1222 est,
1121 1181 1181 1226 qui
1208 1179 1308 1225 eligit
1333 1179 1438 1224 abjici
1463 1179 1499 1212 in
1527 1179 1638 1212 domo
1660 1178 1736 1212 Do-

174 1241 262 1274 mini
285 1239 411 1284 magis,
434 1249 543 1284 quarn
564 1237 725 1270 habitare
740 1236 775 1268 in
791 1234 1029 1269 tabernaculis
1049 1241 1310 1279 peccatorum»
1329 1244 1336 1265 ε
1356 1232 1416 1266 sed
1437 1231 1565 1266 electio
1585 1232 1737 1277 pertinet

175 1295 218 1327 ad
249 1293 466 1339 appetitum,
495 1301 582 1336 ergo
608 1288 794 1323 humilitas
822 1288 986 1322 consistit
1012 1287 1105 1321 circa
1133 1286 1331 1332 appetitum
1358 1285 1486 1330 magis,
1509 1296 1618 1330 quam
1641 1285 1737 1318 circa

175 1347 479 1381 aestimationem.

246 1400 473 1434 RESPONDl-:o
496 1397 700 1438 dicendum,
718 1395 825 1441 quod,
840 1395 932 1428 sicut
947 1394 1082 1427 dictum
1104 1401 1157 1427 est
1178 1393 1260 1437 (art.
1275 1393 1420 1438 praua),
1436 1391 1479 1425 ad
1494 1390 1736 1425 humilitatem

174 1453 316 1499 proprie
337 1453 502 1497 pertinet,
524 1459 561 1484 ut
584 1449 711 1494 aliquis
733 1448 905 1494 reprimat
925 1447 1096 1492 seipsum,
1111 1457 1156 1479 ne
1170 1445 1304 1479 feratur
1317 1445 1353 1478 in
1374 1456 1414 1478 ea
1430 1455 1521 1490 quae
1536 1452 1618 1478 sunt
1631 1455 1737 1490 supra

174 1518 231 1541 se:
256 1506 299 1539 ad
321 1506 392 1539 hoc
416 1512 536 1538 autern
558 1502 802 1536 necessarium
825 1509 888 1542 est,
909 1508 949 1534 ut
975 1500 1102 1545 aliquis
1130 1506 1330 1544 cognoscat
1351 1498 1398 1539 id,
1420 1497 1456 1530 in
1479 1508 1550 1542 quo
1573 1496 1694 1531 deficit
1719 1508 1738 1530 a

175 1559 408 1606 proportione
424 1559 510 1603 ejus,
528 1556 623 1602 quod
639 1567 741 1589 suam
756 1555 925 1588 virtutem
941 1554 1097 1595 excedit3
1113 1561 1146 1586 et
1160 1553 1242 1586 ideo
1259 1551 1420 1597 cognitio
1429 1550 1564 1596 proprii
1579 1549 1738 1584 defectus

175 1613 327 1658 pertinet
349 1612 392 1645 ad
414 1609 668 1650 humilitatem,
690 1609 783 1642 sicut
800 1606 923 1652 regula
940 1607 1118 1652 quaedam
1137 1605 1308 1639 directiva
1324 1604 1517 1650 appetitus:
1533 1603 1596 1637 sed
1609 1603 1645 1636 in
1660 1603 1738 1649 ipso

176 1667 333 1712 appetitu
357 1664 520 1699 consistit
540 1661 724 1696 humilitas
748 1660 1002 1702 essentialiter;
1026 1668 1059 1693 et
1081 1659 1162 1693 ideo
1186 1657 1380 1692 dicendum
1398 1665 1461 1698 est,
1481 1656 1577 1702 quod
1595 1655 1741 1690 humili-

174 1729 228 1754 tas
250 1719 393 1766 proprie
416 1726 469 1752 est
490 1715 673 1757 directiva,
696 1723 730 1748 et
751 1713 976 1748 moderativa
998 1721 1118 1746 motus
1141 1711 1328 1758 appetitus.

248 1775 307 1808 AD
333 1781 484 1807 PRtMUM
506 1781 593 1815 ergo
616 1768 820 1810 dicendum,
848 1767 944 1813 quod
967 1765 1175 1800 extollentia
1198 1764 1389 1799 oculorum
1412 1771 1465 1798 est
1486 1763 1671 1809 quoddam
1697 1763 1743 1796 si-

176 1838 289 1874 gnum
307 1825 514 1872 superbiae,
536 1824 751 1868 inquantum
766 1820 921 1854 excludit
939 1819 1191 1860 reverentiam,
1211 1826 1246 1851 et
1261 1818 1451 1851 timorem:
1475 1824 1741 1851 consueverunt

177 1881 272 1915 enim
295 1880 473 1919 timentes,
496 1885 530 1911 et
550 1875 782 1910 verecundati
804 1874 960 1907 maxime
983 1872 1109 1907 oculos
1129 1872 1340 1918 deprimere,
1360 1870 1461 1916 quasi
1478 1881 1552 1904 non
1568 1870 1740 1904 audentes

176 1946 213 1968 se
237 1934 314 1967 aliis
338 1941 567 1976 comparare:
590 1940 663 1962 non
687 1937 808 1962 autem
830 1938 871 1961 ex
893 1927 964 1961 hoc
987 1927 1155 1972 sequitur,
1178 1924 1275 1970 quod
1297 1923 1481 1958 humilitas
1504 1922 1741 1957 essentialiter

177 1988 273 2021 circa
296 1985 545 2031 cognitionem
568 1982 750 2016 consistat.

248 2041 307 2074 AD
330 2047 537 2074 SECUNDUM
559 2035 763 2075 dicendum,
791 2034 887 2080 quod
913 2033 1059 2067 tendere
1085 2032 1121 2065 in
1145 2031 1263 2077 aliqua
1283 2032 1421 2075 majora
1449 2041 1491 2064 ex
1512 2029 1739 2075 propriarum

177 2093 308 2127 virium
331 2090 560 2130 confidentia,
581 2088 777 2122 humilitati
799 2086 1057 2121 contrariatur:
1085 2085 1146 2119 sed
1174 2084 1270 2130 quod
1298 2083 1425 2129 aliquis
1453 2094 1494 2116 ex
1521 2082 1740 2116 confidentia

178 2146 289 2180 divini
310 2144 431 2178 auxilii
452 2144 488 2176 in
511 2143 647 2186 majora
669 2141 802 2181 tendat,
825 2141 895 2173 hoc
918 2150 991 2173 non
1016 2146 1066 2173 est
1095 2146 1219 2171 contra
1245 2136 1506 2178 humilitatem;
1530 2135 1740 2181 praesertim

178 2212 261 2234 cum
281 2210 322 2232 ex
344 2198 414 2231 hoc
439 2196 566 2242 aliquis
589 2194 704 2239 magis
727 2193 819 2239 apud
841 2193 962 2226 Deum
984 2191 1170 2232 exaltetur,
1189 2190 1285 2236 quod
1304 2190 1335 2223 ei
1355 2201 1390 2223 se
1410 2189 1525 2234 magis
1545 2200 1606 2234 per
1625 2189 1741 2222 humi-

177 2253 315 2287 litatem
337 2250 502 2295 subjicit3
525 2248 618 2281 unde
640 2246 862 2292 Augustinus
886 2246 970 2279 dicit
990 2245 1026 2278 in
1049 2245 1108 2278 lib.
1132 2245 1174 2278 de
1198 2243 1336 2277 Poenit.
1361 2242 1436 2286 (luc.
1460 2244 1511 2276 sit.
1536 2244 1569 2275 in
1591 2254 1663 2288 arg.
1688 2241 1741 2276 sed

178 2306 303 2350 conl.):
329 2317 346 2334 «
367 2302 474 2337 Aliud
498 2310 549 2336 est
568 2301 685 2334 levare
708 2310 744 2333 se
768 2299 810 2332 ad
832 2299 965 2340 Deum,
989 2298 1083 2331 aliud
1107 2305 1159 2331 est
1180 2297 1298 2330 levare
1317 2307 1354 2329 se
1374 2304 1498 2330 contra
1517 2296 1656 2330 Deum:
1681 2295 1742 2340 qui

179 2369 259 2394 ante
282 2352 443 2392 illuinse
466 2355 618 2401 projicit,
642 2353 682 2387 ab
706 2352 768 2386 illo
797 2352 961 2397 erigitur:
990 2351 1050 2398 qui
1076 2352 1245 2384 adversus
1271 2349 1374 2383 illum
1401 2360 1438 2383 se
1466 2348 1580 2394 erigit,
1609 2349 1650 2382 ab
1676 2347 1740 2382 illo

179 2412 410 2460 projicitur».

250 2466 308 2499 AD
325 2473 496 2498 TERTIUM
515 2460 719 2500 dicendum,
743 2458 837 2504 quod
861 2458 895 2491 in
918 2457 1125 2491 fortitudine
1144 2456 1324 2490 invenitur
1345 2455 1473 2489 eadem
1495 2455 1585 2488 ratio
1609 2453 1741 2488 refrae-

178 2519 286 2553 nandi
309 2517 510 2557 audaciam,
533 2523 567 2548 et
588 2513 754 2548 firmandi
777 2512 938 2545 animum
962 2520 1087 2545 contra
1108 2511 1301 2544 timorem:
1325 2509 1508 2554 utriusque
1531 2508 1629 2542 enim
1649 2507 1740 2541 ratio

180 2582 232 2607 est
253 2584 295 2606 ex
316 2572 398 2611 hoc,
421 2569 517 2616 quod
538 2569 652 2602 homo
675 2567 810 2600 bonum
833 2565 981 2598 rationis
1004 2565 1107 2598 debet
1128 2562 1295 2609 periculis
1315 2562 1440 2596 mortis
1463 2560 1662 2607 praeferre:
1679 2560 1741 2594 sed

178 2627 215 2660 in
237 2624 471 2659 refraenando
495 2619 825 2668 praesumptionem
847 2618 933 2663 spei,
953 2618 1049 2663 quod
1072 2619 1222 2662 pertinet
1245 2617 1287 2649 ad
1306 2615 1561 2656 humilitatem,
1589 2622 1624 2648 et
1644 2613 1740 2648 infir-

180 2679 313 2712 mando
349 2677 510 2710 animum
538 2682 663 2708 contra
690 2672 989 2718 desperationem,
1017 2671 1112 2715 quod
1140 2670 1292 2716 pertinet
1319 2669 1362 2702 ad
1390 2668 1740 2714 magnanimitatem,

181 2742 232 2766 est
255 2731 322 2765 alia
345 2739 379 2764 et
401 2729 469 2763 alia
491 2728 601 2762 ratio:
623 2738 707 2760 nam
729 2725 820 2759 ratio
842 2724 1009 2758 firmandi
1031 2723 1191 2756 animum
1221 2731 1345 2756 contra
1368 2721 1657 2767 desperationem
1689 2727 1742 2754 est

180 2785 322 2830 adeptio
345 2783 478 2829 proprii
500 2782 608 2823 boni3
631 2792 676 2814 ne
699 2778 836 2813 scilicet
857 2777 1079 2821 desperando
1099 2776 1213 2809 homo
1233 2787 1269 2809 se
1289 2775 1477 2820 indignum
1492 2773 1616 2808 reddat
1629 2773 1738 2814 bono,

181 2838 276 2884 quod
299 2837 364 2871 sibi
387 2835 636 2881 competebat:
660 2833 721 2867 sed
743 2833 778 2866 in
801 2830 1030 2877 reprimendo
1057 2830 1388 2875 praesumptionem
1413 2827 1500 2873 spei,
1527 2826 1618 2860 ratio
1640 2836 1739 2871 prae-
