1859 3122
486 201 703 237 QUAESTIO
737 202 929 232 CLXXXII.
963 203 1209 233 ARTICULUS
1243 203 1287 234 ΙΙ.
1542 191 1647 234 1181

91 280 246 323 divinae,
269 282 324 315 cui
348 282 533 328 potissime
555 283 627 317 vita
650 284 933 330 contemplativa
953 284 1095 326 insistit,
1118 285 1209 319 sicut
1231 284 1367 318 dictum
1390 292 1442 319 est
1470 283 1515 331 (q.
1539 291 1652 331 praec.

91 340 152 368 art.
175 346 207 378 4.
230 335 272 368 ad
293 336 364 380 2.).·
388 336 458 370 vita
483 345 601 370 autem
623 339 737 371 activa
760 338 927 372 directius
949 338 1134 372 ordinatur
1157 339 1199 372 ad
1223 339 1456 373 dilectionem
1479 339 1652 385 proximi:

91 388 172 433 quia
191 390 309 432 satagit
330 390 589 435 rimifrequens
611 393 846 434 ministuri'mn,
874 399 911 425 ut
938 392 1065 425 dicitur
1092 392 1212 426 Lucae
1244 403 1314 426 1o.:
1343 401 1377 426 et
1402 392 1484 426 ideo
1512 404 1553 426 ex
1587 403 1652 426 suo

90 453 222 484 genere
243 443 522 489 contemplativa
545 445 616 478 vita
639 454 690 478 est
713 446 859 489 majoris
880 445 1008 486 meriti,
1031 457 1139 490 quam
1163 446 1297 487 activa3
1330 453 1362 480 et
1390 446 1460 480 hoc
1481 454 1533 480 est
1556 446 1652 492 quod

91 494 200 541 Greg.
223 507 329 542 super
354 497 481 531 Ezech.
507 498 609 540 (lium.
629 499 674 543 3.)
698 499 800 532 dicit:
823 512 840 529 «
861 498 1153 544 Conteiiiplativa
1178 508 1229 533 est
1252 501 1368 544 major
1387 502 1526 541 merito,
1542 511 1651 545 quam

91 549 221 582 activa:
238 551 320 595 quia
342 550 430 584 haec
454 551 488 584 in
513 562 576 585 usu
597 553 793 597 praesentis
816 552 932 598 operis
960 552 1110 594 laborat,
1127 553 1162 586 in
1185 564 1256 598 quo
1279 552 1417 587 scilicet
1438 565 1587 587 necesse
1602 561 1655 587 est

89 603 262 648 proximis
277 604 476 645 subvenire,
499 604 559 638 illa
579 616 664 639 vero
688 616 815 651 sapore
832 606 960 639 intimo
975 614 1163 639 venturam
1179 607 1251 651 jam
1268 607 1428 651 requiem
1443 607 1654 652 degustat»,

89 655 227 690 scilicet
243 656 279 689 in
303 657 609 704 contemplatione
631 659 720 700 Dei;
743 667 860 704 potest
882 667 1003 693 tamen
1026 659 1248 704 contingere,
1264 659 1359 705 quod
1376 660 1503 705 aliquis
1517 660 1552 694 in
1568 671 1654 706 ope—

90 708 185 743 ribus
207 710 301 743 vitae
322 711 458 744 activae
481 711 559 757 plus
581 720 771 753 mereatur,
800 724 906 758 quam
937 712 1027 746 alius
1053 713 1089 746 in
1117 713 1283 758 operibus
1310 713 1403 746 vitae
1431 712 1653 759 contempla-

88 762 202 796 tivae:
227 772 310 808 puta
332 764 360 797 si
383 773 528 810 propter
549 765 806 800 abundantiam
829 765 938 799 divini
961 766 1106 808 amoris,
1121 774 1159 800 ut
1172 768 1248 811 ejus
1263 765 1430 800 voluntas
1445 766 1649 812 impleatur,

89 824 233 862 propter
253 817 364 862 ipsius
387 817 553 863 gloriam,
573 819 752 852 interdum
773 819 924 853 sustinet
939 831 957 853 a
973 819 1162 853 dulcedine
1177 819 1319 853 divinae
1335 819 1653 866 contemplationis

90 869 134 902 ad
155 876 297 915 tempus
320 871 494 917 separari:
517 872 609 905 sicut
630 872 756 917 Apost.
779 872 920 906 dicebat
941 872 984 906 ad
1004 872 1111 906 Rom.
1134 883 1186 919 9.:
1213 873 1379 918 Optabam
1400 884 1455 918 ego
1482 874 1546 919 ipse
1572 885 1653 908 ana-

89 923 195 957 thema
215 935 274 958 esse
295 936 315 957 a
340 924 469 958 Christo
486 931 551 971 pro
566 926 737 970 fratribus
756 927 854 959 meis:
878 926 974 971 quod
997 937 1180 971 exponens
1203 925 1393 972 Chrysost.
1414 927 1451 960 in
1472 926 1531 960 lib.
1559 937 1586 961 1.
1609 927 1652 962 de

90 975 310 1022 Compunct.
335 977 421 1024 (cap.
442 978 489 1023 7.)
513 978 616 1013 dicit:
642 991 659 1009 ‹<
678 978 730 1012 Ita
752 986 867 1012 totam
884 987 1045 1013 mentem
1062 981 1138 1024 eJus
1154 979 1374 1014 demerserat
1388 991 1491 1013 amor
1505 979 1653 1022 Christi,

88 1037 127 1063 ut
148 1030 256 1064 etiam
278 1030 349 1064 hoc
373 1032 469 1077 quod
489 1031 522 1065 ei
543 1042 627 1077 prae
644 1034 792 1066 caeteris
809 1032 976 1066 omnibus
994 1032 1183 1066 amabilius
1199 1041 1284 1075 erat,
1301 1044 1378 1067 esse
1393 1045 1476 1067 curn
1493 1033 1652 1076 Christo,

87 1094 209 1117 rursus
230 1083 397 1130 idipsum,
420 1085 503 1130 quia
524 1085 571 1118 ita
594 1084 751 1131 placeret
774 1085 934 1127 Christo,
957 1094 1207 1120 contemneret
1228 1100 1260 1120 ».

158 1137 218 1171 AD
233 1147 381 1172 PR1MUM
404 1149 491 1183 ergo
510 1138 716 1180 dicendum,
736 1139 832 1184 quod
851 1138 953 1173 labor
975 1139 1129 1173 exterior
1151 1147 1320 1185 operatur
1342 1141 1385 1174 ad
1414 1149 1651 1185 augmentum

87 1190 240 1236 praemii
261 1191 511 1225 accidentalis:
533 1192 595 1225 sed
618 1200 854 1237 augmentum
869 1193 987 1226 meriti
1000 1201 1163 1238 respectu
1178 1193 1330 1238 praemii
1345 1193 1554 1236 essentialis,
1571 1205 1655 1228 con-

88 1243 178 1278 sistit
199 1244 443 1290 principaliter
463 1245 498 1278 in
521 1245 707 1287 charitate,
730 1246 830 1290 cujus
853 1246 1036 1291 quoddam
1063 1247 1207 1292 signum
1229 1254 1282 1280 est
1302 1246 1405 1281 labor
1426 1248 1581 1281 exterior
1602 1256 1654 1282 to-

88 1296 220 1331 leratus
238 1306 384 1343 propter
403 1298 609 1332 Christum:
631 1298 693 1332 sed
716 1298 830 1332 multo
850 1299 1049 1344 expressius
1068 1300 1142 1344 ejus
1161 1301 1305 1345 signum
1321 1308 1385 1342 est,
1400 1301 1496 1346 quod
1512 1300 1652 1347 aliquis,

88 1351 348 1396 praetermissis
371 1352 539 1386 omnibus
561 1363 652 1398 quae
675 1352 719 1386 ad
733 1352 826 1386 hanc
841 1352 954 1386 vitam
968 1352 1158 1397 pertinent,
1180 1352 1250 1387 soli
1271 1353 1413 1388 divinae
1432 1354 1653 1400 contempla-

87 1403 176 1438 tioni
198 1416 326 1438 vacare
348 1405 555 1439 delectetur.

158 1457 219 1492 AD
241 1469 448 1493 SECUNDUM
471 1459 676 1501 dicendum,
699 1459 796 1505 quod
818 1459 854 1493 in
876 1467 968 1494 statu
987 1459 1165 1494 felicitatis
1192 1460 1332 1495 futurae
1353 1461 1468 1496 homo
1489 1462 1653 1508 pervenit

89 1511 134 1544 ad
155 1510 373 1557 perfectum,
397 1520 431 1545 et
452 1512 533 1546 ideo
558 1523 633 1546 non
654 1512 866 1558 relinquitur
892 1512 993 1547 locus
1021 1513 1230 1558 proficiendi
1257 1526 1321 1559 per
1341 1515 1528 1550 meritum:
1550 1516 1581 1549 si
1600 1523 1652 1549 ta-

89 1575 174 1598 men
195 1564 466 1610 relinqueretur,
486 1573 578 1599 esset
600 1565 780 1600 efficacius
803 1566 972 1600 meritum
986 1575 1131 1612 propter
1145 1568 1322 1612 majorem
1342 1568 1570 1603 charitatem:
1589 1569 1651 1604 sed

91 1617 352 1663 contemplatio
375 1619 571 1664 praesentis
593 1619 687 1652 vitae
710 1630 793 1652 cum
812 1620 969 1665 quadam
988 1619 1262 1665 imperfectione
1278 1629 1341 1663 est,
1357 1630 1391 1655 et
1405 1622 1522 1656 adhuc
1543 1622 1652 1656 habet

89 1682 161 1716 quo
184 1671 365 1717 proficiat3
388 1679 421 1705 et
442 1672 523 1706 ideo
546 1684 619 1706 non
640 1672 734 1706 tollit
760 1673 939 1707 rationem
973 1674 1158 1716 merendi;
1179 1675 1241 1708 sed
1269 1683 1505 1721 augmentum
1532 1676 1651 1710 meriti

89 1723 175 1758 facit
195 1734 340 1771 propter
362 1726 477 1771 majus
499 1726 709 1760 exercitium
732 1726 915 1760 charitatis
937 1727 1090 1760 divinae.

160 1779 219 1812 AD
247 1789 418 1813 TERTIUM
444 1779 648 1821 dicendum,
676 1780 772 1824 quod
799 1779 1016 1814 sacrificium
1039 1780 1267 1825 spiritualiter
1287 1782 1369 1815 Deo
1392 1781 1549 1824 offertur,
1566 1793 1650 1816 curn

89 1831 223 1878 aliquid
246 1833 279 1866 ei
300 1833 507 1867 exhibetur:
531 1833 623 1867 inter
645 1834 768 1867 omnia
784 1842 904 1867 autem
918 1834 1014 1868 bona
1030 1835 1188 1868 hominis
1203 1835 1302 1869 Deus
1317 1838 1473 1870 maxime
1489 1845 1652 1882 acceptat

89 1886 225 1919 bonurn
249 1886 430 1920 humanae
453 1887 606 1928 animae,
630 1896 668 1920 ut
689 1887 758 1920 hoc
781 1887 848 1920 sibi
873 1887 910 1920 in
931 1887 1150 1921 sacrificium
1170 1888 1359 1923 offeratur:
1382 1889 1510 1924 offerre
1529 1898 1651 1924 autem

90 1939 194 1973 debet
219 1939 347 1985 aliquis
368 1940 467 1973 Deo:
487 1941 599 1986 primo
621 1940 767 1985 quidem
790 1940 950 1973 animam
972 1952 1087 1982 suam,
1110 1942 1308 1976 secundum
1330 1942 1418 1976 illud
1440 1942 1551 1976 Eccli.
1578 1954 1650 1989 3o.:

91 1993 246 2027 Miserere
267 1995 398 2026 animm
420 1998 494 2027 tuae
511 1994 645 2039 placens
667 1994 764 2027 Deo:
785 1993 921 2027 secundo
949 2001 1068 2028 autem
1096 1995 1234 2028 animas
1263 1995 1429 2037 aliorum,
1451 1997 1651 2030 secundum

89 2045 176 2079 illud
199 2046 315 2091 Apoc.
338 2045 419 2080 ult.:
444 2047 513 2090 Qui
534 2046 636 2087 cludit,
659 2046 768 2080 dicat:
798 2047 894 2080 Veni:
915 2055 1049 2092 quanto
1070 2056 1190 2082 autem
1211 2049 1326 2082 homo
1350 2049 1509 2083 animam
1531 2061 1647 2092 suam,

90 2098 149 2133 vel
170 2099 314 2133 alterius
336 2099 570 2145 propinquius
592 2100 672 2133 Deo
696 2100 868 2145 conjugit,
889 2108 989 2134 tanto
1005 2101 1219 2135 sacrificium
1242 2110 1295 2136 est
1312 2102 1393 2136 Deo
1412 2103 1528 2148 magis
1551 2114 1650 2136 acce-

91 2160 209 2198 ptum3
232 2153 325 2186 unde
347 2153 463 2198 magis
491 2160 681 2198 acceptum
708 2161 761 2187 est
785 2153 878 2194 Deo,
905 2153 1001 2199 quod
1029 2153 1155 2199 aliquis
1182 2154 1342 2188 animam
1369 2166 1483 2198 suam,
1505 2164 1541 2190 et
1567 2155 1651 2190 alio-

91 2217 172 2238 rum
194 2206 349 2252 applicet
370 2205 680 2251 contemplationi,
702 2217 810 2251 quam
834 2206 989 2248 actioni3
1010 2218 1071 2252 per
1089 2207 1159 2241 hoc
1180 2219 1267 2253 ergo
1284 2208 1380 2254 quod
1395 2209 1534 2250 dicitur,
1553 2209 1650 2255 quod

91 2258 231 2292 nullum
265 2259 481 2292 sacrificium
511 2267 564 2293 est
590 2259 671 2292 Deo
702 2259 817 2304 magis
848 2268 1048 2305 acceptum,
1079 2272 1187 2305 quam
1213 2260 1309 2295 zelus
1337 2262 1551 2304 animarum,
1577 2274 1651 2296 non

91 2311 288 2357 praefertur
306 2313 474 2345 meritum
495 2312 589 2346 vitae
611 2314 747 2346 activae
766 2313 895 2346 merito
917 2315 1010 2347 vitae
1026 2314 1348 2359 contemplativae3
1367 2315 1429 2348 sed
1449 2316 1651 2350 ostenditur

92 2365 208 2412 magis
232 2377 308 2399 esse
330 2366 567 2406 meritorium,
590 2366 618 2399 si
640 2365 717 2410 quis
740 2365 868 2400 offerat
888 2366 969 2400 Deo
992 2368 1152 2400 animam
1171 2378 1285 2409 suam,
1305 2375 1339 2402 et
1357 2367 1523 2411 aliorum,
1541 2380 1650 2415 quam

93 2430 342 2465 quaecumque
365 2419 434 2452 alia
457 2419 632 2453 exteriora
655 2419 760 2452 dona.

636 2542 978 2588 ARTICULUS
1024 2544 1102 2586 HI.
1584 2554 1650 2590 862

113 2650 268 2680 UTRUM
297 2650 401 2678 vtrA
435 2650 806 2680 CONTEMPLATIVA
839 2651 1108 2680 IMPEDIATUR
1140 2652 1218 2680 PER
1249 2651 1389 2680 VITAM
1422 2651 1631 2680 ACTIVAM.

165 2738 224 2772 AD
248 2748 418 2772 TERTIUM
440 2737 489 2771 sic
512 2737 727 2783 proceditur.
745 2737 906 2780 Videtur,
926 2738 1021 2783 quod
1043 2738 1115 2771 vita
1138 2737 1420 2784 contemplativa
1436 2738 1652 2784 impediatur

95 2802 158 2836 per
178 2791 290 2824 vitam
312 2791 483 2825 activam:
507 2791 550 2824 ad
572 2791 683 2824 vitam
705 2791 802 2824 enirn
824 2790 1143 2836 contemplativam
1170 2791 1373 2825 necessaria
1400 2799 1452 2825 est
1473 2793 1650 2837 quaedam

94 2844 236 2878 vacatio
263 2844 404 2885 mentis,
431 2844 630 2877 secundum
656 2843 743 2877 illud
770 2845 827 2878 Ps.
853 2854 928 2888 45.:
963 2844 1094 2886 Vacate,
1121 2849 1150 2879 et
1174 2844 1289 2885 videte,
1316 2845 1474 2890 quoniam
1499 2856 1553 2890 ego
1578 2857 1650 2879 sum

95 2898 206 2932 Deus:
234 2897 296 2931 sed
317 2897 390 2931 vita
411 2897 527 2930 activa
548 2896 657 2931 habet
677 2897 974 2942 inquietudinem,
996 2896 1195 2931 secundum
1217 2896 1304 2931 illud
1323 2897 1444 2932 Lucae
1467 2908 1539 2932 10.:
1560 2899 1652 2932 Mar-
