1859 3122
184 172 292 224 1256
525 180 744 223 QUAESTIO
779 181 1015 210 CLXXXVIII.
1048 181 1292 211 ARTICULUS
1325 182 1383 211 IV.

731 337 1074 382 ARTICULUS
1108 337 1183 380 IV.
1663 363 1729 399 90,

231 446 382 475 UTRUM
414 446 579 481 ALIQUA
610 446 786 476 RELIGIO
820 446 969 475 POSSIT
1002 446 1196 476 INSTITUI
1229 445 1286 474 AD
1320 445 1680 488 PRAEDICANDUM,

578 511 661 540 VEL
694 511 1015 541 CONFESSIONES
1049 510 1328 540 AUDIENDUM.

761 598 901 644 (opusc.
923 609 974 632 10.
986 603 1067 643 sap.
1088 598 1151 642 4.).

247 686 308 720 AD
331 695 518 725 QUARTUM
539 686 590 719 sic
611 686 827 732 proceditur.
849 686 1010 728 Videtur,
1033 687 1130 732 quod
1150 686 1250 720 nulla
1265 686 1392 732 religio
1406 687 1520 732 possit
1539 686 1675 721 institui
1691 688 1735 722 ad

181 739 473 784 praedicandum,
494 738 552 772 vel
573 738 819 773 confessiones
842 739 1081 773 audiendum:
1116 739 1244 773 dicitur
1265 740 1363 774 enirn
1387 750 1417 785 7.
1441 738 1475 785 qs
1501 750 1528 773 1.
1552 739 1638 786 (cap.
1660 741 1737 776 Hoc

181 792 418 837 naquaquam),
445 805 462 823 ι(
476 791 744 826 Monachorum
765 792 838 826 vita
859 792 1090 838 subjectionis
1111 792 1220 826 habet
1245 793 1407 835 verbum,
1430 801 1465 827 et
1490 792 1735 839 discipulatus,

178 856 251 878 non
270 845 436 886 docendi,
450 844 508 878 vel
521 844 756 891 praesidendi,
770 845 828 879 vel
842 845 1010 890 pascendi
1033 845 1125 880 alios
1139 859 1156 878 >›
1170 859 1177 880 ε
1193 853 1226 879 et
1242 845 1371 880 eadem
1389 846 1484 880 ratio
1500 856 1577 880 esse
1591 846 1733 881 videtur

179 898 221 932 de
244 897 321 932 aliis
339 897 534 943 religiosis:
557 898 618 932 sed
639 898 859 944 praedicare,
879 906 911 932 et
934 898 1182 933 confessiones
1206 898 1342 940 audire,
1363 906 1415 933 est
1429 909 1589 944 pascere,
1603 898 1663 934 vel
1677 899 1738 934 do-

180 962 258 985 cere
280 950 390 993 alios;
411 962 484 985 non
507 962 594 996 ergo
617 950 661 984 ad
683 951 753 985 hoc
774 951 892 997 aliqua
912 950 1043 996 religio
1067 959 1185 997 potest
1205 951 1354 985 institui.

249 1014 280 1038 2.
302 1004 538 1038 PRAETEREA.
560 1004 611 1047 Id,
634 1004 677 1038 ad
699 1005 795 1050 quod
817 1004 945 1050 religio
972 1005 1177 1046 instituitur,
1203 1004 1343 1038 videtur
1370 1016 1446 1039 esse
1473 1005 1630 1039 maxime
1655 1016 1738 1052 pro-

179 1058 295 1102 prium
316 1058 494 1103 religioni,
517 1066 555 1092 ut
575 1069 680 1104 supra
702 1059 837 1092 dictum
861 1065 912 1092 est
933 1058 1016 1103 (art.
1037 1070 1069 1093 2.
1089 1063 1116 1092 et
1134 1071 1162 1104 3.
1180 1058 1336 1104 praec.):
1359 1058 1421 1092 sed
1439 1058 1612 1104 praedicti
1638 1066 1739 1093 actus

178 1122 251 1144 non
272 1119 354 1145 sunt
375 1111 509 1157 proprii
529 1110 794 1156 religiosorum,
815 1111 879 1145 sed
900 1112 1018 1157 potius
1040 1111 1312 1157 praelatorum3
1335 1122 1409 1145 non
1432 1122 1519 1158 ergo
1549 1111 1593 1144 ad
1618 1111 1741 1158 hujus-

179 1164 279 1198 modi
300 1172 399 1198 actus
418 1171 536 1209 potest
557 1163 676 1209 aliqua
697 1163 824 1209 religio
846 1164 993 1198 institui.

253 1229 281 1263 3.
303 1217 538 1251 PRAETEREA.
560 1217 824 1251 Inconveniens
846 1217 997 1259 videtur,
1019 1218 1116 1263 quod
1136 1217 1332 1251 auctoritas
1352 1217 1594 1263 praedicandi,
1609 1225 1643 1252 et
1657 1228 1741 1252 con-

178 1269 352 1304 fessiones
375 1270 541 1304 audiendi
562 1269 707 1304 infinitis
734 1270 942 1304 hominibus
966 1271 1238 1304 committatur:
1266 1270 1327 1304 sed
1354 1281 1428 1304 non
1457 1278 1509 1304 est
1535 1278 1651 1305 certus
1677 1281 1740 1305 nu-

179 1334 298 1357 merus
317 1335 457 1365 eorum,
472 1323 533 1369 qui
547 1324 582 1356 in
602 1322 720 1368 aliqua
734 1322 908 1368 religione
924 1323 1164 1369 recipiuntur;
1181 1334 1267 1368 ergo
1286 1323 1546 1357 inconveniens
1563 1331 1625 1365 est,
1641 1323 1738 1370 quod

179 1376 295 1422 aliqua
318 1375 443 1421 religio
465 1376 669 1409 instituatur
691 1376 734 1408 ad
758 1384 856 1409 actus
882 1376 1098 1421 praedictos.

247 1440 280 1471 4.
295 1429 530 1463 PRAETEREA.
541 1429 854 1463 praedicatoribus
870 1429 1017 1463 debetur
1031 1429 1146 1463 victus
1160 1440 1180 1462 a
1194 1428 1360 1462 fidelibus
1378 1428 1524 1470 Christi,
1539 1436 1577 1463 ut
1591 1437 1689 1475 patet
1706 1441 1735 1464 1.

178 1482 221 1516 ad
245 1482 330 1516 Cor.
353 1494 405 1529 9.;
428 1482 456 1515 si
471 1493 558 1526 ergo
574 1482 812 1516 committitur
826 1482 1104 1527 praedicationis
1121 1481 1283 1516 officium
1303 1480 1411 1515 alicui
1424 1481 1591 1527 religioni
1609 1482 1652 1515 ad
1665 1482 1737 1517 hoc

178 1535 372 1577 institutae,
394 1535 554 1581 sequitur
581 1534 677 1581 quod
704 1534 826 1569 fideles
854 1535 990 1569 Christi
1015 1543 1208 1569 teneantur
1235 1535 1278 1568 ad
1306 1534 1550 1568 exhibendum
1576 1542 1742 1581 sumptus

178 1588 323 1622 infinitis
344 1589 523 1634 personis:
547 1588 643 1634 quod
663 1588 755 1622 cedit
776 1589 812 1622 in
835 1600 1009 1634 magnum
1031 1599 1158 1622 eorum
1179 1599 1398 1634 gravamen3
1420 1598 1494 1622 non
1522 1598 1608 1634 ergo
1635 1587 1740 1622 debet

179 1642 298 1687 aliqua
318 1641 447 1687 religio
469 1641 605 1675 institui
623 1642 666 1675 ad
687 1641 899 1687 hujusmodi
921 1649 1021 1675 actus
1043 1641 1275 1675 exercendos.

255 1706 283 1739 5.
305 1695 540 1730 PRAETEREA.
563 1695 742 1728 Institutio
764 1694 948 1728 Ecclesiae
963 1694 1067 1728 debet
1089 1695 1190 1740 sequi
1207 1693 1474 1727 institutionem
1498 1693 1654 1738 Christi:
1676 1693 1739 1728 sed

180 1748 345 1782 Christus
355 1749 473 1794 primo
484 1747 582 1782 misit
592 1748 635 1781 ad
649 1747 931 1794 praedicandum
946 1747 1140 1781 duodecim
1155 1746 1370 1793 Apostolos,
1381 1754 1419 1780 ut
1427 1746 1579 1780 habetur
1593 1746 1681 1780 Luc.
1692 1757 1740 1793 9.,

181 1810 214 1836 et
227 1809 352 1848 postea
366 1801 463 1835 misit
476 1801 702 1847 septuaginta
717 1801 807 1835 duos
822 1800 1029 1847 discipulos,
1045 1809 1083 1834 ut
1095 1800 1248 1834 habetur
1269 1800 1356 1834 Luc.
1377 1810 1441 1841 10.,
1453 1807 1497 1841 et,
1512 1799 1604 1833 sicut
1619 1798 1741 1834 Gloss.

180 1854 266 1898 (ord.
284 1854 388 1889 Badae
407 1861 480 1900 sup.
503 1854 603 1888 illud.-
623 1855 700 1889 Post
717 1854 793 1889 hacc
816 1859 923 1888 autam
944 1854 1020 1899 etc.)
1042 1854 1125 1887 ibid.
1145 1853 1240 1895 dicit,
1263 1867 1280 1885 «
1302 1852 1567 1899 Apostolorum
1581 1851 1738 1887 formam

179 1916 301 1942 tenent
318 1907 496 1954 Episcopi,
518 1907 743 1954 septuaginta
766 1908 919 1941 duorum
941 1907 1202 1953 discipulorum
1221 1907 1384 1940 minores
1398 1905 1596 1952 presbyteri
1617 1919 1650 1947 ³),
1677 1905 1742 1940 sci-

179 1960 262 1995 licet
284 1961 412 2003 curati,
435 1971 522 2005 ergo
544 1969 684 2006 praeter
717 1960 929 2006 Episcopos,
955 1968 989 1994 et
1017 1960 1246 2005 presbyteros
1276 1958 1504 2006 parochiales
1529 1969 1603 1992 non
1632 1958 1738 1993 debet

180 2013 298 2059 aliqua
312 2013 439 2059 religio
461 2013 597 2047 institui
619 2013 662 2047 ad
683 2013 975 2059 praedicandum,
997 2013 1054 2047 vel
1076 2013 1119 2046 ad
1143 2012 1390 2047 confessiones
1414 2011 1643 2046 audiendum.

252 2066 326 2100 SED
349 2077 503 2101 CONTRA
525 2074 589 2108 est,
611 2066 707 2112 quod
729 2067 765 2100 in
789 2065 1055 2100 Collationibus
1069 2066 1217 2100 Patrum
1232 2066 1366 2111 (collat.
1381 2076 1431 2110 14.
1446 2071 1518 2112 cap.
1536 2066 1599 2110 4.),
1615 2064 1738 2099 Abbas

181 2120 352 2154 Nesteros
370 2119 413 2153 de
435 2119 638 2154 diversitate
659 2119 893 2165 Religionum
917 2119 1067 2166 loquens
1091 2119 1156 2153 ait:
1183 2132 1200 2151 ι(
1225 2119 1390 2160 Quidam
1418 2118 1591 2164 eligentes
1618 2128 1742 2164 aegro-

179 2173 332 2207 tantium
366 2184 501 2214 curam,
529 2173 588 2206 alii
614 2173 910 2207 intercessionem
940 2184 1031 2218 quae
1058 2184 1122 2219 pro
1151 2173 1301 2214 miseris,
1330 2181 1436 2218 atque
1463 2171 1642 2218 oppressis
1676 2171 1742 2204 im-

179 2226 355 2272 penditur,
377 2234 605 2272 exequentes,
627 2234 686 2260 aut
708 2226 892 2260 doctrinae
919 2226 1135 2268 insistentes,
1163 2233 1224 2260 aut
1245 2225 1495 2271 eleemosynas
1522 2223 1741 2270 pauperibus

179 2279 384 2325 largientes,
403 2279 495 2313 iuter
512 2289 677 2324 magnos,
700 2287 805 2324 atque
827 2290 990 2312 summos
1012 2279 1108 2313 viros
1130 2290 1195 2325 pro
1220 2277 1350 2312 affectu
1372 2289 1451 2320 suo,
1473 2289 1514 2311 ac
1537 2277 1668 2323 pietate
1689 2276 1740 2310 vi-

181 2340 333 2378 guerunt
353 2344 391 2374 »3
413 2343 500 2377 ergo
522 2332 614 2366 sicut
634 2332 677 2365 ad
700 2332 967 2377 aegrotantium
989 2343 1112 2365 curam
1137 2331 1255 2378 aliqua
1282 2331 1412 2377 religio
1439 2339 1558 2377 potest
1582 2329 1735 2372 institui3

181 2386 228 2420 ita
243 2385 351 2420 etiam
366 2385 409 2419 ad
425 2385 629 2419 docendum
644 2385 817 2432 populum
837 2397 900 2431 per
913 2386 1233 2431 praedicationem,
1253 2393 1287 2419 et
1305 2384 1375 2418 alia
1392 2384 1602 2430 hujusmodi
1616 2393 1739 2429 opera.

251 2438 480 2473 RESPONDEO
500 2439 703 2481 dicendum,
723 2438 830 2484 quod,
847 2439 937 2472 sicut
955 2438 1091 2472 dictum
1109 2447 1162 2473 est
1177 2438 1254 2482 (art.
1272 2450 1303 2473 2.
1319 2438 1388 2483 huj.
1405 2438 1464 2483 q),
1481 2436 1739 2471 convenienter

180 2491 306 2537 religio
328 2492 464 2526 institui
485 2500 601 2538 potest
623 2492 666 2526 ad
689 2503 799 2538 opera
820 2491 912 2525 vitae
935 2491 1085 2533 activae,
1107 2491 1307 2525 secundum
1333 2491 1431 2536 quod
1454 2490 1665 2524 ordinantur
1692 2489 1735 2523 ad

182 2544 371 2579 utilitatem
385 2545 645 2591 proximorum,
665 2552 698 2578 et
713 2544 756 2578 ad
771 2544 983 2590 obsequium
1001 2544 1082 2586 Dei,
1096 2552 1130 2578 et
1145 2545 1461 2579 conservationem
1478 2543 1589 2577 divini
1604 2541 1738 2576 cultus:

182 2598 297 2644 magis
319 2606 440 2632 autem
461 2606 673 2644 procuratur
694 2597 826 2632 utilitas
847 2598 1098 2643 proximorum
1120 2609 1182 2643 per
1205 2609 1246 2631 ea
1267 2608 1359 2643 quae
1382 2597 1559 2642 pertinent
1581 2595 1624 2629 ad
1643 2594 1742 2640 spiri-

180 2650 315 2685 tualem
337 2651 478 2685 animae
500 2650 668 2693 salutem,
687 2662 795 2697 quam
818 2662 880 2696 per
902 2662 943 2685 ea
962 2661 1055 2696 quae
1077 2651 1255 2696 pertinent
1278 2650 1322 2683 ad
1352 2649 1637 2684 subveniendum
1666 2658 1742 2682 cor-

181 2704 295 2750 porali
316 2705 532 2746 necessitati,
559 2712 693 2750 quanto
721 2703 915 2750 spiritualia
942 2703 1189 2749 corporalibus
1216 2711 1298 2737 sunt
1326 2703 1484 2749 potiora3
1513 2702 1606 2736 unde
1634 2712 1740 2748 supra

182 2757 316 2791 dictum
344 2765 396 2791 est
423 2757 468 2803 (q.
491 2769 541 2803 32.
569 2763 632 2792 art.
656 2758 717 2803 3.)‚
744 2758 840 2803 quod
867 2756 1122 2802 eleemosynae
1149 2756 1350 2802 spirituales
1376 2764 1457 2790 sunt
1492 2754 1740 2801 corporalibus

182 2810 356 2856 potiores:
379 2810 449 2844 hoc
473 2810 581 2844 etiam
602 2811 755 2856 pertinet
776 2810 893 2856 magis
911 2810 954 2844 ad
971 2809 1185 2855 obsequium
1200 2810 1280 2851 Dei,
1296 2809 1506 2843 cuinullum
1521 2807 1739 2842 sacrificium

183 2873 234 2897 est
256 2864 370 2909 magis
390 2872 590 2910 acceptum,
612 2875 721 2909 quam
748 2863 845 2898 zelus
871 2863 1088 2905 animarum,
1116 2871 1154 2897 ut
1181 2862 1335 2908 Gregor.
1364 2862 1448 2896 dicit
1474 2873 1581 2908 super
1605 2860 1738 2895 Ezech.
