1859 3122
191 128 276 172 412
626 126 842 163 QUAESTIO
875 126 944 156 Lv.
976 127 1221 158 ARTICULUS
1254 128 1312 158 v1.

192 209 313 242 minor
334 207 525 242 intervenit
546 207 757 242 solicitudo:
781 208 831 242 sic
847 220 933 254 ergo
949 208 1142 243 solicitudo
1159 208 1415 255 temporalium
1429 220 1549 243 rerum
1561 210 1747 256 tripliciter

193 270 313 308 potest
334 272 410 295 esse
432 261 568 295 illicita.
598 262 669 295 Uno
692 262 837 307 quidem
859 262 954 296 modo
977 274 1019 296 ex
1041 270 1140 307 parte
1163 263 1250 307 ejus,
1278 262 1320 296 de
1352 274 1422 308 quo
1450 263 1691 307 solicitamur3
1718 264 1749 298 si

194 315 332 348 scilicet
352 314 567 360 temporalia
588 322 776 360 tamquam
798 315 905 349 finem
930 326 1145 361 quaeramus
1165 327 1172 357 ;
1200 316 1293 349 unde
1327 324 1361 349 et
1390 316 1580 362 Augustin.
1605 317 1688 351 dicit
1712 317 1748 351 in

194 368 252 401 lib.
267 369 308 401 de
326 367 436 413 Oper.
461 368 630 401 monach.
654 369 838 414 (cap.26.):
864 381 881 399 <t
898 368 994 402 Cum
1016 369 1197 402 Dominus
1212 369 1312 403 dicit:
1338 369 1447 403 Nolite
1463 370 1581 404 soliciti
1595 382 1665 411 esse,
1682 378 1748 404 etc.

194 422 265 455 hoc
289 421 385 462 dicit,
408 430 446 454 ut
466 432 538 454 non
561 422 628 455 ista
654 421 872 463 intueantur,
894 430 929 455 et
950 430 1094 467 propter
1124 422 1190 455 ista
1220 421 1353 456 faciant
1381 423 1551 468 quidquid
1572 423 1608 456 in
1634 423 1751 457 Evan-

195 474 279 520 gelii
301 474 568 520 praedicatione
591 474 710 509 facere
733 475 898 520 jubentur
916 489 948 508 ».
970 476 1049 509 Alio
1071 475 1166 509 mocio
1189 483 1306 520 potest
1327 486 1403 509 esse
1425 476 1678 521 temporalium
1698 488 1751 511 so-

194 528 343 562 licitudo
366 527 490 561 illicita
511 536 658 573 propter
679 528 901 574 superfluum
928 529 1097 570 studium,
1120 528 1217 574 quod
1246 529 1437 574 apponitur
1467 529 1509 562 ad
1538 529 1752 575 temporalia

195 581 432 627 procuranda,
451 589 595 627 propter
617 581 713 626 quod
735 581 849 615 homo
870 593 889 615 a
911 581 1163 627 spiritualibus,
1187 582 1313 627 quibus
1336 582 1567 628 principalius
1581 583 1752 617 inservire

197 635 312 676 debet,
334 635 543 676 retrahitur3
567 642 600 668 et
621 634 704 668 ideo
727 635 856 668 dicitur
876 635 1004 668 Matth.
1026 646 1075 680 13.
1099 635 1195 681 quod
1216 635 1385 669 solicitudo
1398 636 1520 670 saeculi
1532 636 1667 681 suffocat
1678 648 1754 671 ver-

196 689 284 722 bum.
314 688 423 721 Tertio
445 687 539 722 modo
562 699 604 721 ex
625 695 725 733 parte
748 688 887 722 timoris
909 688 1096 734 superflui:
1119 688 1264 734 quando
1283 687 1421 722 scilicet
1441 688 1568 734 aliquis
1579 690 1693 732 timet,
1706 701 1752 724 ne

195 740 361 774 faciendo
384 741 481 786 quod
503 740 619 783 debet,
641 742 845 775 necessaria
867 742 933 775 sibi
955 741 1144 775 deficiant:
1169 742 1264 787 quod
1291 741 1472 776 Dominus
1499 743 1674 789 tripliciter
1700 754 1755 777 ex-

198 794 327 828 cludit:
343 796 456 840 primo
472 802 617 840 propter
633 795 772 840 majora
786 795 961 829 beneficia
975 795 1116 828 homini
1131 795 1298 840 praestita
1317 795 1484 830 divinitus
1498 803 1638 840 praeter
1650 807 1754 831 suam

197 848 478 890 solicitudinem,
500 848 653 883 scilicet:
677 860 806 895 corpus
827 858 861 883 et
875 849 1035 883 animam
1050 862 1056 883 :
1071 849 1207 883 secundo
1225 857 1370 895 propter
1383 849 1671 892 subventionem,
1685 861 1756 896 qua

197 902 296 935 Deus
319 901 545 943 animalibus,
558 910 592 936 et
606 902 735 948 plantis
754 903 918 936 subvenit
937 903 1069 948 absque
1086 914 1193 949 opere
1207 902 1381 945 humano,
1395 903 1593 937 secundum
1610 915 1757 950 propor-

197 956 337 989 tionem
359 966 444 989 suae
465 963 632 989 naturae:
657 958 753 990 tertio
777 967 817 990 ex
840 956 959 989 divina
981 956 1218 1002 providentia,
1240 964 1384 1002 propter
1399 957 1498 1001 cujus
1513 957 1756 1002 ignorantiam

201 1009 361 1043 Gentiles
385 1009 480 1043 circa
501 1009 717 1055 temporalia
738 1010 834 1044 bona
856 1010 1060 1056 quaerenda
1081 1010 1314 1056 principalius
1345 1009 1587 1044 solicitantur:
1615 1018 1649 1045 et
1674 1010 1756 1044 ideo

202 1062 397 1104 concludit,
421 1063 516 1108 quod
538 1063 781 1109 principaliter
802 1071 924 1097 nostra
946 1063 1139 1097 solicitudo
1163 1074 1239 1097 esse
1261 1063 1365 1097 debet
1386 1064 1429 1097 de
1445 1063 1684 1109 spiritualibus
1698 1065 1759 1098 bo-

199 1116 266 1157 nis,
285 1124 468 1162 sperantes
492 1116 589 1162 quod
611 1117 717 1150 etiam
741 1116 957 1163 temporalia
983 1117 1086 1150 nobis
1118 1117 1333 1163 provenient
1367 1117 1409 1150 ad
1440 1117 1704 1160 necessitatem,
1730 1117 1760 1151 si

199 1169 391 1203 fecerimus
414 1170 510 1215 quod
532 1170 715 1204 debemus.

272 1223 331 1257 AD
353 1233 502 1257 PRIMUM
524 1233 610 1269 ergo
633 1223 838 1265 dicendum,
857 1223 953 1269 quod
975 1223 1189 1269 temporalia
1211 1223 1306 1256 bona
1324 1223 1482 1268 subjecta
1496 1232 1578 1258 sunt
1597 1224 1751 1266 homini,

201 1284 239 1310 ut
260 1276 310 1310 eis
332 1284 451 1310 utatur
473 1276 516 1310 ad
537 1277 804 1319 necessitatem,
829 1288 904 1311 non
930 1284 968 1311 ut
993 1277 1028 1310 'm
1060 1277 1109 1311 eis
1139 1276 1248 1311 finem
1282 1277 1487 1319 constituat,
1516 1285 1549 1312 et
1578 1277 1756 1324 superflue

203 1330 298 1364 circa
321 1340 362 1363 ea
384 1329 594 1364 solicitetur.

273 1383 333 1417 AD
356 1394 562 1417 SECUNDUM
578 1383 784 1425 dicendum,
800 1384 896 1429 quod
911 1383 1104 1418 solicitudo
1121 1384 1207 1429 ejus,
1224 1384 1283 1429 qui
1298 1383 1479 1430 corporali
1492 1383 1615 1418 labore
1628 1396 1760 1430 panem

208 1436 369 1482 acquirit,
391 1448 465 1470 non
488 1445 541 1470 est
561 1437 754 1482 superflua,
776 1438 837 1471 sed
860 1437 1064 1480 moderata3
1087 1445 1122 1471 et
1142 1438 1223 1471 ideo
1246 1437 1459 1483 Hieronym.
1476 1437 1562 1471 dicit
1579 1438 1664 1484 (sup.
1679 1437 1761 1472 illud

206 1490 326 1524 Matth.
346 1490 401 1524 6..·
424 1490 475 1524 Ne
494 1490 614 1524 soliciti
626 1491 726 1534 sitis),
743 1491 840 1536 quod
861 1503 879 1522 «
897 1490 1000 1524 labor
1022 1491 1241 1525 exercendus
1257 1498 1320 1533 est,
1342 1490 1534 1525 solicitudo
1552 1491 1711 1526 tollenda
1728 1505 1761 1534 n,

205 1542 382 1588 superflua
405 1542 541 1577 scilicet
563 1544 725 1577 animum
746 1544 960 1589 inquietans.

274 1596 336 1631 AD
359 1606 529 1631 TERTIUM
552 1597 758 1639 dicendum,
781 1598 876 1643 quod
903 1597 1095 1631 solicitudo
1121 1597 1377 1643 temporalium
1404 1597 1439 1631 in
1467 1597 1634 1644 operibus
1659 1598 1763 1632 mise-

208 1649 386 1684 ricordiae
409 1651 593 1684 ordinatur
615 1651 658 1684 ad
680 1650 790 1685 finem
813 1651 1014 1694 charitati53
1042 1659 1076 1685 et
1101 1651 1182 1685 ideo
1209 1662 1282 1685 non
1305 1660 1357 1685 est
1383 1651 1518 1694 illicita,
1544 1651 1613 1686 nisi
1638 1652 1683 1686 sit
1708 1663 1762 1686 su-

206 1703 352 1748 perflua.

754 1822 1098 1867 ARTICULUS
1126 1823 1227 1866 vn.
1699 1844 1765 1880 310

400 1918 553 1948 UTRUM
580 1919 680 1955 QUIS
708 1920 878 1949 DEBEAT
905 1919 1005 1949 ESSE
1032 1919 1262 1949 SOLICITUS
1290 1918 1572 1948 FUTURORUM.

445 1994 550 2040 (Insr.
573 2006 603 2040 q.
622 1996 694 2030 188.
714 2000 778 2030 art.
795 2007 824 2041 7.
839 1995 882 2029 ad
895 2007 926 2030 2.
941 2000 970 2029 at
983 1995 1039 2029 lib.
1052 2007 1079 2041 3.
1097 1994 1213 2029 Contr.
1233 2006 1263 2040 g.
1284 1993 1526 2041 cczp.135.f1n.).

278 2078 337 2112 AD
364 2088 555 2112 SEPT1MUM
577 2078 627 2112 sic
650 2079 866 2124 proceditur.
888 2078 1050 2120 Videtur,
1073 2079 1169 2124 quod
1192 2077 1320 2124 aliquis
1347 2078 1475 2112 debeat
1501 2076 1661 2112 solicitus
1687 2087 1765 2112 esse

207 2130 410 2166 futurorum
424 2143 430 2165 :
446 2131 573 2165 dicitur
588 2132 685 2165 enim
699 2132 868 2166 Proverb.
885 2130 916 2166 6.
930 2145 936 2166 :
959 2131 1044 2166 Vade
1059 2132 1302 2177 adsormicam,
1319 2133 1452 2178 opigem
1472 2135 1499 2165 et
1513 2130 1681 2165 considera
1695 2132 1767 2165 vias

209 2188 287 2232 ejus,
309 2190 339 2219 et
360 2185 441 2219 disce
462 2187 671 2231 mffienthmz,
693 2197 774 2231 quae
792 2198 866 2220 cum
883 2198 948 2219 non
970 2186 1088 2220 habeat
1109 2186 1234 2228 ducem,
1258 2197 1314 2220 nec
1334 2190 1592 2231 praeceptorem,
1610 2189 1713 2231 parat
1731 2185 1767 2218 in

211 2244 325 2274 uastata
347 2240 455 2272 cilnmi
480 2240 555 2280 sibi,
579 2244 607 2273 et
629 2244 800 2285 congregat
823 2241 856 2272 in
882 2251 976 2273 messe
1002 2239 1087 2285 quod
1113 2239 1282 2274 comedat:
1307 2239 1367 2273 sed
1389 2239 1460 2272 hoc
1483 2245 1535 2272 est
1554 2238 1591 2271 in
1609 2237 1766 2272 futurum

211 2292 402 2333 solicitari3
426 2302 513 2337 ergo
535 2292 724 2326 laudabilis
746 2300 798 2326 est
820 2291 1011 2326 solicitudo
1033 2292 1248 2326 futurorum.

284 2355 314 2379 2.
337 2345 572 2379 PRAETEREA
590 2345 794 2379 Solicitudo
811 2346 853 2379 ad
870 2346 1096 2390 prudentiam
1113 2346 1284 2392 pertinet:
1299 2346 1360 2379 sed
1376 2345 1563 2391 prudentia
1578 2344 1768 2391 praecipue

215 2408 267 2434 est
289 2398 511 2440 futurorum3
534 2399 725 2444 praecipua
749 2399 846 2432 enim
868 2410 948 2443 pars
971 2400 1045 2444 ejus
1061 2399 1349 2445 estprovidentia
1370 2398 1584 2440 futurorum,
1603 2406 1641 2432 ut
1663 2409 1768 2443 supra

214 2453 349 2486 dictum
373 2460 426 2486 est
447 2458 492 2497 (q.
510 2463 567 2497 49.
590 2457 651 2486 art.
676 2452 748 2496 6),-
772 2463 858 2497 ergo
881 2461 1081 2486 virtuosum
1104 2460 1157 2486 est
1178 2452 1350 2486 solicitari
1372 2452 1414 2485 de
1440 2450 1577 2485 futuris.

288 2517 315 2551 3.
339 2505 573 2540 PRAETEREA.
599 2505 832 2550 Quicumque
865 2506 1006 2551 reponit
1036 2505 1167 2551 aliquid
1198 2506 1232 2539 in
1255 2513 1439 2551 posterum
1467 2504 1769 2545 conservandum,

215 2558 376 2593 solicitus
399 2566 452 2592 est
473 2559 508 2592 in
530 2558 707 2592 futurum:
730 2559 791 2592 sed
811 2558 885 2603 ipsc
909 2558 1074 2592 Christus
1097 2559 1226 2604 legitur
1243 2558 1346 2603 Joan.
1370 2568 1420 2591 12.
1440 2557 1581 2591 loculos
1603 2557 1769 2590 habuisse

217 2612 258 2645 ad
279 2611 410 2657 aliquid
431 2612 731 2653 conservandum,
754 2622 843 2657 quos
858 2611 966 2656 Judas
982 2611 1180 2645 deferebat:
1204 2611 1373 2657 Apostoli
1387 2612 1495 2644 etiam
1510 2611 1771 2645 conservabant

215 2665 326 2711 pretia
340 2665 580 2710 praediorum,
596 2676 686 2711 quae
706 2673 786 2698 ante
802 2665 908 2710 pedes
924 2676 1050 2698 eorum
1066 2666 1301 2710 ponebantur,
1317 2672 1354 2698 ut
1367 2664 1497 2710 legitur
1511 2664 1592 2698 Act.
1610 2673 1662 2707 4.;
1683 2674 1769 2709 ergo

215 2718 354 2752 licitum
377 2726 429 2752 est
450 2719 485 2752 in
507 2718 666 2752 futurum
687 2717 869 2752 solicitari.

288 2772 362 2806 SED
391 2782 544 2807 CONTRA
568 2780 631 2814 est,
654 2772 749 2818 quod
771 2772 953 2806 Dominus
976 2771 1072 2813 dicit,
1088 2771 1216 2806 Matth.
1233 2771 1410 2807 6.:Nol1·ta
1427 2771 1545 2806 soliciti
1569 2782 1628 2805 esse
1644 2771 1680 2804 in
1701 2781 1771 2805 cra-

217 2826 361 2859 stinum:
384 2837 463 2859 cras
487 2834 607 2859 autem
629 2825 676 2859 ibi
698 2826 843 2871 ponitur
864 2836 928 2870 pro
949 2824 1082 2867 futuro,
1104 2825 1195 2859 sicut
1210 2825 1294 2859 dicit
1310 2825 1458 2859 Hieron.
1480 2825 1529 2868 (in
1548 2824 1630 2858 lna-nc
1655 2823 1744 2868 loa).
