1859 3122
528 190 748 226 QUAESTIO
784 190 928 220 CLXXI.
961 189 1204 220 ARTICULUS
1238 189 1281 219 11.
1580 189 1684 232 1105

135 279 309 316 quatenus
332 282 414 304 cum
436 271 531 304 hunc
552 282 624 305 non
646 271 790 312 habent,
813 283 850 305 se
872 271 967 305 hunc
997 279 1222 316 cognoscant
1248 282 1289 304 ex
1315 270 1412 304 dono
1435 270 1579 312 habere,
1606 281 1689 304 curn

134 324 266 358 habent
287 338 304 356 »
321 336 328 366 ;
348 324 440 358 unde
461 324 648 358 Helisaeus
665 325 752 358 dixit
773 325 815 358 de
839 324 988 358 muliere
1007 324 1195 358 Sunamite
1221 334 1253 366 4.
1276 324 1364 369 Reg.
1395 334 1446 366 4:
1470 325 1597 358 Anima
1623 325 1691 368 ejus

135 378 168 410 in
185 377 406 411 amaritudine
424 383 478 419 ast,
500 383 528 411 et
546 378 710 411 Dominus
731 378 848 412 celavit
870 390 889 412 ιι
905 390 965 420 me,
988 383 1016 412 ct
1038 389 1102 411 non
1124 377 1286 412 indicavit
1306 378 1411 416 mihz'‚·
1427 385 1461 411 et
1474 377 1580 423 hujus
1599 376 1689 410 ratio

134 438 196 471 est,
219 430 301 475 quia
324 430 444 464 lumen
469 430 709 464 intellectuale
737 431 771 464 in
795 431 915 476 aliquo
938 431 1090 464 existens
1119 442 1181 476 per
1206 430 1357 464 modum
1386 430 1525 464 formae
1552 441 1690 475 perma-

132 483 261 524 nentis,
284 491 318 516 et
340 483 529 528 perfectae,
553 483 689 529 perficit
708 483 929 518 intellectum
953 483 1194 529 principaliter
1216 483 1259 517 ad
1279 483 1578 529 cognoscendum
1600 483 1691 529 prin-

133 535 266 582 cipium
286 535 442 577 illorum,
459 548 549 582 quae
561 548 622 581 per
639 536 726 570 illud
742 536 864 571 lumen
876 536 1159 570 manifestantur:
1173 537 1263 570 sicut
1278 548 1340 582 per
1354 536 1476 570 lumen
1488 535 1690 570 intellectus

133 588 271 634 agentis
287 590 476 634 praecipue
490 589 692 623 intellectus
712 590 900 635 cognoscit
918 591 1031 635 prima
1047 590 1220 635 principia
1236 590 1401 623 omnium
1417 589 1574 631 illorum,
1597 600 1689 635 quae

132 641 341 676 naturaliter
351 651 630 687 cognoscuntur:
640 642 855 688 principium
868 651 987 677 autem
999 653 1136 685 eorum,
1149 654 1239 688 quae
1255 643 1298 676 ad
1314 642 1624 688 supernaturalem
1635 653 1692 676 co-

131 694 331 739 gnitionem
355 696 542 741 pertinent,
557 707 647 740 quae
663 707 724 740 per
739 696 965 741 prophetiam
981 695 1265 737 manifestantur,
1277 704 1330 729 est
1342 696 1416 741 ipse
1428 696 1540 736 Deus,
1553 695 1612 741 qui
1624 706 1686 741 per

133 747 325 781 essentiam
348 759 366 781 a
383 749 567 793 prophetis
582 760 655 782 non
677 749 835 782 videtur:
858 748 996 782 videtur
1019 756 1138 782 autem
1154 749 1300 782 abeatis
1315 749 1349 782 in
1365 749 1489 794 patria,
1511 749 1546 781 in
1562 748 1688 794 quibus

131 800 339 845 hujusmodi
361 800 484 834 lumen
507 801 599 835 inest
621 813 682 847 per
704 801 854 835 modum
877 801 1064 846 cujusdam
1085 800 1224 835 formae
1246 802 1504 846 permanentis,
1527 809 1561 835 et
1579 800 1689 846 perfe-

132 860 222 894 ctae,
244 854 443 887 secundum
466 853 553 887 illud
569 854 662 888 Psal.
682 865 744 899 35.:
761 855 799 888 In
814 855 935 888 lumine
951 859 1004 888 tuo
1018 854 1202 888 videbimus
1216 855 1344 889 lzmzen:
1361 855 1572 900 relinquitur
1586 865 1685 899 ergo,

131 906 227 952 quod
250 906 372 940 lumen
395 907 644 953 propheticum
668 908 749 941 insit
771 909 911 941 animae
934 907 1135 952 Prophetae
1155 918 1216 952 per
1230 908 1381 941 modum
1407 908 1594 953 cujusdam
1610 919 1685 953 pas-

130 959 253 1000 sionis,
264 960 319 993 vel
334 960 580 1005 impressionis
594 961 828 1001 transeunti53
844 968 877 994 et
892 960 961 994 hoc
977 959 1198 1005 significatur
1210 960 1325 994 Exodi
1338 972 1350 1005 3
1363 971 1402 1004 3.:
1421 960 1568 1006 Cumque
1583 966 1688 994 trans-

130 1013 192 1047 ibit
211 1013 321 1057 gloria
343 1025 428 1056 maa,
444 1020 568 1059 ponam
591 1018 619 1048 te
640 1015 675 1046 in
701 1014 922 1056 foraminibus
936 1018 1064 1059 petrae,
1087 1021 1166 1055 etc.;
1189 1021 1223 1047 et
1248 1025 1275 1058 3.
1298 1013 1388 1059 Reg.
1415 1025 1468 1059 19.
1490 1013 1618 1047 dicitur
1645 1013 1687 1046 ad

131 1065 296 1100 Heliam:
318 1066 490 1110 Egradm,
509 1071 537 1100 et
556 1071 605 1100 sta
627 1068 661 1099 in
682 1071 790 1100 monta
812 1077 924 1100 coram
939 1067 1114 1100 Domino:
1137 1071 1165 1099 et
1186 1078 1254 1100 ecce
1268 1067 1437 1100 Dominus
1459 1068 1588 1108 transit,
1606 1074 1684 1108 etc.;

131 1125 166 1152 et
187 1118 269 1152 inde
291 1126 355 1160 est,
377 1119 474 1164 quod
495 1119 588 1152 sicut
602 1130 661 1152 aer
675 1130 816 1164 semper
829 1119 966 1164 indiget
978 1130 1074 1152 nova
1088 1118 1375 1161 illuminatione3
1398 1120 1446 1153 ita
1461 1120 1569 1153 etiam
1584 1130 1687 1153 mens

130 1170 332 1217 Prophetae
354 1183 495 1216 semper
516 1172 651 1217 indiget
672 1183 766 1205 nova
790 1171 1027 1205 revelatione:
1050 1172 1141 1205 sicut
1159 1172 1367 1218 discipulus,
1382 1173 1443 1218 qui
1457 1172 1620 1206 nondum
1636 1179 1687 1206 est

133 1224 280 1269 adeptus
302 1224 474 1270 principia
499 1224 594 1266 artis,
615 1225 751 1269 indiget
774 1232 811 1258 ut
832 1225 874 1258 de
896 1224 1046 1270 singulis
1072 1225 1284 1267 instruatur,
1311 1225 1406 1259 unde
1435 1234 1469 1259 et
1493 1225 1608 1259 Isaiae
1634 1236 1685 1269 50.

132 1276 277 1310 dicitur:
302 1277 402 1311 Mane
417 1279 515 1322 erigit
535 1278 617 1311 mihi
634 1290 760 1316 aurem,
784 1277 968 1312 utaztdiam
990 1279 1313 1323 quasimagistrmn;
1339 1286 1372 1312 et
1393 1279 1464 1312 hoc
1488 1279 1596 1312 etiam
1611 1280 1686 1324 ipse

131 1329 261 1363 modus
282 1329 454 1376 loquendi
476 1331 704 1376 prophetiam
727 1331 901 1376 designat,
923 1331 1122 1365 secundum
1144 1331 1240 1377 quod
1267 1331 1408 1373 dicitur,
1437 1332 1533 1377 quod
1560 1332 1686 1366 locutus

129 1387 173 1417 est
193 1383 360 1417 Dominus
382 1383 424 1416 ad
443 1383 565 1426 talem,
587 1384 645 1418 vel
665 1384 775 1418 talem
797 1384 1039 1429 Prophetam3
1062 1392 1122 1418 aut
1142 1384 1238 1430 quod
1252 1385 1387 1430 sactum
1407 1390 1450 1419 est
1463 1386 1601 1419 verbum
1616 1386 1686 1418 Do-

130 1436 227 1478 mini,
257 1437 324 1470 sive
350 1448 466 1470 manus
495 1437 638 1470 Domini
669 1444 764 1483 snper
789 1449 883 1471 eum:
910 1437 1051 1471 habitus
1079 1446 1199 1472 autem
1226 1446 1279 1472 est
1303 1437 1420 1472 forma
1448 1449 1684 1483 permanens3

129 1488 223 1522 unde
245 1488 477 1522 manifestum
501 1498 563 1531 est,
586 1491 682 1535 quod
704 1490 902 1536 prophetia,
925 1491 1067 1536 proprie
1087 1490 1282 1536 loquendo,
1304 1502 1378 1525 non
1403 1499 1456 1525 est
1474 1491 1626 1525 habitus.

199 1541 258 1574 AD
280 1552 429 1576 PRiMuM
452 1553 538 1587 ergo
554 1543 758 1584 dicendum,
780 1543 875 1589 quod
897 1543 958 1576 illa
976 1543 1103 1577 divisio
1122 1543 1338 1589 Philosophi
1353 1555 1427 1578 non
1446 1544 1682 1590 comprehen-

130 1593 180 1628 dit
202 1594 364 1628 absolute
388 1595 512 1628 omnia
534 1607 625 1641 quae
647 1605 728 1630 sunt
753 1597 789 1629 in
816 1597 947 1637 anima,
969 1596 1030 1630 sed
1052 1607 1094 1630 ea
1116 1608 1206 1642 quae
1233 1605 1385 1643 possunt
1411 1609 1488 1631 esse
1509 1598 1683 1643 principia

128 1646 325 1680 moralium
348 1655 509 1681 actuum:
533 1649 593 1694 qui
613 1649 804 1694 quandoque
825 1649 913 1683 fiunt
935 1660 976 1683 ex
998 1651 1176 1695 passione,
1197 1651 1389 1696 quandoque
1413 1659 1532 1684 autem
1556 1662 1597 1685 ex
1624 1652 1683 1685 ha-

127 1699 214 1742 bitu,
237 1701 430 1746 quandoque
451 1709 572 1735 autem
594 1713 636 1736 ex
656 1703 815 1748 potentia
836 1703 943 1743 nuda,
966 1710 1003 1736 ut
1024 1710 1121 1747 patet
1137 1704 1173 1736 in
1194 1703 1249 1737 his
1271 1704 1331 1749 qui
1357 1715 1399 1737 ex
1419 1704 1554 1749 judicio
1577 1705 1683 1738 ratio-

127 1753 182 1787 nis
205 1752 338 1798 aliquid
354 1762 557 1800 operantur,
573 1763 766 1801 antequam
784 1755 941 1789 habeant
953 1755 1127 1797 habitum,
1148 1764 1267 1801 potest
1289 1765 1410 1791 autem
1433 1757 1624 1803 prophetia
1640 1758 1683 1791 ad

128 1806 335 1851 passionem
357 1808 489 1849 reduci,
512 1808 541 1842 si
562 1816 683 1842 tamen
704 1819 839 1842 nomen
861 1808 1038 1853 passionis
1057 1819 1120 1854 pro
1139 1809 1295 1854 qualibet
1310 1810 1518 1855 receptione
1533 1810 1685 1856 accipia-

127 1866 194 1901 tur,
216 1867 323 1905 prout
343 1859 436 1893 Phil.
457 1860 542 1894 dicit
562 1862 597 1894 in
623 1873 651 1906 3.
671 1862 714 1895 de
733 1861 866 1895 Anima
888 1861 966 1906 (tax.
992 1862 1070 1904 12.),
1097 1862 1192 1907 quod
1219 1863 1399 1908 intelligere
1417 1865 1494 1910 pati
1519 1863 1683 1908 quoddam

127 1917 197 1947 est:
223 1913 315 1946 sicut
337 1914 433 1947 enim
455 1914 490 1946 in
513 1914 721 1959 cognitione
743 1914 896 1948 naturali
915 1914 1118 1948 intellectus
1132 1915 1310 1960 possibilis
1325 1917 1459 1961 patitur
1481 1927 1523 1950 ex
1545 1916 1682 1951 lumine

129 1965 333 1999 intellectus
355 1967 511 2012 agentis:
538 1967 586 2000 ita
609 1967 718 2001 etiam
744 1968 779 2000 in
807 1968 1015 2013 cognitione
1042 1968 1252 2014 prophetica
1274 1969 1478 2004 intellectus
1499 1970 1683 2005 humanus

129 2019 261 2064 patitur
280 2029 322 2052 ex
343 2019 581 2054 illustratione
603 2020 713 2053 divini
734 2020 892 2055 luminis.

201 2072 260 2106 AD
278 2083 483 2106 SECUNDUM
500 2073 704 2114 dicendum,
720 2073 827 2119 quod,
857 2074 947 2107 sicut
967 2075 1003 2107 in
1024 2074 1129 2108 rebus
1152 2075 1411 2120 corporalibus,
1432 2075 1584 2110 abeunte
1605 2087 1682 2122 pas-

128 2124 243 2166 sione,
275 2133 438 2159 remanet
471 2126 648 2171 quaedam
680 2126 847 2160 habilitas
883 2127 926 2160 ad
959 2127 1030 2160 hoc
1066 2127 1162 2172 quod
1194 2127 1324 2162 iterum
1351 2129 1553 2174 patiantur3
1592 2129 1683 2163 sicut

128 2176 269 2222 lignum
287 2177 400 2211 semel
422 2178 687 2212 inflammatum
709 2178 847 2213 facilius
873 2179 1001 2213 iterum
1023 2179 1287 2224 inflammatur3
1314 2183 1361 2215 ita
1389 2182 1499 2215 etiam
1525 2182 1562 2215 in
1583 2182 1684 2216 intel-

127 2230 223 2264 lectu
244 2231 461 2276 Prophetae,
485 2240 646 2265 cessante
665 2232 796 2265 actuali
816 2231 1064 2274 illustratione,
1078 2242 1242 2268 remanet
1255 2235 1435 2280 quaedam
1456 2235 1622 2269 habilitas
1639 2236 1680 2268 ad

128 2283 199 2317 hoc
222 2285 318 2329 quod
340 2283 480 2318 facilius
502 2284 629 2318 iterato
651 2284 863 2319 illustretur:
883 2286 975 2319 sicut
995 2286 1104 2320 etiarn
1125 2297 1227 2320 mens
1247 2287 1364 2322 semel
1386 2289 1429 2321 ad
1449 2288 1681 2322 devotionem

129 2336 293 2377 excitata,
315 2336 456 2370 facilius
490 2338 723 2382 postmodum
755 2338 797 2371 ad
825 2339 1058 2373 devotionem
1087 2340 1274 2385 pristinam
1304 2349 1513 2375 revocatur:
1536 2351 1681 2387 propter

129 2389 225 2435 quod
253 2390 406 2435 August.
433 2390 468 2423 in
491 2390 549 2423 lib.
577 2390 620 2424 de
649 2391 800 2425 Orando
826 2391 947 2425 Deum
975 2392 1032 2435 (sc.
1054 2393 1160 2438 Epist.
1177 2405 1246 2439 ι130.
1269 2393 1310 2427 ol.
1329 2405 1397 2428 121.
1420 2400 1492 2439 cap.
1512 2394 1562 2439 9.)
1585 2394 1681 2436 dicit,

130 2453 207 2476 esse
226 2443 447 2476 necessarias
469 2443 609 2477 crebras
631 2444 823 2486 orationes,
839 2455 884 2478 ne
903 2453 1078 2491 concepta
1093 2445 1238 2480 devotio
1256 2446 1416 2480 totaliter
1434 2447 1678 2492 extinguatur:

128 2503 248 2540 potest
267 2503 390 2529 tamen
413 2496 493 2537 dici,
517 2496 612 2541 quod
634 2496 761 2542 aliquis
783 2497 911 2531 dicitur
927 2498 1121 2544 Propheta,
1143 2499 1253 2532 etiam
1275 2507 1438 2533 cessante
1453 2499 1585 2533 actuali
1603 2512 1681 2546 pro-

127 2548 272 2593 phetica
293 2548 544 2590 illustratione,
560 2557 594 2583 et
607 2549 837 2595 deputatione
860 2551 991 2592 divina,
1010 2551 1208 2585 secundun]
1224 2551 1312 2585 illud
1329 2552 1461 2597 Jerem.
1480 2564 1521 2586 1.:
1542 2554 1588 2587 Et
1601 2553 1681 2587 Pro-

123 2601 256 2647 phetam
275 2602 309 2634 in
326 2603 472 2646 gentibus
493 2601 564 2635 dedi
582 2607 618 2636 te.

199 2654 258 2687 AD
274 2664 444 2688 TERTIUM
467 2654 670 2697 dicendum,
692 2656 788 2701 quod
810 2667 919 2691 omne
942 2657 1079 2692 donum
1111 2657 1245 2703 gratiae
1274 2658 1468 2693 hominem
1490 2658 1609 2693 elevat
1636 2660 1679 2694 ad

129 2705 274 2752 aliquid,
297 2707 393 2752 quod
414 2714 465 2741 est
486 2718 592 2753 supra
613 2716 779 2742 naturam
799 2709 1019 2751 humanam3
1042 2710 1138 2756 quod
1160 2711 1306 2756 quidem
1327 2720 1447 2757 potest
1474 2723 1550 2746 esse
1577 2712 1684 2758 dupli-

128 2761 226 2793 citer:
253 2771 317 2793 uno
339 2760 434 2794 modo
455 2769 628 2805 quantum
649 2761 692 2795 ad
718 2762 954 2796 substantiam
977 2771 1088 2804 actus,
1110 2763 1203 2797 sicut
1223 2764 1397 2798 miracula
1418 2764 1548 2807 facere,
1571 2773 1605 2799 et
1623 2777 1680 2800 co-

128 2822 304 2858 gnoscere
326 2812 481 2854 occulta,
504 2821 538 2847 et
558 2814 694 2848 incerta
713 2815 852 2849 divinae
874 2816 1089 2862 sapientiae:
1121 2825 1156 2851 et
1181 2817 1224 2850 ad
1246 2818 1314 2851 hos
1341 2826 1441 2852 actus
1471 2830 1545 2853 non
1575 2819 1678 2853 datur

126 2865 269 2899 homini
289 2864 426 2899 donum
449 2868 583 2911 gratiae
603 2867 803 2902 habituale:
825 2869 891 2903 alio
913 2869 1008 2904 modo
1023 2877 1076 2903 est
1094 2869 1227 2916 aliquid
1242 2881 1348 2916 supra
1368 2879 1534 2905 naturam
1553 2872 1678 2907 huma-
