1859 3122
472 136 692 172 Quasssrro
727 136 794 165 Lx.
829 135 1071 166 ARTmULus
1104 136 1160 166 VI·
1513 137 1595 178 449

46 217 183 253 semina
204 217 396 251 herbarum
419 216 600 251 inutilium
622 216 801 252 fertilitate
823 216 1007 251 laudatur:
1029 216 1078 250 sic
1101 216 1187 250 illud
1206 216 1325 262 Moysi
1346 215 1481 250 factum
1501 216 1601 250 vitio-

46 283 125 306 sum
148 271 293 318 quidem
307 269 382 312 fuit,
402 271 462 305 sed
479 282 632 316 magnae
653 269 842 304 fertilitatis
857 270 1001 316 signum
1024 270 1199 315 gerebat»
1215 282 1223 312 ;
1238 270 1450 316 inquantum
1465 269 1602 304 scilicet

47 333 121 360 erat
142 325 283 371 signum
305 324 443 358 virtutis
466 325 553 369 ejus,
576 335 644 370 qua
673 323 847 370 populum
869 323 1078 357 liberaturus
1108 331 1192 357 erat.
1216 323 1270 357 De
1304 323 1458 358 Phinees
1481 331 1601 357 autem

47 379 238 413 dicendum
262 386 324 420 est,
344 378 439 424 quod
455 390 495 412 ex
510 378 741 424 inspiratione
765 377 883 411 divina
905 376 984 411 zelo
1007 377 1075 411 Dei
1098 384 1304 410 commotus
1326 377 1397 410 hoc
1420 376 1522 411 fecit:
1544 375 1603 410 vel

47 433 129 479 quia
151 432 235 466 licet
255 432 416 465 nondum
448 439 540 466 esset
561 442 724 466 summus
748 430 937 472 Sacerdos,
965 438 1039 464 erat
1067 438 1189 464 tamen
1210 430 1303 464 filius
1325 431 1459 464 summi
1482 430 1605 465 Sacer-

48 486 160 528 dotis;
182 494 216 520 et
239 485 281 519 ad
303 497 386 520 eum
421 486 490 519 hoc
512 485 685 531 judicium
713 484 921 531 pertinebat,
943 484 1035 518 sicut
1056 491 1090 518 et
1117 484 1160 517 ad
1183 483 1272 517 alios
1295 484 1450 529 Judices,
1477 484 1604 530 quibus

48 540 118 574 hoc
141 548 216 573 erat
236 547 480 585 praeceptum.

119 593 179 627 AD
202 602 372 626 TERTIUM
394 592 597 633 dicendum,
621 592 715 637 quod
739 599 896 637 potestas
919 590 1113 625 saecularis
1135 590 1295 624 subditur
1313 590 1498 636 spirituali,
1514 591 1605 625 sicut

51 657 180 692 corpus
203 645 345 679 animae
370 645 419 689 (nl
445 646 543 690 Greg.
565 646 727 689 λἰιῑῐαηζ.
750 644 830 679 dicit
856 650 940 679 orat.
968 646 1048 690 17.),·
1070 652 1103 678 et
1125 644 1206 677 ideo
1222 655 1294 677 non
1319 652 1372 677 est
1394 653 1604 690 usurpatum

50 699 233 745 judicium,
261 699 289 733 si
311 698 502 745 spiritualis
525 698 702 744 praelatus
724 710 761 732 se
788 698 1002 732 intromittat
1023 699 1065 732 de
1084 697 1342 744 temporalibus
1366 707 1540 744 quantum
1563 699 1606 733 ad

52 764 104 794 ea,
127 753 161 786 in
184 753 311 798 quibus
333 753 493 786 subditur
511 752 543 786 ei
564 751 759 786 saecularis
781 759 950 798 potestas,
966 751 1023 786 vel
1037 763 1128 798 quae
1144 751 1175 785 ei
1197 763 1215 784 a
1237 751 1412 785 saeculari
1431 760 1606 797 potestate

51 806 308 852 relinquuntur.

123 860 182 893 AD
205 870 391 898 QUARTUM
413 858 617 900 dicendum,
637 858 733 904 quod
754 859 896 892 habitus
919 858 1100 900 scientiae,
1132 866 1166 892 et
1198 858 1353 903 justitiae
1385 866 1466 892 sunt
1498 858 1608 904 perfe-

53 913 190 948 ctiones
212 913 401 958 singularis
428 923 619 958 personae3
650 920 683 946 et
704 912 786 946 ideo
814 923 876 958 per
898 923 1025 946 eorum
1048 911 1228 946 defectum
1258 923 1331 945 non
1363 911 1491 945 dicitur
1514 923 1610 946 usur-

53 975 175 1013 patum
197 966 383 1012 judicium,
417 966 507 1000 sicut
538 977 600 1012 per
634 965 815 1000 defectum
837 964 1002 1012 publicae
1025 965 1259 1007 auctoritatis,
1283 977 1324 998 ex
1344 976 1412 1011 qua
1435 965 1608 1011 judicium

53 1020 124 1054 vin]
150 1020 352 1054 coactivam
378 1020 495 1054 habet.

570 1284 923 1344 QUAESTIO
966 1284 1094 1331 LXI.

94 1409 157 1440 DE
197 1408 423 1440 PARTIBUS
451 1408 706 1449 JUSTITIAE,
748 1408 799 1439 IN
838 1408 1065 1448 QUATUOR
1104 1407 1364 1439 ARTICULOS
1398 1407 1571 1438 DIVISA.

130 1548 270 1582 Deinde
301 1548 603 1582 considerandum
627 1556 679 1582 est
713 1549 756 1582 de
782 1548 939 1594 partibus
972 1548 1146 1594 justitiae3
1178 1556 1212 1582 et
1242 1549 1355 1594 primo
1389 1547 1431 1581 de
1459 1547 1615 1593 partibus

59 1602 273 1647 subJ'ectivis,
295 1613 386 1648 quae
407 1610 489 1636 sunt
509 1602 646 1647 species
663 1601 830 1647 justitiae,
852 1601 1006 1636 scilicet:
1023 1601 1255 1643 distributiva,
1278 1609 1311 1635 et
1338 1601 1615 1635 commutativa:

57 1655 194 1690 secundo
217 1656 258 1689 de
280 1655 436 1701 partibus
459 1655 560 1700 quasi
576 1654 826 1700 integralibus:
857 1656 947 1688 tertio
981 1655 1022 1689 de
1049 1655 1206 1700 partibus
1229 1654 1329 1700 quasi
1350 1653 1615 1700 potentialibus‚

59 1707 197 1742 scilicet
217 1708 260 1742 de
281 1708 468 1742 virtutibus
503 1708 688 1753 adjunctis.
713 1708 820 1742 Circa
836 1709 989 1754 primum
1016 1708 1170 1741 occurrit
1201 1707 1317 1754 duplex
1352 1707 1615 1741 consideratio:

55 1763 169 1809 prima
192 1762 234 1796 de
256 1762 340 1808 ipsis
358 1762 512 1807 justitiae
534 1761 708 1807 partibus:
731 1762 869 1796 secunda
892 1762 934 1795 de
949 1762 1042 1795 vitiis
1065 1762 1257 1808 oppositi33
1281 1769 1314 1795 et
1333 1761 1416 1807 quia
1438 1761 1614 1795 restitutio

60 1816 198 1850 videtur
213 1827 289 1849 esse
312 1823 410 1849 actus
430 1815 711 1849 commutativae
726 1815 899 1861 justitiae3
914 1817 1026 1861 primo
1050 1815 1350 1849 considerandum
1366 1823 1418 1849 est
1436 1815 1478 1849 de
1501 1815 1621 1849 distin·-

60 1870 179 1904 ctione
197 1869 353 1916 justitiae
373 1869 667 1911 commutativae,
690 1877 724 1903 et
746 1869 1006 1904 distributivae:
1028 1869 1163 1903 secundo
1187 1869 1229 1903 de
1251 1868 1486 1902 restitutione.

501 1958 603 1993 Circa
625 1961 776 2004 primum
802 1964 1007 2004 quaeruntur
1029 1964 1181 2004 quatuor.

133 2031 269 2064 Primo.
291 2030 422 2064 Utrum
443 2030 512 2064 sint
533 2029 622 2064 duae
645 2029 781 2076 species
802 2029 969 2075 justitiae>
991 2029 1150 2063 scilicet:
1170 2029 1303 2075 justitia
1327 2028 1560 2070 distributiva,
1584 2036 1618 2062 et

65 2084 336 2118 commutativa.

136 2137 315 2171 Secundo.
338 2137 469 2170 Utrum
491 2136 621 2170 eodem
648 2136 759 2169 modo
782 2136 889 2170 in-eis
912 2136 1072 2170 medium
1099 2136 1304 2182 accipiatur.

137 2190 274 2224 Tertio.
297 2190 427 2224 Utrum
450 2191 494 2224 sit
516 2201 639 2224 earum
667 2188 866 2231 uniformis,
889 2189 947 2223 vel
968 2189 1154 2235 multiplex
1177 2189 1337 2222 materia.

138 2243 290 2284 Quarto.
306 2243 436 2277 Utrum
453 2243 652 2277 secundum
667 2242 824 2288 aliquam
840 2254 963 2276 earum
981 2243 1182 2289 specierum
1196 2244 1331 2289 justum
1349 2242 1393 2276 sit
1410 2242 1506 2276 idem
1526 2243 1621 2288 quod

68 2304 352 2342 contrapassum.

644 2423 987 2468 ARTICULUS
1022 2424 1056 2466 1.
1559 2445 1624 2480 340

159 2531 309 2561 UTRUM
336 2530 672 2560 CONVENIENTER
697 2530 933 2560 PONANTUR
960 2530 1077 2559 DUAE
1105 2530 1274 2559 SPECIES
1297 2530 1536 2571 JUSTITIAE,

349 2597 545 2626 SCILICET
565 2599 574 2625 ζ
597 2596 934 2634 COMMUTATIVA,
950 2596 1004 2624 ET
1022 2595 1341 2624 DISTRIBUTIVA.

75 2683 182 2727 (Part.
204 2695 231 2717 Ι.
254 2695 283 2728 q.
306 2694 354 2717 21.
381 2688 444 2717 art.
472 2695 499 2717 I.
526 2688 553 2717 et
574 2684 660 2717 Dz'sl.
679 2695 723 2729 33.
743 2695 771 2728 q.
790 2695 818 2729 3.
838 2688 901 2717 art.
924 2694 956 2726 4.
983 2695 1012 2728 q.
1031 2694 1058 2728 5.
1081 2687 1110 2716 ut
1134 2693 1167 2725 4.
1195 2682 1283 2715 Dist.
1303 2681 1359 2724 46.
1382 2693 1411 2725 q.
1438 2691 1465 2713 1.
1486 2685 1549 2715 art.
1567 2682 1623 2727 3.).

146 2772 204 2806 AD
226 2782 373 2805 PRIMUM
395 2771 445 2804 sic
473 2771 686 2816 proceditur.
713 2771 875 2812 Videtur,
901 2770 997 2816 quod
1019 2769 1313 2804 inconvenienter
1335 2777 1513 2814 ponantur
1535 2769 1625 2803 duae

75 2824 211 2871 species
238 2824 414 2870 justitiae:
436 2824 569 2869 justitia
601 2823 813 2858 distributiva
839 2831 874 2858 et
894 2825 1156 2858 comminativa:
1184 2833 1257 2856 non
1288 2822 1384 2855 enim
1406 2830 1522 2869 potest
1548 2833 1625 2859 esse
