1859 3122
131 208 242 261 1276
499 216 719 251 QUAESTIO
754 215 958 246 CLXXXIX.
991 214 1234 245 ARTICULUS
1265 214 1308 244 V.

123 310 186 344 per
207 310 315 344 quem
335 297 405 332 sint
426 296 500 330 doli
522 307 693 342 capaces:
716 308 825 342 quem
847 296 993 342 quidem
1015 295 1115 341 pueri
1133 295 1267 329 habent
1285 302 1323 329 ut
1342 294 1560 340 frequentius
1582 294 1676 328 circa

127 351 481 398 quartumdecimum
496 361 642 391 annum,
657 349 797 395 puellae
819 361 905 383 vero
925 349 1020 382 circa
1042 349 1310 390 duodecimum,
1329 347 1389 393 qui
1410 348 1574 382 dicuntur
1595 347 1678 381 anni

124 405 328 451 pubertatis:
340 404 374 437 in
391 403 604 449 quibusdam
619 411 740 437 tamen
756 403 980 448 anticipatur,
991 409 1024 436 et
1038 403 1073 435 in
1085 401 1297 447 quibusdam
1309 401 1467 435 tardatur
1481 400 1677 434 secundum

124 459 301 492 diversam
323 457 596 502 dispositionem
618 464 776 490 naturae.
788 456 865 490 Alio
884 455 978 489 modo
1001 455 1192 500 impeditur
1214 453 1372 488 efficacia
1393 452 1566 499 simplicis
1587 453 1677 494 voti,

125 511 154 545 si
175 510 300 556 aliquis
321 510 402 544 Deo
424 517 566 551 voveat,
585 509 645 554 qui
665 520 740 542 non
768 515 820 543 est
841 509 1006 554 propriae
1032 507 1236 553 potestatis:
1259 515 1343 553 puta
1365 506 1395 541 si
1420 516 1542 540 servus
1568 505 1679 539 etiam

125 575 230 598 usum
252 563 400 597 rationis
426 563 563 596 habens
575 570 706 596 voveat
719 573 756 596 se
771 561 987 607 religionem
1008 561 1151 603 intrare,
1175 567 1234 594 aut
1253 560 1361 593 etiam
1380 560 1563 594 ordinetur
1580 558 1681 604 igno-

126 624 224 650 rante
239 616 401 657 domino,
413 623 530 662 potest
544 615 641 649 enim
655 615 727 649 hoc
742 615 910 649 dominus
930 625 1111 656 revocare,
1126 622 1164 647 ut
1177 614 1328 647 habetur
1345 613 1380 646 in
1394 613 1500 647 Decr.
1515 612 1607 646 Dist.
1625 621 1678 656 54.

125 681 223 715 cap.:
249 670 285 704 δι’
303 681 438 709 ser-vim
463 677 497 702 et
517 669 600 714 quia
622 668 733 714 pueri,
754 668 811 702 vel
837 667 978 714 puellae
999 667 1089 701 infra
1111 666 1305 713 pubertatis
1333 677 1445 700 annos
1471 664 1680 700 naturaliter

124 731 205 758 sunt
226 724 261 756 in
284 731 460 769 potestate
482 722 591 768 patris
613 730 786 768 quantum
814 722 856 755 ad
883 721 1155 767 dispositionem
1182 731 1266 754 suae
1293 720 1398 761 vitae,
1424 718 1556 765 poterit
1581 725 1681 764 pater

123 784 250 810 votum
273 788 399 810 eorum
421 787 604 818 revocare,
618 774 676 808 vel
699 783 897 821 acceptare,
913 775 941 808 si
963 774 1029 807 sibi
1050 773 1233 819 placuerit,
1249 781 1287 806 ut
1305 783 1468 818 expresse
1491 771 1618 805 dicitur
1638 771 1681 805 de

125 830 287 871 muliere,
309 830 459 864 Numer.
484 839 557 874 3o.;
579 829 629 862 sic
651 839 737 873 ergo
760 828 789 862 si
815 839 902 874 puer
925 835 1006 861 ante
1028 838 1141 860 annos
1163 826 1356 871 pubertatis
1377 824 1529 871 simplex
1554 832 1681 858 votum

126 883 275 924 emittat,
299 891 492 928 antequam
512 881 644 915 habeat
669 881 817 927 plenum
843 892 949 914 usum
971 880 1129 921 rationis,
1151 890 1225 913 non
1252 878 1430 924 obligatur
1456 889 1498 912 ex
1518 885 1628 911 voto:
1652 876 1681 911 si

128 945 248 970 autem
270 935 400 969 habeat
421 946 526 969 usum
544 934 693 968 rationis
721 942 802 968 ante
828 944 943 967 annos
964 933 1170 979 pubertatis,
1193 931 1372 977 obligatur
1393 931 1550 977 quidem,
1577 941 1684 976 quan·

127 997 204 1023 tum
220 990 255 1022 in
273 1000 311 1022 se
332 997 394 1030 est,
410 999 451 1022 ex
469 999 534 1022 suo
550 995 655 1022 voto:
678 995 800 1020 tamen
822 994 939 1033 potest
957 985 1131 1031 obligatio
1149 985 1328 1019 removeri
1350 995 1412 1030 per
1433 983 1684 1018 auctoritatem

125 1042 244 1088 patris,
268 1042 303 1075 in
326 1042 424 1087 cujus
448 1048 624 1087 potestate
648 1040 764 1074 adhuc
787 1040 920 1074 existit:
944 1039 1025 1086 quia
1049 1039 1226 1072 ordinatio
1248 1038 1349 1083 legis,
1368 1048 1437 1083 qua
1455 1048 1546 1071 unus
1564 1037 1680 1070 homo

124 1095 285 1129 subditur
308 1094 419 1136 alteri,
441 1094 585 1140 respicit
606 1093 640 1127 id
662 1093 758 1139 quod
780 1093 815 1126 in
838 1092 994 1138 pluribus
1014 1092 1160 1125 accidit:
1188 1091 1217 1125 si
1237 1102 1323 1125 vero
1351 1101 1463 1124 annos
1489 1088 1684 1136 pubertatis

126 1148 285 1189 excedat,
303 1158 377 1181 non
391 1154 510 1193 potest
523 1147 685 1180 revocari
700 1145 911 1180 auctoritate
933 1153 1141 1191 parentum:
1164 1144 1193 1178 si
1213 1152 1336 1178 tamen
1350 1143 1514 1177 nondum
1535 1142 1684 1176 haberet

126 1200 273 1248 plenum
296 1212 400 1234 usum
422 1200 582 1241 rationis,
604 1210 678 1233 non
700 1199 921 1245 obligaretur
942 1199 1060 1244 quoad
1082 1198 1213 1231 Deum.
1225 1197 1330 1232 Aliud
1345 1205 1466 1231 autern
1484 1203 1537 1230 est
1556 1204 1684 1230 votum

128 1253 303 1295 solemne,
325 1253 420 1299 quod
442 1252 527 1286 facit
547 1252 783 1293 monachum,
797 1251 855 1285 vel
873 1251 1101 1297 religiosum:
1125 1250 1220 1296 quod
1243 1251 1389 1296 quidem
1411 1249 1573 1283 subditur
1594 1248 1686 1282 ordi-

129 1307 267 1341 nationi
289 1306 471 1340 Ecclesiae
493 1313 638 1352 propter
667 1305 948 1345 solemnitatem,
968 1315 1077 1349 quam
1099 1304 1207 1337 habet
1239 1314 1434 1345 annexam;
1457 1310 1491 1336 et
1518 1302 1601 1348 quia
1622 1301 1686 1335 Ec-

129 1360 237 1394 clesia
259 1360 403 1405 respicit
417 1360 451 1392 id
467 1358 562 1404 quod
577 1358 612 1391 in
628 1357 787 1404 pluribus
809 1365 879 1399 est;
901 1357 1076 1403 professio
1099 1365 1180 1390 ante
1201 1364 1343 1402 tempus
1365 1355 1558 1401 pubertatis
1571 1354 1684 1396 facta,

127 1421 460 1458 quantumcumque
483 1411 609 1457 aliquis
631 1411 762 1444 habeat
780 1422 885 1444 usum
902 1410 1050 1443 rationis
1066 1409 1225 1454 plenum,
1240 1408 1299 1442 vel
1317 1409 1360 1442 sit
1378 1408 1451 1442 doli
1470 1419 1592 1454 capax,
1611 1418 1685 1441 non

126 1466 235 1500 habet
261 1477 365 1499 suum
393 1464 573 1506 effectum,
600 1472 639 1498 ut
663 1463 771 1498 faciat
797 1462 1026 1509 profitentem
1052 1463 1124 1507 iam
1151 1473 1228 1496 esse
1254 1461 1481 1507 religiosum:
1504 1469 1539 1495 et
1563 1468 1686 1494 tamen

127 1518 210 1553 licet
232 1527 312 1552 ante
335 1518 528 1564 pubertatis
548 1528 661 1551 annos
683 1517 841 1562 profiteri
864 1527 937 1550 non
960 1516 1108 1561 possint,
1140 1522 1291 1561 possunt
1311 1522 1434 1548 tamen
1457 1525 1540 1547 cum
1561 1513 1686 1547 volun-

127 1579 198 1606 tate
222 1580 409 1617 parentum
429 1571 465 1604 in
487 1570 662 1616 religione
682 1570 804 1616 recipi,
817 1577 855 1603 ut
869 1569 1070 1602 nutriantur
1091 1569 1236 1610 ibidem,
1252 1568 1342 1602 sicut
1365 1567 1558 1612 deJoanne
1572 1566 1688 1613 Bapti-

128 1632 181 1659 sta
202 1625 342 1670 legitur,
366 1624 485 1658 Lucae
511 1635 551 1665 1.,
573 1624 669 1670 quod
686 1629 772 1669 puer
793 1623 961 1663 crescebat,
985 1628 1014 1657 et
1032 1623 1281 1667 confortabatur
1301 1621 1434 1666 spiritu,
1453 1625 1483 1655 et
1496 1625 1565 1654 erat
1582 1621 1618 1654 in
1639 1619 1688 1654 de-

128 1679 233 1716 serti&
255 1678 360 1719 unde,
383 1677 474 1711 sicut
494 1676 603 1722 Greg.
626 1677 712 1710 dicit
732 1677 768 1710 in
790 1686 821 1710 2.
843 1675 989 1719 Dialog.
1012 1676 1101 1722 (cap.
1126 1676 1182 1721 3.),
1208 1687 1226 1707 «
1248 1675 1287 1708 B.
1311 1674 1507 1708 Benedicto
1529 1672 1688 1708 Romani

127 1730 266 1765 nobiles
289 1742 372 1764 suos
395 1730 488 1764 filios
515 1730 755 1775 omnipotenti
783 1729 863 1763 Deo
889 1729 1099 1762 nutriendos
1127 1729 1210 1762 dare
1239 1734 1436 1773 coeperunt
1457 1740 1489 1769 >),
1512 1725 1607 1773 quod
1635 1733 1688 1760 est

127 1784 231 1818 valde
260 1784 461 1829 expediens,
489 1784 688 1817 secundum
715 1782 802 1816 illud
827 1781 963 1816 Thren.
990 1793 1038 1827 3.:
1062 1782 1188 1815 Bonum
1211 1786 1255 1815 est
1283 1782 1371 1821 viro,
1401 1792 1474 1814 cum
1498 1780 1689 1826 portaverit

126 1840 245 1883 jugum
267 1839 307 1870 ab
329 1837 542 1871 adolescentia
563 1848 636 1877 sucu
659 1836 752 1870 unde
781 1843 815 1870 et
837 1835 1025 1870 communi
1052 1834 1311 1869 consuetudine
1337 1833 1439 1880 pueri
1465 1833 1689 1880 applicantur

128 1890 199 1924 illis
221 1890 360 1931 officiis,
381 1889 438 1924 vel
462 1890 604 1931 artibus,
627 1890 662 1923 in
685 1889 810 1935 quibus
833 1896 913 1923 sunt
934 1888 1045 1922 vitam
1069 1888 1191 1921 acturi.
1699 1884 1703 1888 '

202 1944 261 1977 An
280 1954 428 1978 PRIMUM
447 1954 534 1989 ergo
558 1943 762 1984 dicendum,
785 1942 880 1988 quod
895 1941 1056 1987 legitima
1072 1949 1168 1974 aetas
1188 1940 1231 1973 ad
1252 1940 1336 1982 hoc,
1351 1939 1447 1985 quod
1469 1938 1596 1985 aliquis
1613 1946 1690 1972 ton-

129 1996 255 2031 deatur
277 2008 359 2030 curn
381 2004 467 2030 voto
487 1996 640 2030 solemni
663 1995 858 2042 religionis,
881 2003 934 2029 est
951 2003 1094 2039 tempus
1115 1993 1321 2040 pubertatis,
1343 1993 1379 2026 in
1398 2004 1469 2039 quo
1490 1992 1605 2026 homo
1628 2002 1688 2037 po-

130 2058 200 2084 test
225 2051 274 2084 uti
297 2058 494 2095 spontanea
515 2048 715 2082 voluntate:
748 2048 809 2082 sed
837 2056 918 2082 ante
946 2058 1058 2081 annos
1085 2047 1278 2093 pubertatis
1297 2054 1413 2092 potest
1431 2056 1508 2080 esse
1526 2044 1689 2091 legitima

131 2112 226 2137 aetas
249 2103 291 2137 ad
313 2103 396 2144 hoc,
419 2103 514 2148 quod
537 2102 664 2148 aliquis
685 2101 875 2136 tondeatur
896 2101 932 2134 in
955 2100 1129 2145 religione
1151 2099 1370 2134 nutriendus.

204 2157 263 2190 AD
290 2166 495 2190 SECUNDUM
522 2155 726 2196 dicendum,
754 2155 850 2200 quod
876 2153 1060 2199 religionis
1087 2161 1198 2187 status
1228 2151 1471 2199 principaliter
1504 2151 1689 2185 ordinatur

131 2211 175 2244 ad
196 2209 455 2255 perfectionem
478 2209 781 2254 consequendam,
809 2216 845 2242 ut
871 2218 977 2253 supra
999 2207 1161 2240 habitum
1189 2213 1240 2241 est
1264 2205 1308 2251 (q.
1330 2205 1405 2240 186.
1421 2209 1484 2239 art.
1507 2217 1533 2239 r.
1556 2203 1599 2238 ad
1619 2203 1685 2250 4.),·

132 2272 166 2298 et
187 2263 386 2297 secundum
413 2263 484 2296 hoc
512 2263 681 2296 convenit
706 2261 836 2307 pueris,
864 2261 923 2306 qui
945 2261 987 2294 de
1008 2259 1105 2294 facili
1132 2259 1367 2293 inducuntur:
1391 2270 1433 2292 ex
1455 2257 1691 2303 consequenti

132 2325 252 2350 autem
269 2317 396 2350 dicitur
408 2327 484 2349 esse
506 2323 616 2350 status
639 2314 892 2360 poenitentiae,
911 2314 1124 2359 inquantum
1144 2324 1206 2358 per
1225 2312 1491 2345 observantiam
1505 2309 1689 2356 religionis

132 2377 362 2416 peccatorum
386 2369 598 2402 occasiones
619 2368 805 2409 tolluntur,
827 2375 865 2401 ut
886 2378 991 2412 supra
1011 2366 1146 2399 dictum
1170 2373 1223 2400 est
1245 2365 1291 2410 (q.
1314 2365 1388 2400 186.
1408 2368 1471 2398 art.
1494 2364 1556 2409 6.).

203 2424 261 2456 An
278 2433 447 2456 TERTIUM
467 2421 671 2462 dicendum,
693 2421 789 2466 quod
810 2420 909 2466 pueri
932 2420 1022 2453 sicut
1037 2430 1109 2452 non
1129 2426 1308 2463 coguntur
1323 2418 1365 2451 ad
1380 2417 1583 2463 jurandum,
1598 2416 1691 2450 sicut

133 2476 263 2510 Canon
287 2475 383 2516 dicit,
406 2475 452 2508 ita
479 2485 552 2508 non
575 2483 754 2519 coguntur
781 2473 823 2507 ad
844 2473 1070 2506 vovendum:
1094 2471 1122 2505 si
1145 2479 1266 2505 tamen
1288 2479 1387 2513 voto,
1409 2469 1466 2504 vel
1487 2471 1689 2515 juramento

132 2540 169 2563 se
193 2528 442 2562 adstrinxerint
469 2528 510 2561 ad
542 2527 675 2573 aliquid
706 2526 922 2567 faciendum,
945 2525 1150 2570 obligantur
1179 2525 1297 2570 quoad
1329 2524 1462 2565 Deum,
1484 2523 1513 2556 si
1534 2522 1691 2556 habeant

132 2593 237 2616 usum
253 2581 415 2615 rationis:
435 2581 497 2614 sed
516 2592 590 2614 non
606 2580 810 2625 obligantur
824 2579 943 2625 quoad
957 2578 1157 2612 Ecclesiam
1174 2586 1255 2611 ante
1274 2576 1547 2623 quatuordecim
1563 2586 1689 2609 annos.

205 2635 262 2668 Ao
279 2644 465 2673 QUARTUM
480 2634 686 2674 dicendum,
702 2633 809 2678 quod,
824 2632 932 2666 Num.
949 2642 1012 2677 30„
1026 2642 1100 2664 non
1116 2630 1387 2676 reprehenditur
1402 2629 1530 2663 mulier
1543 2629 1578 2662 in
1595 2626 1691 2674 puel-

133 2687 198 2721 lari
221 2695 335 2720 aetate
355 2687 558 2728 constituta,
577 2686 604 2720 si
626 2693 757 2719 voveat
776 2685 908 2730 absque
931 2695 1108 2718 consensu
1131 2691 1336 2729 parentum:
1360 2690 1477 2728 potest
1495 2689 1616 2715 tamen
1638 2691 1691 2714 re-

134 2741 256 2774 vocari
273 2751 290 2773 a
307 2740 529 2785 parentibus:
549 2750 591 2773 ex
613 2750 684 2784 quo
707 2747 813 2784 patet,
842 2738 937 2784 quod
959 2748 1031 2771 non
1054 2745 1179 2782 peccat
1194 2736 1380 2779 vovend03
1403 2735 1463 2769 sed
1482 2733 1692 2779 intelligitur

135 2804 171 2827 se
193 2801 279 2827 voto
303 2792 474 2838 obligare,
494 2792 718 2838 quantumin
734 2803 771 2826 se
786 2800 849 2834 est,
873 2792 1004 2837 absque
1023 2789 1242 2836 praejudicio
1266 2788 1486 2823 auctoritatis
1508 2794 1689 2834 paternae.
