1859 3122
508 167 729 203 QUAESTIO
765 166 896 197 CXLII.
931 165 1174 195 ARTICULUS
1209 165 1235 193 Ι.
1564 161 1647 204 927

87 250 128 283 In
149 249 259 283 diebus
281 249 343 283 illis
363 261 418 293 egro
442 249 566 283 Daniel
587 249 734 294 lugebam
751 250 850 283 trium
865 247 1142 282 hebdomadamm
1159 246 1268 280 diebus
1285 244 1345 290 [al.
1360 243 1496 290 tempus]
1509 255 1516 284 3
1530 249 1648 288 panem

87 302 328 337 desiderabilem
345 314 408 336 non
425 302 569 342 contadi}
585 307 614 336 ct
628 314 718 343 curo,
735 307 764 336 et
778 303 895 336 vinum
915 313 978 335 1107!
997 302 1194 335 introierunt
1217 300 1250 333 in
1277 310 1310 333 ος
1334 309 1463 338 niumm
1486 296 1537 331 sed
1551 307 1650 341 neque

88 361 250 402 unguento
273 360 388 390 unctus
407 368 500 396 sunm
525 366 611 401 ergo
634 354 885 389 insensibilitas
906 365 978 388 non
1003 361 1055 388 est
1072 361 1274 399 peccatum.

160 418 190 442 2.
214 409 450 443 PRAETEREA.
474 409 617 442 Bonum
640 408 799 442 hominis
823 415 875 442 est
902 407 1101 441 secundum
1128 406 1305 440 rationem
1333 415 1422 445 esse,
1450 402 1649 438 secundum

88 461 241 508 Dionys.
263 471 296 504 4.
319 473 396 508 cap.
420 462 462 496 de
484 462 604 496 Divin.
625 462 737 495 Nom.
761 463 864 507 (part.
884 472 917 505 4.
936 461 1005 495 lect.
1026 460 1118 504 22.).·
1141 459 1202 493 sed
1225 458 1400 492 abstinere
1420 457 1461 491 ab
1481 456 1649 490 omnibus

89 514 358 549 delectabilibus
381 523 509 557 tactus,
532 515 688 549 maxime
711 522 903 560 promovet
924 514 1115 547 hominem
1142 513 1178 546 in
1204 513 1301 546 bono
1328 511 1495 545 rationis:
1523 509 1651 543 dicitur

88 569 185 602 enim
205 568 298 602 Dan.
325 579 352 602 1.
380 569 608 614 quodpuerz's,
632 568 692 614 qui
714 568 904 602 utebantur
926 567 1179 613 leguminibus,
1201 565 1286 600 dedit
1307 566 1398 599 Deus
1417 564 1600 605 scientiam,
1623 566 1651 597 et

87 621 295 668 disciplinam
319 623 351 655 ιἰι
371 623 461 655 omni
487 622 585 663 Ιίἶί-ο,
612 626 641 655 ct
665 623 847 668 servientia,-
877 632 963 666 ergo
990 619 1257 661 insensibilitas,
1284 629 1375 664 quae
1402 615 1650 651 universaliter

90 674 229 721 repellit
249 675 459 720 hujusmodi
478 675 747 717 delectationes,
770 686 844 708 non
867 683 919 709 est
940 674 1081 708 vitiosa.

162 739 189 774 3.
210 728 447 763 PRAETrzitEA.
470 727 573 769 Illud,
596 740 659 774 per
680 728 776 773 quod
796 728 953 761 maxime
976 727 1153 761 receditur
1175 738 1193 760 a
1221 733 1383 772 peccato,
1409 736 1482 758 non
1509 724 1649 758 videtur

88 792 166 816 esse
189 781 378 816 vitiosum:
398 782 460 816 sed
482 782 553 816 hoc
574 790 626 816 est
646 782 877 828 potissimum
895 781 1096 815 remedium
1118 780 1318 814 abstinendi
1337 791 1355 812 a
1371 786 1532 825 peccato,
1552 776 1648 823 quod

89 834 216 880 aliquis
250 834 363 879 fugiat
389 834 658 876 delectationes,
694 835 790 881 quod
816 835 968 881 pertinet
999 834 1041 867 ad
1072 833 1401 867 insensibilitatem:
1437 832 1522 866 dicit
1551 831 1647 865 enim

87 887 224 922 Philos.
246 888 281 922 in
304 898 335 922 2.
360 888 474 922 Ethic.
497 889 588 934 (cap.
611 889 696 932 ult),
721 888 817 933 quod
846 901 864 919 ((
887 888 1093 932 abjicientes
1115 887 1406 928 delectationem,
1424 886 1544 919 minus
1566 896 1648 930 pec-

88 952 213 975 camus
234 954 267 983 »3
290 953 378 987 ergo
400 941 653 976 insensibilitas
674 952 748 974 non
767 948 821 975 est
843 941 975 986 aliquid
997 941 1179 975 vitiosum.

158 994 232 1029 SED
255 1005 420 1030 CONTRA.
442 994 543 1029 Nihil
565 996 758 1040 opponitur
778 994 899 1027 virtuti
918 994 985 1027 nisi
1004 994 1148 1027 vitium:
1169 993 1230 1027 sed
1251 991 1505 1026 insensibilitas
1526 991 1648 1025 virtuti

85 1050 344 1094 temperantiae
363 1048 567 1094 opponitur,
589 1055 627 1081 ut
653 1055 750 1093 patet
774 1058 837 1093 per
862 1046 998 1081 Philos.
1026 1047 1062 1080 in
1093 1057 1123 1080 2.
1153 1046 1268 1080 Ethic.
1300 1047 1391 1092 (cap.
1415 1047 1476 1091 7.),
1500 1052 1534 1079 et
1555 1046 1592 1079 in
1618 1055 1647 1090 3.

84 1102 171 1148 (cap.
190 1103 272 1146 rr.)‚·
297 1113 383 1147 ergo
405 1100 656 1135 insensibilitas
679 1108 731 1134 est
750 1100 889 1134 vitium.

156 1154 384 1190 RESPONDEo
403 1154 608 1196 dicendum,
631 1154 727 1199 quod
746 1165 855 1188 omne
870 1153 969 1195 illud,
985 1153 1080 1199 quod
1096 1153 1334 1187 contrariatur
1348 1151 1465 1186 ordini
1479 1150 1647 1192 naturali,

88 1215 142 1242 est
161 1208 350 1243 vitiosum:
380 1215 507 1241 natura
537 1215 659 1241 autem
690 1206 970 1241 delectationem
998 1207 1165 1253 apposuit
1191 1205 1460 1252 operationibus
1486 1215 1650 1239 necessa-

86 1262 146 1296 riis
170 1262 213 1296 ad
243 1262 355 1296 vitam
380 1262 560 1304 hominis3
588 1269 622 1295 et
648 1261 730 1296 ideo
756 1261 928 1295 naturalis
956 1261 1044 1295 ordo
1072 1260 1230 1306 requirit,
1258 1268 1296 1294 ut
1320 1260 1435 1293 homo
1469 1258 1648 1292 intantum

88 1315 297 1361 hujusmodi
319 1315 617 1350 delectationibus
638 1323 768 1357 utatur,
791 1322 965 1361 quantum
986 1314 1232 1349 necessarium
1254 1321 1307 1348 est
1327 1313 1433 1347 saluti
1453 1313 1648 1353 humanae,

86 1367 145 1402 vel
165 1377 337 1414 quantum
363 1369 405 1403 ad
429 1368 744 1402 conservationem
765 1368 950 1410 individui,
976 1367 1035 1402 vel
1060 1376 1235 1413 quantum
1262 1367 1306 1401 ad
1333 1365 1647 1400 conservationem

89 1422 242 1468 speciei3
263 1422 293 1456 si
311 1422 389 1468 quis
412 1433 499 1468 ergo
521 1422 699 1456 intantum
722 1421 1002 1456 delectationem
1023 1421 1212 1467 resugeret,
1235 1420 1331 1467 quod
1349 1419 1648 1466 praetermitteret

89 1486 143 1518 ea,
163 1487 254 1521 quae
276 1484 359 1510 sunt
379 1475 582 1510 necessaria
605 1476 647 1509 ad
670 1475 985 1509 conservationem
1010 1482 1170 1516 naturae,
1198 1481 1375 1520 peccaret,
1403 1473 1505 1519 quasi
1531 1471 1647 1506 ordini

88 1529 243 1563 naturali
255 1540 478 1575 repugnan53
495 1537 529 1563 et
539 1529 610 1562 hoc
624 1529 777 1574 pertinet
791 1528 835 1562 ad
849 1528 976 1562 vitium
990 1527 1283 1562 insensibilitatis.
1300 1526 1498 1561 Sciendum
1512 1533 1646 1567 tamen,

88 1582 185 1628 quod
217 1583 258 1616 ab
294 1582 504 1628 hujusmodi
530 1581 828 1616 delectationibus
855 1581 1156 1627 consequentibus
1182 1580 1392 1626 hujusmodi
1419 1579 1647 1626 operationes

88 1636 307 1682 quandoque
328 1635 520 1678 laudabile,
545 1634 604 1670 vel
631 1635 739 1669 etiam
765 1636 1008 1669 necessarium
1036 1642 1089 1669 est
1114 1635 1290 1669 abstinere
1316 1641 1462 1680 propter
1488 1632 1646 1679 aliquem

86 1688 216 1724 finem:
239 1689 330 1723 sicut
348 1697 493 1734 propter
514 1689 704 1723 sanitatem
727 1688 956 1734 corporalem
979 1687 1088 1734 aliqui
1110 1688 1290 1722 abstinent
1308 1699 1327 1721 a
1348 1686 1563 1733 quibusdam
1591 1686 1647 1720 de-

86 1741 340 1777 lectationibus
360 1742 536 1784 ciborum,
558 1750 722 1788 potuum,
745 1750 778 1776 et
799 1752 1058 1776 venereorum:
1082 1748 1116 1775 et
1137 1741 1246 1775 etiam
1267 1749 1412 1787 propter
1430 1739 1579 1785 alicujus
1595 1738 1646 1773 of—

85 1795 158 1830 ficii
179 1796 448 1831 executionem:
470 1795 561 1830 sicut
583 1795 747 1837 athletas,
775 1803 809 1829 et
830 1795 961 1829 milites
987 1806 1136 1829 necesse
1164 1803 1216 1829 est
1243 1806 1263 1828 a
1288 1794 1410 1828 multis
1437 1793 1648 1828 delectatio-

85 1849 189 1883 nibus
212 1849 400 1891 abstinere,
420 1857 457 1883 ut
479 1848 641 1883 officium
659 1848 844 1894 proprium
864 1856 1102 1894 exequantur:
1120 1855 1154 1882 et
1168 1847 1332 1882 similiter
1349 1847 1587 1894 poenitentes,
1603 1846 1646 1880 ad

85 1903 373 1948 recuperandam
407 1902 550 1936 animae
577 1902 780 1944 sanitatem,
808 1901 1021 1936 abstinentia
1049 1901 1328 1943 delectabilium,
1355 1901 1458 1946 quasi
1490 1900 1646 1946 quadarn

86 1955 205 1989 diaeta
226 1963 392 1990 utuntur:
415 1962 449 1989 et
469 1955 639 1989 homines
656 1954 819 1989 volentes
842 1954 1154 2000 contemplationi,
1177 1963 1212 1989 et
1232 1955 1336 1988 rebus
1356 1954 1486 1988 divinis
1505 1965 1646 1995 vacare,

87 2016 231 2054 oportet
252 2009 349 2055 quod
371 2019 408 2043 se
430 2009 546 2054 magis
568 2019 587 2042 a
610 2007 812 2042 carnalibus
833 2008 1017 2043 desideriis
1045 2008 1269 2042 abstrahant:
1296 2019 1363 2042 nec
1391 2007 1523 2054 aliquid
1548 2018 1647 2053 prae-

86 2061 266 2096 dictorum
293 2062 336 2096 ad
363 2060 642 2096 insensibilitatis
667 2061 794 2095 vitium
819 2062 989 2107 pertinet:
1017 2062 1100 2107 quia
1126 2069 1210 2096 sunt
1234 2060 1432 2096 secundum
1467 2061 1645 2095 rationem

85 2123 233 2149 rectam.
1310 2129 1314 2132 ·

156 2169 217 2203 AD
243 2178 393 2203 PRiMUM
416 2179 502 2213 ergo
524 2167 728 2210 dicendum,
747 2168 843 2214 quod
865 2167 997 2202 Daniel
1017 2167 1078 2202 illa
1098 2168 1310 2202 abstinentia
1333 2180 1350 2202 a
1374 2167 1644 2202 delectabilibus

85 2221 261 2263 utebatur,
283 2233 356 2255 non
380 2221 481 2267 quasi
498 2229 643 2267 propter
660 2232 697 2255 se
716 2221 913 2255 abhorrens
928 2221 1185 2256 delectationes
1200 2230 1238 2256 ut
1251 2221 1450 2256 secundum
1466 2233 1502 2254 se
1518 2220 1644 2262 malas,

85 2274 147 2309 sed
169 2283 316 2321 propter
339 2274 495 2322 aliquem
518 2273 627 2308 finem
648 2274 884 2317 laudabilem3
906 2283 945 2309 ut
962 2275 1099 2309 scilicet
1120 2276 1292 2310 idoneum
1308 2287 1344 2309 se
1361 2275 1404 2308 ad
1420 2274 1643 2308 altitudinem

86 2328 404 2374 contemplationis
426 2327 601 2370 redderet,
623 2327 834 2362 abstinendo
857 2327 993 2362 scilicet
1016 2340 1035 2362 a
1055 2328 1302 2374 corporalibus
1325 2327 1644 2371 delectationibus3

85 2381 178 2415 unde
201 2389 236 2415 et
256 2381 375 2415 statim
398 2380 447 2414 ibi
469 2380 630 2414 subditur
651 2381 693 2415 de
715 2380 934 2415 revelatione
955 2381 1059 2416 facta.

157 2435 217 2468 AD
244 2444 450 2468 SECUNDUM
478 2433 681 2477 dicendum,
709 2435 805 2480 quod
831 2435 912 2481 quia
939 2435 1077 2469 ratione
1107 2435 1221 2469 horno
1249 2434 1299 2468 uti
1325 2445 1398 2468 non
1425 2441 1541 2480 potest
1567 2434 1644 2468 sine

87 2488 265 2522 sensitivis
285 2487 465 2533 potentiis,
488 2498 578 2532 quae
598 2487 758 2533 indigent
772 2499 910 2534 organo
927 2488 1118 2534 corporali,
1134 2496 1170 2522 ut
1184 2488 1219 2522 in
1238 2499 1265 2522 1.
1280 2488 1442 2522 habitum
1458 2494 1510 2522 est
1525 2487 1571 2533 (q.
1587 2488 1643 2532 84.

87 2545 150 2575 art.
174 2552 204 2587 7.
227 2546 257 2575 et
277 2542 338 2585 8.),
362 2551 509 2574 necesse
529 2547 591 2582 est,
611 2541 707 2586 quod
728 2541 842 2575 homo
865 2549 1039 2575 sustentet
1061 2553 1188 2586 corpus
1214 2541 1256 2574 ad
1275 2541 1358 2582 hoc,
1381 2540 1477 2586 quod
1504 2541 1644 2575 ratione

85 2601 220 2628 utatur:
243 2593 454 2628 sustentatio
478 2600 597 2627 autem
620 2594 780 2639 corporis
798 2594 836 2628 fit
857 2606 919 2640 per
941 2595 1168 2640 operationes
1191 2593 1438 2636 delectabiles3
1461 2593 1554 2628 unde
1569 2605 1643 2628 non

85 2654 203 2692 potest
215 2658 292 2681 esse
308 2647 445 2680 bonum
460 2647 606 2680 rationis
619 2647 653 2680 in
668 2647 830 2690 homine,
846 2649 874 2682 si
887 2649 1057 2682 abstinea,
1077 2649 1117 2681 :nb
1138 2648 1305 2681 omnibus
1326 2646 1642 2682 delectationibus:

85 2700 286 2734 secundum
307 2707 428 2734 tamen
450 2701 547 2746 quod
568 2700 682 2734 homo
703 2702 738 2734 in
760 2702 970 2747 exequendo
999 2710 1118 2735 actum
1146 2701 1293 2735 rationis
1321 2700 1411 2746 plus,
1438 2700 1495 2734 vel
1524 2701 1643 2734 minus

85 2754 221 2798 indiget
238 2753 419 2798 corporali
433 2754 572 2795 virtute,
588 2754 786 2788 secundum
801 2755 872 2789 hoc
887 2754 978 2800 plus,
993 2754 1050 2788 vel
1069 2755 1186 2788 minus
1205 2765 1353 2788 necesse
1369 2754 1477 2787 habet
1492 2753 1644 2788 delecta-

85 2806 215 2841 bilibus
238 2806 485 2852 corporalibus
508 2807 576 2849 uti;
599 2813 633 2841 et
654 2807 734 2842 ideo
752 2807 934 2849 homines,
954 2809 1011 2854 qui
1034 2808 1104 2841 hoc
1126 2807 1286 2842 officium
1306 2814 1588 2853 assumpserunt,
1605 2814 1643 2841 ut

86 2859 384 2906 contemplationi
405 2868 544 2902 vacent,
566 2867 600 2894 et
620 2860 758 2895 bonum
789 2860 972 2907 spirituale
1001 2861 1102 2907 quasi
1132 2860 1287 2906 quadam
1314 2859 1487 2906 spirituali
1513 2871 1642 2906 propa-
