<?xml version="1.0" encoding="UTF-8"?>
<!DOCTYPE html PUBLIC "-//W3C//DTD XHTML 1.0 Transitional//EN"
    "http://www.w3.org/TR/xhtml1/DTD/xhtml1-transitional.dtd">
<html xmlns="http://www.w3.org/1999/xhtml" xml:lang="en" lang="en">
 <head>
  <title>
</title>
<meta http-equiv="Content-Type" content="text/html;charset=utf-8" />
  <meta name='ocr-system' content='tesseract 3.04.00' />
  <meta name='ocr-capabilities' content='ocr_page ocr_carea ocr_par ocr_line ocrx_word'/>
</head>
<body>
  <div class='ocr_page' id='page_1' title='image "./divithomaeaquina03thomuoft_0345.png"; bbox 0 0 1859 3122; ppageno 0'>
   <div class='ocr_carea' id='block_1_1' title="bbox 0 0 29 3122">
    <p class='ocr_par' dir='ltr' id='par_1_1' title="bbox 0 0 29 3122">
     <span class='ocr_line' id='line_1_1' title="bbox 0 0 29 3122; baseline 0 0"><span class='ocrx_word' id='word_1_1' title='bbox 0 0 29 3122; x_wconf 95' lang='lat' dir='ltr'> </span> 
     </span>
    </p>
   </div>
   <div class='ocr_carea' id='block_1_2' title="bbox 502 171 1653 218">
    <p class='ocr_par' dir='ltr' id='par_1_2' title="bbox 502 171 1653 218">
     <span class='ocr_line' id='line_1_2' title="bbox 502 171 1653 218; baseline 0.004 -18"><span class='ocrx_word' id='word_1_2' title='bbox 502 171 724 207; x_wconf 65' lang='lat' dir='ltr'>Qum-:sno</span> <span class='ocrx_word' id='word_1_3' title='bbox 759 172 873 202; x_wconf 75' lang='lat' dir='ltr'>xttv.</span> <span class='ocrx_word' id='word_1_4' title='bbox 908 172 1152 204; x_wconf 66' lang='lat' dir='ltr'>Anrrcutus</span> <span class='ocrx_word' id='word_1_5' title='bbox 1186 174 1229 205; x_wconf 88' lang='lat'>11.</span> <span class='ocrx_word' id='word_1_6' title='bbox 1570 176 1653 218; x_wconf 83' lang='lat'>337</span> 
     </span>
    </p>
   </div>
   <div class='ocr_carea' id='block_1_3' title="bbox 89 253 1659 2170">
    <p class='ocr_par' dir='ltr' id='par_1_3' title="bbox 90 253 1655 408">
     <span class='ocr_line' id='line_1_3' title="bbox 91 253 1655 302; baseline 0.002 -15"><span class='ocrx_word' id='word_1_7' title='bbox 91 253 250 287; x_wconf 85' lang='lat' dir='ltr'>ctionem</span> <span class='ocrx_word' id='word_1_8' title='bbox 272 253 358 288; x_wconf 89' lang='lat' dir='ltr'>Dei:</span> <span class='ocrx_word' id='word_1_9' title='bbox 381 253 585 299; x_wconf 84' lang='lat' dir='ltr'>quinimmo</span> <span class='ocrx_word' id='word_1_10' title='bbox 607 253 736 287; x_wconf 91' lang='lat' dir='ltr'>dicitur</span> <span class='ocrx_word' id='word_1_11' title='bbox 755 253 842 288; x_wconf 89' lang='lat' dir='ltr'>Luc.</span> <span class='ocrx_word' id='word_1_12' title='bbox 870 264 937 296; x_wconf 67' lang='lat'>14:</span> <span class='ocrx_word' id='word_1_13' title='bbox 957 255 992 289; x_wconf 70' lang='lat' dir='ltr'>Si</span> <span class='ocrx_word' id='word_1_14' title='bbox 1018 257 1089 300; x_wconf 73' lang='lat' dir='ltr'>quis</span> <span class='ocrx_word' id='word_1_15' title='bbox 1110 257 1201 291; x_wconf 74' lang='lat' dir='ltr'>venit</span> <span class='ocrx_word' id='word_1_16' title='bbox 1221 256 1264 290; x_wconf 77' lang='lat' dir='ltr'>ad</span> <span class='ocrx_word' id='word_1_17' title='bbox 1286 269 1347 298; x_wconf 78' lang='lat' dir='ltr'>me,</span> <span class='ocrx_word' id='word_1_18' title='bbox 1371 261 1399 291; x_wconf 78' lang='lat' dir='ltr'>et</span> <span class='ocrx_word' id='word_1_19' title='bbox 1419 268 1484 291; x_wconf 88' lang='lat' dir='ltr'>non</span> <span class='ocrx_word' id='word_1_20' title='bbox 1506 255 1575 291; x_wconf 77' lang='lat' dir='ltr'>odit</span> <span class='ocrx_word' id='word_1_21' title='bbox 1591 263 1655 302; x_wconf 80' lang='lat' dir='ltr'>pa-</span> 
     </span>
     <span class='ocr_line' id='line_1_4' title="bbox 90 309 1655 355; baseline 0.002 -14"><span class='ocrx_word' id='word_1_22' title='bbox 90 311 171 342; x_wconf 67' lang='lat' dir='ltr'>trem</span> <span class='ocrx_word' id='word_1_23' title='bbox 188 319 296 349; x_wconf 76' lang='lat' dir='ltr'>sunm,</span> <span class='ocrx_word' id='word_1_24' title='bbox 319 313 349 342; x_wconf 74' lang='lat' dir='ltr'>ct</span> <span class='ocrx_word' id='word_1_25' title='bbox 369 312 508 342; x_wconf 71' lang='lat' dir='ltr'>matrem</span> <span class='ocrx_word' id='word_1_26' title='bbox 530 318 636 349; x_wconf 74' lang='lat' dir='ltr'>suam,</span> <span class='ocrx_word' id='word_1_27' title='bbox 660 319 724 341; x_wconf 84' lang='lat' dir='ltr'>non</span> <span class='ocrx_word' id='word_1_28' title='bbox 741 312 843 354; x_wconf 64' lang='lat' dir='ltr'>potest</span> <span class='ocrx_word' id='word_1_29' title='bbox 864 319 952 342; x_wconf 62' lang='lat' dir='ltr'>maus</span> <span class='ocrx_word' id='word_1_30' title='bbox 973 320 1033 342; x_wconf 61' lang='lat' dir='ltr'>esse</span> <span class='ocrx_word' id='word_1_31' title='bbox 1055 309 1248 355; x_wconf 51' lang='lat' dir='ltr'>discipulam</span> <span class='ocrx_word' id='word_1_32' title='bbox 1277 321 1364 355; x_wconf 87' lang='lat' dir='ltr'>ergo</span> <span class='ocrx_word' id='word_1_33' title='bbox 1387 321 1461 344; x_wconf 90' lang='lat' dir='ltr'>non</span> <span class='ocrx_word' id='word_1_34' title='bbox 1483 317 1537 345; x_wconf 86' lang='lat' dir='ltr'>est</span> <span class='ocrx_word' id='word_1_35' title='bbox 1558 309 1655 344; x_wconf 86' lang='lat' dir='ltr'>aliud</span> 
     </span>
     <span class='ocr_line' id='line_1_5' title="bbox 92 360 1232 408; baseline 0.003 -14"><span class='ocrx_word' id='word_1_36' title='bbox 92 369 326 406; x_wconf 78' lang='lat' dir='ltr'>praeceptum</span> <span class='ocrx_word' id='word_1_37' title='bbox 348 360 391 395; x_wconf 90' lang='lat' dir='ltr'>de</span> <span class='ocrx_word' id='word_1_38' title='bbox 415 360 606 394; x_wconf 77' lang='lat' dir='ltr'>dilectione</span> <span class='ocrx_word' id='word_1_39' title='bbox 626 360 706 402; x_wconf 89' lang='lat' dir='ltr'>Dei,</span> <span class='ocrx_word' id='word_1_40' title='bbox 730 369 763 394; x_wconf 90' lang='lat' dir='ltr'>et</span> <span class='ocrx_word' id='word_1_41' title='bbox 783 360 826 394; x_wconf 90' lang='lat' dir='ltr'>de</span> <span class='ocrx_word' id='word_1_42' title='bbox 849 360 1043 395; x_wconf 80' lang='lat' dir='ltr'>dilectione</span> <span class='ocrx_word' id='word_1_43' title='bbox 1067 364 1232 408; x_wconf 78' lang='lat' dir='ltr'>proximi.</span> 
     </span>
    </p>

    <p class='ocr_par' dir='ltr' id='par_1_4' title="bbox 89 413 1657 660">
     <span class='ocr_line' id='line_1_6' title="bbox 160 413 1655 463; baseline 0.003 -16"><span class='ocrx_word' id='word_1_44' title='bbox 160 423 192 456; x_wconf 78' lang='lat'>4.</span> <span class='ocrx_word' id='word_1_45' title='bbox 216 413 452 448; x_wconf 52' lang='lat' dir='ltr'>lum-rtrum.</span> <span class='ocrx_word' id='word_1_46' title='bbox 476 413 676 460; x_wconf 78' lang='lat' dir='ltr'>Apostolus</span> <span class='ocrx_word' id='word_1_47' title='bbox 701 414 787 448; x_wconf 89' lang='lat' dir='ltr'>dicit</span> <span class='ocrx_word' id='word_1_48' title='bbox 809 414 852 448; x_wconf 84' lang='lat' dir='ltr'>ad</span> <span class='ocrx_word' id='word_1_49' title='bbox 874 414 982 448; x_wconf 85' lang='lat' dir='ltr'>Rom.</span> <span class='ocrx_word' id='word_1_50' title='bbox 1008 426 1075 460; x_wconf 80' lang='lat'>13.:</span> <span class='ocrx_word' id='word_1_51' title='bbox 1101 416 1172 460; x_wconf 70' lang='lat' dir='ltr'>Qui</span> <span class='ocrx_word' id='word_1_52' title='bbox 1193 417 1301 461; x_wconf 67' lang='lat' dir='ltr'>diligit</span> <span class='ocrx_word' id='word_1_53' title='bbox 1327 418 1537 463; x_wconf 72' lang='lat' dir='ltr'>proximum,</span> <span class='ocrx_word' id='word_1_54' title='bbox 1557 418 1655 463; x_wconf 58' lang='lat' dir='ltr'>legem</span> 
     </span>
     <span class='ocr_line' id='line_1_7' title="bbox 89 466 1655 516; baseline 0.003 -16"><span class='ocrx_word' id='word_1_55' title='bbox 89 467 260 512; x_wconf 61' lang='lat' dir='ltr'>¹inzplssvit:</span> <span class='ocrx_word' id='word_1_56' title='bbox 284 467 345 501; x_wconf 91' lang='lat' dir='ltr'>sed</span> <span class='ocrx_word' id='word_1_57' title='bbox 367 478 441 501; x_wconf 90' lang='lat' dir='ltr'>non</span> <span class='ocrx_word' id='word_1_58' title='bbox 463 467 630 513; x_wconf 86' lang='lat' dir='ltr'>impletur</span> <span class='ocrx_word' id='word_1_59' title='bbox 649 466 705 501; x_wconf 88' lang='lat' dir='ltr'>lex</span> <span class='ocrx_word' id='word_1_60' title='bbox 723 467 791 501; x_wconf 90' lang='lat' dir='ltr'>nisi</span> <span class='ocrx_word' id='word_1_61' title='bbox 810 479 873 513; x_wconf 89' lang='lat' dir='ltr'>per</span> <span class='ocrx_word' id='word_1_62' title='bbox 895 468 1162 502; x_wconf 80' lang='lat' dir='ltr'>observantiam</span> <span class='ocrx_word' id='word_1_63' title='bbox 1179 470 1344 503; x_wconf 85' lang='lat' dir='ltr'>omnium</span> <span class='ocrx_word' id='word_1_64' title='bbox 1361 479 1655 516; x_wconf 78' lang='lat' dir='ltr'>praeceptorum3</span> 
     </span>
     <span class='ocr_line' id='line_1_8' title="bbox 89 519 1655 570; baseline 0.003 -16"><span class='ocrx_word' id='word_1_65' title='bbox 89 530 176 565; x_wconf 86' lang='lat' dir='ltr'>ergo</span> <span class='ocrx_word' id='word_1_66' title='bbox 200 520 322 553; x_wconf 81' lang='lat' dir='ltr'>omnia</span> <span class='ocrx_word' id='word_1_67' title='bbox 346 528 536 566; x_wconf 83' lang='lat' dir='ltr'>praecepta</span> <span class='ocrx_word' id='word_1_68' title='bbox 558 519 790 554; x_wconf 86' lang='lat' dir='ltr'>includuntur</span> <span class='ocrx_word' id='word_1_69' title='bbox 812 521 847 554; x_wconf 92' lang='lat' dir='ltr'>in</span> <span class='ocrx_word' id='word_1_70' title='bbox 870 521 1063 555; x_wconf 78' lang='lat' dir='ltr'>dilectione</span> <span class='ocrx_word' id='word_1_71' title='bbox 1087 523 1259 567; x_wconf 78' lang='lat' dir='ltr'>proximi3</span> <span class='ocrx_word' id='word_1_72' title='bbox 1280 523 1410 558; x_wconf 81' lang='lat' dir='ltr'>sufficit</span> <span class='ocrx_word' id='word_1_73' title='bbox 1433 536 1520 570; x_wconf 84' lang='lat' dir='ltr'>ergo</span> <span class='ocrx_word' id='word_1_74' title='bbox 1543 536 1655 558; x_wconf 90' lang='lat' dir='ltr'>unum</span> 
     </span>
     <span class='ocr_line' id='line_1_9' title="bbox 89 573 1657 624; baseline 0.004 -18"><span class='ocrx_word' id='word_1_75' title='bbox 89 581 322 619; x_wconf 85' lang='lat' dir='ltr'>praeceptum</span> <span class='ocrx_word' id='word_1_76' title='bbox 345 573 387 607; x_wconf 89' lang='lat' dir='ltr'>de</span> <span class='ocrx_word' id='word_1_77' title='bbox 411 573 604 608; x_wconf 82' lang='lat' dir='ltr'>dilectione</span> <span class='ocrx_word' id='word_1_78' title='bbox 628 574 799 619; x_wconf 79' lang='lat' dir='ltr'>proximi3</span> <span class='ocrx_word' id='word_1_79' title='bbox 821 585 895 608; x_wconf 86' lang='lat' dir='ltr'>non</span> <span class='ocrx_word' id='word_1_80' title='bbox 918 585 1005 620; x_wconf 80' lang='lat' dir='ltr'>ergo</span> <span class='ocrx_word' id='word_1_81' title='bbox 1028 574 1158 609; x_wconf 87' lang='lat' dir='ltr'>debent</span> <span class='ocrx_word' id='word_1_82' title='bbox 1181 587 1257 610; x_wconf 89' lang='lat' dir='ltr'>esse</span> <span class='ocrx_word' id='word_1_83' title='bbox 1274 576 1345 609; x_wconf 86' lang='lat' dir='ltr'>duo</span> <span class='ocrx_word' id='word_1_84' title='bbox 1365 586 1556 624; x_wconf 72' lang='lat' dir='ltr'>praecepta</span> <span class='ocrx_word' id='word_1_85' title='bbox 1575 578 1657 612; x_wconf 81' lang='lat' dir='ltr'>cha-</span> 
     </span>
     <span class='ocr_line' id='line_1_10' title="bbox 89 634 1348 660; baseline 0.001 0"><span class='ocrx_word' id='word_1_86' title='bbox 89 634 213 660; x_wconf 82' lang='lat' dir='ltr'>rltatls.</span> <span class='ocrx_word' id='word_1_87' title='bbox 1345 634 1348 637; x_wconf 74' lang='grc'><strong><em>’</em></strong></span> 
     </span>
    </p>

    <p class='ocr_par' dir='ltr' id='par_1_5' title="bbox 89 679 1654 779">
     <span class='ocr_line' id='line_1_11' title="bbox 161 679 1654 726; baseline 0.004 -13"><span class='ocrx_word' id='word_1_88' title='bbox 161 679 236 713; x_wconf 77' lang='lat' dir='ltr'>SED</span> <span class='ocrx_word' id='word_1_89' title='bbox 259 690 414 714; x_wconf 75' lang='lat' dir='ltr'>CONTRA</span> <span class='ocrx_word' id='word_1_90' title='bbox 437 688 500 722; x_wconf 90' lang='lat' dir='ltr'>est,</span> <span class='ocrx_word' id='word_1_91' title='bbox 523 680 618 726; x_wconf 89' lang='lat' dir='ltr'>quod</span> <span class='ocrx_word' id='word_1_92' title='bbox 641 680 770 714; x_wconf 87' lang='lat' dir='ltr'>dicitur</span> <span class='ocrx_word' id='word_1_93' title='bbox 797 691 823 714; x_wconf 81' lang='lat'>1.</span> <span class='ocrx_word' id='word_1_94' title='bbox 842 681 946 726; x_wconf 77' lang='lat' dir='ltr'>Joan.</span> <span class='ocrx_word' id='word_1_95' title='bbox 968 691 1020 723; x_wconf 61' lang='lat'>4:</span> <span class='ocrx_word' id='word_1_96' title='bbox 1044 681 1119 716; x_wconf 78' lang='lat' dir='ltr'>Hoc</span> <span class='ocrx_word' id='word_1_97' title='bbox 1141 681 1335 716; x_wconf 69' lang='lat' dir='ltr'>mandatum</span> <span class='ocrx_word' id='word_1_98' title='bbox 1354 683 1506 718; x_wconf 58' lang='lat' dir='ltr'>habemus</span> <span class='ocrx_word' id='word_1_99' title='bbox 1528 696 1548 718; x_wconf 76' lang='lat' dir='ltr'><em>a</em></span> <span class='ocrx_word' id='word_1_100' title='bbox 1569 685 1654 726; x_wconf 66' lang='lat' dir='ltr'><em>DCO,</em></span> 
     </span>
     <span class='ocr_line' id='line_1_12' title="bbox 89 732 963 779; baseline 0.002 -13"><span class='ocrx_word' id='word_1_101' title='bbox 89 737 123 767; x_wconf 83' lang='lat' dir='ltr'>ut</span> <span class='ocrx_word' id='word_1_102' title='bbox 143 734 201 778; x_wconf 75' lang='lat' dir='ltr'>qni</span> <span class='ocrx_word' id='word_1_103' title='bbox 221 732 329 777; x_wconf 71' lang='lat' dir='ltr'>diligit</span> <span class='ocrx_word' id='word_1_104' title='bbox 350 733 473 775; x_wconf 62' lang='lat' dir='ltr'>Deum,</span> <span class='ocrx_word' id='word_1_105' title='bbox 500 733 618 778; x_wconf 69' lang='lat' dir='ltr'>diligat</span> <span class='ocrx_word' id='word_1_106' title='bbox 644 734 834 779; x_wconf 65' lang='lat' dir='ltr'>etsmztrem</span> <span class='ocrx_word' id='word_1_107' title='bbox 856 746 963 768; x_wconf 74' lang='lat' dir='ltr'>snum.</span> 
     </span>
    </p>

    <p class='ocr_par' dir='ltr' id='par_1_6' title="bbox 89 786 1659 1516">
     <span class='ocr_line' id='line_1_13' title="bbox 161 786 1655 837; baseline 0.005 -18"><span class='ocrx_word' id='word_1_108' title='bbox 161 786 391 821; x_wconf 66' lang='lat' dir='ltr'>RESPONDEO</span> <span class='ocrx_word' id='word_1_109' title='bbox 415 786 620 828; x_wconf 86' lang='lat' dir='ltr'>dicendum,</span> <span class='ocrx_word' id='word_1_110' title='bbox 643 787 751 832; x_wconf 85' lang='lat' dir='ltr'>quod,</span> <span class='ocrx_word' id='word_1_111' title='bbox 774 787 866 821; x_wconf 85' lang='lat' dir='ltr'>sicut</span> <span class='ocrx_word' id='word_1_112' title='bbox 892 799 999 833; x_wconf 80' lang='lat' dir='ltr'>supra</span> <span class='ocrx_word' id='word_1_113' title='bbox 1026 787 1161 822; x_wconf 88' lang='lat' dir='ltr'>dictum</span> <span class='ocrx_word' id='word_1_114' title='bbox 1187 796 1238 822; x_wconf 91' lang='lat' dir='ltr'>est</span> <span class='ocrx_word' id='word_1_115' title='bbox 1269 789 1348 833; x_wconf 77' lang='lat'><em>(1-2.</em></span> <span class='ocrx_word' id='word_1_116' title='bbox 1371 801 1400 835; x_wconf 81' lang='lat' dir='ltr'>q.</span> <span class='ocrx_word' id='word_1_117' title='bbox 1425 802 1474 835; x_wconf 82' lang='lat'>91.</span> <span class='ocrx_word' id='word_1_118' title='bbox 1497 796 1560 825; x_wconf 70' lang='lat' dir='ltr'>arl.</span> <span class='ocrx_word' id='word_1_119' title='bbox 1580 803 1607 837; x_wconf 76' lang='lat'>3.</span> <span class='ocrx_word' id='word_1_120' title='bbox 1627 797 1655 826; x_wconf 62' lang='lat' dir='ltr'>ut</span> 
     </span>
     <span class='ocr_line' id='line_1_14' title="bbox 89 840 1655 890; baseline 0.004 -18"><span class='ocrx_word' id='word_1_121' title='bbox 89 851 119 885; x_wconf 79' lang='lat' dir='ltr'>q.</span> <span class='ocrx_word' id='word_1_122' title='bbox 142 850 197 885; x_wconf 68' lang='lat'>94.</span> <span class='ocrx_word' id='word_1_123' title='bbox 221 845 286 874; x_wconf 69' lang='lat' dir='ltr'>art.</span> <span class='ocrx_word' id='word_1_124' title='bbox 307 840 366 883; x_wconf 75' lang='grc'><em>2.),</em></span> <span class='ocrx_word' id='word_1_125' title='bbox 392 851 473 873; x_wconf 87' lang='lat' dir='ltr'>cum</span> <span class='ocrx_word' id='word_1_126' title='bbox 495 840 538 874; x_wconf 83' lang='lat' dir='ltr'>de</span> <span class='ocrx_word' id='word_1_127' title='bbox 560 841 760 886; x_wconf 80' lang='lat' dir='ltr'>praeceptis</span> <span class='ocrx_word' id='word_1_128' title='bbox 780 848 957 885; x_wconf 75' lang='lat' dir='ltr'>ageretur,</span> <span class='ocrx_word' id='word_1_129' title='bbox 980 841 1050 875; x_wconf 88' lang='lat' dir='ltr'>hoc</span> <span class='ocrx_word' id='word_1_130' title='bbox 1072 842 1182 875; x_wconf 81' lang='lat' dir='ltr'>modo</span> <span class='ocrx_word' id='word_1_131' title='bbox 1205 853 1243 876; x_wconf 91' lang='lat' dir='ltr'>se</span> <span class='ocrx_word' id='word_1_132' title='bbox 1262 842 1396 876; x_wconf 79' lang='lat' dir='ltr'>habent</span> <span class='ocrx_word' id='word_1_133' title='bbox 1410 852 1600 890; x_wconf 75' lang='lat' dir='ltr'>praecepta</span> <span class='ocrx_word' id='word_1_134' title='bbox 1619 845 1655 878; x_wconf 91' lang='lat' dir='ltr'>in</span> 
     </span>
     <span class='ocr_line' id='line_1_15' title="bbox 89 892 1657 941; baseline 0.003 -15"><span class='ocrx_word' id='word_1_135' title='bbox 89 892 181 937; x_wconf 84' lang='lat' dir='ltr'>lege,</span> <span class='ocrx_word' id='word_1_136' title='bbox 204 893 295 926; x_wconf 90' lang='lat' dir='ltr'>sicut</span> <span class='ocrx_word' id='word_1_137' title='bbox 313 893 580 939; x_wconf 81' lang='lat' dir='ltr'>propositiones</span> <span class='ocrx_word' id='word_1_138' title='bbox 602 893 637 927; x_wconf 92' lang='lat' dir='ltr'>in</span> <span class='ocrx_word' id='word_1_139' title='bbox 660 893 818 927; x_wconf 83' lang='lat' dir='ltr'>scientiis</span> <span class='ocrx_word' id='word_1_140' title='bbox 840 894 1087 940; x_wconf 76' lang='lat' dir='ltr'>speculativi33</span> <span class='ocrx_word' id='word_1_141' title='bbox 1111 895 1145 928; x_wconf 90' lang='lat' dir='ltr'>in</span> <span class='ocrx_word' id='word_1_142' title='bbox 1169 895 1296 941; x_wconf 80' lang='lat' dir='ltr'>quibus</span> <span class='ocrx_word' id='word_1_143' title='bbox 1318 896 1572 931; x_wconf 83' lang='lat' dir='ltr'>conclusiones</span> <span class='ocrx_word' id='word_1_144' title='bbox 1591 898 1657 931; x_wconf 71' lang='lat' dir='ltr'>vir-</span> 
     </span>
     <span class='ocr_line' id='line_1_16' title="bbox 89 946 1656 996; baseline 0.004 -17"><span class='ocrx_word' id='word_1_145' title='bbox 89 954 164 980; x_wconf 91' lang='lat' dir='ltr'>tute</span> <span class='ocrx_word' id='word_1_146' title='bbox 187 946 417 980; x_wconf 88' lang='lat' dir='ltr'>continentur</span> <span class='ocrx_word' id='word_1_147' title='bbox 439 947 472 980; x_wconf 89' lang='lat' dir='ltr'>in</span> <span class='ocrx_word' id='word_1_148' title='bbox 495 947 619 992; x_wconf 88' lang='lat' dir='ltr'>primis</span> <span class='ocrx_word' id='word_1_149' title='bbox 640 947 843 992; x_wconf 82' lang='lat' dir='ltr'>principiis3</span> <span class='ocrx_word' id='word_1_150' title='bbox 859 948 953 982; x_wconf 88' lang='lat' dir='ltr'>unde</span> <span class='ocrx_word' id='word_1_151' title='bbox 968 948 1028 993; x_wconf 89' lang='lat' dir='ltr'>qui</span> <span class='ocrx_word' id='word_1_152' title='bbox 1048 948 1205 994; x_wconf 86' lang='lat' dir='ltr'>perfecte</span> <span class='ocrx_word' id='word_1_153' title='bbox 1230 958 1468 994; x_wconf 86' lang='lat' dir='ltr'>cognosceret</span> <span class='ocrx_word' id='word_1_154' title='bbox 1484 951 1656 996; x_wconf 79' lang='lat' dir='ltr'>principia</span> 
     </span>
     <span class='ocr_line' id='line_1_17' title="bbox 90 1001 1655 1048; baseline 0.003 -15"><span class='ocrx_word' id='word_1_155' title='bbox 90 1001 291 1034; x_wconf 89' lang='lat' dir='ltr'>secundum</span> <span class='ocrx_word' id='word_1_156' title='bbox 312 1009 429 1034; x_wconf 85' lang='lat' dir='ltr'>totam</span> <span class='ocrx_word' id='word_1_157' title='bbox 444 1012 547 1034; x_wconf 76' lang='lat' dir='ltr'>suam</span> <span class='ocrx_word' id='word_1_158' title='bbox 563 1001 745 1043; x_wconf 87' lang='lat' dir='ltr'>virtutem,</span> <span class='ocrx_word' id='word_1_159' title='bbox 760 1013 834 1035; x_wconf 89' lang='lat' dir='ltr'>non</span> <span class='ocrx_word' id='word_1_160' title='bbox 853 1013 943 1048; x_wconf 85' lang='lat' dir='ltr'>opus</span> <span class='ocrx_word' id='word_1_161' title='bbox 959 1003 1108 1036; x_wconf 85' lang='lat' dir='ltr'>haberet</span> <span class='ocrx_word' id='word_1_162' title='bbox 1123 1011 1160 1037; x_wconf 93' lang='lat' dir='ltr'>ut</span> <span class='ocrx_word' id='word_1_163' title='bbox 1175 1003 1207 1037; x_wconf 91' lang='lat' dir='ltr'>ei</span> <span class='ocrx_word' id='word_1_164' title='bbox 1222 1003 1476 1038; x_wconf 82' lang='lat' dir='ltr'>conclusiones</span> <span class='ocrx_word' id='word_1_165' title='bbox 1491 1016 1655 1038; x_wconf 87' lang='lat' dir='ltr'>seorsum</span> 
     </span>
     <span class='ocr_line' id='line_1_18' title="bbox 89 1054 1657 1102; baseline 0.003 -15"><span class='ocrx_word' id='word_1_166' title='bbox 89 1062 396 1100; x_wconf 85' lang='lat' dir='ltr'>proponerentur;</span> <span class='ocrx_word' id='word_1_167' title='bbox 416 1054 477 1088; x_wconf 90' lang='lat' dir='ltr'>sed</span> <span class='ocrx_word' id='word_1_168' title='bbox 493 1054 576 1100; x_wconf 82' lang='lat' dir='ltr'>quia</span> <span class='ocrx_word' id='word_1_169' title='bbox 594 1066 668 1088; x_wconf 87' lang='lat' dir='ltr'>non</span> <span class='ocrx_word' id='word_1_170' title='bbox 684 1065 823 1097; x_wconf 84' lang='lat' dir='ltr'>omnes,</span> <span class='ocrx_word' id='word_1_171' title='bbox 847 1056 907 1101; x_wconf 87' lang='lat' dir='ltr'>qui</span> <span class='ocrx_word' id='word_1_172' title='bbox 929 1064 1158 1101; x_wconf 85' lang='lat' dir='ltr'>cognoscunt</span> <span class='ocrx_word' id='word_1_173' title='bbox 1176 1056 1363 1102; x_wconf 87' lang='lat' dir='ltr'>principia,</span> <span class='ocrx_word' id='word_1_174' title='bbox 1378 1056 1560 1091; x_wconf 85' lang='lat' dir='ltr'>sufficiunt</span> <span class='ocrx_word' id='word_1_175' title='bbox 1575 1069 1657 1092; x_wconf 91' lang='lat' dir='ltr'>con-</span> 
     </span>
     <span class='ocr_line' id='line_1_19' title="bbox 89 1106 1658 1156; baseline 0.004 -16"><span class='ocrx_word' id='word_1_176' title='bbox 89 1106 246 1141; x_wconf 83' lang='lat' dir='ltr'>siderare</span> <span class='ocrx_word' id='word_1_177' title='bbox 269 1107 440 1153; x_wconf 87' lang='lat' dir='ltr'>quidquid</span> <span class='ocrx_word' id='word_1_178' title='bbox 462 1107 498 1140; x_wconf 90' lang='lat' dir='ltr'>in</span> <span class='ocrx_word' id='word_1_179' title='bbox 520 1108 704 1154; x_wconf 89' lang='lat' dir='ltr'>principiis</span> <span class='ocrx_word' id='word_1_180' title='bbox 725 1108 855 1143; x_wconf 76' lang='lat' dir='ltr'>virtute</span> <span class='ocrx_word' id='word_1_181' title='bbox 879 1109 1094 1150; x_wconf 81' lang='lat' dir='ltr'>continetur,</span> <span class='ocrx_word' id='word_1_182' title='bbox 1114 1121 1261 1144; x_wconf 86' lang='lat' dir='ltr'>necesse</span> <span class='ocrx_word' id='word_1_183' title='bbox 1285 1119 1338 1144; x_wconf 91' lang='lat' dir='ltr'>est</span> <span class='ocrx_word' id='word_1_184' title='bbox 1359 1118 1504 1156; x_wconf 91' lang='lat' dir='ltr'>propter</span> <span class='ocrx_word' id='word_1_185' title='bbox 1526 1123 1601 1153; x_wconf 89' lang='lat' dir='ltr'>eos,</span> <span class='ocrx_word' id='word_1_186' title='bbox 1619 1120 1658 1146; x_wconf 87' lang='lat' dir='ltr'>ut</span> 
     </span>
     <span class='ocr_line' id='line_1_20' title="bbox 89 1160 1656 1209; baseline 0.003 -15"><span class='ocrx_word' id='word_1_187' title='bbox 89 1161 126 1194; x_wconf 90' lang='lat' dir='ltr'>in</span> <span class='ocrx_word' id='word_1_188' title='bbox 148 1160 306 1194; x_wconf 89' lang='lat' dir='ltr'>scientiis</span> <span class='ocrx_word' id='word_1_189' title='bbox 329 1171 371 1195; x_wconf 86' lang='lat' dir='ltr'>ex</span> <span class='ocrx_word' id='word_1_190' title='bbox 391 1160 574 1206; x_wconf 87' lang='lat' dir='ltr'>principiis</span> <span class='ocrx_word' id='word_1_191' title='bbox 598 1161 851 1195; x_wconf 89' lang='lat' dir='ltr'>conclusiones</span> <span class='ocrx_word' id='word_1_192' title='bbox 874 1161 1116 1205; x_wconf 78' lang='lat' dir='ltr'>deducantur3</span> <span class='ocrx_word' id='word_1_193' title='bbox 1143 1163 1179 1195; x_wconf 90' lang='lat' dir='ltr'>in</span> <span class='ocrx_word' id='word_1_194' title='bbox 1202 1163 1443 1209; x_wconf 80' lang='lat' dir='ltr'>operabilibus</span> <span class='ocrx_word' id='word_1_195' title='bbox 1466 1172 1599 1206; x_wconf 77' lang='lat' dir='ltr'>autem,</span> <span class='ocrx_word' id='word_1_196' title='bbox 1622 1166 1656 1198; x_wconf 90' lang='lat' dir='ltr'>in</span> 
     </span>
     <span class='ocr_line' id='line_1_21' title="bbox 90 1214 1658 1263; baseline 0.003 -16"><span class='ocrx_word' id='word_1_197' title='bbox 90 1214 217 1260; x_wconf 88' lang='lat' dir='ltr'>quibus</span> <span class='ocrx_word' id='word_1_198' title='bbox 236 1222 426 1260; x_wconf 80' lang='lat' dir='ltr'>praecepta</span> <span class='ocrx_word' id='word_1_199' title='bbox 447 1214 537 1260; x_wconf 82' lang='lat' dir='ltr'>legis</span> <span class='ocrx_word' id='word_1_200' title='bbox 559 1226 625 1248; x_wconf 89' lang='lat' dir='ltr'>nos</span> <span class='ocrx_word' id='word_1_201' title='bbox 649 1215 817 1261; x_wconf 82' lang='lat' dir='ltr'>dirigunt,</span> <span class='ocrx_word' id='word_1_202' title='bbox 844 1215 924 1249; x_wconf 88' lang='lat' dir='ltr'>finis</span> <span class='ocrx_word' id='word_1_203' title='bbox 945 1215 1055 1250; x_wconf 73' lang='lat' dir='ltr'>habet</span> <span class='ocrx_word' id='word_1_204' title='bbox 1081 1216 1260 1250; x_wconf 76' lang='lat' dir='ltr'>rationem</span> <span class='ocrx_word' id='word_1_205' title='bbox 1288 1217 1465 1263; x_wconf 84' lang='lat' dir='ltr'>principii,</span> <span class='ocrx_word' id='word_1_206' title='bbox 1488 1226 1526 1251; x_wconf 88' lang='lat' dir='ltr'>ut</span> <span class='ocrx_word' id='word_1_207' title='bbox 1551 1229 1658 1263; x_wconf 75' lang='lat' dir='ltr'>supra</span> 
     </span>
     <span class='ocr_line' id='line_1_22' title="bbox 91 1268 1656 1317; baseline 0.001 -14"><span class='ocrx_word' id='word_1_208' title='bbox 91 1269 228 1303; x_wconf 80' lang='lat' dir='ltr'>dictum</span> <span class='ocrx_word' id='word_1_209' title='bbox 252 1276 304 1302; x_wconf 91' lang='lat' dir='ltr'>est</span> <span class='ocrx_word' id='word_1_210' title='bbox 325 1268 372 1313; x_wconf 85' lang='lat' dir='ltr'>(q.</span> <span class='ocrx_word' id='word_1_211' title='bbox 395 1280 441 1314; x_wconf 78' lang='lat'>23.</span> <span class='ocrx_word' id='word_1_212' title='bbox 465 1274 527 1302; x_wconf 75' lang='lat' dir='ltr'>art.</span> <span class='ocrx_word' id='word_1_213' title='bbox 551 1279 581 1314; x_wconf 91' lang='lat'>7.</span> <span class='ocrx_word' id='word_1_214' title='bbox 604 1268 646 1317; x_wconf 68' lang='lat' dir='ltr'>ad</span> <span class='ocrx_word' id='word_1_215' title='bbox 666 1280 697 1303; x_wconf 86' lang='lat'>2.</span> <span class='ocrx_word' id='word_1_216' title='bbox 720 1274 748 1303; x_wconf 65' lang='lat' dir='ltr'>ct</span> <span class='ocrx_word' id='word_1_217' title='bbox 767 1281 795 1314; x_wconf 81' lang='lat' dir='ltr'>q.</span> <span class='ocrx_word' id='word_1_218' title='bbox 819 1270 874 1304; x_wconf 78' lang='lat'>26.</span> <span class='ocrx_word' id='word_1_219' title='bbox 897 1274 961 1303; x_wconf 76' lang='lat' dir='ltr'>art.</span> <span class='ocrx_word' id='word_1_220' title='bbox 980 1282 1007 1304; x_wconf 82' lang='lat'>1.</span> <span class='ocrx_word' id='word_1_221' title='bbox 1030 1269 1073 1303; x_wconf 76' lang='lat' dir='ltr'>ad</span> <span class='ocrx_word' id='word_1_222' title='bbox 1091 1271 1134 1315; x_wconf 82' lang='lat' dir='ltr'>I.)</span> <span class='ocrx_word' id='word_1_223' title='bbox 1149 1283 1158 1304; x_wconf 90' lang='lat'><em>:</em></span> <span class='ocrx_word' id='word_1_224' title='bbox 1174 1269 1319 1304; x_wconf 86' lang='lat' dir='ltr'>dilectio</span> <span class='ocrx_word' id='word_1_225' title='bbox 1343 1278 1464 1304; x_wconf 82' lang='lat' dir='ltr'>autem</span> <span class='ocrx_word' id='word_1_226' title='bbox 1485 1270 1556 1305; x_wconf 89' lang='lat' dir='ltr'>Dei</span> <span class='ocrx_word' id='word_1_227' title='bbox 1577 1271 1656 1305; x_wconf 88' lang='lat' dir='ltr'>finis</span> 
     </span>
     <span class='ocr_line' id='line_1_23' title="bbox 91 1321 1658 1370; baseline 0.001 -14"><span class='ocrx_word' id='word_1_228' title='bbox 91 1329 154 1363; x_wconf 90' lang='lat' dir='ltr'>est,</span> <span class='ocrx_word' id='word_1_229' title='bbox 177 1321 220 1355; x_wconf 92' lang='lat' dir='ltr'>ad</span> <span class='ocrx_word' id='word_1_230' title='bbox 242 1332 351 1367; x_wconf 90' lang='lat' dir='ltr'>quem</span> <span class='ocrx_word' id='word_1_231' title='bbox 372 1321 518 1356; x_wconf 83' lang='lat' dir='ltr'>dilectio</span> <span class='ocrx_word' id='word_1_232' title='bbox 541 1322 696 1366; x_wconf 80' lang='lat' dir='ltr'>proximi</span> <span class='ocrx_word' id='word_1_233' title='bbox 719 1321 921 1364; x_wconf 78' lang='lat' dir='ltr'>ordi11atur3</span> <span class='ocrx_word' id='word_1_234' title='bbox 937 1330 971 1356; x_wconf 89' lang='lat' dir='ltr'>et</span> <span class='ocrx_word' id='word_1_235' title='bbox 985 1322 1067 1356; x_wconf 90' lang='lat' dir='ltr'>ideo</span> <span class='ocrx_word' id='word_1_236' title='bbox 1082 1334 1156 1356; x_wconf 89' lang='lat' dir='ltr'>non</span> <span class='ocrx_word' id='word_1_237' title='bbox 1172 1322 1293 1356; x_wconf 89' lang='lat' dir='ltr'>solum</span> <span class='ocrx_word' id='word_1_238' title='bbox 1316 1331 1458 1369; x_wconf 88' lang='lat' dir='ltr'>oportet</span> <span class='ocrx_word' id='word_1_239' title='bbox 1472 1323 1548 1357; x_wconf 82' lang='lat' dir='ltr'>dari</span> <span class='ocrx_word' id='word_1_240' title='bbox 1561 1335 1658 1370; x_wconf 79' lang='lat' dir='ltr'>prae-</span> 
     </span>
     <span class='ocr_line' id='line_1_24' title="bbox 93 1374 1659 1422; baseline 0 -12"><span class='ocrx_word' id='word_1_241' title='bbox 93 1383 197 1421; x_wconf 86' lang='lat' dir='ltr'>cepta</span> <span class='ocrx_word' id='word_1_242' title='bbox 219 1374 262 1409; x_wconf 92' lang='lat' dir='ltr'>de</span> <span class='ocrx_word' id='word_1_243' title='bbox 284 1374 478 1409; x_wconf 85' lang='lat' dir='ltr'>dilectione</span> <span class='ocrx_word' id='word_1_244' title='bbox 499 1375 581 1417; x_wconf 86' lang='lat' dir='ltr'>Dei,</span> <span class='ocrx_word' id='word_1_245' title='bbox 603 1375 665 1410; x_wconf 86' lang='lat' dir='ltr'>sed</span> <span class='ocrx_word' id='word_1_246' title='bbox 688 1375 798 1409; x_wconf 82' lang='lat' dir='ltr'>etiam</span> <span class='ocrx_word' id='word_1_247' title='bbox 821 1375 864 1410; x_wconf 89' lang='lat' dir='ltr'>de</span> <span class='ocrx_word' id='word_1_248' title='bbox 887 1375 1082 1410; x_wconf 85' lang='lat' dir='ltr'>dilectione</span> <span class='ocrx_word' id='word_1_249' title='bbox 1105 1376 1272 1421; x_wconf 79' lang='lat' dir='ltr'>proximi,</span> <span class='ocrx_word' id='word_1_250' title='bbox 1294 1384 1442 1422; x_wconf 86' lang='lat' dir='ltr'>propter</span> <span class='ocrx_word' id='word_1_251' title='bbox 1462 1376 1582 1411; x_wconf 89' lang='lat' dir='ltr'>minus</span> <span class='ocrx_word' id='word_1_252' title='bbox 1604 1388 1659 1411; x_wconf 77' lang='lat' dir='ltr'>ca-</span> 
     </span>
     <span class='ocr_line' id='line_1_25' title="bbox 90 1427 1656 1476; baseline 0.001 -14"><span class='ocrx_word' id='word_1_253' title='bbox 90 1439 209 1475; x_wconf 86' lang='lat' dir='ltr'>paces,</span> <span class='ocrx_word' id='word_1_254' title='bbox 235 1428 297 1474; x_wconf 91' lang='lat' dir='ltr'>qui</span> <span class='ocrx_word' id='word_1_255' title='bbox 325 1439 400 1462; x_wconf 89' lang='lat' dir='ltr'>non</span> <span class='ocrx_word' id='word_1_256' title='bbox 427 1429 470 1462; x_wconf 89' lang='lat' dir='ltr'>de</span> <span class='ocrx_word' id='word_1_257' title='bbox 496 1427 594 1462; x_wconf 74' lang='lat' dir='ltr'>facili</span> <span class='ocrx_word' id='word_1_258' title='bbox 619 1429 850 1463; x_wconf 81' lang='lat' dir='ltr'>considerant</span> <span class='ocrx_word' id='word_1_259' title='bbox 876 1440 989 1463; x_wconf 88' lang='lat' dir='ltr'>unum</span> <span class='ocrx_word' id='word_1_260' title='bbox 1023 1429 1157 1463; x_wconf 90' lang='lat' dir='ltr'>horum</span> <span class='ocrx_word' id='word_1_261' title='bbox 1191 1437 1469 1476; x_wconf 82' lang='lat' dir='ltr'>praeceptorum</span> <span class='ocrx_word' id='word_1_262' title='bbox 1491 1430 1554 1465; x_wconf 90' lang='lat' dir='ltr'>sub</span> <span class='ocrx_word' id='word_1_263' title='bbox 1585 1430 1656 1464; x_wconf 77' lang='lat' dir='ltr'>alio</span> 
     </span>
     <span class='ocr_line' id='line_1_26' title="bbox 92 1490 279 1516; baseline -0.005 0"><span class='ocrx_word' id='word_1_264' title='bbox 92 1490 279 1516; x_wconf 77' lang='lat' dir='ltr'>contineri.</span> 
     </span>
    </p>

    <p class='ocr_par' dir='ltr' id='par_1_7' title="bbox 92 1535 1657 1690">
     <span class='ocr_line' id='line_1_27' title="bbox 163 1535 1657 1581; baseline 0.001 -12"><span class='ocrx_word' id='word_1_265' title='bbox 163 1535 223 1569; x_wconf 90' lang='lat' dir='ltr'>AD</span> <span class='ocrx_word' id='word_1_266' title='bbox 237 1545 387 1570; x_wconf 81' lang='lat' dir='ltr'><strong>PRIMUM</strong></span> <span class='ocrx_word' id='word_1_267' title='bbox 403 1546 490 1581; x_wconf 86' lang='lat' dir='ltr'>ergo</span> <span class='ocrx_word' id='word_1_268' title='bbox 514 1535 719 1578; x_wconf 88' lang='lat' dir='ltr'>dicendum,</span> <span class='ocrx_word' id='word_1_269' title='bbox 735 1537 831 1581; x_wconf 90' lang='lat' dir='ltr'>quod</span> <span class='ocrx_word' id='word_1_270' title='bbox 846 1535 930 1570; x_wconf 87' lang='lat' dir='ltr'>licet</span> <span class='ocrx_word' id='word_1_271' title='bbox 946 1535 1101 1570; x_wconf 82' lang='lat' dir='ltr'>charitas</span> <span class='ocrx_word' id='word_1_272' title='bbox 1116 1536 1161 1570; x_wconf 88' lang='lat' dir='ltr'>sit</span> <span class='ocrx_word' id='word_1_273' title='bbox 1175 1547 1246 1569; x_wconf 84' lang='lat' dir='ltr'>una</span> <span class='ocrx_word' id='word_1_274' title='bbox 1267 1536 1378 1570; x_wconf 81' lang='lat' dir='ltr'>virtus</span> <span class='ocrx_word' id='word_1_275' title='bbox 1390 1549 1397 1578; x_wconf 82' lang='lat'>3</span> <span class='ocrx_word' id='word_1_276' title='bbox 1411 1536 1522 1571; x_wconf 84' lang='lat' dir='ltr'>habet</span> <span class='ocrx_word' id='word_1_277' title='bbox 1534 1544 1657 1570; x_wconf 85' lang='lat' dir='ltr'>tamen</span> 
     </span>
     <span class='ocr_line' id='line_1_28' title="bbox 92 1588 1657 1636; baseline 0.001 -14"><span class='ocrx_word' id='word_1_278' title='bbox 92 1588 183 1622; x_wconf 90' lang='lat' dir='ltr'>duos</span> <span class='ocrx_word' id='word_1_279' title='bbox 205 1596 317 1631; x_wconf 82' lang='lat' dir='ltr'>actus,</span> <span class='ocrx_word' id='word_1_280' title='bbox 339 1599 495 1634; x_wconf 89' lang='lat' dir='ltr'>quorum</span> <span class='ocrx_word' id='word_1_281' title='bbox 513 1600 604 1622; x_wconf 92' lang='lat' dir='ltr'>unus</span> <span class='ocrx_word' id='word_1_282' title='bbox 620 1589 804 1623; x_wconf 82' lang='lat' dir='ltr'>ordinatur</span> <span class='ocrx_word' id='word_1_283' title='bbox 820 1589 863 1623; x_wconf 80' lang='lat' dir='ltr'>ad</span> <span class='ocrx_word' id='word_1_284' title='bbox 886 1589 997 1623; x_wconf 78' lang='lat' dir='ltr'>alium</span> <span class='ocrx_word' id='word_1_285' title='bbox 1012 1589 1104 1624; x_wconf 90' lang='lat' dir='ltr'>sicut</span> <span class='ocrx_word' id='word_1_286' title='bbox 1123 1589 1167 1623; x_wconf 80' lang='lat' dir='ltr'>ad</span> <span class='ocrx_word' id='word_1_287' title='bbox 1181 1589 1310 1623; x_wconf 87' lang='lat' dir='ltr'>finem:</span> <span class='ocrx_word' id='word_1_288' title='bbox 1329 1598 1520 1636; x_wconf 77' lang='lat' dir='ltr'>praecepta</span> <span class='ocrx_word' id='word_1_289' title='bbox 1537 1598 1657 1624; x_wconf 81' lang='lat' dir='ltr'>autem</span> 
     </span>
     <span class='ocr_line' id='line_1_29' title="bbox 93 1641 1655 1690; baseline 0.001 -15"><span class='ocrx_word' id='word_1_290' title='bbox 93 1641 221 1676; x_wconf 82' lang='lat' dir='ltr'>dantur</span> <span class='ocrx_word' id='word_1_291' title='bbox 242 1641 285 1676; x_wconf 90' lang='lat' dir='ltr'>de</span> <span class='ocrx_word' id='word_1_292' title='bbox 307 1642 445 1676; x_wconf 81' lang='lat' dir='ltr'>actibus</span> <span class='ocrx_word' id='word_1_293' title='bbox 467 1642 658 1685; x_wconf 81' lang='lat' dir='ltr'>virtutum3</span> <span class='ocrx_word' id='word_1_294' title='bbox 681 1650 716 1676; x_wconf 87' lang='lat' dir='ltr'>et</span> <span class='ocrx_word' id='word_1_295' title='bbox 736 1642 819 1676; x_wconf 90' lang='lat' dir='ltr'>ideo</span> <span class='ocrx_word' id='word_1_296' title='bbox 843 1643 1003 1688; x_wconf 87' lang='lat' dir='ltr'>oportuit</span> <span class='ocrx_word' id='word_1_297' title='bbox 1025 1654 1103 1677; x_wconf 88' lang='lat' dir='ltr'>esse</span> <span class='ocrx_word' id='word_1_298' title='bbox 1124 1642 1226 1689; x_wconf 82' lang='lat' dir='ltr'>plura</span> <span class='ocrx_word' id='word_1_299' title='bbox 1248 1651 1439 1690; x_wconf 80' lang='lat' dir='ltr'>praecepta</span> <span class='ocrx_word' id='word_1_300' title='bbox 1462 1643 1655 1677; x_wconf 81' lang='lat' dir='ltr'>charitatis.</span> 
     </span>
    </p>

    <p class='ocr_par' dir='ltr' id='par_1_8' title="bbox 91 1695 1658 1848">
     <span class='ocr_line' id='line_1_30' title="bbox 164 1695 1658 1742; baseline 0.001 -13"><span class='ocrx_word' id='word_1_301' title='bbox 164 1695 224 1729; x_wconf 90' lang='lat' dir='ltr'>AD</span> <span class='ocrx_word' id='word_1_302' title='bbox 252 1705 458 1729; x_wconf 81' lang='lat' dir='ltr'>SECUNDUM</span> <span class='ocrx_word' id='word_1_303' title='bbox 482 1695 686 1737; x_wconf 87' lang='lat' dir='ltr'>dicendum,</span> <span class='ocrx_word' id='word_1_304' title='bbox 710 1695 806 1741; x_wconf 89' lang='lat' dir='ltr'>quod</span> <span class='ocrx_word' id='word_1_305' title='bbox 828 1696 929 1730; x_wconf 88' lang='lat' dir='ltr'>Deus</span> <span class='ocrx_word' id='word_1_306' title='bbox 951 1695 1111 1742; x_wconf 83' lang='lat' dir='ltr'>diligitur</span> <span class='ocrx_word' id='word_1_307' title='bbox 1137 1696 1173 1729; x_wconf 90' lang='lat' dir='ltr'>in</span> <span class='ocrx_word' id='word_1_308' title='bbox 1195 1697 1374 1742; x_wconf 86' lang='lat' dir='ltr'>proximo,</span> <span class='ocrx_word' id='word_1_309' title='bbox 1396 1697 1490 1730; x_wconf 88' lang='lat' dir='ltr'>sicut</span> <span class='ocrx_word' id='word_1_310' title='bbox 1516 1696 1594 1730; x_wconf 90' lang='lat' dir='ltr'>finis</span> <span class='ocrx_word' id='word_1_311' title='bbox 1621 1697 1658 1730; x_wconf 92' lang='lat' dir='ltr'>in</span> 
     </span>
     <span class='ocr_line' id='line_1_31' title="bbox 93 1748 1657 1796; baseline 0.001 -13"><span class='ocrx_word' id='word_1_312' title='bbox 93 1759 137 1783; x_wconf 88' lang='lat' dir='ltr'>eo</span> <span class='ocrx_word' id='word_1_313' title='bbox 160 1748 256 1794; x_wconf 90' lang='lat' dir='ltr'>quod</span> <span class='ocrx_word' id='word_1_314' title='bbox 280 1756 332 1782; x_wconf 89' lang='lat' dir='ltr'>est</span> <span class='ocrx_word' id='word_1_315' title='bbox 351 1748 394 1782; x_wconf 87' lang='lat' dir='ltr'>ad</span> <span class='ocrx_word' id='word_1_316' title='bbox 416 1748 545 1783; x_wconf 86' lang='lat' dir='ltr'>finem:</span> <span class='ocrx_word' id='word_1_317' title='bbox 563 1756 596 1782; x_wconf 90' lang='lat' dir='ltr'>et</span> <span class='ocrx_word' id='word_1_318' title='bbox 617 1757 740 1782; x_wconf 83' lang='lat' dir='ltr'>tamen</span> <span class='ocrx_word' id='word_1_319' title='bbox 760 1749 919 1795; x_wconf 88' lang='lat' dir='ltr'>oportuit</span> <span class='ocrx_word' id='word_1_320' title='bbox 933 1749 976 1783; x_wconf 89' lang='lat' dir='ltr'>de</span> <span class='ocrx_word' id='word_1_321' title='bbox 994 1758 1147 1795; x_wconf 86' lang='lat' dir='ltr'>utroque</span> <span class='ocrx_word' id='word_1_322' title='bbox 1170 1749 1334 1794; x_wconf 72' lang='lat' dir='ltr'>explicite</span> <span class='ocrx_word' id='word_1_323' title='bbox 1357 1749 1434 1783; x_wconf 74' lang='lat' dir='ltr'>dari</span> <span class='ocrx_word' id='word_1_324' title='bbox 1454 1758 1657 1796; x_wconf 80' lang='lat' dir='ltr'>praecepta,</span> 
     </span>
     <span class='ocr_line' id='line_1_32' title="bbox 91 1802 746 1848; baseline 0 -12"><span class='ocrx_word' id='word_1_325' title='bbox 91 1802 231 1836; x_wconf 81' lang='lat' dir='ltr'>ratione</span> <span class='ocrx_word' id='word_1_326' title='bbox 253 1803 327 1848; x_wconf 83' lang='lat' dir='ltr'>jam</span> <span class='ocrx_word' id='word_1_327' title='bbox 349 1802 443 1836; x_wconf 83' lang='lat' dir='ltr'>dicta</span> <span class='ocrx_word' id='word_1_328' title='bbox 465 1803 517 1847; x_wconf 84' lang='lat' dir='ltr'>(in</span> <span class='ocrx_word' id='word_1_329' title='bbox 539 1808 629 1848; x_wconf 74' lang='lat' dir='ltr'>corp.</span> <span class='ocrx_word' id='word_1_330' title='bbox 652 1803 746 1848; x_wconf 70' lang='lat' dir='ltr'>art).</span> 
     </span>
    </p>

    <p class='ocr_par' dir='ltr' id='par_1_9' title="bbox 93 1855 1659 2004">
     <span class='ocr_line' id='line_1_33' title="bbox 166 1855 1659 1902; baseline 0.001 -13"><span class='ocrx_word' id='word_1_331' title='bbox 166 1855 226 1889; x_wconf 89' lang='lat' dir='ltr'>AD</span> <span class='ocrx_word' id='word_1_332' title='bbox 250 1865 421 1890; x_wconf 77' lang='lat' dir='ltr'>TERT1UM</span> <span class='ocrx_word' id='word_1_333' title='bbox 437 1856 642 1898; x_wconf 85' lang='lat' dir='ltr'>dicendum,</span> <span class='ocrx_word' id='word_1_334' title='bbox 663 1856 760 1901; x_wconf 87' lang='lat' dir='ltr'>quod</span> <span class='ocrx_word' id='word_1_335' title='bbox 781 1856 817 1890; x_wconf 87' lang='lat' dir='ltr'>id</span> <span class='ocrx_word' id='word_1_336' title='bbox 840 1856 936 1902; x_wconf 88' lang='lat' dir='ltr'>quod</span> <span class='ocrx_word' id='word_1_337' title='bbox 959 1864 1014 1890; x_wconf 88' lang='lat' dir='ltr'>est</span> <span class='ocrx_word' id='word_1_338' title='bbox 1035 1856 1078 1890; x_wconf 82' lang='lat' dir='ltr'>ad</span> <span class='ocrx_word' id='word_1_339' title='bbox 1101 1856 1223 1898; x_wconf 85' lang='lat' dir='ltr'>finem,</span> <span class='ocrx_word' id='word_1_340' title='bbox 1244 1856 1354 1890; x_wconf 81' lang='lat' dir='ltr'>habet</span> <span class='ocrx_word' id='word_1_341' title='bbox 1372 1857 1551 1891; x_wconf 82' lang='lat' dir='ltr'>rationem</span> <span class='ocrx_word' id='word_1_342' title='bbox 1572 1857 1659 1890; x_wconf 84' lang='lat' dir='ltr'>boni</span> 
     </span>
     <span class='ocr_line' id='line_1_34' title="bbox 93 1908 1658 1944; baseline 0.001 -2"><span class='ocrx_word' id='word_1_343' title='bbox 93 1920 135 1943; x_wconf 87' lang='lat' dir='ltr'>ex</span> <span class='ocrx_word' id='word_1_344' title='bbox 157 1909 282 1943; x_wconf 87' lang='lat' dir='ltr'>ordine</span> <span class='ocrx_word' id='word_1_345' title='bbox 305 1909 349 1942; x_wconf 80' lang='lat' dir='ltr'>ad</span> <span class='ocrx_word' id='word_1_346' title='bbox 370 1908 496 1942; x_wconf 89' lang='lat' dir='ltr'>finem:</span> <span class='ocrx_word' id='word_1_347' title='bbox 520 1917 554 1943; x_wconf 89' lang='lat' dir='ltr'>et</span> <span class='ocrx_word' id='word_1_348' title='bbox 575 1909 775 1943; x_wconf 87' lang='lat' dir='ltr'>secundum</span> <span class='ocrx_word' id='word_1_349' title='bbox 797 1909 868 1944; x_wconf 92' lang='lat' dir='ltr'>hoc</span> <span class='ocrx_word' id='word_1_350' title='bbox 896 1909 1006 1943; x_wconf 78' lang='lat' dir='ltr'>etiam</span> <span class='ocrx_word' id='word_1_351' title='bbox 1028 1910 1196 1944; x_wconf 86' lang='lat' dir='ltr'>recedere</span> <span class='ocrx_word' id='word_1_352' title='bbox 1219 1909 1260 1943; x_wconf 73' lang='lat' dir='ltr'>ab</span> <span class='ocrx_word' id='word_1_353' title='bbox 1285 1921 1328 1943; x_wconf 91' lang='lat' dir='ltr'>eo</span> <span class='ocrx_word' id='word_1_354' title='bbox 1350 1910 1460 1944; x_wconf 77' lang='lat' dir='ltr'>habet</span> <span class='ocrx_word' id='word_1_355' title='bbox 1480 1910 1658 1944; x_wconf 83' lang='lat' dir='ltr'>rationem</span> 
     </span>
     <span class='ocr_line' id='line_1_35' title="bbox 94 1961 469 2004; baseline 0.003 -9"><span class='ocrx_word' id='word_1_356' title='bbox 94 1961 192 2004; x_wconf 81' lang='lat' dir='ltr'>mali,</span> <span class='ocrx_word' id='word_1_357' title='bbox 214 1970 248 1996; x_wconf 92' lang='lat' dir='ltr'>et</span> <span class='ocrx_word' id='word_1_358' title='bbox 264 1973 339 1996; x_wconf 89' lang='lat' dir='ltr'>non</span> <span class='ocrx_word' id='word_1_359' title='bbox 357 1961 469 1996; x_wconf 79' lang='lat' dir='ltr'>aliter.</span> 
     </span>
    </p>

    <p class='ocr_par' dir='ltr' id='par_1_10' title="bbox 94 2015 1656 2170">
     <span class='ocr_line' id='line_1_36' title="bbox 164 2015 1656 2062; baseline 0.001 -13"><span class='ocrx_word' id='word_1_360' title='bbox 164 2015 224 2050; x_wconf 88' lang='lat' dir='ltr'>AD</span> <span class='ocrx_word' id='word_1_361' title='bbox 251 2026 439 2054; x_wconf 81' lang='lat' dir='ltr'><strong>QUARTUM</strong></span> <span class='ocrx_word' id='word_1_362' title='bbox 469 2015 674 2058; x_wconf 90' lang='lat' dir='ltr'>dicendum,</span> <span class='ocrx_word' id='word_1_363' title='bbox 697 2016 793 2062; x_wconf 89' lang='lat' dir='ltr'>quod</span> <span class='ocrx_word' id='word_1_364' title='bbox 816 2016 852 2049; x_wconf 89' lang='lat' dir='ltr'>in</span> <span class='ocrx_word' id='word_1_365' title='bbox 879 2015 1072 2050; x_wconf 87' lang='lat' dir='ltr'>dilectione</span> <span class='ocrx_word' id='word_1_366' title='bbox 1103 2016 1259 2062; x_wconf 84' lang='lat' dir='ltr'>proximi</span> <span class='ocrx_word' id='word_1_367' title='bbox 1289 2016 1482 2050; x_wconf 85' lang='lat' dir='ltr'>includitur</span> <span class='ocrx_word' id='word_1_368' title='bbox 1512 2016 1656 2050; x_wconf 83' lang='lat' dir='ltr'>dilectio</span> 
     </span>
     <span class='ocr_line' id='line_1_37' title="bbox 94 2068 1656 2116; baseline 0.001 -14"><span class='ocrx_word' id='word_1_369' title='bbox 94 2068 175 2110; x_wconf 91' lang='lat' dir='ltr'>Dei,</span> <span class='ocrx_word' id='word_1_370' title='bbox 197 2069 289 2103; x_wconf 89' lang='lat' dir='ltr'>sicut</span> <span class='ocrx_word' id='word_1_371' title='bbox 314 2069 393 2103; x_wconf 91' lang='lat' dir='ltr'>finis</span> <span class='ocrx_word' id='word_1_372' title='bbox 415 2069 451 2102; x_wconf 90' lang='lat' dir='ltr'>in</span> <span class='ocrx_word' id='word_1_373' title='bbox 479 2080 522 2103; x_wconf 88' lang='lat' dir='ltr'>eo</span> <span class='ocrx_word' id='word_1_374' title='bbox 545 2069 642 2115; x_wconf 90' lang='lat' dir='ltr'>quod</span> <span class='ocrx_word' id='word_1_375' title='bbox 665 2078 717 2103; x_wconf 90' lang='lat' dir='ltr'>est</span> <span class='ocrx_word' id='word_1_376' title='bbox 744 2069 787 2103; x_wconf 85' lang='lat' dir='ltr'>ad</span> <span class='ocrx_word' id='word_1_377' title='bbox 810 2069 931 2111; x_wconf 87' lang='lat' dir='ltr'>finem,</span> <span class='ocrx_word' id='word_1_378' title='bbox 955 2077 989 2103; x_wconf 91' lang='lat' dir='ltr'>et</span> <span class='ocrx_word' id='word_1_379' title='bbox 1016 2081 1034 2104; x_wconf 92' lang='lat' dir='ltr'>e</span> <span class='ocrx_word' id='word_1_380' title='bbox 1058 2081 1254 2104; x_wconf 79' lang='lat' dir='ltr'>converso:</span> <span class='ocrx_word' id='word_1_381' title='bbox 1279 2078 1313 2104; x_wconf 87' lang='lat' dir='ltr'>et</span> <span class='ocrx_word' id='word_1_382' title='bbox 1334 2078 1457 2104; x_wconf 82' lang='lat' dir='ltr'>tamen</span> <span class='ocrx_word' id='word_1_383' title='bbox 1486 2070 1656 2116; x_wconf 89' lang='lat' dir='ltr'>oportuit,</span> 
     </span>
     <span class='ocr_line' id='line_1_38' title="bbox 95 2122 1511 2170; baseline 0.001 -15"><span class='ocrx_word' id='word_1_384' title='bbox 95 2129 286 2168; x_wconf 87' lang='lat' dir='ltr'>utrumque</span> <span class='ocrx_word' id='word_1_385' title='bbox 308 2129 541 2168; x_wconf 80' lang='lat' dir='ltr'>praeceptum</span> <span class='ocrx_word' id='word_1_386' title='bbox 564 2122 730 2168; x_wconf 84' lang='lat' dir='ltr'>explicite</span> <span class='ocrx_word' id='word_1_387' title='bbox 752 2123 839 2165; x_wconf 74' lang='lat' dir='ltr'>dari,</span> <span class='ocrx_word' id='word_1_388' title='bbox 861 2123 1001 2157; x_wconf 80' lang='lat' dir='ltr'>ratione</span> <span class='ocrx_word' id='word_1_389' title='bbox 1023 2124 1097 2168; x_wconf 83' lang='lat' dir='ltr'>jam</span> <span class='ocrx_word' id='word_1_390' title='bbox 1118 2123 1213 2158; x_wconf 81' lang='lat' dir='ltr'>dicta</span> <span class='ocrx_word' id='word_1_391' title='bbox 1235 2124 1288 2168; x_wconf 80' lang='lat' dir='ltr'>(in</span> <span class='ocrx_word' id='word_1_392' title='bbox 1307 2131 1394 2170; x_wconf 77' lang='lat' dir='ltr'>corp.</span> <span class='ocrx_word' id='word_1_393' title='bbox 1417 2124 1511 2168; x_wconf 72' lang='lat' dir='ltr'>art).</span> 
     </span>
    </p>
   </div>
   <div class='ocr_carea' id='block_1_4' title="bbox 643 2282 1652 2339">
    <p class='ocr_par' dir='ltr' id='par_1_11' title="bbox 643 2282 1652 2339">
     <span class='ocr_line' id='line_1_39' title="bbox 643 2282 1652 2339; baseline 0.002 -14"><span class='ocrx_word' id='word_1_394' title='bbox 643 2282 988 2327; x_wconf 86' lang='lat' dir='ltr'><strong>ARTICULUS</strong></span> <span class='ocrx_word' id='word_1_395' title='bbox 1023 2282 1103 2326; x_wconf 90' lang='grc' dir='ltr'>ΠΙ.</span> <span class='ocrx_word' id='word_1_396' title='bbox 1589 2303 1652 2339; x_wconf 79' lang='lat'>243</span> 
     </span>
    </p>
   </div>
   <div class='ocr_carea' id='block_1_5' title="bbox 97 2401 1656 2546">
    <p class='ocr_par' dir='ltr' id='par_1_12' title="bbox 97 2401 1656 2546">
     <span class='ocr_line' id='line_1_40' title="bbox 302 2401 1445 2432; baseline 0 -2"><span class='ocrx_word' id='word_1_397' title='bbox 302 2401 456 2431; x_wconf 83' lang='lat' dir='ltr'><strong>UTRUM</strong></span> <span class='ocrx_word' id='word_1_398' title='bbox 483 2401 740 2432; x_wconf 83' lang='lat' dir='ltr'><strong>SUFFICIANT</strong></span> <span class='ocrx_word' id='word_1_399' title='bbox 768 2401 861 2431; x_wconf 89' lang='lat' dir='ltr'>DUO</span> <span class='ocrx_word' id='word_1_400' title='bbox 890 2402 1142 2431; x_wconf 81' lang='lat' dir='ltr'>PRAECEPTA</span> <span class='ocrx_word' id='word_1_401' title='bbox 1169 2401 1445 2431; x_wconf 85' lang='lat' dir='ltr'>CHARITATIS.</span> 
     </span>
     <span class='ocr_line' id='line_1_41' title="bbox 97 2498 1656 2546; baseline -0.001 -12"><span class='ocrx_word' id='word_1_402' title='bbox 97 2500 225 2545; x_wconf 78' lang='lat' dir='ltr'>(Lib.3.</span> <span class='ocrx_word' id='word_1_403' title='bbox 243 2499 357 2534; x_wconf 81' lang='lat' dir='ltr'>Contr.</span> <span class='ocrx_word' id='word_1_404' title='bbox 371 2511 400 2545; x_wconf 75' lang='lat' dir='ltr'>g.</span> <span class='ocrx_word' id='word_1_405' title='bbox 421 2505 493 2546; x_wconf 82' lang='lat' dir='ltr'>cap.</span> <span class='ocrx_word' id='word_1_406' title='bbox 513 2499 588 2534; x_wconf 87' lang='lat'><strong><em>116.</em></strong></span> <span class='ocrx_word' id='word_1_407' title='bbox 607 2505 637 2534; x_wconf 77' lang='lat' dir='ltr'>et</span> <span class='ocrx_word' id='word_1_408' title='bbox 661 2500 745 2535; x_wconf 79' lang='lat' dir='ltr'>Virt.</span> <span class='ocrx_word' id='word_1_409' title='bbox 760 2512 790 2545; x_wconf 85' lang='lat' dir='ltr'>q.</span> <span class='ocrx_word' id='word_1_410' title='bbox 804 2512 835 2535; x_wconf 91' lang='lat'>2.</span> <span class='ocrx_word' id='word_1_411' title='bbox 851 2505 912 2534; x_wconf 76' lang='lat' dir='ltr'>art.</span> <span class='ocrx_word' id='word_1_412' title='bbox 933 2512 966 2545; x_wconf 86' lang='lat'>4.</span> <span class='ocrx_word' id='word_1_413' title='bbox 981 2505 1009 2534; x_wconf 73' lang='lat' dir='ltr'>et</span> <span class='ocrx_word' id='word_1_414' title='bbox 1024 2501 1118 2536; x_wconf 80' lang='lat' dir='ltr'>Rom.</span> <span class='ocrx_word' id='word_1_415' title='bbox 1132 2512 1176 2546; x_wconf 78' lang='lat'>13.</span> <span class='ocrx_word' id='word_1_416' title='bbox 1192 2500 1260 2534; x_wconf 63' lang='lat' dir='ltr'>lect.</span> <span class='ocrx_word' id='word_1_417' title='bbox 1274 2512 1301 2534; x_wconf 87' lang='lat'>1.</span> <span class='ocrx_word' id='word_1_418' title='bbox 1321 2504 1348 2533; x_wconf 69' lang='lat' dir='ltr'>cl</span> <span class='ocrx_word' id='word_1_419' title='bbox 1374 2499 1449 2533; x_wconf 66' lang='lat' dir='ltr'>Gal.</span> <span class='ocrx_word' id='word_1_420' title='bbox 1469 2510 1498 2543; x_wconf 79' lang='lat'>5.</span> <span class='ocrx_word' id='word_1_421' title='bbox 1517 2498 1656 2544; x_wconf 67' lang='lat' dir='ltr'>Iuct.3.).</span> 
     </span>
    </p>
   </div>
   <div class='ocr_carea' id='block_1_6' title="bbox 99 2597 1656 2901">
    <p class='ocr_par' dir='ltr' id='par_1_13' title="bbox 99 2597 1656 2901">
     <span class='ocr_line' id='line_1_42' title="bbox 167 2597 1656 2646; baseline -0.003 -12"><span class='ocrx_word' id='word_1_422' title='bbox 167 2600 227 2634; x_wconf 89' lang='lat' dir='ltr'>AD</span> <span class='ocrx_word' id='word_1_423' title='bbox 250 2609 421 2634; x_wconf 68' lang='lat' dir='ltr'>TERTHJM</span> <span class='ocrx_word' id='word_1_424' title='bbox 451 2599 502 2634; x_wconf 88' lang='lat' dir='ltr'>sic</span> <span class='ocrx_word' id='word_1_425' title='bbox 529 2600 746 2646; x_wconf 89' lang='lat' dir='ltr'>proceditur.</span> <span class='ocrx_word' id='word_1_426' title='bbox 774 2600 935 2645; x_wconf 85' lang='lat' dir='ltr'>Videtur,</span> <span class='ocrx_word' id='word_1_427' title='bbox 958 2600 1054 2646; x_wconf 86' lang='lat' dir='ltr'>quod</span> <span class='ocrx_word' id='word_1_428' title='bbox 1077 2611 1149 2634; x_wconf 89' lang='lat' dir='ltr'>non</span> <span class='ocrx_word' id='word_1_429' title='bbox 1172 2597 1350 2633; x_wconf 76' lang='lat' dir='ltr'>sufficiant</span> <span class='ocrx_word' id='word_1_430' title='bbox 1371 2597 1442 2630; x_wconf 90' lang='lat' dir='ltr'>duo</span> <span class='ocrx_word' id='word_1_431' title='bbox 1465 2605 1656 2642; x_wconf 75' lang='lat' dir='ltr'>praecepta</span> 
     </span>
     <span class='ocr_line' id='line_1_43' title="bbox 99 2649 1654 2699; baseline -0.004 -11"><span class='ocrx_word' id='word_1_432' title='bbox 99 2653 297 2688; x_wconf 84' lang='lat' dir='ltr'>charitatis:</span> <span class='ocrx_word' id='word_1_433' title='bbox 314 2661 505 2699; x_wconf 79' lang='lat' dir='ltr'>praecepta</span> <span class='ocrx_word' id='word_1_434' title='bbox 524 2654 620 2687; x_wconf 91' lang='lat' dir='ltr'>enim</span> <span class='ocrx_word' id='word_1_435' title='bbox 635 2654 764 2687; x_wconf 80' lang='lat' dir='ltr'>dantur</span> <span class='ocrx_word' id='word_1_436' title='bbox 778 2654 821 2687; x_wconf 90' lang='lat' dir='ltr'>de</span> <span class='ocrx_word' id='word_1_437' title='bbox 837 2654 973 2688; x_wconf 77' lang='lat' dir='ltr'>actibus</span> <span class='ocrx_word' id='word_1_438' title='bbox 991 2653 1161 2686; x_wconf 84' lang='lat' dir='ltr'>virtutum</span> <span class='ocrx_word' id='word_1_439' title='bbox 1176 2665 1182 2685; x_wconf 90' lang='lat'>:</span> <span class='ocrx_word' id='word_1_440' title='bbox 1199 2659 1298 2684; x_wconf 74' lang='lat' dir='ltr'>actus</span> <span class='ocrx_word' id='word_1_441' title='bbox 1319 2658 1438 2683; x_wconf 82' lang='lat' dir='ltr'>autem</span> <span class='ocrx_word' id='word_1_442' title='bbox 1457 2649 1654 2683; x_wconf 86' lang='lat' dir='ltr'>secundum</span> 
     </span>
     <span class='ocr_line' id='line_1_44' title="bbox 99 2702 1655 2752; baseline -0.003 -11"><span class='ocrx_word' id='word_1_443' title='bbox 99 2707 239 2752; x_wconf 69' lang='lat' dir='ltr'>obiecta</span> <span class='ocrx_word' id='word_1_444' title='bbox 260 2706 542 2752; x_wconf 84' lang='lat' dir='ltr'>distinguuntur:</span> <span class='ocrx_word' id='word_1_445' title='bbox 567 2718 651 2740; x_wconf 90' lang='lat' dir='ltr'>cum</span> <span class='ocrx_word' id='word_1_446' title='bbox 673 2718 760 2752; x_wconf 82' lang='lat' dir='ltr'>ergo</span> <span class='ocrx_word' id='word_1_447' title='bbox 782 2707 896 2740; x_wconf 88' lang='lat' dir='ltr'>homo</span> <span class='ocrx_word' id='word_1_448' title='bbox 921 2714 1073 2752; x_wconf 79' lang='lat' dir='ltr'>quatuor</span> <span class='ocrx_word' id='word_1_449' title='bbox 1095 2705 1221 2738; x_wconf 80' lang='lat' dir='ltr'>debeat</span> <span class='ocrx_word' id='word_1_450' title='bbox 1241 2715 1281 2736; x_wconf 91' lang='lat' dir='ltr'>ex</span> <span class='ocrx_word' id='word_1_451' title='bbox 1301 2703 1474 2736; x_wconf 80' lang='lat' dir='ltr'>charitate</span> <span class='ocrx_word' id='word_1_452' title='bbox 1494 2702 1655 2748; x_wconf 74' lang='lat' dir='ltr'>diligere,</span> 
     </span>
     <span class='ocr_line' id='line_1_45' title="bbox 99 2756 1654 2806; baseline -0.003 -13"><span class='ocrx_word' id='word_1_453' title='bbox 99 2758 253 2794; x_wconf 86' lang='lat' dir='ltr'>scilicet:</span> <span class='ocrx_word' id='word_1_454' title='bbox 276 2759 408 2804; x_wconf 83' lang='lat' dir='ltr'>Deum,</span> <span class='ocrx_word' id='word_1_455' title='bbox 430 2759 600 2805; x_wconf 86' lang='lat' dir='ltr'>seipsum,</span> <span class='ocrx_word' id='word_1_456' title='bbox 622 2760 841 2806; x_wconf 85' lang='lat' dir='ltr'>proximum,</span> <span class='ocrx_word' id='word_1_457' title='bbox 863 2768 897 2793; x_wconf 89' lang='lat' dir='ltr'>et</span> <span class='ocrx_word' id='word_1_458' title='bbox 919 2770 1049 2804; x_wconf 88' lang='lat' dir='ltr'>corpus</span> <span class='ocrx_word' id='word_1_459' title='bbox 1072 2757 1268 2803; x_wconf 89' lang='lat' dir='ltr'>proprium,</span> <span class='ocrx_word' id='word_1_460' title='bbox 1291 2763 1328 2789; x_wconf 87' lang='lat' dir='ltr'>ut</span> <span class='ocrx_word' id='word_1_461' title='bbox 1354 2766 1395 2789; x_wconf 87' lang='lat' dir='ltr'>ex</span> <span class='ocrx_word' id='word_1_462' title='bbox 1421 2767 1525 2801; x_wconf 81' lang='lat' dir='ltr'>supra</span> <span class='ocrx_word' id='word_1_463' title='bbox 1552 2756 1654 2790; x_wconf 87' lang='lat' dir='ltr'>dictis</span> 
     </span>
     <span class='ocr_line' id='line_1_46' title="bbox 99 2808 1656 2858; baseline -0.001 -12"><span class='ocrx_word' id='word_1_464' title='bbox 99 2820 197 2858; x_wconf 84' lang='lat' dir='ltr'>patet</span> <span class='ocrx_word' id='word_1_465' title='bbox 219 2812 262 2857; x_wconf 85' lang='lat' dir='ltr'>(q.</span> <span class='ocrx_word' id='word_1_466' title='bbox 289 2824 336 2858; x_wconf 77' lang='lat'>25.</span> <span class='ocrx_word' id='word_1_467' title='bbox 359 2818 421 2847; x_wconf 72' lang='lat' dir='ltr'>art.</span> <span class='ocrx_word' id='word_1_468' title='bbox 443 2825 492 2847; x_wconf 86' lang='lat'>12.</span> <span class='ocrx_word' id='word_1_469' title='bbox 514 2818 542 2847; x_wconf 73' lang='lat' dir='ltr'>et</span> <span class='ocrx_word' id='word_1_470' title='bbox 559 2825 588 2858; x_wconf 80' lang='lat' dir='ltr'>q.</span> <span class='ocrx_word' id='word_1_471' title='bbox 611 2813 698 2857; x_wconf 68' lang='lat'><em>26),</em></span> <span class='ocrx_word' id='word_1_472' title='bbox 721 2813 873 2853; x_wconf 79' lang='lat' dir='ltr'>videtur,</span> <span class='ocrx_word' id='word_1_473' title='bbox 895 2812 990 2857; x_wconf 88' lang='lat' dir='ltr'>quod</span> <span class='ocrx_word' id='word_1_474' title='bbox 1013 2818 1166 2856; x_wconf 81' lang='lat' dir='ltr'>quatuor</span> <span class='ocrx_word' id='word_1_475' title='bbox 1193 2808 1345 2842; x_wconf 79' lang='lat' dir='ltr'>debeant</span> <span class='ocrx_word' id='word_1_476' title='bbox 1367 2819 1444 2842; x_wconf 84' lang='lat' dir='ltr'>esse</span> <span class='ocrx_word' id='word_1_477' title='bbox 1466 2817 1656 2855; x_wconf 76' lang='lat' dir='ltr'>praecepta</span> 
     </span>
     <span class='ocr_line' id='line_1_47' title="bbox 102 2865 831 2901; baseline -0.001 -2"><span class='ocrx_word' id='word_1_478' title='bbox 102 2865 301 2900; x_wconf 78' lang='lat' dir='ltr'>charitatis:</span> <span class='ocrx_word' id='word_1_479' title='bbox 325 2873 359 2900; x_wconf 89' lang='lat' dir='ltr'>et</span> <span class='ocrx_word' id='word_1_480' title='bbox 379 2866 429 2901; x_wconf 91' lang='lat' dir='ltr'>sic</span> <span class='ocrx_word' id='word_1_481' title='bbox 452 2867 522 2900; x_wconf 82' lang='lat' dir='ltr'>duo</span> <span class='ocrx_word' id='word_1_482' title='bbox 544 2877 617 2900; x_wconf 90' lang='lat' dir='ltr'>non</span> <span class='ocrx_word' id='word_1_483' title='bbox 639 2865 831 2900; x_wconf 85' lang='lat' dir='ltr'>sufficiunt.</span> 
     </span>
    </p>
   </div>
  </div>
 </body>
</html>
