1859 3122
516 161 736 196 QUAESTIO
773 160 861 190 CIII.
895 159 1138 190 ARTICULUS
1174 160 1226 189 IV.
1401 160 1404 163 '
1565 160 1644 203 731

643 331 986 377 ARTICULUS
1022 331 1097 374 lv.
1581 353 1641 388 54,

377 442 527 471 UTRUM
555 442 689 470 DULIA
723 442 893 471 HABEAT
928 440 1134 470 DIVERSAS
1169 440 1354 469 SPECIES.

627 530 666 576 (3.
690 531 776 564 Dist.
800 542 831 576 9.
854 542 883 575 q.
906 541 937 564 2.
960 535 1023 564 art.
1047 531 1107 576 22).

154 620 213 653 ΑΙ)
236 629 421 658 QUARTL'M
441 619 490 653 sic
513 619 728 664 proceditur.
752 619 912 659 Videtur,
933 619 1028 664 quod
1048 618 1144 652 dulia
1158 619 1289 653 habeat
1308 619 1466 652 diversas
1490 619 1648 664 species,

83 684 145 719 per
158 672 293 706 duliam
309 672 405 706 enim
421 672 606 707 exhibetur
620 672 739 706 honor
754 672 938 719 proximo:
962 672 1100 706 diversa
1117 679 1237 706 autem
1258 672 1398 706 ratione
1421 672 1647 706 honorantur

83 726 212 760 diversi
226 726 499 772 proxirni3sicut
520 738 591 768 rex,
609 734 718 772 pater,
742 733 775 759 et
797 725 980 770 magister,
1010 733 1047 759 ut
1062 733 1159 771 patet
1180 737 1242 771 per
1263 724 1399 759 Philos.
1422 725 1457 758 in
1480 736 1512 771 9.
1529 725 1648 760 Ethic·

81 780 170 825 (cap.
185 781 253 825 2.);
278 790 360 813 cum
383 790 468 825 ergo
492 779 631 813 diversa
652 780 742 813 ratio
765 778 897 824 objecti
919 778 1135 812 diversificet
1153 778 1313 824 speciem
1334 778 1485 820 virtutis,
1507 779 1647 813 videtur

82 832 178 878 quod
200 832 295 866 dulia
317 832 494 866 dividatur
516 833 550 866 in
572 833 720 866 virtutes
742 832 861 877 specie
884 830 1099 865 differentes.

153 896 184 919 2.
206 885 441 920 PRAETEREA.
461 886 622 920 Medium
641 884 758 919 differt
771 884 890 931 specie
907 885 949 918 ab
973 885 1161 926 extremi33
1180 884 1272 919 sicut
1290 884 1465 931 pallidum
1488 885 1529 918 ab
1551 884 1647 927 albo,

82 947 116 973 et
136 939 260 985 nigro:
283 939 342 973 sed
366 939 577 985 hyperdulia
605 936 869 984 (ὕπερδουλεέα,
891 938 1015 972 cultum
1038 938 1210 983 quemdam
1231 938 1365 983 vulgari
1385 939 1541 972 ser-vitute
1562 945 1649 985 supc-

80 994 219 1038 rim-em)
243 993 382 1027 videtur
403 1004 479 1027 esse
503 993 663 1026 medium
687 992 779 1025 inter
807 991 962 1032 latriam,
986 999 1020 1026 et
1042 991 1197 1026 duliam:
1220 991 1406 1025 exhibetur
1434 991 1531 1025 enim
1555 1003 1648 1026 crea-

80 1045 178 1087 turis,
194 1057 284 1091 quae
298 1045 431 1080 habent
446 1044 641 1091 specialem
657 1044 867 1078 affinitatem
883 1044 926 1078 ad
941 1045 1082 1086 Deum;
1098 1044 1190 1078 sicut
1204 1043 1242 1076 B.
1260 1043 1413 1089 Virgini,
1432 1044 1645 1090 inquantum

81 1106 133 1132 est
155 1107 270 1133 mater
282 1099 370 1142 Dei;
393 1110 479 1145 ergo
501 1099 641 1133 videtur
662 1098 758 1144 quod
769 1098 887 1132 duliae
910 1098 980 1132 sint
1001 1098 1139 1144 species
1161 1096 1378 1140 differentes,
1406 1109 1476 1132 una
1499 1098 1646 1144 quidem

80 1151 176 1185 dulia
198 1151 419 1198 simpliciter,
447 1151 516 1185 alia
537 1162 622 1186 vero
645 1151 869 1198 hyperdulia.

153 1217 181 1251 3.
207 1205 442 1240 PRAETEREA.
471 1205 571 1239 Sicut
591 1205 627 1238 in
650 1212 812 1239 creatura
838 1203 1007 1238 rationali
1027 1204 1207 1238 invenitur
1240 1204 1364 1250 imago
1395 1204 1476 1247 Dei,
1504 1205 1643 1239 ratione

79 1260 179 1304 cujus
200 1259 416 1301 honoratur3
438 1259 487 1293 ita
501 1259 610 1293 etiam
631 1259 668 1292 in
691 1267 853 1293 creatura
866 1257 1065 1292 irrationali
1079 1258 1258 1292 invenitur
1271 1258 1465 1304 vestigium
1480 1259 1568 1294 Dei:
1584 1260 1645 1293 sed

79 1311 148 1346 alia
168 1312 259 1346 ratio
274 1312 516 1347 similitudinis
534 1312 748 1358 importatur
769 1312 805 1346 in
827 1312 976 1346 nomine
998 1311 1177 1357 imaginis,
1197 1320 1232 1346 et
1250 1312 1286 1346 in
1307 1312 1458 1346 nomine
1479 1313 1641 1357 vestigii3

79 1376 165 1411 ergo
188 1366 297 1400 etiarn
318 1373 460 1412 oportet
474 1365 673 1400 secundum
694 1365 765 1399 hoc
788 1365 946 1400 diversas
967 1366 1105 1411 species
1121 1364 1238 1399 duliae
1259 1365 1410 1399 attendi:
1431 1366 1643 1410 praesertim

78 1431 162 1453 cum
176 1419 390 1465 quibusdam
403 1419 706 1453 irrationabilibus
721 1419 890 1453 creaturis
900 1419 1020 1453 honor
1035 1418 1262 1461 exhibeatur3
1278 1419 1369 1453 sicut
1384 1418 1483 1465 ligno
1495 1427 1642 1454 sanctae

79 1473 205 1514 crucis,
228 1481 262 1507 et
283 1472 360 1507 aliis
378 1473 598 1519 hujusmodi.

151 1526 225 1561 SED
259 1537 413 1561 CONTRA
436 1534 498 1569 est,
521 1526 617 1572 quod
638 1525 734 1560 dulia
766 1534 891 1560 contra
912 1525 1055 1560 latriam
1082 1525 1268 1567 dividitur,
1289 1525 1393 1560 latria
1420 1534 1541 1560 autem
1568 1537 1643 1561 non

78 1579 245 1614 dividitur
265 1591 328 1626 per
353 1580 510 1614 diversas
532 1579 688 1626 species;
711 1590 797 1625 ergo
819 1590 885 1614 nec
914 1578 1022 1613 dulia.

147 1633 375 1668 RESPONDEO
397 1633 603 1674 dicendum,
625 1632 722 1679 quod
737 1632 833 1666 dulia
848 1640 966 1678 potest
987 1632 1104 1678 accipi
1124 1632 1321 1678 dupliciter:
1343 1644 1408 1666 uno
1430 1632 1525 1667 modo
1543 1644 1642 1667 corn-

79 1687 244 1729 muniter,
278 1687 477 1721 secundum
511 1686 607 1732 quod
635 1686 779 1720 exhibet
804 1686 1044 1720 reverentiam
1079 1685 1296 1731 cuicumque
1327 1686 1468 1720 homini
1503 1687 1642 1721 ratione

78 1741 337 1786 cujuscumque
360 1739 612 1774 excellentiae:
635 1747 670 1774 et
690 1740 740 1774 sic
764 1739 924 1773 continet
945 1739 1009 1773 sub
1032 1750 1069 1773 se
1095 1739 1278 1784 pietatem,
1301 1747 1335 1773 et
1362 1739 1641 1782 observantiam,

79 1802 114 1828 et
134 1804 401 1839 quamcumque
426 1793 636 1839 hujusmodi
662 1793 843 1834 virtutem,
871 1803 963 1838 quae
988 1792 1130 1826 homini
1153 1793 1392 1826 reverentiam
1420 1793 1579 1835 exhibet3
1607 1801 1640 1827 et

78 1847 275 1892 secundum
296 1847 368 1881 hoc
389 1847 535 1881 habebit
563 1854 680 1893 partes
703 1846 822 1892 specie
845 1846 1019 1880 diversas:
1039 1846 1106 1880 alio
1127 1845 1222 1879 modo
1246 1853 1365 1891 potest
1386 1846 1480 1880 sumi
1506 1846 1639 1888 stricte,

78 1908 183 1946 prout
203 1900 403 1935 secundum
421 1911 499 1934 eam
520 1899 760 1934 reverentiam
775 1899 918 1933 exhibet
935 1910 1058 1933 servus
1077 1899 1247 1934 domino:
1266 1910 1351 1932 narn
1373 1899 1468 1932 dulia
1490 1900 1642 1934 servitus

77 1954 215 1996 dicitur,
238 1962 276 1988 ut
297 1954 433 1988 dictum
456 1961 508 1988 est
531 1953 608 1998 (art.
627 1966 656 2000 3.
684 1954 751 1999 huj.
779 1954 848 1999 q.);
873 1961 907 1987 et
928 1952 1129 1986 secundum
1150 1952 1222 1986 hoc
1244 1963 1318 1986 non
1341 1952 1510 1986 dividitur
1531 1954 1567 1986 in
1597 1953 1644 1986 di-

76 2019 198 2042 versas
212 2008 360 2054 species,
375 2007 436 2041 sed
451 2015 505 2042 est
530 2018 601 2040 una
615 2007 816 2052 specierum
836 2005 1097 2047 observantiae,
1112 2017 1221 2052 quam
1237 2005 1379 2040 Tullius
1398 2006 1500 2052 ponit
1519 2005 1590 2049 (lib.
1605 2018 1637 2041 2.

77 2061 114 2095 de
134 2061 294 2106 suvant),
325 2072 368 2095 eo
402 2061 499 2107 quod
521 2060 591 2094 alia
611 2060 751 2094 ratione
779 2071 902 2093 servus
924 2067 1106 2093 reveretur
1139 2059 1342 2101 dominum,
1369 2058 1473 2093 miles
1500 2059 1644 2102 ducem,

78 2113 272 2160 discipulus
294 2114 519 2159 magistrum,
541 2121 576 2147 et
593 2113 643 2147 sic
666 2113 708 2146 de
731 2112 810 2146 aliis
832 2112 1053 2158 hujusmodi.

149 2167 208 2201 AD
229 2178 378 2202 PRIMUM
401 2178 487 2213 ergo
506 2166 711 2208 dicendum,
730 2166 827 2212 quod
849 2166 940 2200 ratio
958 2165 1020 2200 illa
1039 2165 1202 2212 procedit
1223 2165 1267 2199 de
1289 2165 1385 2199 dulia
1401 2165 1644 2200 communiter

78 2228 232 2266 sumpta.

150 2274 209 2308 AD
225 2284 431 2308 SECUNDUM
446 2272 650 2315 dicendum,
662 2273 758 2319 quod
769 2272 981 2319 hyperdulia
997 2280 1048 2306 est
1059 2272 1246 2318 potissima
1257 2272 1393 2318 species
1410 2271 1529 2306 duliae
1548 2283 1645 2306 com-

78 2329 234 2362 muniter
254 2335 418 2373 sumptae
433 2339 439 2360 :
457 2328 614 2361 maxima
637 2327 733 2362 enim
743 2327 941 2361 reverentia
958 2326 1105 2360 debetur
1123 2326 1265 2360 homini
1280 2338 1322 2360 ex
1337 2325 1519 2367 affinitate,
1535 2337 1643 2371 quam

77 2381 186 2416 habet
208 2381 250 2414 ad
272 2381 404 2415 Deum.

149 2435 208 2468 AD
225 2444 396 2468 TERTIUM
412 2433 616 2475 dicendum,
639 2434 735 2479 quod
758 2442 943 2468 creaturae
965 2433 1162 2468 irrationali
1183 2433 1219 2467 in
1239 2444 1275 2467 se
1299 2433 1546 2467 consideratae
1567 2443 1641 2465 non

79 2488 226 2522 debetur
246 2488 286 2521 ab
306 2487 456 2521 homine
480 2486 599 2532 aliqua
620 2487 806 2532 subjectio,
829 2486 886 2521 vel
908 2487 1046 2529 honor3
1070 2487 1155 2533 quin
1171 2487 1289 2532 potius
1312 2486 1430 2520 omnis
1449 2486 1528 2519 talis
1549 2496 1644 2519 crea-

77 2549 155 2575 tura
178 2549 229 2575 est
250 2540 458 2574 naturaliter
471 2540 613 2573 homini
634 2540 810 2585 subjecta:
831 2540 927 2586 quod
948 2548 1067 2574 autem
1088 2552 1172 2574 crux
1189 2540 1325 2574 Christi
1345 2540 1556 2580 honoretur,
1571 2539 1641 2572 hoc

78 2594 116 2628 fit
145 2595 275 2628 eodem
302 2594 454 2635 honore,
477 2604 548 2638 quo
576 2593 741 2627 Christus
771 2594 992 2635 honoratur3
1019 2594 1111 2628 sicut
1131 2605 1286 2640 purpura
1320 2593 1413 2636 regis
1443 2593 1642 2626 honoratur

79 2648 208 2681 eodem
229 2647 383 2688 honore,
405 2658 476 2692 quo
500 2658 576 2688 rex3
599 2655 635 2680 ut
657 2647 827 2681 Damasc.
851 2647 936 2681 dicit
958 2647 993 2680 in
1014 2657 1046 2689 4.
1070 2647 1128 2681 lib.
1155 2659 1183 2692 3.
1208 2647 1320 2690 (Orth.
1348 2646 1422 2680 Fz‘cl.
1446 2652 1517 2692 cap.
1537 2647 1592 2691 3.).
