1859 3122
220 171 306 223 526
617 181 837 217 QUAESTIO
871 182 1003 212 LXXII.
1038 183 1282 213 ARTICULUS
1314 184 1372 214 IV.

291 263 350 296 AD
377 273 526 296 PRIMUM
554 273 640 308 ergo
669 263 875 305 dicendum,
909 264 1004 309 quod
1033 264 1254 298 contumelia
1285 276 1359 299 non
1393 266 1579 300 ordinatur
1604 267 1647 301 ad
1673 267 1783 302 finem

219 316 419 361 superbiae,
450 315 510 361 qui
537 323 590 350 est
617 315 813 351 celsitudo:
841 326 875 350 et
900 317 983 351 ideo
1010 328 1084 351 non
1111 318 1244 352 directe
1272 319 1493 353 contumelia
1524 320 1636 354 oritur
1663 332 1705 354 ex
1731 332 1785 355 su-

218 366 359 414 perbia:
384 369 541 414 disponit
558 377 681 402 tamen
696 370 861 415 superbia
884 370 927 403 ad
944 370 1218 413 contumeliam,
1240 372 1455 417 inquantum
1474 372 1538 415 illi,
1553 374 1614 419 qui
1633 385 1669 408 se
1684 385 1785 420 supe-

218 422 332 456 riores
355 422 557 460 aestimant,
579 422 720 457 facilius
743 423 832 457 alios
860 431 1108 466 contemnunt,
1137 432 1170 458 et
1191 425 1338 470 injurias
1361 425 1410 459 eis
1436 426 1616 472 irrogant:
1643 426 1784 462 facilius

219 475 316 508 enim
338 475 551 517 irascuntur,
574 484 698 522 utpote
721 485 927 522 reputantes
948 477 1150 523 indignum,
1170 478 1341 524 quidquid
1364 487 1489 513 contra
1511 490 1638 513 eorum
1660 480 1786 514 volun-

219 536 331 562 tatem
355 529 482 574 agitur.

290 582 350 616 AD
367 593 574 616 SECUNDUM
598 582 803 625 dicendum,
827 583 923 629 quod
946 583 1145 617 secundum
1164 583 1304 618 Phil.in
1324 595 1355 630 7.
1371 584 1452 618 Eth.
1472 585 1561 631 (cap.
1580 585 1628 631 6.)
1644 586 1697 620 ira
1709 597 1783 620 non

219 634 377 680 perfecte
397 636 495 669 audit
517 636 715 670 rationem:
740 644 773 670 et
795 637 844 670 sic
860 637 970 670 iratus
993 637 1125 682 patitur
1146 637 1295 672 rationis
1318 638 1518 673 defectum:
1540 639 1577 672 in
1600 650 1671 685 quo
1699 650 1784 673 con-

218 689 317 723 venit
339 701 422 723 cum
445 689 609 724 stultitia:
634 697 668 723 et
694 698 840 736 propter
860 690 932 724 hoc
955 701 996 724 ex
1024 690 1173 724 stultitia
1196 691 1308 724 oritur
1335 691 1558 726 contumelia
1584 692 1783 726 secundum

221 741 444 784 affinitatem,
467 754 575 788 quam
597 743 707 777 habet
729 755 812 776 cum
835 743 896 777 ira.
1376 786 1379 789 Ι

291 796 350 830 AD
374 806 544 830 TERTIUM
572 797 777 839 dicendum,
801 797 897 842 quod
924 797 1125 831 secundum
1153 797 1289 832 Philos.
1317 798 1353 831 in
1382 808 1412 832 2.
1429 792 1588 833 'Rheton
1619 798 1705 845 (cap.
1731 798 1784 844 4.)

220 849 329 883 iratus
352 849 503 883 intendit
523 849 754 884 manifestam
778 849 973 892 offensam3
996 851 1093 896 quod
1115 862 1190 884 non
1213 859 1313 885 curat
1334 851 1478 894 odiens;
1501 859 1536 886 et
1557 852 1639 886 ideo
1663 859 1785 886 contu-

220 902 340 944 melia,
363 914 454 949 quae
476 903 647 949 importat
669 903 899 938 manifestam
921 904 1100 949 injuriam,
1123 904 1238 950 magis
1260 905 1414 951 pertinet
1432 904 1475 939 ad
1496 905 1600 947 iram,
1616 917 1725 951 quam
1740 905 1783 939 ad

220 956 356 991 odium.

686 1223 1040 1284 QUAESTIO
1083 1224 1309 1271 LXXIII.

361 1349 424 1379 DE
451 1348 800 1386 DETRACTIONE,
836 1348 887 1378 IN
914 1348 1142 1387 QUATUOR
1168 1347 1431 1379 ARTICULOS
1458 1347 1634 1380 DIVISA.

289 1488 421 1523 Postea
437 1488 741 1522 considerandum
765 1497 817 1522 est
838 1489 881 1522 de
904 1488 1138 1522 detractione.

684 1577 726 1611 Et
748 1578 838 1611 circa
860 1577 918 1611 hoc
940 1581 1145 1622 quaeruntur
1166 1581 1321 1622 quatuor.

290 1647 426 1681 Primo.
452 1646 550 1688 Quid
573 1647 617 1681 sit
639 1647 825 1681 detractio.

290 1701 471 1734 Secundo.
496 1701 628 1734 Utrum
652 1701 695 1734 sit
716 1708 905 1746 peccatum
929 1700 1095 1734 mortale.

291 1753 429 1788 Tertio.
449 1754 505 1788 De
529 1754 803 1800 comparatione
828 1755 902 1799 ejus
926 1754 969 1787 ad
994 1753 1062 1787 alia
1081 1762 1241 1799 peccata.

291 1807 444 1848 Quarto.
468 1807 600 1841 Utrum
622 1815 749 1853 peccet
769 1807 896 1853 aliquis
919 1807 1099 1841 audiendo
1123 1807 1396 1841 detractionem.

789 1937 1134 1982 ARTICULUS
1169 1938 1202 1980 1.
1714 1959 1779 1992 401

425 2047 578 2076 UTRUM
617 2046 873 2075 DETRACTIO
918 2046 1257 2075 CONVENIENTER
1301 2045 1584 2084 DEFINIATUR,

353 2112 479 2147 QUOD
523 2112 603 2140 EST
647 2111 920 2141 DENIGRATIO
965 2111 1152 2140 ALIENAE
1193 2111 1336 2139 FAMAE
1380 2112 1459 2140 PER
1502 2111 1654 2140 VERBA.

456 2199 558 2244 (Insr.
574 2210 672 2244 ¹174-
689 2204 750 2232 art.
771 2209 798 2232 1.
815 2204 844 2233 et
858 2210 887 2244 q.
904 2210 950 2244 75.
966 2203 1030 2233 art.
1050 2211 1077 2233 I.
1093 2204 1183 2245 corp.
1200 2203 1227 2232 et
1242 2199 1337 2233 Rom.
1353 2211 1379 2233 ι.
1397 2199 1465 2233 lact.
1483 2199 1542 2244 7.).

290 2287 350 2320 AD
377 2297 526 2321 PmMUM
550 2286 599 2319 sic
622 2286 839 2332 proceditur.
859 2286 1020 2327 Videtur,
1037 2286 1133 2331 quod
1150 2286 1324 2319 detractio
1347 2297 1421 2319 non
1443 2285 1488 2319 sit
1508 2285 1692 2331 denigratio
1711 2286 1787 2320 alie-

220 2352 278 2374 nae
292 2341 410 2386 samue
426 2346 488 2386 par
509 2340 634 2374 occulta
657 2342 772 2381 wrbcz,
796 2349 834 2373 ut
857 2351 875 2372 a
902 2340 1115 2385 quibusdam
1139 2339 1323 2373 definitur:
1353 2339 1513 2373 occultum
1536 2339 1644 2380 enim,
1668 2347 1701 2373 et
1718 2351 1786 2373 ma-

218 2395 253 2427 ni
271 2399 369 2428 ustum
393 2401 474 2427 sunt
497 2393 788 2427 circumstantiae
812 2404 885 2426 non
909 2392 1167 2426 constituentes
1188 2393 1345 2438 speciem
1361 2393 1520 2438 peccati:
1544 2392 1674 2425 accidit
1688 2392 1785 2425 enim

218 2455 381 2492 peccato,
404 2447 500 2492 quod
523 2457 541 2479 a
565 2446 687 2480 multis
710 2448 853 2487 sciatur,
879 2445 937 2479 vel
960 2457 978 2478 a
1001 2445 1142 2491 paucis:
1171 2445 1232 2479 sed
1260 2445 1347 2478 illud
1374 2444 1470 2490 quod
1497 2456 1571 2478 non
1599 2444 1786 2479 constituit

218 2501 377 2546 speciem
400 2500 551 2546 peccati,
573 2511 647 2532 non
670 2499 823 2544 pertinet
845 2499 888 2532 ad
911 2500 1090 2531 rationem
1112 2499 1234 2544 ipsius,
1256 2509 1322 2532 nec
1346 2498 1449 2531 debet
1468 2498 1553 2543 poni
1575 2498 1611 2531 in
1631 2499 1706 2543 ejus
1729 2497 1786 2531 de-

218 2553 402 2595 finitione3
426 2564 512 2598 ergo
536 2553 578 2586 ad
606 2553 783 2586 rationem
807 2552 1040 2585 detractionis
1067 2563 1140 2585 non
1164 2553 1328 2597 pertinet,
1351 2551 1447 2597 quod
1470 2551 1530 2584 fiat
1552 2562 1614 2596 per
1641 2550 1784 2585 occulta

218 2607 337 2640 verba.

290 2670 320 2693 2.
344 2660 580 2694 PRAETEREA.
603 2659 660 2692 Ad
688 2658 867 2692 rationem
896 2657 1013 2691 famae
1040 2658 1193 2703 pertinet
1219 2657 1361 2703 publica
1383 2657 1531 2699 notitia3
1558 2657 1588 2691 si
1610 2668 1695 2703 ergo
1723 2668 1784 2703 per

219 2713 481 2746 detractionem
500 2713 707 2757 denigretur
722 2711 817 2744 sama
834 2711 997 2755 alicujus,
1020 2722 1093 2743 non
1109 2711 1239 2756 poterit
1249 2711 1320 2744 hoc
1340 2709 1417 2744 fieri
1431 2721 1493 2756 per
1506 2711 1614 2744 verba
1630 2710 1783 2752 occulta,

218 2766 278 2800 sed
303 2777 365 2811 per
386 2766 494 2799 verba
517 2766 551 2798 in
575 2764 767 2798 manifesto
791 2764 896 2797 dicta.

292 2830 320 2864 3.
344 2819 580 2853 PRAETEREA.
607 2818 668 2851 [lle
692 2817 856 2858 detrahit,
880 2817 939 2862 qui
956 2816 1088 2862 aliquid
1105 2816 1291 2857 subtrahit,
1313 2815 1371 2850 vel
1386 2816 1552 2849 diminuit
1566 2815 1609 2849 de
1628 2827 1671 2850 eo
1687 2816 1783 2861 quod
1840 2820 1842 2825 '

218 2880 287 2905 est:
312 2872 372 2905 sed
401 2871 617 2917 quandoque
649 2871 855 2916 denigratur
882 2869 978 2903 sarna
1006 2870 1168 2915 alicujus,
1203 2869 1344 2903 etiamsi
1370 2868 1460 2902 nihil
1486 2869 1714 2903 subtrahatur
1740 2869 1783 2902 de
1838 2868 1844 2910 j
