1859 3122
183 213 294 256 1274
541 213 760 248 QUAESTIO
795 213 1000 243 CLXXXIX.
1034 214 1277 244 ARTICULUS
1310 215 1366 245 IV.

738 365 1082 409 ARTICULUS
1110 366 1188 409 IV.
1663 392 1704 426 91
1715 391 1728 415 1

439 466 591 496 UTRUM
617 467 714 496 ILLE
732 467 807 502 QUI
826 467 969 496 VoVET
990 467 1262 498 RELIGIONEM
1284 467 1478 508 1NGREDI,

363 525 595 556 TENEATUR
634 526 860 555 PERPETUO
904 526 948 556 IN
989 526 1224 557 RELIGIONE
1269 527 1540 556 PERMANERE.

245 611 304 646 AD
326 622 512 651 QUARTUM
534 613 582 646 sic
604 613 818 657 proceditur.
839 612 1001 654 Videtur,
1024 612 1122 658 quod
1143 612 1203 647 ille
1226 613 1286 659 qui
1312 621 1421 647 vovet
1441 612 1656 659 religionem
1678 614 1728 648 in-

173 665 284 711 gredi,
305 673 469 699 teneatur
485 673 658 711 perpetuo
673 665 708 699 in
718 665 893 710 religione
915 677 1148 711 permanere:
1171 666 1301 700 melius
1325 674 1377 700 est
1398 666 1495 700 enirn
1516 666 1731 712 religionem

172 729 247 752 non
268 718 417 764 ingredi,
440 730 549 764 quarn
570 726 651 763 post
670 719 872 764 ingressum
895 719 1000 760 exire,
1023 719 1221 753 secundum
1242 718 1330 753 illud
1352 729 1383 753 2.
1405 719 1501 753 Pet.:
1524 720 1643 754 Melius
1660 725 1733 755 erat

174 771 238 806 illis
262 773 433 806 veritatem
459 784 524 805 non
549 783 746 817 cognoscere,
772 783 870 817 quam
890 777 963 817 post
988 773 1136 817 agnitam
1163 773 1325 812 retroira;
1355 780 1388 806 et
1414 772 1500 806 Luc.
1528 784 1559 819 9.
1587 773 1733 807 dicitur:

174 825 278 860 Nemo
300 826 429 858 mittens
449 836 585 859 manum
606 824 648 858 ad
668 829 831 866 aratrum,
851 829 878 858 et
896 826 1064 870 respiciens
1081 829 1179 866 retro,
1199 829 1292 870 aptus
1313 830 1355 859 est
1367 837 1464 870 regno
1484 826 1572 860 Dei.-
1592 825 1653 859 sed
1668 824 1730 860 ille

173 877 234 924 qui
253 885 340 911 voto
362 889 399 911 se
421 877 593 923 obligavit
615 878 657 911 ad
679 877 862 923 religionis
884 877 1098 923 ingressum,
1119 886 1262 912 tenetur
1284 878 1433 923 ingredi,
1456 886 1493 912 ut
1513 878 1650 912 dictum
1676 886 1733 913 est

172 930 256 976 (art.
270 931 415 977 praec.);
439 941 525 976 ergo
548 932 656 964 etiam
677 938 817 964 tenetur
838 938 1010 976 perpetuo
1032 941 1234 964 remanere.

244 994 275 1017 2.
305 983 540 1018 PRAETEREA.
573 983 734 1024 Quilibet
756 983 860 1018 debet
880 984 991 1017 vitare
1023 983 1069 1025 id,
1101 994 1143 1017 ex
1174 994 1245 1029 quo
1270 982 1482 1017 scandalum
1503 985 1672 1030 sequitur,
1696 992 1732 1018 et

173 1036 250 1071 aliis
278 1037 380 1071 datur
409 1037 545 1071 malum
576 1037 801 1083 exemplum:
824 1036 884 1070 sed
907 1048 949 1070 ex
969 1037 1041 1070 hoc
1072 1036 1168 1082 quod
1207 1036 1335 1082 aliquis
1363 1044 1444 1082 post
1470 1036 1653 1082 religionis
1683 1037 1735 1070 in—

171 1101 335 1135 gressum
361 1090 551 1136 egreditur,
574 1097 608 1124 et·
629 1090 672 1124 ad
693 1089 879 1124 saeculum
909 1089 1009 1132 redit,
1039 1089 1177 1123 malurn
1216 1089 1435 1135 exemplum,
1458 1097 1492 1124 et
1517 1089 1728 1124 scandalum

173 1142 250 1177 aliis
272 1151 471 1189 generatur,
494 1143 554 1189 qui
574 1142 801 1177 retrahuntur
823 1143 864 1176 ab
887 1143 1061 1188 ingressu,
1085 1150 1119 1176 et
1140 1150 1388 1188 provocantur
1410 1142 1453 1176 ad
1473 1143 1625 1185 exitum3
1644 1154 1734 1189 ergo-

170 1197 320 1238 videtur,
343 1197 438 1243 quod
465 1197 524 1230 ille
547 1198 606 1242 qui
627 1196 824 1242 ingreditur
851 1196 1076 1242 religionem,
1106 1204 1143 1230 ut
1168 1204 1296 1230 votum
1324 1195 1484 1242 impleat,
1511 1196 1607 1242 quod
1633 1197 1733 1243 prius

170 1248 266 1292 fecit,
287 1258 450 1284 teneatur
471 1250 519 1283 ibi
540 1257 712 1295 perpetuo
736 1260 935 1283 remanere.

246 1314 274 1348 3.
289 1303 524 1337 PRAETEREA,
539 1303 676 1336 Votum
690 1302 874 1346 religionis
893 1310 1075 1347 reputatur
1091 1309 1219 1335 votum
1244 1309 1467 1348 perpetuum,
1495 1309 1528 1336 et
1546 1302 1628 1336 ideo
1645 1310 1734 1336 tem-

171 1355 352 1402 poralibus
379 1356 471 1389 votis
499 1354 706 1401 praefertur,
734 1363 771 1388 ut
797 1355 933 1388 dictum
961 1363 1014 1388 est
1040 1354 1122 1398 (art.
1143 1360 1260 1399 praec.
1285 1354 1326 1388 ad
1348 1367 1375 1401 3.
1398 1360 1426 1389 et
1451 1367 1480 1400 q.
1507 1356 1562 1390 88.
1589 1361 1651 1389 art.
1679 1367 1729 1392 12.

173 1408 214 1442 ad
235 1410 292 1453 1.):
314 1409 385 1442 hoc
409 1416 529 1442 autem
550 1419 624 1441 non
646 1416 750 1449 esset,
772 1408 801 1441 si
823 1407 961 1453 aliquis,
983 1415 1070 1441 voto
1099 1406 1284 1452 religionis
1313 1407 1458 1449 emisso,
1484 1407 1732 1453 ingrederetur

172 1473 255 1496 cum
266 1461 452 1507 proposito
468 1461 635 1502 exeundi;
651 1461 790 1494 videtur
808 1472 905 1506 ergo,
921 1460 1016 1506 quod
1038 1459 1101 1493 ille
1116 1459 1176 1506 qui
1190 1467 1300 1494 vovet
1313 1459 1498 1506 religionis
1513 1461 1729 1506 ingressum,

171 1522 333 1549 teneatur
352 1515 390 1548 in
411 1514 585 1560 religione
608 1514 716 1547 etiarn
734 1522 906 1560 perpetuo
930 1524 1127 1547 remanere.

244 1568 318 1602 SED
341 1578 495 1602 CONTRA
518 1575 580 1609 est,
600 1567 696 1613 quod
716 1575 843 1600 votum
865 1566 1110 1613 professionis,
1128 1574 1275 1612 propter
1296 1566 1367 1600 hoc
1392 1567 1488 1613 quod
1510 1566 1646 1612 obligat
1665 1567 1730 1601 ho-

171 1621 307 1654 minem
331 1620 373 1654 ad
395 1621 478 1662 hoc,
501 1620 596 1666 quod
618 1627 790 1666 perpetuo
813 1620 847 1653 in
870 1619 1043 1665 religione
1066 1628 1262 1661 remaneat,
1281 1619 1477 1665 praeexigit
1495 1631 1630 1653 annum
1651 1631 1730 1666 pro-

170 1674 344 1716 bationis3
367 1674 425 1720 qui
447 1685 520 1708 non
542 1673 781 1720 praeexigitur
803 1673 845 1707 ad
866 1681 992 1707 votum
1021 1671 1184 1718 simpleX‚
1212 1684 1283 1718 quo
1315 1672 1444 1718 aliquis
1466 1684 1504 1706 se
1527 1672 1662 1719 obligat
1684 1673 1728 1707 ad

170 1727 354 1773 religionis
376 1727 596 1772 ingressum3
620 1737 706 1772 ergo
729 1726 878 1767 videtur,
901 1725 996 1772 quod
1024 1725 1083 1760 ille
1115 1725 1174 1771 qui
1201 1733 1311 1760 vovet
1343 1725 1562 1770 religionem
1588 1726 1733 1768 intrare,

171 1788 316 1827 propter
336 1780 407 1814 hoc
430 1791 503 1814 non
525 1787 688 1813 teneatur
709 1787 881 1825 perpetuo
904 1779 953 1812 ibi
974 1789 1171 1812 remanere.

241 1833 469 1868 Rizspormsso
496 1833 700 1874 dicendum,
727 1832 823 1878 quod
851 1831 1024 1877 obligatio
1050 1831 1127 1865 voti
1154 1843 1196 1866 ex
1223 1830 1414 1865 voluntate
1440 1831 1621 1876 procedit:
1642 1842 1728 1865 nam

170 1897 290 1920 vovere
309 1886 490 1920 voluntatis
509 1891 564 1927 est,
588 1894 626 1920 ut
646 1885 869 1931 Augustinus
885 1885 969 1919 dicit
989 1884 1129 1931 (implic.
1151 1891 1223 1930 sup.
1247 1885 1334 1918 Psal.
1359 1895 1404 1930 75.
1427 1889 1455 1918 et
1474 1886 1564 1931 epist.
1579 1895 1627 1930 45.
1642 1884 1684 1918 ad
1697 1896 1730 1919 2.

170 1944 199 1974 et
220 1941 319 1973 etiam
337 1946 423 1985 rap:
444 1940 546 1980 Licet,
570 1939 605 1973 da
633 1938 724 1980 Voto,
747 1943 774 1972 et
790 1940 861 1972 voti
882 1938 1078 1984 Redmzpt.)‚·
1101 1937 1283 1971 intantum
1306 1948 1394 1983 ergo
1421 1936 1529 1971 fertur
1556 1937 1731 1982 obligatio

169 1993 256 2034 voti,
287 1994 499 2038 inquantum
527 2003 563 2026 se
591 1991 747 2026 extendit
771 1991 949 2033 voluntas,
973 1999 1007 2025 et
1032 1991 1184 2025 intentio
1212 1990 1393 2032 voventis;
1421 1991 1451 2024 si
1476 2001 1563 2035 ergo
1589 2001 1728 2025 vovens

169 2045 321 2080 intendit
341 2057 378 2080 se
400 2045 558 2091 obligare
579 2056 654 2078 non
668 2044 788 2078 solum
804 2044 847 2078 ad
865 2045 1065 2089 ingressum
1079 2043 1279 2089 religionis,
1295 2043 1356 2077 sed
1374 2043 1481 2077 etiam
1497 2043 1539 2076 ad
1555 2051 1730 2089 perpetuo

169 2098 443 2140 remanendum,
469 2106 608 2132 tenetur
634 2106 805 2144 perpetuo
832 2108 1037 2131 remanere:
1061 2097 1090 2131 si
1112 2105 1231 2131 autern
1257 2096 1410 2130 intendit
1435 2107 1472 2130 se
1500 2095 1660 2142 obligare
1683 2095 1727 2130 ad

168 2151 371 2198 ingressum
392 2151 576 2197 religionis
597 2163 703 2186 causa
726 2151 940 2196 experiendi,
964 2162 1047 2185 cum
1068 2150 1238 2184 libertate
1260 2149 1481 2191 remanendi,
1503 2148 1561 2183 vel
1580 2161 1654 2183 non
1677 2160 1727 2183 re-

170 2205 352 2246 manendi,
375 2204 604 2239 manifestum
634 2212 687 2238 est
713 2203 809 2250 quod
841 2214 1027 2238 remanere
1049 2214 1122 2237 non
1149 2210 1316 2237 tenetur:
1344 2203 1373 2236 si
1394 2213 1480 2236 vero
1502 2202 1538 2235 in
1559 2202 1728 2236 vovendo

168 2258 381 2304 simpliciter
401 2258 443 2292 de
465 2258 626 2303 ingressu
649 2257 832 2303 religionis
855 2257 1038 2302 cogitavit,
1062 2257 1195 2302 absque
1217 2255 1289 2290 hoc
1314 2256 1411 2301 quod
1434 2255 1608 2301 cogitaret
1626 2255 1668 2289 de
1690 2254 1729 2289 li-

171 2312 305 2346 bertate
325 2311 448 2353 exitus,
474 2311 532 2345 vel
554 2311 596 2345 de
618 2311 852 2357 perpetuitate
874 2310 1095 2351 remanendi,
1116 2309 1258 2344 videtur
1286 2308 1439 2354 obligari
1462 2308 1503 2342 ad
1526 2308 1727 2354 ingressum

168 2364 353 2411 religionis
382 2365 581 2398 secundum
610 2363 766 2398 formam
787 2363 873 2409 juris
903 2363 1133 2405 communis;
1165 2373 1257 2408 quae
1287 2369 1349 2403 est,
1377 2369 1415 2395 ut
1445 2361 1724 2407 ingredientibus

170 2417 270 2452 detur
292 2429 404 2451 annus
427 2417 665 2463 probationis3
688 2417 782 2450 unde
795 2428 869 2450 non
890 2423 1030 2449 tenetur
1051 2423 1226 2461 perpetuo
1249 2416 1285 2449 in
1309 2414 1483 2460 religione
1504 2424 1727 2460 permanere.

241 2472 300 2505 AD
330 2481 477 2505 PRIMUM
505 2482 592 2516 ergo
621 2470 825 2512 dicendum,
853 2468 949 2515 quod
979 2468 1107 2502 melius
1130 2476 1183 2503 est
1205 2468 1335 2502 intrare
1368 2467 1582 2512 religionem
1605 2467 1727 2501 animo

167 2524 354 2571 probandi,
382 2535 491 2570 quarn
512 2524 651 2570 penitus
677 2535 750 2558 non
778 2524 926 2557 intrare:
951 2522 1033 2568 quia
1062 2533 1123 2568 per
1150 2522 1221 2555 hoc
1253 2521 1454 2566 disponitur
1483 2519 1527 2553 ad
1553 2527 1728 2565 perpetuo

168 2577 445 2612 remanendum:
461 2589 526 2611 nec
541 2585 663 2611 tamen
677 2576 890 2622 intelligitur
905 2574 1031 2621 aliquis
1047 2575 1208 2617 retroire,
1224 2573 1281 2608 vel
1296 2573 1486 2619 respicere,
1500 2572 1568 2606 nisi
1583 2572 1726 2618 quando

167 2631 415 2677 praetermittit
430 2631 474 2672 id,
491 2631 532 2664 ad
550 2631 645 2676 quod
661 2641 697 2664 se
713 2630 903 2675 obligavit:
927 2628 1086 2674 alioquin
1110 2628 1329 2674 quicumque
1345 2638 1407 2672 per
1427 2626 1571 2672 aliquod
1585 2633 1727 2670 tempus

167 2683 253 2717 facit
274 2683 418 2730 aliquod
439 2684 576 2717 bonum
599 2694 700 2729 opus,
719 2683 748 2716 si
768 2694 842 2716 non
864 2693 1010 2727 semper
1032 2681 1066 2714 id
1088 2680 1206 2723 faciat,
1231 2688 1323 2714 esset
1344 2680 1485 2725 ineptus
1511 2689 1623 2723 regno
1645 2677 1727 2719 Dei,

170 2736 265 2782 quod
288 2745 385 2782 patet
404 2748 480 2770 esse
499 2736 640 2770 falsum.

242 2789 301 2823 AD
329 2800 533 2823 SECUNDUM
557 2789 761 2830 dicendum,
793 2788 887 2834 quod
920 2787 979 2821 ille
1010 2787 1070 2833 qui
1096 2786 1311 2831 religionem
1333 2785 1539 2831 ingreditur,
1562 2784 1592 2818 si
1613 2791 1727 2827 exeat,

170 2842 378 2887 praesertim
398 2854 438 2875 ex
455 2842 572 2888 aliqua
588 2841 789 2875 rationabili
805 2852 925 2882 causa,
941 2851 1014 2874 non
1030 2847 1177 2885 generat
1191 2837 1412 2880 scandalum,
1431 2849 1496 2872 nec
1516 2838 1573 2871 dat
1588 2837 1725 2870 malum

170 2894 388 2939 exemplum,
411 2903 444 2928 et
465 2895 493 2929 si
515 2894 604 2929 alius
626 2894 901 2936 scandalizatur,
929 2894 993 2928 crit
1015 2892 1225 2927 scandalum
1248 2892 1430 2938 passivum
1453 2902 1494 2925 ex
1517 2891 1591 2936 ejus
1612 2897 1724 2935 parte,
