1859 3122
443 182 664 218 QUAESTIO
699 182 856 212 CLXXX.
891 182 1133 212 ARTICULUS
1167 183 1207 211 V.
1505 171 1612 224 1167

126 264 186 298 AD
205 273 411 297 SECUNDUM
441 263 644 306 dicendum,
673 264 769 310 quod
792 263 1050 310 contemplatio
1077 264 1237 298 humana
1259 263 1457 298 secundum
1481 271 1613 297 statum

56 317 250 363 praesentis
271 317 364 350 vitae
379 328 451 350 non
475 325 592 363 potest
613 329 690 351 esse
706 318 838 364 absque
858 318 1184 363 phantasmatibus:
1209 318 1291 363 quia
1311 317 1544 351 connaturale
1561 325 1614 351 est

56 370 208 412 homini,
230 378 267 404 ut
288 371 425 416 species
447 370 690 416 intelligibiles
713 372 748 405 in
770 372 1080 418 phantasmatibus
1101 371 1232 413 videat,
1255 372 1345 405 sicut
1368 370 1614 416 Philosophus

56 423 142 457 dicit
162 423 197 457 in
219 435 248 469 3.
268 424 309 457 de
332 424 453 457 Anim.
477 425 557 468 (tex.
568 426 636 470 30.)
648 438 657 459 .·
680 425 741 459 sed
759 433 881 459 tamen
904 424 1155 459 intellectualis
1179 425 1339 470 cognitio
1358 435 1431 458 non
1451 423 1615 458 consistit

54 477 91 511 in
111 477 197 523 ipsis
219 477 539 524 phantasmatibus,
561 478 621 512 sed
643 479 679 512 in
701 479 751 513 eis
773 478 1038 524 contemplatur
1060 479 1250 525 puritatem
1272 477 1505 523 intelligibilis
1528 478 1616 511 veri-

54 531 153 566 tatis:
176 540 210 565 et
231 531 301 566 hoc
328 542 400 565 non
428 531 547 565 solum
573 532 608 565 in
642 533 849 578 cognitione
876 532 1041 575 naturali,
1063 532 1124 566 sed
1152 532 1261 566 etiarn
1295 533 1329 566 in
1357 532 1407 566 eis
1434 542 1525 577 quae
1552 541 1615 577 per

54 584 314 619 revelationem
337 586 611 631 cognoscimus:
635 586 720 620 dicit
749 587 845 620 enim
866 586 976 620 Dion.
1004 596 1034 619 2.
1063 597 1140 632 cap.
1164 585 1268 620 Coel.
1291 585 1388 619 Hier.
1419 584 1563 631 (implic.
1586 589 1616 619 et

53 644 126 686 cap.
153 651 180 674 Ι.
200 650 220 672 α
241 638 338 682 med.)
360 639 456 685 quod
477 639 723 684 «angelorum
745 639 964 673 hierarchias
979 638 1185 674 manifestat
1199 639 1303 673 nobis
1319 638 1438 672 divina
1458 638 1614 672 charitas

52 691 90 726 in
117 692 330 738 quibusdam
357 692 531 738 symbolis
561 692 731 738 figuratis,
760 705 801 727 ex
829 695 928 738 cujus
962 693 1091 727 virtute
1125 693 1345 727 restituimur
1375 692 1411 726 in
1441 690 1613 737 simplum

53 745 240 788 radium»,
261 746 354 780 idest
374 746 410 779 in
424 745 627 792 simplicem
643 747 892 792 cognitionem
913 746 1147 792 intelligibilis
1164 746 1341 788 veritatis3
1365 755 1399 780 et
1420 746 1469 779 sic
1488 744 1614 778 intelli-

53 799 213 844 gendum
235 807 299 840 est,
322 799 418 844 quod
442 799 639 845 Gregorius
662 800 757 842 dicit,
773 801 868 846 quod
891 813 908 831 ‹<
925 800 1210 860 contemplantes
1232 799 1476 846 corporalium
1491 809 1612 832 rerum

52 853 198 886 umbras
218 863 292 886 non
314 863 436 886 secum
458 853 605 886 trahunt
619 866 656 896 >›;
679 855 761 900 quia
783 853 979 888 videlicet'
972 866 1006 887 in
1029 854 1078 887 eis
1100 865 1173 888 non
1193 853 1283 888 sistit
1305 864 1431 888 eorum
1454 860 1613 886 contem-

52 905 175 952 platio,
197 905 258 940 sed
277 907 395 952 potius
416 906 452 940 in
475 907 762 941 consideratione
784 907 1016 952 intelligibilis
1038 907 1207 941 veritatis.

122 960 183 993 AD
199 970 270 994 TER
274 970 370 994 r1UM
392 959 597 1002 dicendum,
613 961 708 1006 quod
724 972 765 994 ex
783 961 900 994 verbis
914 960 983 994 illis
1007 960 1115 1006 Greg.
1132 972 1205 994 non
1221 946 1323 994 datur
1337 958 1499 1004 intelligi,
1515 958 1612 1005 quod

51 1012 175 1047 beatus
198 1013 414 1047 Benedictus
435 1013 585 1047 Deum
578 1025 614 1046 m
632 1013 692 1047 illa
713 1014 852 1047 visione
867 1025 928 1059 per
944 1014 1138 1047 essentiam
1158 1014 1305 1055 viderit3
1327 1013 1388 1047 sed
1403 1012 1480 1046 vult
1497 1021 1613 1046 osten-

51 1066 147 1109 dere,
161 1067 258 1113 quod
277 1067 359 1113 quia
377 1067 539 1101 «videnti
555 1067 769 1101 Creatorem
786 1076 938 1111 angusta
957 1075 1009 1101 est
1024 1068 1142 1101 omnis
1162 1076 1323 1101 creatura
1338 1080 1370 1108 »‚
1387 1077 1612 1112 consequens

51 1128 104 1154 est
116 1121 212 1166 quod
227 1132 290 1166 per
302 1120 580 1155 illustrationem
595 1120 706 1154 divini
721 1120 867 1154 luminis
883 1121 926 1154 de
940 1119 1038 1154 facili
1054 1121 1192 1166 possint
1210 1131 1459 1166 quaecumque
1477 1120 1611 1162 videri;

49 1174 144 1208 unde
165 1174 298 1208 subdit:
324 1187 342 1206 «
357 1173 554 1220 quamlibet
575 1174 710 1208 etenim
731 1185 860 1220 parum
879 1173 922 1208 de
941 1174 1022 1209 luce
1045 1174 1230 1209 Creatoris
1248 1174 1436 1220 aspexerit,
1454 1173 1560 1208 breve
1579 1173 1612 1208 ei

50 1226 89 1262 fit
109 1238 230 1270 omne,
252 1227 349 1274 quod
371 1235 532 1262 creatum
555 1235 653 1262 est».

584 1356 928 1402 ARTICULUS
962 1357 1040 1400 VI.
1540 1367 1581 1413 85
1591 1378 1604 1412 3

49 1465 202 1497 UTRUM
232 1465 452 1495 OPERATIO
475 1465 893 1496 CONTEMPLATIONIS
917 1465 1254 1495 CONVENIENTER
1278 1464 1608 1494 DISTINGUATUR

183 1531 262 1560 PER
278 1531 384 1560 TRES
402 1530 571 1560 MOTUs:
595 1530 886 1570 CIRCULAREtt,
915 1530 1109 1570 RECTUM,
1135 1530 1191 1559 ET
1220 1530 1464 1566 OBLIQUUM.

573 1617 691 1664 (Supr.
714 1629 743 1664 q.
763 1629 836 1664 179.
857 1623 922 1653 art.
944 1630 971 1653 1.
991 1617 1032 1652 ad
1046 1629 1074 1664 3.

47 1675 76 1706 et
99 1670 186 1706 Veri.
204 1682 234 1717 q.
261 1671 293 1706 8.
311 1675 377 1707 art.
390 1682 435 1717 15.
455 1670 496 1706 ad
508 1683 537 1718 3.
556 1676 585 1706 et
605 1683 634 1717 q.
652 1683 704 1707 10.
723 1677 788 1706 art.
815 1672 847 1707 8.
866 1671 908 1706 ad
928 1683 979 1707 10.
999 1677 1028 1707 et
1045 1677 1154 1717 opusc.
1176 1682 1231 1706 20.
1251 1671 1307 1705 lib.
1322 1683 1349 1717 3.
1365 1676 1438 1718 cap.
1456 1681 1487 1706 2.
1506 1675 1534 1705 et
1548 1670 1607 1717 3.).

118 1759 179 1794 AD
194 1769 347 1794 SEXTUM
368 1759 418 1794 sic
433 1760 649 1806 proceditur.
659 1759 821 1802 Videtur,
837 1761 932 1807 quod
953 1760 1251 1794 inconvenienter
1273 1760 1433 1807 operatio
1449 1767 1609 1794 contem-

46 1812 214 1859 plationis
236 1813 474 1859 distinguatur
495 1824 556 1860 per
578 1818 641 1848 tres
662 1822 800 1848 motus:
823 1814 1032 1856 circularem,
1056 1819 1191 1856 rectum,
1214 1822 1247 1848 et
1269 1814 1450 1859 obliquum,
1472 1823 1505 1856 4.
1529 1824 1606 1858 cap.

47 1866 91 1901 de
111 1867 195 1902 Div.
217 1866 328 1901 Nom.
352 1867 455 1914 (part.
477 1880 504 1902 ι.
531 1868 601 1903 lect.
624 1869 693 1914 7.).·
717 1868 977 1914 contemplatio
1000 1868 1095 1902 enim
1119 1876 1259 1902 tanturn
1282 1868 1325 1901 ad
1347 1868 1506 1913 quietem
1532 1879 1608 1914 per-

43 1921 143 1962 tinet,
164 1921 366 1954 secundum
387 1920 475 1954 illud
498 1921 581 1966 Sap.
604 1921 655 1955 8.:
677 1921 811 1956 Intrczns
836 1923 871 1955 in
897 1921 1029 1956 domum
1051 1934 1157 1956 meam
1179 1923 1406 1967 conquiescam
1428 1933 1502 1955 cum
1523 1921 1604 1955 illa:

44 1974 107 2008 sed
129 1981 249 2008 motus
271 1974 382 2019 quieti
404 1974 616 2020 opponitur3
636 1985 712 2008 non
739 1986 825 2020 ergo
849 1975 1077 2021 operationes
1099 1974 1404 2021 contemplativae
1425 1974 1520 2009 vitae
1542 1986 1606 2021 per

46 2035 167 2061 motus
190 2027 369 2073 designari
392 2027 532 2062 debent.

115 2091 146 2114 2.
161 2080 397 2115 PRAETEREA.
420 2080 527 2114 Actio
548 2081 852 2127 contemplativae
872 2081 966 2116 vitae
992 2082 1035 2115 ad
1058 2081 1282 2116 intellectum
1303 2082 1466 2127 pertinet,
1482 2093 1606 2116 secun-

45 2133 131 2167 dum
146 2144 254 2179 quern
268 2133 383 2167 homo
400 2145 483 2167 cum
507 2133 644 2180 angelis
665 2135 852 2169 convenit:
869 2135 931 2169 sed
946 2135 981 2168 in
997 2135 1133 2181 angelis
1153 2135 1255 2169 aliter
1271 2135 1429 2181 assignat
1450 2136 1603 2182 DionyS.

44 2187 112 2221 hos
131 2194 262 2229 motuS,
279 2199 387 2233 quam
398 2187 434 2221 in
446 2187 586 2222 anima:
602 2188 688 2222 dicit
698 2188 794 2221 enim
808 2189 884 2232 (loc.
898 2190 978 2233 cit),
993 2198 1135 2223 motum
1158 2189 1370 2223 circularem
1389 2189 1508 2235 angeli
1527 2200 1603 2223 esse

46 2252 64 2271 «
79 2241 278 2274 secundum
291 2240 575 2275 illuminationes
590 2241 784 2287 pulchri,et
795 2242 880 2276 boni
894 2254 926 2275 »:
942 2250 1083 2276 motum
1096 2251 1216 2276 autem
1232 2242 1445 2277 circularem
1461 2243 1603 2277 animae

43 2294 244 2328 secundum
258 2293 362 2340 plura
380 2294 614 2336 determinat3
637 2306 792 2340 quorum
814 2295 970 2341 primum
986 2304 1038 2329 est
1062 2296 1259 2329 «introitus
1283 2296 1424 2330 animae
1447 2296 1488 2330 ab
1512 2304 1604 2330 exte-

43 2347 196 2381 rioribus
227 2347 270 2380 ad
292 2348 449 2392 seipsam
459 2359 499 2381 »ε
522 2348 722 2381 secundum
744 2356 796 2382 est
819 2362 836 2380 «
852 2349 1030 2394 quaedam
1053 2348 1262 2393 convolutio
1289 2349 1460 2382 virtutum
1482 2349 1602 2395 ipsius,

43 2411 107 2446 per
128 2411 237 2446 quam
264 2400 385 2434 anima
410 2400 580 2434 liberatur
603 2401 644 2434 ab
673 2413 804 2443 errore,
827 2410 861 2435 et
883 2403 924 2435 ab
948 2402 1115 2436 exteriori
1141 2402 1380 2448 occupatione
1395 2415 1434 2437 »z
1456 2403 1602 2437 tertium

44 2461 165 2487 autem
187 2462 240 2487 est
264 2454 381 2487 «unio
405 2454 448 2487 ad
471 2465 523 2495 ea,
546 2465 637 2499 quae
659 2465 765 2500 supra
786 2466 823 2488 se
845 2463 927 2489 sunt
940 2468 977 2489 »z
1001 2455 1164 2489 similiter
1191 2456 1299 2489 etiarn
1321 2454 1526 2490 differenter
1547 2456 1604 2490 de-

42 2506 165 2540 scribit
178 2514 320 2540 motum
336 2515 473 2541 rectum
496 2507 698 2553 utriusque:
721 2519 807 2541 nam
824 2517 963 2542 rectum
990 2516 1132 2542 motum
1155 2508 1274 2554 angeli
1295 2508 1380 2542 dicit
1401 2520 1490 2550 esse,
1520 2523 1537 2541 ι(
1552 2521 1603 2543 se-

43 2560 202 2594 cundum
224 2560 320 2606 quod
340 2561 502 2605 procedit
516 2561 560 2594 ad
575 2561 818 2606 subjectorum
836 2562 1149 2607 providentiam»:
1169 2570 1311 2596 motum
1326 2570 1447 2596 autem
1462 2571 1601 2597 rectum

43 2614 186 2648 animae
203 2614 304 2660 ponit
317 2614 352 2647 in
367 2613 510 2648 duobus:
530 2614 646 2659 primo
669 2615 815 2660 quidem
836 2616 872 2648 in
894 2616 977 2657 hoc,
1003 2628 1020 2646 «
1036 2616 1132 2661 quod
1147 2616 1374 2661 progreditur
1390 2616 1433 2649 ad
1449 2627 1490 2650 ea
1509 2628 1600 2662 quae

43 2675 125 2701 sunt
139 2667 234 2701 circa
247 2667 364 2713 ipsam
378 2681 396 2700 ))
411 2679 417 2700 ;
441 2668 600 2702 secundo
616 2676 737 2702 autem
751 2669 787 2702 in
801 2669 885 2712 hoc,
911 2682 928 2701 ε(
943 2669 1038 2715 quod
1054 2670 1095 2703 ab
1112 2670 1346 2703 exterioribus
1361 2670 1404 2703 ad
1419 2670 1600 2716 simplices

43 2720 370 2766 contemplationes
398 2720 559 2756 elevatur
579 2733 619 2755 »z
650 2722 710 2756 sed
746 2723 855 2756 etiarn
889 2731 1030 2756 motum
1065 2722 1253 2768 obliquum
1287 2722 1528 2757 diversimode
1562 2725 1599 2758 in

42 2773 201 2819 utrisque
223 2774 454 2808 determinat:
476 2787 560 2809 narn
583 2776 751 2821 obliquum
772 2783 912 2810 motum
936 2778 971 2810 in
987 2776 1124 2822 angelis
1140 2776 1299 2822 assignat
1316 2787 1358 2810 ex
1373 2776 1443 2810 hoc
1469 2789 1486 2808 α
1503 2777 1599 2822 quod

41 2827 266 2873 providendo
297 2828 415 2862 minus
444 2828 657 2863 habentibus
687 2837 835 2863 manent
854 2829 891 2863 in
912 2829 1097 2863 identitate
1119 2829 1215 2863 circa
1234 2829 1356 2863 Deum
1370 2842 1408 2864 »:
1431 2830 1600 2875 obliquum

44 2887 165 2914 autem
190 2888 332 2915 motum
355 2882 496 2915 animae
517 2881 676 2927 assignat
696 2893 738 2916 ex
758 2893 814 2924 eo,
839 2895 857 2914 «
878 2882 975 2929 quod
997 2882 1117 2916 anima
1143 2881 1367 2917 illuminatur
1392 2882 1520 2918 divinis
1542 2894 1600 2918 co-

0 2102 2 2139 l
