1859 3122
1666 5 1703 96 *μί’

147 179 256 222 1270
519 180 740 214 QUAESTIO
775 181 978 212 CLXXXIX.
1011 183 1255 214 ARTICULUS
1287 185 1315 214 1.

212 262 271 295 AD
287 271 492 295 SECUNDUM
514 261 720 304 dicendum,
743 263 838 308 quod
860 274 1055 306 summum,
1075 272 1109 298 et
1122 264 1288 299 infimum
1303 266 1477 312 tripliciter
1491 268 1606 314 accipi
1618 280 1698 314 pos-

141 322 241 349 sunt:
261 326 324 347 mzo
344 313 438 348 modo
459 314 495 347 in
517 316 648 348 eodem
669 323 773 357 statu,
796 324 829 350 et
846 316 883 350 in
905 317 1036 351 eodem
1057 318 1224 359 homine;
1246 325 1280 352 et
1301 320 1350 352 sic
1373 318 1603 355 manifestum
1629 329 1693 364 est,

139 367 234 412 quod
256 378 365 400 nemo
387 375 533 412 repente
554 367 593 402 fit
614 379 796 403 summus:
819 369 902 415 quia
923 370 1167 416 unusquisque
1186 378 1283 405 recte
1296 371 1420 406 vivens
1433 379 1510 406 toto
1531 380 1694 419 tempore

138 421 232 454 vitae
254 431 340 453 suae
362 419 514 465 proficit,
537 428 574 454 ut
593 421 636 454 ad
658 432 844 455 summum
864 423 1067 468 perveniat:
1090 424 1156 457 alio
1177 423 1273 457 modo
1294 435 1357 470 per
1387 426 1697 471 comparationem

139 474 183 507 ad
206 474 366 507 diversos
381 481 509 508 status:
526 482 560 508 et
574 475 623 508 sic
639 486 713 508 non
730 484 881 521 oportet,
896 484 934 510 ut
948 476 1166 523 quicumque
1179 476 1256 511 vult
1269 477 1312 511 ad
1327 478 1550 523 superiorem
1564 486 1696 512 statum

138 527 338 572 pervenire,
361 538 380 560 a
402 527 533 560 minori
553 527 718 573 incipiat:
741 528 833 562 sicut
853 540 927 562 non
949 537 1101 574 oportet,
1123 538 1160 564 ut
1183 531 1400 576 quicumque
1425 530 1501 564 vult
1527 542 1604 565 esse
1626 531 1697 566 cle-

138 581 244 620 ricus,
267 581 363 625 prius
385 581 420 614 in
442 579 561 614 laicali
582 581 655 615 vita
675 589 900 616 exerceatur:
929 584 1023 617 tertio
1047 583 1143 617 modo
1169 591 1344 629 quantum
1371 584 1414 617 ad
1441 584 1598 618 diversas
1622 595 1698 630 per-

138 643 264 675 sonas;
288 641 322 666 et
343 634 392 666 sic
415 633 647 668 manifestum
670 642 732 676 est,
755 635 851 680 quod
873 646 963 669 unus
986 636 1107 670 statim
1127 636 1253 682 incipit
1269 647 1346 678 *non
1368 637 1488 671 solum
1509 637 1551 671 ab
1579 637 1698 672 altiori

137 694 241 726 statu,
265 686 325 719 sed
345 687 453 720 etiam
476 687 516 720 ab
538 686 655 721 altiori
677 688 789 733 gradu
811 688 1020 730 sanctitatis,
1037 700 1145 735 quarn
1160 690 1205 723 sit
1221 701 1417 732 summum,
1437 690 1481 723 ad
1496 691 1592 736 quod
1608 690 1696 725 alius

137 739 300 784 pervenit
321 751 384 785 per
404 747 520 773 totam
541 741 654 774 vitam
675 752 796 783 suam3
820 742 913 774 unde
933 741 1087 787 Gregor.
1109 742 1195 777 dicit
1214 743 1251 776 in
1278 753 1309 777 2.
1336 742 1482 789 Dialog.
1510 744 1600 790 (cap.
1627 744 1695 789 1.).-

142 804 160 823 «
181 792 323 826 Omnes
346 801 554 837 agnoscant,
574 805 593 827 a
615 802 748 839 quanta
770 794 984 828 Benedictus
1006 806 1095 840 puer
1116 796 1400 830 conversationis
1421 797 1547 842 gratia,
1567 804 1602 830 et
1618 807 1696 842 per—

139 843 295 879 fectione
319 846 496 891 coepisset
517 859 548 879 ».

208 899 268 931 AD
292 909 462 933 TERTIUM
478 900 682 942 dicendum,
705 900 801 945 quod
823 900 915 934 sicut
929 912 1034 946 supra
1049 901 1185 935 dictum
1196 909 1249 935 est
1263 902 1403 948 (implic.
1418 915 1447 948 q.
1462 903 1536 946 184.
1551 907 1615 937 art.
1631 902 1695 947 6.)‚

140 951 284 985 ordines
306 953 396 986 sacri
423 953 657 998 praeexigunt
683 953 929 987 sanctitatem:
956 954 1017 988 sed
1047 961 1158 988 status
1187 954 1373 1000 religionis
1403 963 1457 990 est
1487 957 1694 990 exercitium

137 1005 321 1050 quoddam
340 1005 383 1038 ad
405 1007 633 1040 sanctitatem
656 1007 933 1052 assequendam3
961 1007 1056 1041 unde
1076 1008 1217 1052 pondus
1239 1007 1408 1042 ordinum
1429 1008 1693 1054 imponendum

137 1066 191 1091 est
208 1058 400 1104 parietibus
421 1060 495 1104 jam
521 1071 583 1104 per
604 1060 830 1094 sanctitatem
859 1060 1062 1095 desiccatis:
1084 1061 1145 1094 sed
1168 1062 1308 1107 pondus
1330 1061 1514 1107 religionis
1536 1062 1694 1096 desiccat

135 1112 301 1156 parietes,
323 1112 414 1146 idest
434 1112 614 1154 homines,
637 1113 678 1146 ab
701 1113 855 1147 humore
869 1114 1051 1147 vitiorum.

206 1165 265 1198 AD
287 1175 474 1203 QUARTUM
496 1165 701 1207 dicendum,
724 1166 832 1211 quod,
858 1166 950 1200 sicut
970 1165 1160 1200 manifeste
1194 1177 1235 1200 ex
1256 1167 1373 1201 verbis
1404 1167 1498 1201 illius
1534 1167 1688 1202 Glossae

135 1226 293 1263 apparet,
313 1218 556 1263 principaliter
582 1219 739 1264 loquitur
761 1219 803 1253 de
831 1219 956 1253 ordine
978 1219 1173 1261 doctrinae,
1184 1228 1290 1265 prout
1316 1221 1574 1254 transeundum
1597 1228 1650 1255 est
1671 1232 1691 1254 a

133 1269 354 1304 facilioribus
373 1272 416 1304 ad
439 1271 655 1314 difficiliora3
672 1272 765 1305 unde
780 1272 876 1317 quod
891 1272 987 1313 dicit,
1009 1285 1026 1303 «
1041 1273 1217 1318 quosdam
1232 1273 1445 1314 haereticos,
1468 1281 1502 1307 et
1520 1274 1691 1308 schisma-

134 1323 226 1356 ticos
248 1323 342 1357 hunc
367 1324 530 1358 ordinem
553 1333 755 1370 pervertere
774 1338 807 1365 »,
831 1324 1062 1358 manifestum
1085 1333 1137 1359 est
1158 1337 1200 1359 ex
1222 1326 1451 1371 sequentibus
1467 1326 1510 1359 ad
1527 1326 1692 1360 ordinem

135 1375 319 1409 doctrinae
338 1376 530 1422 pertinere:
553 1377 712 1422 sequitur
739 1377 836 1410 enim
849 1391 855 1411 :
869 1377 966 1410 «Hic
977 1389 1063 1411 vero
1079 1388 1115 1411 se
1127 1389 1286 1412 servasse
1302 1378 1456 1422 (scilicet
1469 1379 1695 1423 praedictum

136 1430 330 1474 ordinem),
349 1429 445 1470 dicit,
464 1430 715 1475 constringens
735 1441 771 1464 se
793 1430 999 1464 maledicto.
1016 1430 1075 1464 Sic
1094 1441 1167 1464 non
1185 1431 1296 1464 modo
1311 1431 1347 1463 in
1370 1430 1446 1464 aliis
1464 1430 1515 1464 fui
1535 1431 1699 1473 humilis,-

133 1482 195 1516 sed
212 1483 319 1515 etiam
335 1483 369 1516 in
383 1483 550 1524 scientia3
573 1483 656 1529 quia
674 1483 859 1517 humiliter
886 1483 1103 1525 sentiebam3
1131 1483 1214 1529 quia
1235 1483 1331 1529 prius
1350 1483 1502 1517 nutritus
1520 1483 1572 1517 fui
1588 1483 1693 1526 lacte,

135 1536 230 1581 quod
254 1544 306 1569 est
334 1536 474 1570 Ῑένῐηιιη
493 1548 570 1570 caro
597 1537 741 1582 factum,
773 1544 811 1570 ut
832 1536 881 1570 sic
904 1547 1106 1570 crescerem
1134 1536 1177 1570 ad
1198 1548 1330 1582 panem
1357 1536 1583 1582 angelorum,
1604 1536 1697 1571 idest

140 1589 182 1622 ad
212 1589 364 1630 Verbum,
388 1590 484 1635 quod
508 1598 560 1623 est
592 1591 625 1623 in
647 1591 816 1636 principio
839 1590 926 1636 apud
947 1590 1058 1623 Deum
1081 1601 1122 1624 »:
1146 1589 1353 1635 exemplum
1375 1598 1508 1631 autem,
1537 1589 1634 1635 quod
1659 1589 1696 1623 in

137 1642 259 1675 medio
281 1642 530 1688 interponitur,
552 1643 649 1688 quod
670 1644 811 1676 noviter
831 1643 1017 1688 baptizatis
1038 1654 1113 1676 non
1134 1643 1302 1676 indicitur
1322 1643 1497 1687 jejunium
1518 1654 1631 1688 usque
1650 1642 1694 1676 ad

136 1694 389 1737 Pentecosten,
408 1696 564 1730 ostendit
585 1696 681 1738 quod
707 1707 781 1729 non
804 1704 886 1729 sunt
912 1707 955 1730 ex
975 1696 1187 1730 necessitate
1215 1696 1258 1729 ad
1274 1695 1431 1729 difficilia
1450 1696 1615 1741 cogendi,
1638 1707 1696 1730 an-

138 1756 285 1794 tequam
308 1761 370 1794 per
392 1749 565 1795 Spiritum
580 1749 755 1783 Sanctum
770 1749 917 1783 interius
932 1749 975 1783 ad
990 1749 1060 1783 hoc
1082 1749 1306 1795 instigentur,
1321 1757 1359 1782 ut
1379 1748 1538 1782 difficilia
1552 1749 1697 1794 propria

132 1801 318 1836 voluntate
354 1811 561 1844 assumant;
597 1803 689 1836 unde
718 1810 751 1836 et
780 1810 860 1848 post
886 1803 1127 1836 Pentecosten
1160 1810 1242 1848 post
1267 1802 1511 1848 receptionem
1543 1801 1694 1847 Spiritus

135 1852 259 1887 Sancti
279 1855 454 1900 jejunium
478 1855 633 1889 celebrat
655 1855 836 1891 Ecclesia:
857 1855 1008 1901 Spiritus
1031 1862 1151 1888 autem
1179 1854 1344 1896 Sanctus,
1366 1854 1457 1888 sicut
1477 1854 1694 1888 Ambrosius

134 1906 219 1940 dicit
240 1918 346 1953 super
376 1909 516 1943 Lucam
544 1908 631 1955 (cap.
666 1919 694 1942 Ι.
725 1915 793 1955 sup.
828 1908 934 1943 illud.-
957 1909 1002 1943 Et
1024 1908 1151 1954 Spiritu
1172 1908 1289 1942 Sancto
1323 1907 1539 1954 replebitzcr):
1569 1921 1588 1940 κ
1609 1907 1695 1942 Non

134 1969 322 1994 coercetur
356 1962 548 2003 aetatibus,
574 1973 647 1995 non
677 1962 775 1996 obitu
797 1961 1024 2007 extinguitur,
1057 1971 1131 1994 non
1162 1960 1361 1994 excluditur
1387 1960 1468 1994 alvo
1503 1960 1626 1994 matris
1651 1973 1694 2004 »ς

135 2021 169 2046 et
193 2012 301 2059 Greg.
329 2014 415 2048 dicit
440 2015 475 2048 in
502 2015 602 2048 hom.
635 2015 869 2049 Pentecostes
895 2017 967 2060 (30.
993 2016 1029 2048 in
1046 2015 1222 2060 Evang2):
1247 2027 1266 2046 «
1288 2013 1418 2059 implet
1444 2013 1691 2047 citharaedum

133 2077 342 2110 puerorum,
358 2075 392 2101 et
400 2068 632 2102 Psalmistam
650 2067 753 2102 facit:
771 2067 898 2114 implet
912 2079 1063 2113 puerum
1083 2067 1333 2108 abstinentem,
1346 2074 1379 2100 et
1392 2066 1549 2112 judicem
1561 2077 1691 2100 sanum

134 2117 219 2152 facit
245 2133 262 2151 »
281 2131 288 2153 t
309 2129 343 2154 et
361 2129 487 2166 postea
509 2121 643 2155 subdit:
667 2134 684 2152 ‹<
706 2121 815 2155 Nulla
838 2121 881 2154 ad
903 2120 1113 2154 discendum
1133 2130 1236 2153 mora
1258 2120 1373 2165 agitur
1394 2120 1429 2153 in
1452 2130 1580 2153 omnes
1595 2118 1696 2165 quod

133 2171 307 2206 voluerit:
328 2184 413 2207 mox
429 2175 525 2208 enim
546 2182 584 2207 ut
605 2174 771 2219 tetigerit,
794 2182 954 2207 mentem
977 2174 1083 2207 docet
1099 2184 1132 2206 »ε
1152 2181 1186 2206 et
1199 2173 1291 2206 sicut
1310 2172 1438 2206 dicitur
1458 2173 1495 2206 in
1513 2172 1624 2206 Eccli.
1643 2171 1692 2206 8.:

136 2225 212 2258 Non
239 2231 282 2260 cst
304 2228 335 2260 in
358 2227 499 2261 hominis
522 2232 679 2273 potestate
706 2228 882 2273 prohibere
914 2227 1097 2272 Spiritum;
1121 2234 1156 2259 et
1179 2226 1306 2272 Apost.
1333 2237 1360 2260 1.
1396 2225 1439 2259 ad
1468 2224 1634 2259 Thessal.
1664 2235 1693 2270 5.

133 2287 278 2313 monet:
297 2280 459 2326 Spiritzmz
477 2281 576 2315 nolite
596 2281 782 2325 extinguere
794 2292 806 2321 ,·
823 2287 857 2314 et
875 2280 956 2313 Act.
973 2290 1004 2324 7.
1024 2287 1149 2313 contra
1167 2278 1345 2325 quosdam
1364 2278 1507 2312 dicitur:
1537 2279 1600 2312 Vos
1615 2289 1695 2313 sem-

127 2337 190 2377 per
210 2333 352 2377 spiritui
380 2333 500 2368 Sancto
522 2335 678 2368 resistitis.

208 2386 268 2419 AD
285 2397 465 2424 QUINTUM
480 2386 687 2428 dicendum,
703 2386 798 2432 quod
813 2394 1087 2432 praeceptorum
1099 2385 1260 2431 quaedam
1275 2393 1357 2420 sunt
1370 2384 1592 2431 principalia,
1603 2395 1694 2430 quae

134 2446 215 2471 sunt
237 2439 337 2484 quasi
364 2439 451 2473 fines
473 2448 761 2486 praeceptorum,
789 2448 822 2473 et
848 2438 1103 2481 consiliorum;
1125 2439 1264 2473 scilicet
1284 2446 1475 2484 praecepta
1497 2437 1691 2480 charitatis,

135 2491 178 2524 ad
201 2503 292 2537 quae
315 2493 463 2526 consilia
488 2493 709 2534 ordinantur,
731 2504 805 2526 non
820 2494 868 2526 ita
882 2492 978 2538 quod
993 2492 1069 2526 sine
1091 2491 1250 2526 consiliis
1263 2499 1453 2538 praecepta
1468 2491 1601 2524 servari
1616 2501 1691 2524 non

133 2553 296 2591 possunt,
324 2546 385 2580 sed
407 2554 445 2580 ut
465 2557 528 2591 per
550 2545 701 2579 consilia
722 2545 912 2592 perfectius
934 2545 1184 2579 observentur:
1207 2545 1276 2579 alia
1292 2554 1378 2578 vero
1401 2552 1483 2578 sunt
1500 2551 1692 2589 praecepta

135 2599 358 2640 secundaria,
373 2610 464 2645 quae
488 2599 698 2633 ordinantur
721 2600 763 2632 ad
785 2607 975 2644 praecepta
998 2598 1191 2639 charitatis,
1207 2605 1245 2632 ut
1258 2598 1334 2632 sine
1353 2597 1479 2643 quibus
1500 2604 1690 2643 praecepta

135 2651 318 2686 charitatis
340 2652 521 2686 observari
542 2663 615 2686 non
635 2653 772 2697 possint
793 2652 964 2693 omnin0;
986 2651 1035 2685 sic
1058 2662 1144 2696 ergo
1166 2650 1322 2696 perfecta
1345 2650 1569 2684 observantia
1590 2659 1689 2694 prae-

137 2713 325 2749 ceptorum
348 2705 530 2739 charitatis
552 2705 733 2750 praecedit
754 2705 952 2738 intentione
981 2704 1142 2746 consilia,
1165 2704 1225 2738 sed
1251 2703 1431 2737 interdum
1451 2711 1614 2748 ternpore
1634 2712 1689 2736 se-

135 2758 253 2802 quitur
265 2758 341 2792 :hic
364 2766 417 2792 est
431 2759 527 2792 enim
549 2758 639 2792 ordo
654 2757 734 2791 finis
756 2765 919 2803 respectu
935 2768 1072 2799 eorum,
1086 2768 1177 2802 quae
1192 2765 1273 2791 sunt
1288 2756 1330 2790 ad
1347 2756 1474 2790 finem:
1498 2755 1690 2789 observan-

134 2811 183 2844 tia
204 2823 290 2845 vero
316 2819 591 2857 praeceptorum
619 2811 802 2845 charitatis
823 2811 1022 2845 secundum
1037 2821 1272 2844 communem
1295 2809 1457 2851 modum,
1479 2817 1514 2843 et
1527 2807 1690 2842 similiter

137 2863 205 2898 alia
227 2873 417 2911 praecepta
439 2873 695 2911 comparantur
725 2865 768 2898 ad
791 2864 952 2906 consilia,
974 2864 1066 2898 sicut
1089 2874 1284 2898 commune
1306 2863 1351 2897 ad
1372 2863 1578 2910 proprium:
1606 2861 1689 2908 quia
