1859 3122
508 143 728 178 QUAESTIO
761 143 865 174 xcn.
899 143 1143 174 ARTICULUS
1176 144 1220 173 11.
1564 135 1642 176 661

160 225 388 260 RESPONDEO
410 225 614 267 dicendum,
637 225 744 271 quod,
767 225 858 259 sicut
884 236 988 271 supra
1015 225 1151 259 dictum
1174 232 1226 259 est
1249 224 1328 268 (art.
1354 226 1498 271 praec),
1520 226 1647 260 vitium

87 278 347 325 superstitionis
370 278 533 312 consistit
546 278 582 312 in
596 278 679 320 hoc,
695 279 791 324 quod
806 278 1025 312 transcendit
1038 278 1176 313 virtutis
1192 279 1352 312 medium
1375 279 1574 313 secundum
1590 279 1649 313 ali-

87 343 174 378 quas
189 332 488 373 circumstantias,
504 340 541 366 ut
560 343 665 377 supra
688 332 825 366 dictum
848 340 900 366 est
921 331 1018 377 (ibid.
1033 336 1061 366 et
1081 343 1154 366 1-2.
1170 344 1199 378 q.
1223 342 1274 378 72.
1290 336 1352 366 art.
1370 333 1442 378 9.):
1462 343 1536 366 non
1551 333 1647 366 enim

86 385 265 431 quaelibet
294 385 645 418 circumstantiarum
676 394 927 435 corruptarum
958 385 1144 419 diversitas
1165 385 1279 419 variat
1309 385 1449 432 peccati
1476 386 1646 432 speciem,

85 439 147 473 sed
169 438 288 473 solum
306 438 450 485 quando
473 438 672 473 reseruntur
684 440 726 472 ad
742 439 881 473 diversa
903 439 1055 484 objecta,
1070 438 1126 472 vel
1143 438 1304 472 diversos
1326 438 1431 473 fines:
1448 440 1647 473 secundum

85 493 156 527 hoc
179 493 275 527 enim
298 492 454 526 morales
477 501 576 526 actus
599 492 756 538 speciem
779 494 988 534 sortiuntur,
1011 500 1048 525 ut
1069 503 1175 538 supra
1198 492 1361 526 habitum
1384 500 1436 526 cst
1455 491 1542 535 (1-2.
1562 504 1591 538 q.
1617 503 1646 526 1.

85 551 147 580 art.
166 558 194 592 3.
213 551 243 581 ct
263 557 292 591 q.
315 547 364 581 18.
387 551 452 580 art.
473 557 506 590 4.
527 546 559 581 6.
578 558 627 581 10.
652 551 681 580 ct
702 547 779 590 IL).
802 545 1100 579 Diversisicantur
1115 556 1202 591 ergo
1221 545 1483 590 superstitionis
1497 546 1646 591 species:

80 600 195 646 primo
228 599 373 645 quidem
403 611 442 633 ex
468 604 564 645 parte:
595 599 703 633 modi:
725 598 860 633 secundo
882 611 920 632 ex
948 603 1045 645 parta
1075 600 1210 644 objecti:
1233 606 1353 644 potest
1383 599 1480 633 enim
1507 599 1647 633 divinus

85 652 200 686 cultus
220 652 391 694 exhiberi,
413 652 465 693 ¹2ch
487 652 543 686 cui
562 651 782 686 exhibendus
806 659 869 693 est,
892 651 1028 685 scilicet
1049 651 1130 685 Deo
1152 663 1252 694 vero,
1275 652 1386 686 modo
1408 660 1531 686 tamen
1554 653 1648 686 inde-

83 706 177 747 bit03
200 713 234 739 et
259 705 349 739 haec
380 713 432 739 est
458 705 573 751 prima
600 704 862 750 superstitionis
890 704 1046 750 species:
1073 705 1125 738 vel
1153 705 1211 738 cui
1236 716 1311 738 non
1345 705 1450 740 debet
1475 705 1646 748 exhiberi,

85 758 222 792 scilicet
243 759 459 804 cuicumque
487 765 686 800 creaturae3
710 766 744 791 et
770 758 840 791 hoc
863 765 916 791 est
943 757 1038 791 aliud
1061 758 1322 803 superstitionis
1342 770 1467 803 genus,
1489 759 1585 804 quod
1611 759 1647 792 in

85 812 216 846 multas
231 812 366 858 species
386 812 554 846 dividitur
566 811 765 845 secundum
784 811 944 844 diversos
960 810 1047 844 fines
1068 810 1176 843 divini
1192 810 1326 845 cultus:
1350 811 1535 845 ordinatur
1549 812 1647 846 enirn

78 867 190 912 primo
217 865 356 899 divinus
372 865 487 899 cultus
503 865 546 898 ad
561 864 799 898 reverentiam
814 864 895 898 Deo
924 863 1184 897 exhibendam:
1207 868 1236 898 et
1255 864 1432 898 secundnm
1455 865 1513 899 hoc
1531 867 1647 911 prima

83 920 196 965 species
214 919 311 964 liujus
327 920 451 963 generis
472 923 515 952 est
538 917 738 958 idololatria,
767 928 858 962 quae
878 917 1037 950 divinam
1060 917 1300 950 reverentiam
1323 917 1480 951 indebite
1503 918 1647 952 exhibet

86 980 292 1006 creaturae:
325 971 462 1006 secundo
493 971 678 1005 ordinatur
707 970 752 1004 ah
774 970 857 1011 hoc,
880 969 977 1016 quod
1013 970 1127 1004 homo
1157 970 1352 1004 instruatur
1375 982 1394 1004 a
1414 971 1508 1012 Deo,
1539 983 1646 1017 quem

85 1025 188 1059 colit:
203 1030 233 1059 at
246 1025 287 1059 ad
305 1025 362 1059 hoc
379 1025 524 1071 pertinet
536 1025 717 1069 superstitio
733 1023 937 1066 divinativa,
958 1035 1049 1069 quae
1068 1023 1266 1058 daemones
1282 1024 1438 1058 consulit
1452 1035 1514 1070 per
1528 1024 1647 1071 aliqua

85 1086 187 1125 pacta
210 1089 293 1112 cum
316 1079 365 1112 eis
386 1078 484 1119 inita,
506 1077 563 1111 vel
585 1077 705 1118 tacita,
731 1076 790 1110 vel
817 1088 1002 1123 expressa:
1030 1079 1127 1112 tertio
1155 1078 1339 1111 ordinatur
1365 1078 1505 1112 divinus
1533 1078 1648 1113 cultus

85 1132 127 1166 ad
151 1131 347 1177 quamdam
373 1131 610 1164 directionem
628 1131 874 1164 humanorum
902 1138 1049 1164 actuum
1075 1131 1274 1178 secundum
1303 1131 1463 1165 instituta
1484 1132 1566 1175 Dei,
1587 1133 1648 1178 qui

85 1185 232 1219 colitur:
257 1192 291 1218 et
316 1184 358 1218 ad
384 1185 442 1218 hoc
463 1185 604 1230 pertinet
628 1185 810 1230 superstitio
837 1184 1058 1229 quarumdam
1088 1185 1377 1225 observationum;
1410 1193 1444 1219 et
1465 1185 1554 1219 haec
1581 1186 1649 1219 tria

83 1238 198 1283 tangit
218 1238 369 1283 August.
392 1237 428 1271 in
458 1237 618 1271 secundo
643 1237 685 1270 de
715 1237 890 1270 Doctrina
920 1237 1053 1271 Christ.
1091 1237 1179 1284 (cap.
1201 1249 1256 1273 20.
1293 1239 1325 1271 in
1346 1238 1473 1284 princ.)
1505 1238 1646 1273 dicens:

87 1304 104 1323 <t
127 1291 428 1337 Superstisiosum
451 1302 540 1332 esse,
562 1290 733 1336 quidquid
755 1291 958 1325 institutum
980 1299 1032 1324 est
1051 1291 1093 1324 ab
1113 1291 1322 1325 hominibus
1350 1292 1393 1325 ad
1414 1291 1591 1334 facienda,
1614 1300 1649 1326 et

85 1344 234 1379 colenda
258 1343 355 1378 idola
378 1344 559 1390 pertinens
580 1357 613 1386 )),
636 1351 669 1377 et
690 1344 761 1377 hoc
777 1344 930 1390 pertinet
945 1344 987 1377 ad
1004 1345 1179 1390 primum:
1196 1353 1230 1378 et
1244 1352 1370 1390 postea
1382 1345 1498 1379 subdit
1522 1346 1647 1389 (ibid).-

87 1411 105 1430 «
127 1397 196 1431 Vel
218 1397 261 1431 ad
284 1397 580 1439 consultationes,
602 1405 636 1431 et
650 1405 755 1443 pacta
771 1398 949 1443 quaedam
971 1397 1279 1443 significationum
1303 1409 1387 1432 cum
1406 1399 1646 1433 daemonibus

83 1450 226 1497 placita,
249 1459 354 1497 atque
376 1450 558 1485 foederata
581 1464 613 1493 »‚
636 1451 732 1496 quod
754 1451 909 1496 pertinet
930 1451 972 1485 ad
993 1451 1170 1485 secundum
1184 1464 1194 1486 .·
1218 1460 1252 1486 et
1270 1460 1352 1498 post
1373 1463 1488 1497 pauca
1510 1453 1645 1487 subdit:

86 1517 104 1536 «
133 1504 191 1539 Ad
213 1505 284 1539 hoc
307 1515 420 1550 genus
442 1504 621 1550 pertinent
643 1515 771 1538 omnes
801 1503 988 1549 ligaturae,
1017 1512 1052 1538 et
1085 1512 1228 1539 caetera
1256 1505 1466 1551 hujusmodi
1487 1518 1527 1548 >›;
1549 1507 1646 1552 quod

83 1558 237 1604 pertinet
258 1557 301 1591 ad
324 1559 467 1592 tertimn.

151 1611 211 1645 AD
232 1621 381 1646 PRIMUM
403 1622 490 1657 ergo
509 1611 712 1653 dicendum,
728 1611 836 1657 quod,
851 1611 942 1645 sicut
956 1611 1108 1657 Dionys.
1124 1611 1210 1645 dicit
1222 1621 1254 1654 4.
1272 1623 1348 1657 cap.
1368 1613 1411 1646 de
1426 1612 1509 1646 Div.
1531 1613 1643 1647 Nom.

82 1665 184 1710 (part.
199 1675 232 1709 4.
247 1664 315 1699 lect.
338 1665 424 1709 22.).·
449 1677 467 1696 «
482 1665 626 1698 Bonum
648 1665 825 1710 contingit
847 1675 889 1698 ex
911 1676 992 1706 una,
1008 1673 1042 1698 et
1062 1665 1201 1710 integra
1217 1676 1344 1707 causa3
1367 1665 1504 1699 malurn
1524 1674 1645 1700 autem

81 1728 124 1752 ex
149 1717 388 1763 singularibus
415 1717 612 1752 defectibus
631 1730 670 1759 ));
699 1725 733 1752 et
759 1718 839 1752 ideo
868 1718 929 1751 uni
954 1718 1076 1751 virtuti
1102 1717 1205 1762 plura
1230 1718 1316 1752 vitia
1344 1727 1585 1764 opponuntur,
1608 1726 1645 1752 ut

80 1781 155 1817 sup.
174 1770 339 1804 habitum
361 1778 414 1805 est
435 1771 516 1815 (art.
534 1777 647 1817 praec.
670 1776 697 1805 et
718 1782 747 1816 q.
770 1783 821 1805 IO.
844 1776 908 1805 art.
924 1772 985 1815 5.).·
1007 1770 1158 1804 verbum
1180 1779 1301 1805 autem
1323 1771 1540 1817 Philosophi
1557 1772 1645 1806 veri-

79 1832 191 1858 tatem
212 1824 321 1858 habet
341 1824 377 1857 in
399 1824 585 1870 oppositis,
607 1824 643 1857 in
665 1824 792 1870 quibus
815 1832 867 1857 est
889 1823 1017 1857 eadem
1039 1824 1130 1858 ratio
1153 1823 1478 1869 multiplicationis.

152 1877 212 1911 AD
235 1887 441 1911 SECUNDUM
468 1877 673 1919 dicendum,
692 1877 789 1922 quod
809 1877 1060 1918 divinationes,
1076 1885 1110 1911 et
1125 1877 1396 1912 observationes
1411 1878 1552 1924 aliquae
1570 1890 1645 1924 per-

79 1930 195 1964 tinent
221 1930 264 1964 ad
290 1930 594 1975 superstitionem,
621 1930 835 1976 inquantum
862 1930 1065 1976 dependent
1091 1942 1132 1964 ex
1160 1930 1337 1976 aliquibus
1373 1932 1644 1977 operationibus

81 1983 319 2017 daemonum:
342 1991 376 2017 et
396 1983 445 2017 sic
468 1983 647 2029 pertinent
669 1983 712 2017 ad
734 1983 913 2029 quaedam
936 1991 1040 2029 pacta
1062 1995 1147 2017 cum
1170 1984 1220 2018 eis
1242 1984 1340 2018 inita.

152 2036 211 2070 AD
231 2046 400 2071 TERTIUM
424 2036 629 2078 dicendum,
651 2037 747 2082 quod
775 2036 943 2070 simulata
971 2036 1096 2082 religio
1123 2037 1173 2070 ibi
1199 2037 1339 2079 dicitur,
1367 2038 1512 2083 quando
1539 2038 1644 2072 tradi-

81 2089 171 2123 tioni
192 2089 373 2123 humanae
394 2101 529 2123 nomen
552 2090 736 2135 religionis
764 2089 974 2135 applicatur,
1001 2097 1108 2135 prout
1133 2090 1169 2122 in
1197 2089 1318 2135 glossa
1345 2092 1525 2136 sequitur3
1548 2091 1643 2125 unde

82 2143 148 2176 ista
169 2142 337 2176 simulata
359 2142 487 2187 religio
509 2142 600 2176 nihil
621 2151 673 2176 est
695 2142 801 2183 aliud,
829 2154 937 2188 quam
965 2142 1080 2176 cultus
1108 2143 1188 2176 Deo
1211 2154 1298 2177 vero
1326 2144 1502 2178 exhibitus
1530 2144 1642 2178 modo

83 2195 260 2229 indebito:
283 2195 375 2229 sicut
395 2195 425 2229 si
447 2195 573 2241 aliquis
595 2203 758 2241 tempore
781 2195 916 2241 gratiae
937 2195 1046 2229 vellet
1072 2195 1191 2230 colere
1217 2196 1338 2230 Deum
1365 2197 1565 2231 secundum
1586 2209 1644 2231 ve-

83 2249 166 2283 teris
187 2247 276 2294 legis
299 2249 424 2290 ritum3
447 2257 481 2282 et
502 2248 545 2283 de
566 2249 635 2282 hac
659 2249 702 2282 ad
725 2248 867 2283 literam
890 2248 1049 2294 loquitur
1070 2248 1202 2294 glossa.

582 2478 935 2539 QUAESTIO
976 2479 1152 2526 XCIII.

132 2602 195 2632 DE
215 2599 464 2633 SPECIEBUS
490 2600 882 2639 SUPERSTITIONIS,
910 2601 961 2631 IN
987 2601 1112 2633 DUOS
1139 2601 1400 2633 ARTICULos
1427 2601 1600 2633 DIVISA.

155 2726 295 2760 Deinde
317 2724 621 2759 considerandum
644 2732 696 2758 est
712 2724 755 2758 de
773 2725 959 2771 speciebus
978 2725 1260 2770 superstitionis;
1283 2732 1317 2758 et
1330 2726 1443 2770 primo
1463 2725 1506 2759 de
1523 2737 1642 2771 super-

85 2779 228 2813 stitione
248 2778 395 2812 indebiti
417 2777 532 2812 cultus
552 2777 628 2811 veri
648 2777 735 2811 Dei:
764 2778 901 2812 secundo
931 2778 975 2812 de
1003 2778 1255 2823 superstitione
1278 2777 1522 2812 idololatriae:
1547 2781 1639 2813 tertio

85 2832 128 2866 de
150 2831 399 2878 superstitione
422 2830 699 2865 divinationum:
722 2835 838 2876 quarto
861 2831 903 2864 de
925 2831 1177 2877 superstitione
1200 2831 1504 2865 observationum.

227 2914 256 2940 S.
277 2914 397 2940 Tuomoe
419 2913 521 2939 summa
548 2911 707 2947 Theologica.
728 2911 793 2938 Vol.
815 2911 867 2939 ΙΙΙ.
1465 2921 1496 2945 43
