1859 3122
440 170 657 206 QUAESTIO
692 169 805 197 xxiv.
840 167 1083 198 ARTICULUS
1117 167 1190 196 VII.
1515 166 1589 208 193

108 255 166 287 AD
189 263 394 288 SECUNDUM
417 252 622 292 dicendum,
645 250 739 297 quod
763 249 942 295 capacitas
971 257 1153 282 creaturae
1181 246 1365 281 rationalis
1394 258 1455 292 per
1482 246 1595 280 chari-

37 316 148 340 tatem
170 314 338 351 augetur:
361 305 443 351 quia
465 317 528 351 per
545 305 659 350 ipsam
683 314 746 337 cor
767 302 944 343 dilatatur,
967 302 1167 336 secundum
1193 300 1281 335 illud
1304 311 1335 334 2.
1360 300 1403 334 ad
1431 299 1516 334 Cor.
1541 298 1591 334 6.:

41 362 108 395 Cor
129 365 275 395 nostrum
297 360 472 394 dilatatum
494 364 556 399 ast‚·
580 366 614 393 et
634 357 716 391 ideo
744 356 860 390 adhuc
890 356 1036 389 ulterius
1064 363 1186 389 manet
1211 354 1378 388 habilitas
1405 354 1448 388 ad
1476 355 1591 399 majus

37 421 283 459 augmentum.

108 467 166 500 AD
189 476 359 500 TERT1UM
382 465 585 506 dicendum,
608 462 704 509 quod
726 462 816 496 ratio
839 461 899 495 illa
919 462 1082 507 procedit
1100 462 1135 494 in
1150 462 1216 503 his,
1231 473 1322 507 quae
1338 461 1471 494 habent
1486 471 1595 506 quan-

37 520 172 553 titatem
197 519 358 564 ejusdem
382 518 540 559 rationis,
562 528 635 551 non
657 524 778 550 autem
800 516 834 548 in
858 515 923 555 his,
947 526 1036 560 quae
1058 515 1193 548 habent
1214 515 1392 548 diversam
1414 514 1594 548 rationem

37 572 260 618 quantitatis:
297 573 388 606 sicut
421 571 526 612 linea,
555 577 887 616 quantumcumque
915 576 1062 609 crescat,
1089 579 1161 601 non
1191 568 1332 613 attingit
1359 568 1594 613 quantitatem

39 625 261 671 superficiei:
288 636 361 658 non
389 633 440 658 est
467 632 587 657 autem
610 622 737 656 eadem
765 622 855 655 ratio
878 621 1085 666 quantitatis
1112 621 1295 654 charitatis
1318 620 1407 662 viae,
1431 631 1522 665 quae
1545 631 1595 653 se-

37 678 155 724 quitur
170 678 419 723 cognitionem
434 677 527 718 fidei,
543 684 576 710 et
591 675 772 709 charitatis
788 674 934 720 patriae,
946 685 1037 720 quae
1048 673 1206 719 sequitur
1220 673 1398 707 visionem
1414 681 1593 718 apertam3

22 721 130 766 'unde
152 742 226 765 non
248 731 407 777 sequitur
428 730 530 764 ratio.

563 871 907 916 ARTICULUS
942 871 1064 913 VIII.
1531 890 1590 925 131

200 981 351 1011 UTRUM
373 981 587 1011 CHARITAS
608 981 652 1010 IN
676 980 763 1009 HAC
781 980 884 1008 VITA
906 979 1055 1008 POSSIT
1078 978 1178 1007 ESSE
1200 977 1435 1007 PERFECTA.

145 1068 248 1114 (Infr.
270 1080 299 1114 q.
322 1069 394 1112 184.
417 1073 480 1101 art.
503 1079 533 1102 2.
556 1073 584 1101 et
601 1080 627 1113 3.
654 1068 739 1102 Dist.
762 1068 816 1102 26.
840 1079 869 1112 q.
887 1079 913 1112 3.
934 1072 997 1100 art.
1019 1078 1051 1110 4.
1074 1071 1103 1100 et
1131 1066 1217 1100 Veri.
1240 1077 1269 1110 q.
1293 1077 1342 1100 10.
1363 1069 1428 1099 art.
1450 1076 1501 1099 10.

538 1126 567 1155 et
587 1127 693 1166 opusc.
716 1121 765 1155 18.
789 1127 860 1166 cap.
878 1132 908 1166 )'·
931 1120 963 1154 6.
986 1125 1016 1154 et
1037 1120 1097 1165 7.).

110 1210 168 1244 AD
191 1220 377 1244 OCTAVUM
400 1210 449 1243 sic
472 1209 687 1255 proceditur.
709 1209 872 1250 Yidetur,
888 1208 983 1254 quod
1000 1208 1155 1242 charitas
1170 1208 1206 1241 in
1221 1208 1289 1242 hac
1304 1208 1377 1241 vita
1395 1219 1468 1241 non
1484 1207 1596 1253 possit

40 1274 116 1297 esse
138 1262 311 1309 perfecta:
336 1264 491 1297 maxime
515 1263 610 1297 enim
633 1263 723 1296 haec
758 1262 930 1307 perfectio
952 1262 988 1295 in
1012 1261 1198 1307 Apostolis
1226 1260 1368 1294 fuisset:
1396 1261 1458 1294 sed
1480 1261 1516 1294 in
1545 1261 1594 1294 eis

40 1327 112 1350 non
134 1315 215 1350 fuit:
239 1317 324 1350 dicit
346 1317 442 1350 enim
465 1315 663 1362 Apostolus
686 1317 728 1349 ad
748 1315 877 1361 Philip.
905 1327 951 1360 3.:
975 1316 1051 1349 Non
1073 1314 1159 1360 quod
1179 1317 1255 1360 J'am
1282 1314 1591 1360 somprehanderim,

41 1370 270 1415 ιῑιιίᾼρωῇεῑίιις
290 1371 348 1403 sim
360 1382 372 1410 ,·
396 1381 481 1415 ergo
501 1369 655 1403 charitas
677 1369 712 1402 in
734 1369 800 1402 hac
821 1369 893 1402 vita
916 1368 1072 1414 perfecta
1094 1379 1171 1402 esse
1193 1378 1268 1401 non
1290 1375 1418 1414 potest.

112 1432 142 1456 2.
165 1423 398 1456 PRAETEREA.
422 1423 515 1468 Aug.
539 1423 623 1456 dicit
644 1423 678 1455 in
701 1422 759 1455 lib.
784 1422 838 1467 83.
857 1421 944 1462 QQ.
962 1420 1007 1467 (q.
1027 1422 1109 1467 35),
1125 1422 1221 1467 quod
1237 1421 1499 1455 nutrimentum
1515 1421 1596 1454 cha-

42 1475 152 1508 ritatis
174 1483 226 1509 est
248 1475 436 1509 diminutio
460 1475 679 1521 cupiditatis,
701 1476 762 1508 sed
785 1475 844 1508 ubi
867 1483 917 1508 est
940 1474 1111 1520 perfectio
1128 1475 1324 1515 charitatis,
1343 1473 1443 1507 nulla
1465 1481 1517 1508 est
1539 1485 1596 1507 cu-

42 1528 187 1573 piditas:
209 1528 269 1561 sed
291 1528 360 1561 hoc
383 1539 456 1562 non
479 1535 595 1574 potest
616 1539 693 1562 esse
714 1528 749 1561 in
772 1528 839 1561 hac
861 1528 944 1568 vita,
968 1528 1002 1560 in
1021 1539 1094 1575 ⁴qua
1117 1527 1191 1561 sine
1215 1535 1365 1572 peccato
1387 1527 1507 1560 vivere
1521 1538 1595 1560 non

42 1591 244 1626 possumus,
266 1581 463 1614 secundum
485 1580 571 1614 illud
597 1591 624 1614 1.
647 1580 749 1625 Joan.
786 1592 832 1614 1.:
862 1581 898 1614 δι’
923 1580 1115 1622 dim-intus,
1144 1581 1301 1625 quoniam
1330 1585 1503 1626 peccatum
1529 1591 1595 1613 non

41 1634 204 1675 habemus,
228 1635 287 1679 ipsi
309 1646 364 1668 nos
383 1633 579 1668 seducimus:
604 1644 711 1667 omne
735 1641 855 1666 autem
881 1640 1071 1678 peccatum
1095 1644 1136 1666 ex
1159 1632 1277 1678 aliqua
1305 1632 1509 1666 inordinata
1536 1643 1595 1666 cu-

0 1692 2 1694 “
42 1687 187 1732 piditate
206 1687 385 1732 procedit;
408 1697 493 1732 ergo
515 1687 551 1719 in
573 1687 640 1720 hac
663 1687 734 1719 vita
757 1686 910 1719 charitas
932 1685 1089 1732 perfecta
1112 1697 1188 1719 esse
1209 1697 1284 1719 non
1306 1694 1434 1732 potest.

4 1773 5 1778 ,
116 1751 143 1785 3.
166 1739 400 1774 PRAETEREA.
422 1739 513 1773 Illud
536 1740 631 1785 quod
645 1740 717 1784 jam
733 1738 930 1785 perfectum
945 1747 1007 1780 est,
1024 1750 1098 1772 non
1113 1746 1233 1783 potest
1250 1738 1398 1772 ulterius
1415 1749 1592 1772 crescere:

3 1819 5 1822 ⁴
42 1793 103 1827 sed
125 1793 279 1826 charitas
308 1793 345 1826 in
374 1793 441 1826 hac
467 1793 539 1826 vita
565 1803 707 1838 semper
734 1800 850 1838 potest
880 1792 1013 1837 augeri,
1045 1799 1082 1825 ut
1111 1792 1247 1825 dictum
1269 1799 1322 1825 est
1343 1791 1426 1836 (art.
1443 1791 1592 1837 praec),-

2 1844 7 1886 J
43 1857 128 1891 crgo
151 1846 304 1880 charitas
326 1846 361 1879 in
382 1846 451 1879 hac
472 1845 545 1879 vita
567 1856 641 1878 non
664 1852 782 1890 potest
803 1856 879 1878 esse
902 1844 1071 1890 perfecta.

1 1895 3 1939 ]
113 1899 186 1933 SED
221 1909 375 1933 CONTRA
409 1906 471 1940 est,
499 1899 595 1944 quod
621 1898 773 1943 August.
801 1898 885 1931 dicit
911 1909 1018 1942 super
1044 1908 1071 1930 1.
1095 1897 1237 1931 Canon.
1268 1897 1372 1942 Joan.
1395 1897 1509 1942 (tract.
1527 1898 1594 1942 5.):

45 1965 62 1983 «
81 1951 259 1993 Charitas,
281 1963 364 1985 cum
385 1951 491 1985 fuerit
511 1951 690 1992 roborata,
713 1950 913 1996 perficitur:
937 1961 1019 1983 curn
1043 1958 1163 1984 autem
1186 1950 1229 1984 ad
1251 1949 1511 1995 perfectionem
1540 1961 1597 1983 ve-

4 2038 5 2041 ,
42 2004 144 2046 nerit,
165 2004 270 2038 dicit:
296 2004 401 2050 Cupio
419 2004 560 2045 dissolvi,
583 2009 610 2038 et
628 2016 688 2038 essu
702 2016 775 2038 cum
792 2004 922 2038 Christo
939 2016 978 2038 »z
1005 2004 1066 2037 sed
1092 2003 1163 2037 hoc
1189 2003 1359 2049 possibile
1387 2011 1439 2036 est
1464 2003 1500 2036 in
1527 2003 1595 2036 hac

3 2049 5 2073 ³
42 2058 125 2099 vita,
147 2058 238 2092 sicut
258 2058 293 2091 in
314 2057 428 2091 Paulo
450 2057 533 2100 fuit;
556 2068 642 2103 ergo
666 2057 820 2090 charitas
839 2057 874 2089 in
897 2057 964 2090 hac
987 2057 1059 2090 vita
1080 2064 1199 2102 potest
1221 2067 1296 2090 esse
1319 2055 1490 2101 perfecta.

112 2110 335 2145 RESPONDEO
354 2111 557 2152 dicendum,
579 2110 675 2156 quod
697 2109 867 2156 perfectio
888 2109 1069 2143 charitatis
1089 2117 1207 2155 potest
1225 2109 1378 2154 intelligi
1396 2109 1573 2155 dupliciter
1585 2121 1595 2142 .-

45 2175 106 2198 uno
123 2163 217 2197 modo
240 2175 281 2198 ex
302 2171 401 2208 parte
423 2163 622 2209 diligibilis:
645 2163 710 2196 alio
733 2163 826 2196 modo
845 2174 887 2196 ex
910 2170 1007 2208 parte
1035 2162 1238 2208 diligentis:
1266 2175 1304 2196 ex
1324 2167 1421 2207 parte
1449 2162 1594 2208 quidem

10 2219 11 2224 ’
44 2216 210 2262 diligibilis
235 2217 390 2262 perfecta
417 2225 469 2250 est
495 2217 661 2257 charitas,
688 2224 726 2249 ut
752 2215 918 2261 diligatur
940 2215 1084 2260 aliquid,
1114 2223 1290 2261 quantum
1321 2215 1492 2261 diligibile
1524 2223 1594 2249 est:

43 2269 142 2303 Deus
164 2277 284 2304 autem
310 2277 449 2303 tantum
477 2269 656 2315 diligibilis
685 2276 746 2310 est,
773 2277 946 2314 quantum
972 2269 1088 2302 bonus
1111 2276 1181 2302 est:
1203 2268 1345 2302 bonitas
1373 2276 1493 2302 autem
1521 2269 1596 2312 ejus

11 2319 12 2361 Ξ
45 2331 96 2356 est
116 2321 268 2364 infinita;
290 2323 383 2356 unde
405 2322 540 2356 infinite
563 2322 742 2368 diligibilis
765 2329 832 2355 est:
856 2321 954 2354 nulla
976 2330 1097 2355 autem
1119 2329 1281 2355 creatura
1303 2329 1421 2367 potest
1443 2332 1526 2354 eum
1549 2320 1596 2353 di-

44 2374 153 2421 ligere
174 2375 321 2418 infinite,
339 2387 423 2409 cum
444 2375 622 2421 quaelibet
642 2375 752 2408 virtus
774 2382 892 2409 creata
914 2375 958 2408 sit
984 2374 1100 2416 finitag
1123 2375 1216 2408 unde
1237 2385 1300 2420 per
1322 2374 1418 2407 hunc
1442 2374 1594 2407 modum

44 2427 174 2462 nullius
196 2437 379 2462 creaturae
408 2428 561 2462 charitas
582 2436 699 2474 potest
721 2439 797 2462 esse
826 2427 993 2473 perfecta,
1015 2428 1076 2461 sed
1098 2427 1216 2461 solum
1245 2427 1400 2460 charitas
1422 2427 1502 2468 Dei,
1525 2437 1595 2471 qua

44 2481 200 2526 seipsum
223 2481 352 2526 diligit:
376 2493 414 2515 ex
437 2486 532 2526 parte
552 2492 638 2514 vero
661 2481 818 2525 diligentis
838 2489 922 2514 tunc
946 2488 998 2514 est
1020 2480 1173 2514 charitas
1191 2479 1360 2526 perfecta,
1380 2479 1524 2525 quando
1547 2479 1595 2512 di-

45 2532 122 2579 ligit
133 2541 284 2575 tantum,
300 2541 471 2579 quantum
486 2542 619 2580 potest:
643 2534 738 2579 quod
758 2534 902 2579 quidem
921 2533 1096 2579 contingit
1115 2534 1309 2579 triplicium
1334 2544 1397 2566 nno
1420 2532 1514 2565 modo
1533 2531 1596 2572 sic,

45 2586 140 2632 quod
161 2594 278 2620 totum
294 2598 355 2620 cor
368 2587 526 2620 hominis
549 2587 733 2620 actualiter
755 2597 897 2632 semper
917 2586 1049 2620 feratur
1069 2586 1105 2620 in
1126 2586 1266 2628 Deum·,
1290 2594 1324 2619 et
1345 2586 1435 2619 haec
1453 2593 1504 2618 est
1523 2596 1597 2630 per-

44 2638 151 2673 fectio
175 2639 356 2673 charitatis
377 2639 523 2684 patriae,
545 2651 636 2685 quae
658 2652 722 2673 non
740 2644 781 2673 est
796 2639 958 2685 possibilis
980 2641 1013 2672 in
1036 2639 1095 2673 hac
1116 2640 1200 2680 vita,
1224 2639 1259 2671 in
1282 2649 1351 2683 qua
1373 2636 1595 2682 impossibile

16 2686 18 2727 ἶ
46 2700 109 2733 est,
130 2700 275 2738 propter
300 2692 480 2725 humanae
501 2692 595 2726 vitae
625 2692 881 2733 infirmitatem,
904 2703 1046 2736 semper
1080 2700 1161 2725 actu
1195 2691 1355 2736 cogitare
1378 2690 1420 2723 de
1443 2690 1535 2731 Deo,
1563 2697 1598 2723 et

47 2745 185 2779 moveri
206 2744 398 2779 dilectione
426 2745 469 2778 ad
494 2745 628 2790 ipsum:
652 2746 717 2778 alio
740 2745 846 2786 modo,
869 2753 906 2778 ut
930 2745 1044 2778 homo
1072 2745 1228 2778 studium
1255 2754 1361 2777 suum
1383 2743 1527 2788 deputet
1553 2743 1596 2776 ad

17 2798 19 2830 ἰ
47 2798 249 2832 vacandum
270 2799 361 2839 Deo,
384 2806 419 2832 et
438 2798 541 2832 rebus
563 2798 701 2840 divinis,
723 2799 981 2844 praetermissis
1005 2797 1093 2839 aliis,
1114 2798 1180 2830 nisi
1203 2804 1377 2842 quantum
1399 2796 1594 2830 necessitas

17 2836 20 2893 l
47 2851 240 2897 praesentis
263 2851 356 2885 vitae
378 2851 541 2897 requirit;
563 2859 598 2885 et
617 2851 684 2885 ista
714 2859 765 2885 est
792 2850 963 2897 perfectio
1000 2850 1192 2891 charitatis,
1220 2860 1311 2895 quae
1340 2857 1392 2883 est
1418 2849 1596 2895 possibilis
