1859 3122
360 194 581 230 QUAESTIO
616 193 852 224 CLXXXVIII.
886 193 1130 223 ARTICULUS
1163 192 1254 222 V111.
1481 182 1587 235 1267

100 276 159 310 An
174 286 381 310 SECUNDUM
396 275 602 317 dicendum,
618 275 712 321 quod
736 275 876 316 dicitur,
900 285 927 308 1.
946 274 1038 319 Joan
1060 283 1116 316 4.:
1142 274 1212 318 Qui
1232 278 1342 308 manet
1363 275 1397 307 in
1416 274 1587 315 charitate,

28 331 63 364 in
84 330 157 364 Deo
178 334 300 371 manat,
322 334 350 363 et
381 330 471 364 Deus
498 330 531 362 in
557 341 614 369 eo,·
643 329 734 363 sicut
757 339 844 374 ergo
868 327 1035 363 Christus
1065 334 1118 361 est
1147 327 1182 360 in
1213 326 1334 361 medio
1363 337 1502 369 eorum,
1529 328 1589 373 qui

29 382 96 418 sibi
116 382 271 416 invicem
295 393 356 428 per
370 382 602 416 dilectionem
620 382 774 428 proximi
790 382 992 423 sociantur;
1014 381 1062 414 ita
1083 380 1221 414 habitat
1242 380 1276 413 in
1293 379 1401 414 corde
1424 381 1510 425 ejus,
1530 381 1589 426 qui

29 436 170 470 divinae
194 435 494 482 contemplationi
518 435 646 470 insistit
667 447 729 482 per
751 434 983 469 dilectionem
1006 434 1086 468 Dei.

102 491 161 524 AD
184 499 355 524 TER‘riuM
372 489 577 531 dicendum,
600 489 696 535 quod
716 496 796 522 actu
819 488 965 522 obedire
988 496 1041 522 est
1061 487 1306 521 necessarium
1328 487 1395 528 his,
1417 487 1478 532 qui
1504 486 1591 520 indi-

28 551 113 589 gent
128 543 285 577 exerceri
300 543 499 577 secundum
515 543 753 577 directionem
776 541 930 575 aliorum
946 541 989 575 ad
1005 540 1265 587 perfectionem
1281 540 1512 586 capiendam:
1528 540 1588 574 sed

27 595 78 630 illi
101 596 162 642 qui
187 597 260 641 jam
283 595 431 642 perfecti
458 603 549 637 sunt,
576 597 693 641 spiritu
721 596 787 629 Dei
813 594 1031 629 sufficienter
1056 598 1211 639 aguntur,
1239 601 1277 627 ut
1302 604 1376 627 non
1402 593 1588 639 indigeant

28 657 108 683 actu
132 647 209 682 aliis
231 648 394 682 obedire:
418 648 551 682 habent
571 656 694 682 tamen
716 648 957 682 obedientiam
980 648 1016 681 in
1035 647 1306 694 praeparatione
1330 646 1452 680 animi.

99 702 158 735 AD
190 711 378 740 QUARTUM
407 701 614 742 dicendum,
649 702 758 747 quod,
786 702 879 735 sicut
909 702 1063 746 August.
1094 700 1179 734 dicit
1204 700 1240 734 in
1277 711 1327 746 19.
1351 700 1393 733 de
1417 699 1497 734 Civ.
1520 700 1588 734 Dei

29 755 117 802 (cap.
134 756 216 800 19),
243 767 261 786 «
281 765 299 788 a
318 754 436 788 studio
457 754 736 799 cognoscendae
757 755 916 788 veritatis
938 765 1046 788 nemo
1068 754 1287 800 prohibetur,
1303 753 1400 800 quod
1415 753 1457 787 ad
1472 753 1590 787 lauda-

27 807 98 842 bile
125 808 278 853 pertinet
300 809 414 841 otium
442 821 474 849 n,
497 807 593 853 quod
622 816 743 842 autem
766 807 893 854 aliquis
917 819 1023 853 super
1044 807 1302 842 candelabrum
1323 814 1489 853 ponatur,
1516 818 1589 841 non

28 860 182 907 pertinet
204 860 246 894 ad
265 860 397 906 ipsum,
419 860 480 894 sed
497 861 540 894 ad
563 862 638 906 ejus
660 861 882 906 superiores:
907 875 924 893 «
945 872 1035 906 quae
1067 861 1207 894 sarcina
1222 862 1250 894 si
1272 871 1346 894 non
1367 860 1587 906 imponatur,

30 921 68 948 ut
93 914 247 959 August.
270 914 404 948 ibidem
425 914 555 955 subdit,
579 914 880 960 contemplandae
902 914 1041 948 veritati
1063 914 1265 948 vacandum
1285 922 1337 947 est
1354 927 1387 955 »,
1410 913 1453 947 ad
1479 925 1588 960 quarn

28 966 226 1013 plurimum
247 966 342 1001 valet
369 967 548 1009 solitudo;
571 975 604 1001 et
625 974 747 1001 tamen
774 967 826 1001 illi
847 968 907 1013 qui
929 967 1128 1001 solitariam
1151 967 1263 1000 vitam
1286 974 1406 1012 agunt,
1433 966 1589 1001 multum

28 1020 132 1055 utiles
146 1029 230 1055 sunt
243 1021 368 1066 generi
382 1021 564 1062 humano;
588 1021 681 1055 unde
702 1022 856 1067 August.
876 1021 961 1055 dicit
981 1021 1017 1054 in
1039 1020 1098 1054 lib.
1114 1020 1157 1054 de
1179 1020 1271 1054 Mor.
1291 1020 1388 1054 Eccl.
1403 1022 1492 1066 (cap.
1511 1022 1588 1066 31),

29 1074 72 1108 de
93 1073 150 1108 his
168 1073 338 1120 loquens:
364 1087 382 1105 ‹<
401 1074 498 1108 Pane
521 1073 612 1115 solo,
635 1075 696 1119 qui
717 1074 768 1108 eis
786 1085 848 1120 per
871 1082 966 1108 certa
985 1073 1173 1107 intervalla
1199 1081 1406 1118 temporum
1433 1072 1588 1114 affertur,

28 1136 63 1161 et
81 1139 174 1174 aqua
189 1128 361 1169 contenti,
384 1127 644 1162 desertissimas
665 1135 776 1160 terras
798 1127 975 1168 incolunt,
994 1126 1213 1172 perfruentes
1231 1126 1416 1172 colloquio
1430 1123 1511 1168 Dei,
1532 1127 1589 1160 cui

27 1181 124 1226 puris
139 1181 318 1214 mentibus
332 1181 584 1214 inhaeserunt:
606 1179 772 1213 videntur
791 1188 911 1214 autem
925 1179 1109 1213 nonnullis
1124 1191 1179 1214 res
1193 1179 1384 1221 humanas,
1398 1179 1589 1226 plusquam

30 1242 215 1279 oporteret
235 1233 444 1277 deseruisse,
456 1244 530 1266 non
544 1232 826 1278 intelligentibus
845 1241 1021 1279 quantum
1035 1233 1138 1267 nobis
1158 1244 1284 1266 eorum
1305 1233 1446 1267 animus
1460 1233 1496 1266 in
1515 1244 1592 1266 ora-

26 1287 184 1321 tionibus
205 1286 328 1332 prosit,
344 1294 379 1320 et
392 1286 464 1320 vita
479 1286 523 1320 ad
538 1286 757 1332 exemplum,
773 1298 931 1332 quorum
946 1297 1099 1332 corpora
1120 1286 1240 1320 videre
1254 1297 1330 1320 non
1352 1286 1504 1320 sinimur
1518 1300 1549 1320 ».

101 1341 161 1375 AD
184 1350 364 1379 QU1NTUM
386 1340 592 1381 dicendum,
619 1340 716 1386 quod
745 1340 860 1374 homo
887 1348 1005 1386 potest
1033 1339 1214 1374 solitarius
1244 1340 1365 1374 vivere
1394 1340 1589 1387 dupliciter:

28 1405 92 1427 uno
119 1393 226 1434 modo,
255 1393 357 1439 quasi
383 1393 597 1427 societatem
622 1394 822 1427 humanam
844 1405 919 1428 non
942 1393 1058 1428 ferens
1080 1401 1226 1439 propter
1248 1393 1358 1427 animi
1385 1394 1588 1435 saevitiam3

30 1454 65 1480 et
84 1446 156 1480 hoc
176 1454 230 1480 est
251 1445 417 1480 bestiale:
440 1447 506 1480 alio
525 1446 619 1480 modo
640 1458 702 1492 per
722 1447 806 1487 hoc,
828 1446 925 1492 quod
946 1446 1106 1480 totaliter
1127 1446 1255 1480 divinis
1282 1446 1386 1480 rebus
1408 1447 1588 1488 inhaeret;

33 1508 67 1533 et
87 1499 159 1534 hoc
182 1507 234 1534 est
255 1511 362 1544 supra
383 1499 592 1541 hominem;
611 1507 647 1533 et
663 1499 744 1534 ideo
759 1499 970 1546 Philosoph.
987 1499 1072 1534 dicit
1085 1500 1122 1533 in
1140 1511 1167 1533 1.
1182 1499 1288 1533 Polit.
1308 1500 1397 1546 (cap.
1413 1500 1475 1544 2.)‚
1493 1500 1588 1546 quod

33 1551 92 1586 ille
114 1552 174 1598 qui
197 1552 274 1586 aliis
295 1563 369 1586 non
392 1552 642 1586 communicat
663 1561 716 1587 est
735 1553 859 1594 bestia,
882 1561 943 1587 aut
961 1553 1073 1592 Deus,
1095 1553 1187 1587 idest
1207 1553 1348 1587 divinus
1370 1554 1433 1588 vir.

452 1819 806 1879 QUAESTIO
849 1819 1182 1867 CLXXXIX.

78 1942 140 1973 DE
182 1942 456 1973 RELIGIONIS
493 1941 739 1979 INGRESSU,
782 1942 833 1973 IN
871 1942 1033 1974 DECEM
1074 1943 1335 1975 ARTICULOS
1362 1943 1536 1974 DIVISA.

100 2077 241 2111 Deinde
263 2076 567 2111 considerandum
595 2085 647 2110 est
667 2076 711 2110 de
732 2077 895 2122 ingressu
917 2076 1112 2123 religionis.

505 2166 549 2200 Et
574 2167 665 2200 circa
686 2166 743 2200 hoc
770 2171 973 2211 quaeruntur
997 2166 1115 2200 decem.

101 2237 236 2271 Primo.
264 2237 396 2272 Utrum
418 2236 469 2271 illi
495 2237 556 2283 qui
575 2248 649 2271 non
676 2245 758 2271 sunt
778 2237 960 2272 exercitati
980 2237 1017 2271 in
1044 2238 1271 2272 observantia
1298 2246 1586 2283 praeceptorum,

31 2291 185 2325 debeant
204 2291 343 2337 ingredi
360 2290 586 2336 religionem.
1559 2332 1561 2335 Α

102 2343 283 2378 Secundo.
306 2343 439 2377 Utrum
457 2342 565 2377 liceat
587 2342 726 2389 aliquos
747 2351 832 2378 voto
855 2343 1008 2390 obligari
1029 2344 1072 2377 ad
1093 2343 1278 2389 religionis
1299 2344 1513 2390 ingressum.

104 2396 241 2431 Tertio.
264 2396 396 2430 Utrum
417 2395 470 2430 illi
491 2396 552 2442 qui
572 2402 658 2430 voto
682 2395 887 2442 obligantur
903 2397 946 2430 ad
960 2396 1146 2442 religionis
1160 2397 1376 2442 ingressum,
1397 2404 1588 2431 teneantur

29 2457 156 2484 votum
177 2449 338 2495 implere.

105 2502 258 2543 Quarto.
282 2502 413 2536 Utrum
434 2501 485 2535 illi
506 2502 566 2547 qui
583 2510 716 2537 vovent
730 2502 946 2549 religionem
969 2503 1112 2544 intrare,
1131 2510 1320 2537 teneantur
1342 2502 1390 2537 ibi
1410 2511 1585 2549 perpetuo

31 2566 230 2589 remanere.

103 2608 254 2649 Quinto.
278 2608 409 2642 Utrum
431 2608 531 2653 pueri
552 2608 622 2642 sint
638 2609 834 2655 recipiendi
851 2609 887 2642 in
909 2608 1096 2655 religione.

103 2661 226 2695 Sexto.
249 2660 382 2695 Utrum
403 2669 547 2706 propter
568 2669 757 2707 parentum
779 2662 995 2708 obsequium
1017 2662 1126 2708 aliqui
1145 2661 1298 2696 debeant
1318 2662 1451 2696 retrahi
1470 2674 1489 2696 a
1510 2662 1589 2697 reli-

32 2714 149 2760 gionis
171 2715 345 2760 ingressu.

105 2767 282 2813 Septimo.
301 2767 433 2801 Utrum
451 2767 646 2813 presbyteri
667 2768 790 2809 curati,
805 2767 861 2802 vel
891 2768 1135 2802 archidiaconi
1151 2768 1289 2814 possint
1307 2767 1351 2802 ad
1370 2768 1585 2814 religionem

31 2829 192 2855 transire.

106 2872 261 2908 Octavo.
284 2873 415 2907 Utrum
438 2873 480 2907 de
503 2884 573 2906 una
594 2872 767 2919 religione
785 2874 898 2919 possit
920 2874 1046 2920 aliquis
1067 2875 1218 2909 transire
1245 2874 1288 2908 ad
1311 2873 1430 2908 aliam.
