1859 3122
493 151 713 187 QUAESTIO
749 151 893 181 CXLIX.
928 150 1172 181 ARTICULUS
1205 150 1262 180 IV.
1570 139 1652 193 969

94 233 188 268 unde
204 241 238 268 et
248 233 532 275 senibushonor,
544 241 578 268 et
592 233 789 268 reverentia
811 233 970 275 debetur,
985 232 1183 267 secundum
1199 231 1285 265 illud
1302 232 1414 266 Levit.
1434 242 1504 277 19.:
1530 231 1654 265 Coram

93 298 174 320 cano
195 288 300 333 capite
322 298 489 331 consurge,
511 293 541 321 ct
559 287 684 321 honora
699 293 874 333 personam
897 288 1000 321 senis:
1021 285 1082 320 sed
1105 285 1303 331 Apostolus
1326 284 1528 331 specialiter
1550 295 1653 318 senes

93 340 179 373 dicit
200 350 277 374 esse
301 340 344 373 ad
374 340 607 374 sobrietatem
635 340 889 381 exhortandos,
912 339 1110 374 secundum
1133 338 1219 372 illud
1248 339 1290 372 ad
1315 338 1386 372 Tit.
1415 349 1466 373 2.:
1494 338 1598 380 Sanus,
1621 342 1655 371 ut

91 394 194 427 sobrii
213 394 298 427 sint:
327 404 414 437 ergo
437 393 609 427 sobrietas
632 394 788 427 maxime
811 393 1001 439 requiritur
1023 393 1056 425 in
1080 392 1394 426 excellentioribus
1416 391 1589 437 personis.

165 455 195 479 2.
211 446 445 480 PRAETEREA.
466 446 664 492 Episcopus
680 447 713 479 in
730 446 890 480 Ecclesia
910 445 1250 479 excellentissimum
1275 445 1425 489 gradum
1449 445 1576 486 liabet3
1597 444 1653 477 cui

92 510 155 544 per
176 499 394 545 Apostolum
420 500 585 533 indicitur
600 500 785 541 sobrietas,
809 500 1007 533 secundum
1030 499 1116 532 illud
1144 509 1170 532 1.
1191 499 1232 532 ad
1257 498 1420 532 Timoth.
1444 509 1491 544 3.:
1517 499 1655 544 Oportet

91 552 288 598 Epi560pum
317 553 632 599 irrep—eliens&ilem
655 565 727 594 esse,
751 554 845 587 unias
868 554 980 586 uxoris
1000 554 1126 594 tirum,
1146 553 1305 593 solu-imm,
1329 551 1536 598 prudentum,
1568 559 1655 593 etc.;

92 615 179 651 ergo
201 605 375 640 sobrietas
398 606 555 639 maxime
578 606 768 651 requiritur
789 606 824 639 in
847 606 1009 651 personis
1032 605 1354 639 excellentioribus.

168 669 196 703 3.
219 658 455 693 PRAETEREA.
479 659 662 693 Sobrietas
686 660 855 705 importat
878 659 1129 693 abstinentiam
1152 670 1171 692 a
1193 659 1296 692 vino:
1321 658 1381 692 sed
1404 660 1528 692 vinum
1551 657 1657 691 inter-

92 711 222 746 dicitur
256 713 409 758 regibus,
433 713 493 757 qui
523 720 647 746 tenent
668 724 854 746 summum
876 712 998 746 Iocum
1022 712 1056 746 in
1088 712 1258 746 humanis
1286 712 1409 753 rebus3
1442 711 1654 746 conceditur

93 773 213 799 autem
234 765 290 800 his
312 766 371 811 qui
394 774 475 799 sunt
497 766 531 799 in
554 774 645 799 statu
669 766 914 807 desolationis,
936 766 1136 800 secundum
1158 765 1244 799 illud
1267 765 1373 799 Prov.
1399 776 1471 809 31.:
1495 764 1576 799 Noli
1609 776 1656 798 rc-

89 819 184 864 gibus
201 818 278 853 dare
298 820 438 859 vinum;
456 827 490 853 et
511 827 636 864 postea
658 819 794 853 subdit:
817 820 905 852 Date
925 820 1063 852 siceram
1085 820 1313 860 moewntilms,
1337 819 1494 852 elvitzzcm
1518 818 1577 860 his,
1596 817 1653 862 qui

91 882 210 906 amaro
225 873 336 906 animo
351 877 445 913 sunt;
465 883 552 918 ergo
571 872 745 906 sobrietas
761 874 876 918 magis
890 872 1080 918 requiritur
1095 872 1129 905 in
1145 871 1459 906 excellentioribus
1477 871 1654 917 personis.

164 924 238 959 SED
261 936 415 960 CONTRA
436 933 498 967 est,
521 925 617 971 quod
640 925 839 971 Apostolus
862 925 946 958 dicit
972 935 998 958 1.
1020 925 1063 958 ad
1080 924 1243 958 Timotb.
1266 925 1485 970 3.:.l·1ulicres
1502 924 1654 959 similiter

86 977 239 1024 pudicas,
255 980 390 1019 sobrias,
410 987 476 1013 etc.
493 991 501 1020 ;
524 987 558 1013 et
577 979 619 1012 ad
636 979 707 1013 Tit.
724 989 754 1012 2.
775 979 1071 1022 diciturzsuwnas
1084 979 1238 1013 similiter
1252 979 1396 1020 hortare,
1412 979 1559 1012 utsobrii
1578 980 1654 1012 sint.

162 1031 391 1067 RESPONDEO
411 1033 614 1074 dicendum,
632 1032 729 1078 quod
747 1032 857 1066 virtus
874 1032 982 1065 habet
999 1031 1247 1065 habitudinem
1267 1031 1309 1064 ad
1329 1031 1410 1065 duo:
1426 1043 1490 1065 zano
1506 1031 1652 1077 quidem

90 1084 184 1118 modo
208 1086 251 1119 ad
283 1085 460 1119 contraria
487 1085 584 1126 vitia,
611 1096 702 1131 quae
730 1084 896 1127 excludit,
920 1093 954 1118 et
983 1085 1307 1130 concupiscentias,
1338 1096 1426 1130 quas
1456 1083 1653 1119 refraenat:

90 1137 156 1171 alio
178 1138 272 1172 modo
295 1139 339 1172 ad
357 1138 478 1180 finem,
500 1140 535 1172 in
558 1150 666 1184 quem
688 1138 865 1184 perducit;
881 1138 931 1172 sic
955 1149 1041 1183 ergo
1065 1137 1183 1183 aliqua
1202 1139 1312 1171 virtus
1333 1139 1447 1183 magis
1463 1137 1653 1183 requiritur

90 1191 126 1223 in
148 1190 324 1236 aliquibus
345 1191 633 1237 dupliciratione.
663 1192 735 1225 Uno
752 1191 859 1232 inodo,
884 1191 966 1237 quia
989 1192 1023 1224 in
1047 1191 1096 1225 eis
1120 1199 1172 1225 est
1191 1191 1308 1236 major
1329 1191 1489 1236 pronitas
1512 1191 1554 1224 ad
1571 1202 1655 1224 con-

90 1239 340 1289 cupiscentias,
362 1255 450 1290 quas
472 1252 613 1290 oportet
635 1255 697 1290 per
718 1244 888 1278 virtutem
910 1243 1115 1286 refraenari,
1147 1252 1179 1278 et
1203 1244 1245 1277 ad
1268 1244 1364 1285 vitia,
1388 1255 1479 1289 quae
1501 1255 1564 1290 per
1585 1244 1653 1277 vir-

89 1304 203 1330 tutem
224 1296 418 1339 tolluntur3
441 1305 474 1331 et
493 1297 692 1331 secundum
714 1297 784 1331 hoc
808 1297 980 1331 sobrietas
1003 1297 1160 1330 maxime
1182 1298 1373 1343 requiritur
1393 1298 1430 1330 in
1452 1297 1654 1342 juvenibus,

90 1359 125 1384 et
145 1350 374 1384 mulieribus:
394 1352 476 1396 quia
495 1352 530 1384 in
548 1350 736 1396 juvenibus
754 1351 851 1396 viget
871 1351 1164 1395 concupiscentia
1183 1350 1404 1384 delectabilis
1421 1358 1566 1396 propter
1586 1350 1652 1384 fer-

89 1414 217 1438 vorem
238 1404 382 1446 aetatis;
404 1404 439 1437 in
474 1404 683 1438 mulieribus
706 1411 826 1438 autem
848 1415 922 1437 non
945 1412 997 1438 est
1023 1403 1203 1438 sufficiens
1226 1404 1334 1437 robur
1355 1404 1485 1437 mentis
1510 1404 1551 1437 ad
1579 1404 1650 1437 hoc

90 1457 186 1503 quod
209 1457 510 1503 concupiscentiis
528 1457 713 1499 resistant3
737 1457 830 1491 unde
851 1457 1052 1491 secundum
1079 1456 1266 1491 Valerium
1293 1457 1494 1490 Maximum
1522 1457 1596 1502 (lib.
1619 1469 1649 1491 2.

90 1516 162 1556 cap.
187 1521 214 1544 Ι.
237 1523 269 1544 n.
288 1512 347 1557 3.)‚
370 1510 540 1545 mulieres
563 1510 656 1556 apud
686 1510 875 1544 Romanos
897 1510 1091 1556 antiquitus
1113 1521 1187 1544 non
1217 1510 1386 1544 bibebant
1413 1511 1550 1544 vinum.
1572 1511 1651 1544 Alio

90 1574 177 1597 vero
198 1563 293 1598 modo
315 1564 489 1598 sobrietas
517 1564 633 1609 magis
655 1564 846 1609 requiritur
870 1564 906 1597 in
941 1563 1130 1609 aliquibus,
1157 1571 1280 1609 utpote
1310 1564 1426 1610 magis
1448 1564 1652 1598 necessaria

91 1617 135 1651 ad
152 1617 336 1663 propriam
359 1619 607 1664 operationem
628 1617 805 1662 ipsorum:
821 1618 946 1650 vinum
959 1626 1080 1651 autem
1095 1617 1334 1652 immoderate
1352 1625 1537 1663 sumptum
1552 1629 1654 1663 prae—

91 1670 195 1716 cipue
217 1670 368 1716 impedit
389 1682 494 1704 usum
515 1670 683 1712 rationis3
706 1678 740 1704 et
753 1669 836 1704 ideo
858 1670 1013 1712 senibus,
1035 1670 1071 1704 in
1086 1671 1212 1716 quibus
1231 1671 1321 1704 ratio
1341 1671 1444 1704 debet
1462 1671 1583 1716 vigere
1607 1671 1650 1705 ad

91 1723 245 1757 aliorum
267 1723 520 1765 eruditionem,
552 1732 586 1757 et
607 1723 806 1769 Episcopis,
829 1735 891 1757 seu
922 1723 1139 1769 quibuslibet
1168 1723 1352 1757 Ecclesiae
1380 1724 1562 1766 ministris,
1589 1723 1650 1769 qui

91 1784 211 1810 mente
233 1776 363 1811 devota
385 1777 515 1811 debent
529 1776 770 1823 spiritualibus
791 1775 918 1810 officiis
937 1776 1111 1818 insistere,
1131 1785 1165 1810 et
1186 1777 1340 1822 regibus,
1363 1777 1422 1822 qui
1438 1788 1499 1822 per
1515 1777 1652 1822 sapien-

90 1830 178 1864 tiam
200 1829 332 1864 debent
351 1830 526 1876 populum
548 1830 731 1864 subditum
753 1830 963 1875 gubernare,
986 1829 1189 1875 specialiter
1215 1830 1389 1864 sobrietas
1412 1830 1589 1864 indicitur.

162 1883 206 1918 Et
225 1894 289 1929 per
305 1883 377 1918 hoc
399 1890 495 1929 patet
516 1883 703 1929 responsio
724 1894 774 1917 AD
795 1893 969 1929 OBJECTA.

625 2198 979 2258 QUAESTIO
1018 2198 1118 2246 CL.

245 2319 307 2350 DE
346 2319 624 2359 EBRIETATE,
666 2320 716 2350 IN
755 2320 983 2360 QUATUOR
1021 2321 1282 2352 ARTICULOS
1315 2321 1489 2352 DIVISA.

163 2464 304 2499 Deinde
326 2464 627 2499 considerandum
649 2473 702 2499 est
722 2465 765 2499 de
787 2465 968 2501 ebrietate.

579 2553 682 2588 Circa
703 2554 761 2588 hoc
783 2560 990 2600 quaeruntur
1010 2560 1165 2600 qzcatnor.

164 2625 302 2658 Primot
324 2625 457 2659 Utrum
479 2625 630 2660 ebrietas
651 2626 696 2660 sit
716 2635 918 2672 peccatum.

167 2678 348 2711 Secundo.
371 2678 502 2712 Utrum
524 2679 568 2712 sit
588 2687 779 2724 peccatum
800 2680 965 2714 mortale.

167 2729 305 2765 Tertio.
329 2731 461 2764 Utrum
483 2733 527 2766 sit
548 2732 802 2777 gravissimum
823 2738 1069 2779 peccatorum.

169 2783 322 2824 Quarto.
346 2784 476 2818 Utrum
501 2793 645 2819 excuset
665 2796 684 2819 a
705 2794 866 2831 peccato.
