1859 3122
184 185 296 225 1026
592 194 814 229 QUAESTIO
847 194 978 224 CLVII.
1011 194 1256 224 ARTICULUS
1289 194 1332 225 ΙΙ.

178 274 282 308 dum:
306 275 400 308 unde
423 274 509 308 dicit
531 274 672 308 Seneca
693 273 730 307 in
752 283 782 307 2.
807 273 850 307 de
869 273 988 308 Clem.
1012 273 1099 321 (cap.
1113 275 1189 321 ult.)
1203 288 1213 310 .·
1231 287 1249 307 ‹<
1269 274 1474 310 Clementia
1492 276 1564 311 hoc
1579 277 1738 323 primum

176 336 343 373 praestat,
371 336 408 361 ut
435 339 525 373 quos
552 327 707 369 dimittit,
733 327 824 360 nihil
851 327 946 361 aliud
974 327 1056 362 illos
1086 328 1157 373 pati
1184 328 1351 363 debuisse
1380 330 1604 374 pronuntiet:
1633 332 1739 366 venia

176 391 262 414 vero
285 381 424 414 debitae
446 391 585 426 poenae
607 380 774 414 remissio
803 388 857 414 est
882 393 922 422 »3
949 392 991 414 ex
1018 392 1090 426 quo
1117 389 1224 426 patet,
1252 382 1348 427 quod
1375 382 1567 417 clementia
1594 395 1740 431 compa-

176 442 271 467 ratur
294 433 336 466 ad
358 433 598 474 severitatem,
621 433 714 467 sicut
735 433 898 479 epicheja
929 433 972 466 ad
994 434 1166 478 justitiam
1188 434 1355 480 legalem,
1379 436 1478 480 cujus
1500 448 1579 481 pars
1607 445 1660 471 est
1685 449 1739 471 se-

175 489 303 520 veritas
326 494 500 532 quantum
523 487 566 520 ad
584 486 820 520 inflictionem
848 497 1050 532 poenarum
1076 487 1278 521 secundum
1304 487 1442 533 legem:
1471 488 1588 523 differt
1612 497 1736 524 tamen

175 540 367 574 clementia
389 540 431 573 ab
455 540 629 586 epicheja,
649 547 686 573 ut
706 539 797 573 infra
819 539 956 574 dicetur
977 540 1057 585 (art.
1079 552 1140 585 seq.
1163 540 1205 574 ad
1222 541 1278 586 L).

244 594 304 627 AD
332 603 502 627 TERT1UM
531 593 735 634 dicendum,
762 593 858 638 quod
886 593 1123 627 beatitudines
1149 601 1232 628 sunt
1257 601 1357 628 actus
1384 594 1580 629 virtutum:
1601 595 1737 631 fructus

176 653 297 680 autem
320 654 402 680 sunt
423 645 682 680 delectationes
704 646 747 679 de
770 646 907 680 actibus
932 647 1124 680 virtutum:
1152 655 1186 681 et
1208 647 1288 681 ideo
1315 648 1407 682 nihil
1431 649 1610 695 prohibet,
1635 662 1738 685 man-

173 699 399 734 suetudinem
420 699 508 745 poni
530 707 565 734 et
584 699 765 744 virtutem,
787 706 821 733 et
842 699 1113 742 beatitudinem,
1135 707 1170 734 et
1186 699 1354 735 fructum.

729 839 1074 884 ARTICULUS
1103 841 1182 883 ΙΠ.
1665 853 1734 900 764

240 949 394 979 UTRUM
426 948 700 978 PRAEDICTAE
732 948 947 978 VIRTUTES
982 949 1079 978 SINT
1112 949 1274 979 PARTES
1307 949 1656 981 TEMPERANTIAE.

346 1038 460 1084 (Supr.
477 1050 505 1082 q.
524 1049 591 1082 143.
606 1042 635 1071 ut
651 1037 729 1076 infr.
745 1049 773 1082 q.
790 1037 858 1071 161.
874 1042 936 1071 art.
952 1048 984 1081 4.
1000 1042 1029 1071 et
1042 1049 1073 1072 2.
1090 1038 1176 1071 Dist.
1190 1048 1246 1081 44.
1263 1049 1292 1083 q.
1307 1049 1338 1072 2.
1353 1042 1417 1072 art.
1433 1050 1461 1073 Ι.
1477 1037 1520 1072 ad
1529 1050 1559 1084 3.

711 1096 778 1136 etj.
794 1091 879 1124 Dist.
892 1102 936 1136 33.
952 1102 981 1135 q.
993 1102 1020 1136 3.
1040 1096 1104 1125 art.
1120 1091 1181 1135 2.).

239 1180 299 1214 AD
323 1189 494 1214 TERTIUM
521 1179 571 1213 sic
598 1179 816 1225 proceditur.
843 1179 1005 1221 Videtur,
1033 1179 1129 1225 quod
1156 1178 1360 1225 praedictae
1386 1177 1534 1213 virtutes
1560 1189 1634 1213 non
1661 1179 1731 1214 sint

167 1242 285 1279 partes
307 1233 584 1279 temperantiae:
610 1232 822 1267 clementiae
851 1233 947 1266 enirn
970 1240 1022 1266 est
1048 1232 1261 1265 diminutiva
1288 1242 1501 1277 poenarum,
1528 1240 1566 1266 ut
1592 1232 1727 1267 dictum

167 1294 219 1321 est
241 1287 322 1331 (art.
343 1286 497 1332 praec-Q
519 1286 590 1319 hoc
615 1293 735 1320 autem
757 1285 892 1319 Philos.
915 1286 952 1318 in
975 1296 1001 1330 ς.
1024 1285 1140 1318 Ethic.
1164 1286 1250 1331 (cap.
1269 1285 1336 1328 10.)
1358 1285 1516 1318 attribuit
1528 1285 1726 1331 epichejae,

167 1351 258 1385 quae
277 1339 429 1385 pertinet
452 1339 493 1372 ad
516 1339 700 1383 justitiam,
723 1347 761 1372 ut
782 1350 888 1384 supra
902 1338 1065 1372 habitum
1080 1346 1132 1372 est
1146 1338 1194 1383 (q.
1212 1350 1286 1373 120.
1305 1342 1370 1372 art.
1385 1339 1453 1382 2.),·
1471 1349 1558 1383 ergo
1572 1338 1724 1381 videtur,

165 1393 262 1438 quod
285 1392 478 1426 clementia
495 1403 569 1425 non
592 1391 636 1425 sit
658 1402 736 1437 pars
759 1391 1030 1437 temperantiae.

238 1455 269 1479 2.
285 1445 520 1479 PRAETEREA.
538 1443 796 1489 Temperantia
812 1452 864 1477 est
878 1445 971 1478 circa
987 1442 1317 1489 concupiscentias:
1333 1443 1573 1477 mansuetudo
1589 1451 1723 1486 autem,

167 1506 202 1532 et
223 1497 416 1532 clementia
437 1509 511 1531 non
533 1497 728 1543 respiciunt
749 1496 1074 1542 concupiscentias,
1096 1496 1157 1530 sed
1180 1496 1296 1542 magis
1317 1495 1421 1538 iram,
1447 1504 1483 1530 et
1506 1496 1724 1539 vindictam3

164 1562 238 1585 non
261 1562 348 1596 ergo
371 1551 501 1584 debent
519 1550 605 1595 poni
626 1558 744 1596 partes
765 1550 1037 1595 temperantiae.

239 1616 267 1650 3.
290 1604 526 1638 PRAETEREA.
551 1603 690 1637 Seneca
712 1603 797 1637 dicit
817 1603 854 1636 in
876 1613 906 1636 2.
929 1603 973 1636 de
996 1602 1201 1636 Clementia
1224 1602 1314 1648 (cap.
1335 1602 1409 1647 4.):
1432 1615 1450 1634 (ε
1465 1601 1535 1636 Cui
1549 1601 1726 1648 voluptati

163 1658 311 1692 saevitia
333 1666 396 1698 est,
419 1668 612 1703 possumus
634 1657 813 1690 insaniam
834 1667 966 1690 vocare
989 1668 1022 1697 »3
1043 1656 1116 1689 hoc
1140 1663 1261 1689 autem
1283 1655 1477 1701 opponitur
1499 1655 1725 1698 clementiae,

162 1720 196 1745 et
214 1710 500 1751 mansuetudini;
523 1721 607 1743 cum
629 1721 715 1755 ergo
738 1709 877 1743 insania
899 1717 1102 1755 opponatur
1124 1709 1345 1754 prudentiae,
1366 1708 1505 1742 videtur
1527 1709 1625 1754 quod
1651 1708 1722 1743 cle-

161 1764 308 1805 mentia,
331 1772 365 1797 et
387 1763 627 1797 mansuetudo
650 1763 719 1796 sint
737 1770 855 1808 partes
877 1762 1086 1808 prudentiae
1108 1762 1237 1807 magis,
1260 1773 1369 1807 quam
1387 1762 1659 1807 temperantiae.

232 1817 306 1851 SED
319 1827 474 1851 CONTRA
487 1825 549 1857 est,
565 1816 661 1861 quod
678 1816 817 1849 Seneca
837 1816 922 1849 dicit
936 1816 972 1849 in
988 1825 1018 1848 2.
1036 1816 1078 1849 de
1094 1814 1378 1861 Clem.(cc1p.3.)‚
1393 1815 1519 1860 «quod
1530 1815 1724 1850 clementia

160 1879 213 1904 est
233 1870 470 1916 temperantia
487 1870 597 1902 animi
612 1869 647 1902 in
662 1877 838 1914 potestate
854 1868 1051 1902 ulciscendi
1061 1880 1092 1902 »z
1110 1867 1252 1902 Tullius
1267 1869 1375 1902 etiam
1391 1868 1465 1912 (lib.
1482 1880 1513 1903 2.
1529 1868 1565 1903 de
1575 1869 1722 1914 Invent.)

158 1923 261 1968 ponit
282 1923 514 1957 clementiam
536 1930 674 1968 partem
697 1922 968 1967 temperantiae.

228 1977 457 2011 RESPONDEO
480 1975 686 2016 dicendum,
714 1975 809 2020 quod
836 1983 954 2019 partes
981 1975 1208 2019 assignantur
1233 1973 1425 2008 virtutibus
1452 1973 1721 2020 principalibus,

158 2029 357 2063 secundum
381 2029 477 2075 quod
499 2029 685 2062 imitantur
708 2028 801 2074 ipsas
823 2028 859 2061 in
881 2027 1058 2073 aliquibus
1077 2027 1236 2062 materiis
1251 2027 1471 2061 secundariis
1487 2035 1661 2073 quantum
1676 2028 1720 2062 ad

158 2083 321 2123 modum,
345 2093 385 2116 ex
408 2093 480 2127 quo
503 2081 747 2127 principaliter
770 2081 948 2127 dependet
968 2080 1045 2115 laus
1063 2081 1219 2122 virtutis;
1242 2081 1335 2114 unde
1358 2089 1392 2114 et
1412 2091 1548 2114 nornen
1571 2081 1719 2126 accipit:

157 2136 249 2170 sicut
270 2136 410 2176 modus,
434 2142 468 2168 et
488 2146 623 2168 nomen
646 2134 799 2179 justitiae
819 2135 855 2167 in
874 2135 1029 2180 quadam
1052 2134 1266 2179 aequalitate
1294 2134 1475 2176 consistit;
1501 2133 1718 2169 fortitudinis

157 2197 277 2223 autem
300 2189 336 2222 in
359 2188 470 2221 animi
488 2187 644 2233 quadam
666 2187 853 2229 firmitate,
876 2187 1135 2233 temperantiae
1158 2195 1278 2220 autem
1299 2187 1335 2220 in
1362 2188 1518 2233 quadam
1543 2186 1719 2221 refraena-

155 2242 266 2283 tione,
288 2242 503 2287 inquantum
525 2240 662 2274 scilicet
683 2239 859 2274 refraenat
882 2240 1194 2286 concupiscentias
1208 2240 1548 2274 vehementissimas
1567 2240 1718 2275 delecta-

155 2296 296 2330 tionum
319 2303 453 2329 tactus:
475 2293 668 2328 clementia
690 2301 822 2335 autem,
845 2301 878 2327 et
897 2293 1136 2327 mansuetudo
1158 2292 1323 2327 similiter
1345 2293 1381 2327 in
1404 2293 1560 2339 quadam
1586 2292 1716 2328 refrae-

155 2349 302 2383 natione
325 2348 541 2389 consistunt3
565 2346 647 2392 quia
669 2346 807 2380 scilicet
835 2346 1027 2380 clementia
1054 2355 1106 2380 est
1133 2346 1346 2380 diminutiva
1372 2357 1592 2392 poenarum;
1618 2357 1718 2380 man-

154 2401 307 2436 suetudo
329 2412 415 2434 vero
438 2409 491 2434 est
512 2399 713 2445 mitigativa
741 2400 823 2440 irae,
851 2407 888 2432 ut
915 2411 956 2433 ex
983 2400 1085 2433 dictis
1112 2407 1209 2444 patet
1237 2399 1316 2442 (art.
1343 2412 1370 2434 r.
1395 2404 1424 2434 et
1444 2411 1475 2434 2.
1496 2399 1652 2446 praec.);
1681 2408 1716 2434 et

154 2456 235 2489 ideo
257 2463 332 2489 tam
355 2454 559 2495 clementia,
581 2464 689 2498 quam
711 2452 952 2486 mansuetudo
975 2453 1216 2498 adjunguntur
1237 2452 1510 2498 temperantiae,
1536 2452 1629 2486 sicut
1649 2452 1716 2487 vir-

151 2509 218 2543 tuti
238 2507 442 2554 principali:
467 2514 501 2541 et
521 2505 721 2540 secundum
742 2505 814 2539 hoc
837 2513 1017 2551 ponuntur
1039 2514 1156 2551 partes
1184 2507 1455 2552 temperantiae.

225 2562 285 2595 AD
316 2571 465 2595 PRIMUM
493 2570 579 2605 ergo
603 2558 807 2600 dicendum,
836 2559 930 2604 quod
958 2559 993 2592 in
1021 2559 1259 2593 diminutione
1282 2570 1480 2605 poenarum
1502 2566 1585 2593 sunt
1601 2558 1714 2593 consi-

153 2615 308 2648 deranda
327 2614 410 2653 du0;
435 2624 589 2659 quorum
611 2624 714 2646 unum
737 2619 798 2653 est,
821 2612 916 2657 qued
937 2612 1126 2646 diminutio
1147 2623 1347 2657 poenarum
1366 2611 1426 2646 fiat
1446 2611 1647 2646 secundum
1661 2613 1710 2646 in—

152 2668 351 2702 tentionem
385 2666 614 2711 legislatoris,
649 2665 733 2699 licet
757 2676 831 2698 non
859 2665 1057 2698 secundum
1084 2665 1191 2699 verba
1218 2665 1325 2711 legis:
1353 2674 1388 2700 et
1413 2664 1612 2699 secundum
1637 2665 1709 2699 hoc

152 2722 304 2767 pertinet
326 2721 368 2754 ad
390 2720 608 2766 epichejam:
631 2718 722 2753 aliud
745 2726 863 2751 autem
880 2726 932 2751 est
953 2718 1130 2763 quaedam
1151 2719 1353 2752 moderatio
1369 2717 1529 2760 affectus,
1544 2726 1581 2752 ut
1595 2718 1708 2752 homo

152 2786 225 2809 non
247 2782 365 2807 utatur
386 2785 449 2807 sua
472 2780 647 2818 potestate
670 2772 704 2805 in
727 2771 922 2805 inflictione
945 2782 1164 2816 poenarum:
1188 2780 1222 2806 et
1243 2772 1315 2805 hoc
1337 2772 1480 2818 proprie
1498 2771 1650 2818 pertinet
1664 2771 1708 2805 ad

153 2827 404 2868 clementiam3
426 2833 571 2871 propter
593 2825 688 2871 quod
717 2825 855 2859 Seneca
882 2824 967 2858 dicit
992 2824 1068 2868 (lib.
1094 2835 1124 2858 2.
1152 2824 1187 2858 da
1217 2824 1319 2859 Clam.
1342 2831 1412 2870 cap.
1430 2825 1489 2870 3.),
1517 2824 1613 2870 quod
1640 2823 1709 2858 cle-

153 2881 288 2915 mentia
307 2888 359 2914 est
379 2879 614 2924 temperantia
638 2878 746 2912 animi
770 2878 804 2911 in
824 2885 999 2923 potestate
1022 2876 1237 2911 ulciscendi:
1260 2885 1295 2911 ct
1316 2877 1406 2911 haec
1426 2877 1571 2923 quidem
1587 2876 1708 2911 mode-
