1859 3122
483 141 703 178 QUAESTro
737 141 825 171 xtx.
860 140 1102 172 Alimentus
1135 140 1209 170 ΧΠ.
1546 129 1619 169 161

585 323 927 368 ARTICULUS
963 324 1063 367 XII.
1562 344 1620 379 105

339 439 490 469 UTRUM
517 438 763 468 PAUPERTAS
787 439 978 468 SPIRITUS
1008 439 1074 468 SIT
1099 438 1354 468 BEATITUDO

521 503 798 534 RESPONDENS
827 503 952 534 DONO
978 503 1170 533 TIMORIS.

328 605 432 652 (Insr.
455 617 484 651 q.
506 616 573 640 121.
596 610 660 639 art.
682 617 712 640 2.
735 611 765 640 et
781 617 809 652 3.
833 605 920 640 Dist.
939 616 990 652 34.
1014 617 1043 651 q.
1066 617 1092 640 r.
1116 609 1179 639 art.
1195 615 1228 649 4.
1248 609 1276 639 ct
1299 604 1360 649 6.).

139 707 198 741 AD
220 717 478 742 DUODECIMUM
506 706 556 741 sic
578 706 794 753 proceditur.
817 705 979 749 Videtur,
999 706 1094 752 quod
1117 713 1308 752 paupertas
1330 704 1472 751 spiritus
1491 716 1565 739 non
1584 704 1629 739 sit

67 760 250 795 beatitudo
273 760 493 806 respondens
515 760 613 794 dono
635 760 793 794 timoris:
816 760 925 794 timor
947 760 1043 794 enim
1066 767 1118 794 est
1138 759 1279 793 initium
1309 758 1501 804 spiritualis
1521 758 1627 800 vitae,

68 822 106 849 ut
128 826 170 849 ex
192 814 294 848 dictis
309 822 406 860 patet
421 814 502 858 (art.
523 825 553 859 7.
572 814 639 859 huj.
655 814 701 859 q.)
716 826 725 848 :
748 813 809 847 sed
824 821 1013 859 paupertas
1028 813 1181 859 pertinet
1198 812 1242 846 ad
1261 811 1520 858 perfectionem
1533 811 1627 845 vitae

68 867 272 914 spiritualis,
294 867 493 902 secundum
515 866 602 901 illud
623 867 750 901 Matth.
770 878 837 914 19.:
859 867 896 902 Si
908 868 960 901 ὀἷς
967 867 1130 913 perfectus
1147 878 1220 909 esse,
1234 865 1327 907 vade,
1346 870 1376 900 et
1387 865 1489 900 vende
1504 866 1628 907 omnia,

68 932 150 967 quae
170 921 276 964 habes,
299 926 329 956 et
345 921 386 955 da
404 921 630 968 pacheribus;
655 931 741 967 ergo
763 928 953 967 paupertas
975 920 1118 966 spiritus
1144 931 1219 954 non
1245 918 1439 966 respondet
1464 918 1561 953 dono
1588 918 1629 952 ti-

70 975 192 1009 moris.

139 1038 171 1062 2.
200 1028 434 1062 PRAETEREA.
466 1028 505 1061 In
534 1026 628 1062 Psal.
654 1027 730 1062 118.
760 1027 907 1062 dicitur:
933 1027 1065 1073 Configc
1096 1028 1212 1062 timore
1234 1032 1288 1062 tuo
1311 1038 1422 1062 carnes
1447 1037 1559 1060 meas:
1588 1036 1629 1059 ex

69 1093 140 1128 quo
151 1081 301 1123 videtur,
310 1082 406 1127 quod
418 1081 461 1114 ad
471 1081 643 1115 timorem
658 1081 833 1127 pertineat
848 1092 994 1115 carnem
1008 1081 1221 1127 reprimere:
1238 1080 1299 1115 sed
1311 1080 1354 1114 ad
1366 1079 1629 1126 repressionem

70 1135 185 1170 carnis
207 1135 363 1169 maxime
377 1134 517 1169 videtur
531 1135 709 1181 pertinere
723 1135 907 1169 beatitudo
922 1134 1038 1169 luctus
1051 1147 1059 1177 3
1082 1145 1168 1180 ergo
1184 1134 1368 1168 beatitudo
1382 1132 1498 1168 luctus
1514 1132 1630 1178 magis

70 1189 262 1236 respondet
283 1188 380 1222 dono
402 1188 555 1230 timoris,
578 1199 688 1234 quam
709 1188 893 1222 beatitudo
915 1189 1144 1234 paupertatis.

143 1254 171 1289 3.
199 1243 433 1277 PRAETEREA.
461 1242 610 1276 Donum
639 1242 779 1276 timoris
809 1242 1004 1288 respondet
1031 1243 1152 1276 virtuti
1182 1242 1269 1288 spei,
1296 1243 1387 1276 sicut
1416 1241 1551 1275 dictum
1579 1249 1631 1275 est

72 1297 152 1341 (art.
176 1308 207 1343 9.
231 1296 298 1342 huj.
318 1308 347 1341 q.
369 1295 411 1330 ιιιῖ
432 1297 500 1340 1.).·
523 1295 583 1330 sed
606 1296 681 1342 spei
702 1295 860 1330 maxime
882 1295 1023 1330 videtur
1043 1296 1261 1341 respondere
1282 1295 1465 1330 beatitudo
1492 1294 1630 1336 ultima,

75 1361 165 1395 quae
188 1357 257 1384 est:
279 1350 374 1383 Beati
388 1350 536 1395 pacifici,
559 1351 714 1394 qnoniam
733 1349 815 1384 filii
828 1350 895 1384 Dei
908 1351 1137 1384 vocabuntur.-
1156 1349 1250 1395 quia,
1266 1357 1303 1383 ut
1318 1349 1446 1383 dicitur
1458 1348 1565 1382 Rom.
1582 1359 1629 1392 5.:

80 1403 279 1438 Gloriantur
303 1403 338 1436 in.
367 1409 420 1449 spe
443 1402 568 1447 glorian³
590 1403 743 1448 filiorum
764 1403 853 1443 Dat]
884 1414 970 1449 ergo
997 1403 1180 1438 beatitudo
1206 1402 1267 1436 illa
1297 1402 1412 1448 magis
1440 1402 1631 1447 respondet

75 1456 172 1490 dono
193 1456 344 1497 timoris,
366 1467 475 1501 quam
496 1464 686 1501 paupertas
708 1456 861 1502 spiritus.

142 1519 174 1552 4.
196 1509 430 1543 PRAETEREA.
447 1508 561 1554 Supra
575 1509 711 1542 dictum
734 1517 786 1543 est
806 1511 882 1552 (1-2.
905 1521 934 1555 q.
951 1520 1003 1556 70.
1019 1515 1081 1544 art.
1096 1510 1158 1555 2.),
1174 1509 1271 1556 quod
1285 1509 1562 1543 beatitudinibus
1577 1520 1630 1542 re-

79 1562 255 1609 spondent
275 1561 428 1596 fructus:
460 1562 520 1595 sed
542 1561 631 1595 nihil
652 1563 688 1595 in
709 1561 880 1596 fructibus
902 1563 1082 1596 invenitur
1102 1563 1319 1608 respondere
1348 1563 1444 1597 dono
1471 1563 1630 1605 timoris;

73 1627 159 1661 ergo
183 1615 290 1649 etiam
311 1625 426 1660 neque
447 1615 480 1648 in
502 1615 778 1649 beatitudinibus
801 1615 934 1661 aliquid
957 1616 989 1649 ei
1010 1616 1211 1661 respondet.

145 1669 218 1703 SED
235 1678 389 1703 CONTRA
404 1675 467 1710 est,
483 1669 579 1714 quod
594 1669 688 1714 Aug.
705 1669 800 1703 dicit.
812 1669 847 1702 in
858 1669 916 1702 lib.
932 1680 958 1703 1.
974 1669 1016 1703 de
1029 1669 1143 1703 Serm.
1155 1669 1265 1703 Dom.
1281 1669 1316 1702 in
1331 1676 1454 1703 monte
1471 1669 1554 1715 (cap.
1566 1670 1629 1715 4.),

72 1723 181 1757 timor
201 1722 271 1755 Dei
294 1722 459 1767 congruit
479 1721 686 1764 humilibus,
709 1722 752 1756 de
771 1723 897 1768 quibus
921 1723 1067 1756 dicitur:
1090 1724 1185 1758 Beati
1201 1729 1365 1769 pauperes
1384 1725 1515 1769 spiritu.

143 1775 371 1809 RESPONDEO
394 1775 601 1817 dicendum,
623 1776 719 1821 quod
741 1776 863 1810 timori
885 1776 1027 1821 proprie
1049 1777 1244 1822 respondet
1265 1784 1454 1822 paupertas
1469 1776 1630 1822 spiritus:

74 1840 156 1864 cum
178 1828 274 1863 enim
296 1828 339 1862 ad
374 1828 544 1862 timorem
573 1828 721 1863 filialem
751 1829 926 1875 pertineat
951 1830 1032 1863 Deo
1064 1829 1302 1864 reverentiam
1334 1830 1511 1871 exhibere,
1540 1838 1574 1864 et
1600 1830 1632 1863 ei

72 1882 253 1917 subditum
280 1892 369 1923 esse,
399 1881 433 1915 id
463 1882 559 1928 quod
587 1893 628 1916 ex
654 1883 861 1928 hujusmodi
890 1883 1112 1928 subjectione
1140 1883 1382 1929 consequitur,
1409 1883 1562 1929 pertinet
1588 1883 1631 1917 ad

72 1935 209 1969 donum
230 1935 388 1969 timoris:
412 1946 453 1969 ex
474 1935 546 1969 hoc
570 1943 690 1970 autem
713 1936 809 1982 quod
832 1936 960 1982 aliquis
981 1937 1062 1971 Deo
1084 1947 1121 1971 se
1141 1937 1293 1982 subjicit,
1316 1936 1445 1970 desinit
1459 1948 1630 1983 quaerere

72 1989 109 2023 in
130 1989 258 2035 seipso,
283 1988 341 2023 vel
362 1990 397 2023 in
419 1988 539 2035 aliquo
569 1989 640 2023 alio
663 1989 900 2036 magnificari,
928 1990 996 2024 nisi
1017 1990 1052 2024 in
1074 1990 1177 2025 Deo:
1206 1990 1278 2024 hoc
1301 1990 1398 2024 enim
1416 1998 1632 2036 repugnaret

73 2041 250 2088 perfectae
272 2042 486 2088 subjectioni
508 2042 551 2076 ad
572 2043 714 2085 Deum3
735 2043 829 2077 unde
852 2043 980 2078 dicitur
1001 2043 1037 2077 in
1064 2043 1157 2078 Psal.
1185 2054 1255 2089 19.:
1285 2044 1336 2078 Hi
1362 2045 1396 2078 in
1417 2045 1583 2086 curribus,
1605 2049 1632 2078 ct

74 2096 107 2130 hi
127 2097 161 2130 in
181 2097 268 2142 equis
278 2106 288 2128 .·
310 2107 368 2130 nos
393 2101 501 2130 autam
519 2097 554 2130 in
574 2098 705 2131 nomine
726 2098 792 2131 Dei
818 2098 921 2132 nostri
942 2098 1192 2137 invocabimus;
1217 2104 1251 2131 et
1271 2096 1353 2131 ideo
1377 2108 1418 2131 ex
1438 2097 1510 2131 hoc
1535 2097 1630 2143 quod

75 2148 201 2195 aliquis
222 2148 376 2194 perfecte
397 2149 500 2183 timet
517 2149 650 2192 Deum,
677 2161 903 2196 consequens
926 2159 988 2192 est,
1011 2151 1107 2196 quod
1136 2161 1210 2184 non
1234 2158 1381 2196 quaerat
1407 2150 1631 2196 magnificari

74 2202 110 2236 in
132 2203 248 2248 seipso
279 2214 342 2248 per
368 2203 591 2249 superbiam:
622 2214 739 2249 neque
766 2204 874 2238 etiam
903 2211 1051 2250 quaerat
1081 2203 1307 2249 magnificari
1336 2203 1371 2236 in
1399 2204 1631 2237 exterioribus

74 2256 189 2298 bonis,
211 2255 348 2290 scilicet
372 2256 583 2298 honoribus,
611 2265 645 2290 et
671 2257 819 2291 divitiis:
848 2268 1002 2303 quorum
1029 2264 1220 2302 utrumque
1241 2257 1395 2302 pertinet
1421 2257 1464 2291 ad
1487 2268 1634 2303 pauper-

74 2316 184 2343 tatem
203 2309 355 2354 spiritus,
378 2309 577 2343 secundum
593 2310 689 2356 quod
705 2319 894 2357 paupertas
910 2311 1051 2356 spiritus
1066 2310 1216 2355 intelligi
1231 2318 1359 2356 potest,
1374 2311 1424 2345 vel
1438 2311 1631 2344 exinanitio

74 2362 196 2404 inflati,
219 2370 253 2396 et
274 2363 415 2408 superbi
441 2363 594 2409 spiritus,
621 2372 659 2398 ut
685 2364 780 2410 Aug.
808 2364 954 2410 exponit
973 2365 1049 2409 (loc.
1068 2371 1137 2410 sup.
1160 2365 1244 2409 cit),
1269 2364 1321 2398 vel
1342 2364 1449 2398 etiam
1478 2363 1631 2409 abjectio

74 2415 329 2462 temporalium
351 2427 482 2458 rerum,
506 2428 596 2462 quae
627 2417 664 2451 fit
686 2417 821 2463 spiritu,
844 2418 933 2452 idest
955 2417 1098 2464 propria
1127 2416 1312 2451 voluntate
1340 2428 1402 2462 per
1423 2417 1631 2450 instinctum

76 2469 224 2515 Spiritus
248 2469 382 2511 Sancti,
403 2477 441 2503 ut
462 2470 631 2504 Ambros.
655 2470 739 2517 (sup.
759 2471 840 2505 illud
862 2472 941 2506 Luc.
963 2472 994 2506 6.
1013 2484 1022 2505 .·
1044 2472 1141 2505 Beati
1160 2471 1349 2516 pauperes),
1373 2478 1407 2504 et
1429 2470 1525 2504 Hier.
1548 2471 1630 2517 (sup.

75 2522 158 2557 hunc
180 2522 238 2556 loc.
259 2522 379 2556 Matth.
407 2523 458 2567 6.)
482 2531 676 2569 exponunt.

146 2575 205 2609 AD
231 2585 379 2609 PRIMUM
407 2587 493 2621 ergo
521 2576 726 2618 dicendum,
754 2578 850 2623 quod
878 2589 961 2611 cum
987 2577 1172 2612 beatitudo
1200 2577 1243 2611 sit
1270 2585 1369 2610 actus
1395 2576 1533 2610 virtutis
1559 2588 1634 2622 per-

74 2626 202 2670 fectae,
225 2639 352 2661 omnes
374 2628 610 2663 beatitudines
633 2630 675 2663 ad
695 2629 953 2676 perfectionem
971 2631 1162 2676 spiritualis
1180 2631 1274 2664 vitae
1293 2632 1485 2675 pertinent:
1509 2630 1543 2663 in
1563 2642 1632 2676 qua

77 2680 222 2726 quidem
244 2680 464 2727 perfectione
485 2682 700 2728 principium
723 2694 799 2717 esse
819 2684 970 2725 videtur,
989 2692 1027 2717 ut
1040 2684 1189 2717 tendens
1206 2683 1248 2716 ad
1263 2682 1459 2728 perfectam
1474 2683 1633 2728 spiritua-

76 2733 164 2767 lium
175 2734 356 2767 bonorum
370 2734 691 2780 participationem,
701 2744 841 2770 terrena
852 2737 948 2770 bona
963 2744 1186 2771 contemnat:
1203 2737 1294 2770 sicut
1308 2744 1343 2770 et
1352 2736 1461 2770 timor
1475 2737 1632 2781 primum

76 2786 200 2821 locu'm
221 2787 330 2822 habet
350 2787 386 2821 in
408 2787 531 2822 donis:
552 2799 627 2822 non
649 2796 769 2823 autem
791 2790 954 2823 consistit
975 2789 1147 2835 perfectio
1162 2789 1197 2822 in
1213 2789 1289 2835 ipsa
1303 2789 1558 2836 temporalium
1572 2790 1633 2823 bo-

77 2851 208 2874 norum
223 2840 442 2882 desertione3
465 2840 526 2875 sed
540 2841 630 2875 haec
654 2850 705 2876 est
726 2842 782 2876 via
806 2842 848 2876 ad
871 2842 1148 2888 perfectionem:
1171 2842 1280 2876 timor
1295 2850 1413 2876 autem
1430 2842 1560 2885 filialis,
1576 2843 1633 2877 cui
