1859 3122
452 141 669 178 QUAESTIO
701 142 874 172 LXXXIV.
910 142 1151 174 ARTICULUS
1185 142 1212 173 1.
1529 133 1606 174 601

634 314 975 359 ARTICULUS
1010 315 1042 357 Ι.
1543 337 1609 372 453

160 422 313 452 UTRUM
345 422 573 452 ADORATIO
609 424 675 453 SIT
708 423 850 453 ACTUS
884 424 1083 462 LATRIAE,
1119 423 1211 452 SIVE
1245 423 1505 453 RELIGIONIS.

264 511 303 558 (3.
325 512 412 545 Dz'st.
439 521 491 547 10.
519 524 548 558 q.
570 525 597 547 Ι.
621 517 684 547 art.
707 524 737 548 2.
760 524 789 558 q.
810 524 838 558 7.
862 518 889 547 at
907 513 962 547 lib.
978 525 1005 559 3.
1032 513 1146 548 Conlr.
1166 524 1195 557 g.
1215 518 1284 558 sap.
1307 512 1411 558 119).

132 600 192 635 ΑΙ)
211 610 358 635 PRIMUM
381 601 430 634 sic
453 601 666 647 proceditur.
690 601 852 643 Videtur,
879 601 975 647 quod
999 602 1162 635 adoratio
1184 613 1257 635 non
1281 602 1324 635 sit
1354 609 1453 635 actus
1476 601 1612 643 latriae,

63 654 137 688 sive
159 653 365 699 religionis:
390 655 505 689 cultus
528 655 624 689 enim
640 654 823 700 religionis
839 655 906 689 soli
921 655 1001 689 Deo
1021 656 1186 690 debetur:
1210 655 1270 689 sed
1291 655 1453 688 adoratio
1469 666 1541 688 non
1561 655 1617 688 de-

62 708 165 742 betur
185 707 253 741 soli
274 708 372 742 Deo:
395 707 524 753 legitur
547 709 642 743 enim
667 708 757 743 Gen.
785 709 834 742 18.
859 709 955 754 quod
981 708 1169 742 Abraham
1200 709 1362 742 adoravit
1389 708 1548 753 angdoe,
1579 716 1614 742 et

66 772 94 806 3.
116 760 204 806 Reg.
232 771 258 795 1.
282 761 421 804 dicitur,
450 762 545 808 quod
572 762 707 797 Nathan
734 762 895 808 Propheta
923 763 1079 807 ingressus
1109 761 1150 795 acl
1176 774 1279 807 regem
1307 762 1436 804 David,
1460 762 1616 796 adoravit

62 826 133 849 eum
151 821 280 861 pronus
307 816 339 849 in
361 820 484 849 terram
498 828 511 856 ;
535 826 621 861 ergo
642 815 804 849 adoratio
826 827 900 849 non
927 823 979 849 est
1001 823 1100 848 actus
1119 814 1315 860 religionis.

135 878 165 902 2.
187 868 423 903 PRAETEREA.
446 868 646 914 Religionis
669 868 784 903 cultus
807 869 954 903 debetur
971 869 1064 910 Deo,
1086 877 1193 914 prout
1213 868 1250 902 in
1264 869 1343 914 ipso
1357 868 1618 911 beatificamur,

64 929 103 956 ut
122 929 220 968 patet
240 933 302 968 per
322 922 416 968 Aug.
438 922 475 956 in
500 933 551 957 10.
574 922 617 956 de
640 922 720 957 Civ.
741 922 810 956 Dei
839 923 926 969 (cap.
948 922 1020 967 1.):
1048 922 1108 956 sed
1141 922 1302 956 adoratio
1333 922 1479 956 debetur
1510 922 1542 955 ei
1568 933 1620 955 ra-

63 976 162 1009 tione
184 975 399 1020 majestatis:
422 975 505 1022 quia
526 987 630 1022 super
651 975 739 1010 illud
760 975 854 1010 Psal.
878 976 956 1010 28.:
979 975 1128 1011 Asioi-ata
1149 976 1337 1010 Dominum
1357 977 1390 1008 in
1405 976 1491 1009 atrio
1508 980 1616 1010 sancto

66 1030 145 1074 ejus,
169 1028 255 1063 dicit
277 1028 378 1063 Glos.
401 1028 489 1074 (ord.
514 1028 660 1063 Cassiod.
681 1035 752 1076 sup.
773 1029 918 1064 illzchs.
943 1041 1006 1076 95.:
1024 1029 1160 1064 Introite
1181 1031 1216 1063 in
1238 1030 1328 1064 atria
1349 1031 1436 1074 ejus:
1460 1042 1477 1060 α
1492 1029 1547 1063 De
1562 1029 1618 1062 his

65 1082 160 1116 atriis
182 1082 321 1117 venitur
341 1082 378 1116 in
400 1082 541 1124 atrium,
563 1082 623 1116 ubi
644 1083 814 1128 majestas
837 1082 1005 1117 adoratur
1019 1095 1059 1126 »3
1082 1093 1170 1129 ergo
1187 1082 1349 1117 adoratio
1364 1094 1437 1116 non
1453 1091 1505 1116 est
1519 1090 1618 1117 actus

63 1134 197 1170 latriae.

138 1200 167 1235 3.
188 1188 424 1224 PRAETEREA.
446 1189 563 1224 Unius
583 1188 767 1235 religionis
783 1188 898 1224 cultus
916 1189 1027 1224 tribus
1041 1189 1203 1236 personis
1219 1190 1385 1224 debetur:
1407 1201 1481 1223 non
1496 1197 1617 1223 autem

66 1253 137 1276 una
160 1241 371 1277 adoratione
397 1243 591 1278 adoramus
612 1251 684 1278 tres
705 1254 888 1290 personas,
911 1243 972 1278 sed
995 1243 1039 1278 ad
1060 1243 1332 1278 invocationem
1362 1243 1471 1277 trium
1500 1254 1620 1289 perso-

65 1307 195 1330 narum
212 1295 443 1342 'singulariter
464 1296 760 1342 genuflectimus,
783 1308 869 1343 ergo
893 1297 1056 1331 adoratio
1078 1308 1151 1331 non
1174 1304 1226 1332 est
1248 1305 1348 1332 actus
1368 1297 1503 1332 latriae.

136 1348 209 1383 SED
232 1360 387 1384 CONTRA
409 1358 472 1393 est,
494 1350 591 1397 quod
611 1350 739 1385 Matth.
761 1360 794 1394 4.
815 1350 1013 1386 inducitur:
1031 1352 1218 1385 Dominum
1244 1351 1355 1386 Duum
1382 1357 1474 1386 tuum
1504 1350 1620 1385 adora-

65 1403 124 1446 bis,
147 1407 175 1437 et
192 1403 242 1437 illi
266 1403 326 1438 soli
351 1405 478 1438 servies.

135 1456 363 1491 RESPONDEO
386 1457 591 1499 dicendum,
613 1458 709 1503 quod
731 1457 894 1492 adoratio
918 1458 1102 1492 ordinatur
1122 1458 1159 1492 in
1181 1458 1421 1492 reverentiam
1443 1458 1529 1503 ejus,
1557 1457 1617 1503 qui

68 1509 254 1544 adoratur:
277 1509 509 1545 manifestum
532 1519 585 1545 est
610 1518 731 1545 autem
754 1522 796 1545 ex
817 1511 920 1546 dictis
941 1512 986 1557 (q.
1013 1512 1068 1546 81.
1084 1517 1146 1546 art.
1162 1523 1192 1546 2.
1208 1512 1294 1557 et3.)
1319 1511 1415 1557 quod
1436 1511 1621 1557 religionis

65 1563 250 1610 proprium
273 1572 326 1598 est
346 1564 586 1598 reverentiam
606 1564 687 1598 Deo
710 1564 895 1607 exhibere3
918 1564 1011 1599 unde
1033 1564 1208 1607 adoratio,
1231 1576 1300 1610 qua
1326 1565 1425 1599 Deus
1440 1565 1620 1606 adoratur,

66 1625 119 1651 est
139 1617 324 1663 religionis
347 1625 457 1651 actus.

137 1671 196 1705 AD
218 1681 367 1706 PRIMUM
389 1682 474 1717 ergo
499 1671 703 1713 dicendum,
719 1671 815 1717 quod
835 1671 918 1706 Deo
940 1671 1088 1705 debetur
1101 1672 1299 1706 reverentia
1313 1679 1458 1718 propter
1473 1672 1548 1717 ejus
1567 1683 1623 1706 ex-

67 1723 292 1767 cellentiam;
315 1735 406 1770 quae
429 1724 604 1770 aliquibus
627 1725 797 1759 creaturis
823 1725 1114 1759 communicatur
1141 1737 1215 1759 non
1242 1725 1441 1759 secundum
1470 1725 1625 1771 aequali-

65 1785 189 1820 tatem,
210 1778 272 1812 sed
294 1778 493 1812 secundum
516 1778 712 1824 quamdam
733 1778 1047 1824 participationem
1064 1791 1071 1820 3
1091 1786 1125 1812 et
1138 1779 1220 1812 ideo
1236 1778 1304 1812 alia
1318 1779 1551 1813 veneratione
1566 1789 1625 1812 ve-

66 1842 236 1866 neramur
256 1832 389 1873 Deum,
412 1831 508 1878 quod
530 1831 685 1877 pertinet
707 1832 749 1865 ad
771 1831 933 1874 latriam3
956 1839 991 1866 et
1012 1832 1081 1865 alia
1107 1832 1341 1866 veneratione
1368 1832 1541 1878 quasdam
1570 1843 1624 1865 ex-

69 1883 240 1919 cellentes
263 1893 454 1926 creaturas,
477 1885 573 1930 quod
600 1885 754 1931 pertinet
776 1885 819 1918 acl
841 1884 989 1927 duliam,
1012 1885 1055 1919 de
1077 1897 1147 1931 qua
1168 1893 1251 1932 post
1276 1885 1413 1919 dicetur
1448 1885 1492 1930 (q.
1515 1885 1623 1931 103.);

69 1946 104 1973 et
124 1939 207 1984 quia
226 1949 269 1972 ea
292 1949 382 1984 quae
405 1938 557 1972 exterius
580 1946 744 1984 aguntur,
764 1938 866 1984 signa
887 1946 969 1973 sunt
988 1938 1169 1972 interioris
1190 1939 1424 1981 reverentiae,
1446 1939 1624 1984 quaedam

69 1992 245 2025 exteriora
267 1991 310 2025 ad
333 1991 571 2026 reverentiam
592 1991 807 2038 pertinentia
829 1992 1040 2026 exhibentur
1058 1991 1315 2026 excellentibus
1338 1992 1520 2033 creaturis,
1534 1992 1626 2025 inter

71 2056 161 2091 quae
183 2045 384 2078 maximum
412 2053 464 2079 est
485 2044 667 2080 adoratio:
691 2045 753 2080 sed
777 2044 909 2091 aliquid
933 2054 996 2087 est,
1019 2046 1116 2091 quod
1134 2045 1203 2080 soli
1222 2046 1304 2080 Deo
1335 2045 1532 2090 exhibetur,
1563 2045 1628 2079 sci-

70 2097 156 2133 licet
175 2097 416 2140 sacrificium;
439 2098 532 2132 unde
553 2098 648 2144 Aug.
671 2098 757 2132 dicit
778 2100 814 2133 in
841 2109 891 2133 10.
915 2099 957 2133 de
986 2099 1064 2134 Civ.
1086 2099 1155 2133 Dei
1178 2100 1266 2145 (cap.
1289 2099 1364 2143 4.):
1402 2098 1549 2132 «Multa
1584 2098 1627 2132 de

72 2151 170 2186 cultu
191 2151 313 2185 divino
335 2159 503 2197 usurpata
525 2159 616 2194 sunt,
639 2163 729 2198 quae
751 2152 951 2186 honoribus
974 2152 1180 2187 deferuntur
1205 2152 1386 2194 humanis,
1413 2153 1487 2186 sive
1513 2152 1628 2185 humi-

72 2204 171 2239 litate
191 2205 316 2247 nimia,
334 2205 408 2239 sive
431 2204 636 2240 adulatione
656 2205 843 2251 pestifera:
865 2206 913 2240 ita
935 2215 1056 2240 tamen
1078 2214 1116 2240 ut
1130 2206 1258 2252 quibus
1273 2217 1314 2240 ea
1333 2205 1551 2247 deferuntur,
1566 2205 1629 2239 ho-

73 2259 188 2292 mines
210 2259 439 2301 haberentur,
461 2259 521 2304 qui
543 2259 707 2293 dicuntur
724 2259 878 2302 colendi,
901 2267 936 2294 et
955 2260 1169 2302 venerandi3
1196 2260 1226 2294 si
1248 2268 1369 2294 autem
1398 2259 1554 2294 multum
1578 2258 1627 2293 eis

75 2312 225 2354 additur,
248 2320 282 2346 et
304 2312 487 2346 adorandi.
512 2312 603 2352 Quis
625 2324 712 2346 vero
735 2313 1012 2347 sacrificandum
1035 2313 1184 2356 censuit,
1206 2313 1275 2347 nisi
1296 2313 1339 2355 ei,
1371 2324 1478 2359 quem
1507 2313 1627 2346 Deum

76 2373 136 2400 aut
156 2365 271 2408 scivit,
294 2373 354 2399 aut
375 2365 522 2412 putavit,
545 2374 605 2400 aut
626 2365 752 2400 finxit?
774 2380 791 2399 ›>
815 2366 1025 2400 Secundum
1046 2368 1283 2401 reverentiam
1299 2378 1398 2413 ergo,
1421 2377 1511 2412 quae
1534 2376 1628 2399 crea-

75 2426 175 2453 turae
197 2418 387 2453 excellenti
409 2418 568 2461 debetur,
589 2419 735 2453 Nathan
757 2419 919 2454 adoravit
938 2420 1076 2454 David:
1099 2420 1299 2454 secundum
1321 2428 1441 2454 autem
1467 2429 1629 2453 reveren-

75 2471 174 2514 tiam,
196 2483 287 2518 quae
309 2471 457 2506 debetur
474 2473 568 2514 Deo,
589 2471 854 2507 Mardochaeus
874 2473 992 2507 noluit
1013 2473 1163 2507 adorare
1185 2473 1318 2515 Aman,
1341 2475 1454 2507 timens
1476 2485 1512 2506 na
1534 2472 1629 2506 hono-

76 2537 144 2559 rem
165 2526 231 2559 Dei
253 2526 442 2571 transferret
459 2525 501 2559 ad
514 2525 690 2567 hominem,
714 2533 752 2559 ut
773 2526 902 2560 dicitur
922 2526 1053 2561 Hester
1067 2527 1110 2573 (3.
1125 2531 1153 2561 et
1174 2526 1258 2572 13.):
1282 2534 1316 2561 et
1331 2525 1494 2560 similiter
1508 2536 1632 2558 secun-

77 2577 163 2611 dum
183 2579 421 2613 reverentiam
443 2578 601 2612 debitam
623 2586 806 2613 creaturae
828 2579 1028 2621 excellenti,
1060 2579 1246 2613 Abraham
1276 2578 1438 2613 adoravit
1466 2577 1630 2623 angelos,

79 2639 113 2665 et
133 2631 242 2666 etiam
259 2632 380 2676 Josue,
402 2640 440 2666 ut
460 2631 590 2677 legitur
607 2631 715 2676 Josue
742 2643 786 2676 5.:
807 2633 970 2678 quamvis
1000 2633 1113 2678 possit
1141 2632 1304 2677 intelligi,
1337 2631 1431 2677 quod
1461 2631 1631 2664 adorave-

79 2684 147 2718 rint
165 2685 372 2720 adoratione
395 2685 519 2719 latriae
533 2685 665 2726 Deum,
680 2685 788 2730 quiin
803 2697 956 2732 persona
975 2686 1108 2731 Angeli
1123 2686 1326 2731 apparebat,
1347 2693 1381 2718 et
1398 2684 1628 2730 loquebatur:

79 2737 277 2771 secundum
299 2746 419 2772 autem
441 2738 692 2779 reverentiam,
714 2750 804 2784 quae
826 2739 975 2773 debetur
995 2739 1090 2780 Deo,
1108 2739 1309 2785 prohibitus
1328 2745 1379 2772 est
1388 2737 1546 2782 Joannes
1559 2737 1631 2770 An-

81 2790 203 2835 gelum
226 2791 386 2834 adorare,
405 2792 522 2837 Apoc.
545 2791 618 2826 ult.:
643 2797 712 2826 tum
734 2792 777 2826 ad
800 2793 1064 2827 ostendendum
1087 2792 1300 2837 dignitatem
1325 2791 1496 2833 hominis,
1523 2802 1631 2837 quam

83 2843 229 2890 adeptus
251 2853 304 2879 est
321 2856 383 2890 per
405 2845 604 2887 Christum,
626 2853 663 2879 ut
685 2845 836 2890 Angelis
859 2854 1049 2891 aequetur:
1069 2845 1162 2879 unde
1181 2845 1228 2878 ibi
1247 2844 1424 2879 subditur:
1449 2845 1631 2880 Consarvzcs
