1859 3122
471 144 692 180 QUAESTIO
726 143 860 174 XXXII.
895 143 1138 173 ARTICULUS
1172 143 1216 172 11.
1550 133 1631 172 261

147 238 174 271 3.
197 226 432 260 PRAETERm.
460 226 557 260 Dare
580 225 854 271 eleemosynam
877 232 929 258 cst
948 232 1047 258 actus
1067 224 1356 259 misericordiae:
1379 224 1440 258 sed
1457 224 1637 269 corrigere

72 279 341 325 delinquentem
371 279 487 323 magis
513 279 654 312 videtur
676 279 719 312 ad
745 278 975 312 severitatem
1018 278 1208 323 pertinere,
1242 289 1352 323 quam
1373 278 1417 311 ad
1439 277 1640 311 misericor-

72 332 187 374 diam3
211 343 296 377 ergo
319 343 391 365 non
411 333 515 366 debet
537 331 739 378 computari
760 331 851 365 inter
872 331 1074 376 spirituales
1101 331 1364 377 eleemosynas.

141 395 174 428 4.
190 385 425 420 PRAEFEREA.
438 385 679 431 Eleemosyna
699 385 935 418 ordinaturad
948 385 1233 418 subveniendum
1249 384 1404 418 defectui
1419 397 1425 418 :
1443 385 1504 419 sed
1519 384 1640 419 nullus

72 446 125 473 est
145 439 270 480 homo,
293 439 352 484 qui
375 438 557 473 desectum
579 438 805 483 ignorantiae
824 449 898 471 non
921 438 1075 483 patiatur
1093 439 1129 471 in
1157 438 1354 484 aliquibus;
1377 450 1464 483 ergo
1486 439 1639 480 videtur,

72 492 168 538 quod
195 491 343 537 quilibet
361 492 488 526 debeat
510 493 640 526 docere
664 491 872 537 quemlibet,
894 491 923 524 si
942 491 1085 535 ignoret
1103 492 1137 525 id
1160 492 1256 537 quod
1279 493 1354 537 ipse
1376 493 1453 526 scit.

145 545 219 579 SED
242 555 397 579 CONTRA
424 554 487 587 est,
510 545 605 591 quod
619 544 772 589 Gregor.
795 544 881 578 dicit
902 545 937 577 in
960 545 1117 590 quadam
1139 544 1266 578 homil.
1282 546 1347 590 (9.)
1362 557 1372 577 .·
1392 546 1565 580 «Habens
1592 546 1640 579 in-

71 597 256 632 tellectum
279 606 378 632 curet
400 599 563 639 omnino,
585 609 630 632 ne
651 605 787 632 taceat:
811 598 947 631 habens
963 609 1082 631 rerum
1102 597 1325 632 affluentiam
1335 598 1469 643 vigilet,
1483 610 1528 633 ne
1544 611 1562 633 a
1580 599 1642 632 mi-

72 651 288 686 sericordiae
305 651 468 697 largitate
483 659 685 697 torpescat:
702 651 838 685 habens
861 659 987 692 artem,
1002 662 1072 696 qua
1091 652 1226 696 regitur
1244 662 1468 697 magnopere
1490 653 1641 693 studeat,

75 713 113 738 ut
128 716 244 746 usum,
261 713 366 750 atque
382 705 571 739 utilitatem
586 704 680 738 illius
696 716 779 738 cum
794 705 961 750 proximo
973 705 1163 750 partiatur:
1179 704 1315 738 habens
1331 704 1503 750 loquendi
1518 705 1641 739 locum

76 758 170 804 apud
197 758 357 800 divitem,
379 759 653 792 damnationem
674 769 739 804 pro
766 766 905 792 retento
932 757 1068 792 talento
1096 758 1234 800 timeat,
1256 759 1285 792 si
1308 770 1392 792 cum
1418 759 1547 800 valeat,
1568 770 1642 792 non

77 811 169 857 apud
185 823 268 845 eum
289 823 352 857 pro
375 812 590 858 pauperibus
616 811 815 845 intercedat
829 824 861 853 »3
892 823 979 856 ergo
999 811 1204 856 praedictae
1233 811 1488 858 eleemosynae
1511 823 1640 846 conve-

76 866 215 899 nienter
232 865 498 911 distinguuntur
519 865 719 899 secundum
735 876 786 909 ea,
805 865 840 898 in
860 865 987 910 quibus
1006 865 1175 899 homines
1196 865 1390 907 abundant,
1410 873 1444 899 et
1459 865 1640 899 deficiunt.

147 918 376 953 RESPONDEO
406 919 610 960 dicendum,
633 918 741 964 quod,
765 919 947 964 praedicta
969 918 1287 964 eleemosynarum
1310 919 1492 953 distinctio
1515 931 1645 953 conve-

75 971 215 1006 nienter
237 972 390 1006 sumitur
411 972 612 1005 secundum
634 972 794 1005 diversos
828 971 987 1006 defectus
1018 972 1286 1017 proximorum:
1321 983 1478 1018 quorum
1508 972 1644 1018 quidam

77 1033 160 1060 sunt
181 1037 223 1060 ex
251 1034 350 1071 parte
373 1026 534 1067 animae,
557 1026 600 1059 ad
628 1036 719 1070 quos
749 1025 960 1058 ordinantur
981 1024 1184 1070 spirituales
1206 1025 1485 1072 eleemosynae:
1509 1027 1644 1072 quidam

77 1090 165 1114 vero
187 1090 229 1112 ex
251 1087 349 1125 parte
373 1079 552 1125 corporis3
576 1079 619 1112 ad
641 1090 731 1124 quos
751 1078 962 1112 ordinantur
973 1078 1230 1124 eleemosynae
1246 1079 1644 1124 corporale52defectus

78 1132 173 1166 enim
197 1132 395 1178 corporalis
417 1137 473 1166 aut
495 1140 548 1166 est
568 1132 604 1165 in
626 1132 709 1173 vita,
724 1137 780 1166 aut
803 1139 855 1165 est
876 1140 957 1178 post
978 1132 1105 1165 vitam:
1130 1132 1159 1165 si
1181 1132 1327 1178 quidem
1349 1141 1402 1166 est
1422 1133 1459 1166 in
1481 1133 1565 1175 vita,
1587 1138 1646 1168 ant

79 1193 132 1220 est
153 1186 359 1220 communis
381 1185 541 1220 defectus
563 1193 726 1230 respectu
750 1197 890 1227 eorum,
917 1186 1045 1231 quibus
1061 1197 1189 1219 omnes
1215 1186 1395 1231 indigent3
1417 1191 1474 1220 αιιί
1495 1195 1547 1221 est
1567 1198 1646 1232 spe-

79 1238 178 1274 cialis
200 1247 346 1285 propter
368 1239 514 1285 aliquod
530 1239 699 1273 accidens
721 1239 996 1284 superveniens:
1020 1239 1050 1272 si
1064 1240 1178 1285 primo
1201 1239 1326 1281 modo,
1345 1244 1401 1274 aut
1417 1239 1575 1274 defectus
1595 1248 1648 1274 est

79 1293 238 1335 interior,
261 1298 320 1327 aut
341 1293 505 1327 exterior.
529 1292 680 1326 interior
703 1292 849 1338 quidem
872 1292 1070 1338 estdztplax:
1087 1305 1169 1326 ιιΙιιις
1180 1292 1338 1338 quidem,
1362 1293 1419 1326 cui
1440 1293 1647 1327 subvenitur

80 1357 142 1393 per
163 1345 375 1380 alimentum
402 1346 552 1387 siccum,
574 1345 712 1380 scilicet
729 1346 861 1391 fames:
885 1354 919 1379 et
945 1345 1146 1379 secundum
1172 1345 1243 1379 hoc
1265 1346 1410 1392 ponitur
1424 1353 1559 1392 pascere
1583 1359 1649 1381 esu-

81 1401 238 1434 rientem:
266 1400 350 1434 alius
376 1408 497 1433 autem
532 1407 596 1441 est,
631 1399 688 1433 cui
714 1399 923 1433 subvenitur
955 1410 1018 1444 per
1040 1398 1254 1432 alimentum
1280 1399 1484 1441 humidum,
1510 1399 1649 1434 scilicet

81 1454 168 1487 sitis:
197 1460 232 1486 et
252 1453 452 1486 secundum
477 1453 549 1487 hoc
576 1453 704 1486 dicitur
727 1457 845 1498 potare
873 1453 1045 1486 sitientem.
1073 1452 1246 1486 Defectus
1285 1461 1407 1486 autern
1441 1455 1647 1488 communis

83 1514 247 1552 respectu
283 1507 468 1541 exterioris
496 1506 617 1540 auxilii
644 1514 696 1540 est
716 1506 854 1552 duplex:
877 1518 959 1540 nnus
985 1514 1149 1552 respectu
1172 1506 1389 1551 tegumenti:
1414 1514 1447 1541 et
1473 1515 1648 1553 quantum

85 1560 129 1594 ad
154 1561 225 1594 hoc
247 1561 391 1606 ponitur
410 1562 527 1595 vestire
549 1560 694 1594 nudum:
718 1560 802 1594 alius
835 1568 957 1598 autem
990 1568 1156 1605 respectu
1182 1559 1398 1595 habitaculi:
1418 1568 1452 1594 et
1473 1569 1648 1606 quantum

85 1613 128 1647 ad
149 1613 220 1647 hoc
248 1613 392 1659 ponitur
412 1615 572 1660 suscipere
594 1613 762 1659 lmspitam.
785 1612 960 1647 Similiter
981 1621 1103 1647 autem
1124 1613 1155 1647 si
1176 1613 1221 1646 sit
1239 1612 1398 1647 defectus
1426 1613 1553 1660 aliquis
1574 1625 1650 1660 spe-

85 1666 196 1708 cialis,
223 1672 280 1701 aut
301 1676 354 1701 est
375 1678 417 1701 ex
440 1678 548 1701 causa
574 1667 779 1708 intrinseca,
813 1666 905 1700 sicut
930 1665 1137 1700 infirmitas:
1167 1674 1201 1700 et
1222 1674 1396 1712 quantum
1426 1667 1470 1700 ad
1496 1668 1567 1702 hoc
1590 1679 1650 1712 po-

83 1720 179 1754 nitur
199 1721 338 1755 visitare
364 1722 557 1766 infirmum:
586 1725 646 1754 aut
679 1728 731 1754 est
761 1731 803 1753 ex
837 1731 945 1753 causa
976 1720 1197 1754 extrinseca:
1230 1728 1265 1754 et
1291 1729 1465 1766 quantum
1499 1721 1543 1754 ad
1576 1721 1647 1755 hoc

83 1775 228 1820 ponitur
254 1774 430 1820 redemptio
458 1775 688 1820 captivorum:
710 1782 792 1818 post
813 1773 925 1806 vitam
948 1781 1069 1806 autem
1092 1773 1280 1807 exhibetur
1301 1774 1452 1808 mortuis
1473 1775 1649 1821 sepultura.

85 1826 259 1860 Similiter
281 1835 401 1860 autem
422 1825 664 1872 spiritualibus
687 1826 825 1860 actibus
846 1825 1260 1872 subveniturdupliciter:
1277 1838 1341 1860 uno
1356 1826 1449 1860 modo
1464 1827 1648 1872 poscendo

83 1879 255 1914 auxilium
283 1891 303 1913 a
328 1880 429 1914 Deo:
453 1887 485 1913 et
509 1887 684 1925 quantum
703 1879 746 1912 ad
767 1878 838 1912 hoc
861 1879 1006 1924 ponitur
1032 1881 1152 1921 oratio,
1175 1890 1245 1924 qua
1267 1879 1345 1924 quis
1366 1891 1431 1925 pro
1454 1880 1531 1914 aliis
1554 1888 1648 1914 orat:

83 1933 149 1967 alio
167 1932 262 1967 modo
277 1932 522 1978 impendendo
544 1932 748 1965 humanum
771 1931 1011 1973 auxilium3et
1024 1932 1096 1965 hoc
1119 1933 1312 1978 tripliciter:
1327 1945 1392 1966 uno
1406 1933 1501 1968 modo
1524 1942 1650 1967 contra

84 1985 264 2020 defectum
284 1985 506 2020 intellectus:
539 1995 574 2019 et
599 1985 628 2019 si
654 1985 801 2031 quidem
823 1985 867 2019 sit
890 1984 1049 2018 defectus
1077 1985 1291 2031 speculativi
1316 1985 1531 2028 intellectus,
1554 1987 1651 2021 adhi-

83 2040 186 2074 betur
207 2039 239 2073 ei
264 2039 466 2073 remedium
487 2050 550 2085 per
571 2038 757 2073 doctrinam
767 2051 777 2072 .·
800 2038 829 2072 si
856 2046 976 2072 autem
1003 2038 1152 2083 practici
1178 2038 1393 2081 intellectus,
1415 2040 1604 2074 adhibetur
1619 2041 1652 2075 ei

84 2093 286 2127 remedium
312 2104 374 2139 per
400 2093 594 2127 consilinm:
618 2092 684 2126 alio
706 2091 800 2125 modo
824 2099 876 2125 est
898 2090 1057 2125 defectus
1073 2102 1123 2124 ex
1149 2091 1318 2136 passione
1346 2093 1560 2138 appetitivae
1587 2094 1652 2127 vir-

84 2147 188 2189 tutis;
209 2147 301 2180 inter
322 2157 412 2192 quos
435 2146 613 2179 maximus
628 2153 681 2179 est
698 2145 849 2186 tristitia,
873 2144 930 2178 cui
952 2144 1160 2178 subvenitur
1182 2156 1245 2190 per
1265 2145 1542 2181 consolationem:
1558 2148 1651 2181 tertio

86 2199 181 2235 modo
212 2211 255 2234 ex
287 2207 387 2246 parte
413 2199 607 2233 inordinati
634 2206 756 2232 actus:
784 2198 844 2244 qui
871 2197 1019 2243 quidem
1045 2198 1220 2243 tripliciter
1260 2198 1479 2233 considerari
1511 2208 1650 2246 potest:

86 2265 151 2288 uno
177 2252 272 2287 modo
294 2264 336 2287 ex
361 2261 460 2298 parte
487 2253 597 2298 ipsius
631 2252 826 2297 peccantis,
852 2251 1068 2297 inquantum
1101 2251 1264 2296 procedit
1286 2251 1329 2284 ab
1352 2253 1427 2297 ejus
1448 2252 1653 2287 inordinata

86 2306 292 2341 voluntate:
326 2313 361 2340 et
393 2306 444 2339 sic
473 2306 661 2339 adhibetur
682 2304 885 2338 remedium
912 2315 974 2350 per
995 2305 1251 2338 correctionem:
1278 2305 1345 2338 αΖιῗο
1372 2305 1466 2339 modo
1489 2317 1532 2340 ex
1553 2314 1652 2352 parte

89 2361 176 2405 ejus,
196 2359 233 2393 in
248 2369 357 2405 quem
377 2366 564 2405 peccatur:
582 2367 617 2392 et
637 2358 667 2392 si
685 2358 833 2404 quidem
855 2358 899 2392 sit
921 2365 1111 2403 peccatum
1133 2357 1170 2391 in
1191 2368 1271 2399 nos,
1286 2359 1488 2392 remedium
1511 2360 1653 2393 adhibe-

89 2425 171 2448 mus
196 2412 386 2447 remittando
409 2413 587 2457 qffensam:
610 2412 639 2446 si
661 2419 783 2445 autem
809 2411 853 2445 sit
878 2411 914 2444 in
935 2411 1069 2452 Deum,
1102 2410 1161 2444 vel
1197 2410 1234 2444 in
1259 2411 1477 2456 proximum,
1504 2423 1578 2446 non
1600 2420 1654 2446 est

89 2466 202 2501 nostri
229 2466 364 2500 arbitrii
388 2466 580 2507 remittere,
608 2473 646 2499 ut
672 2465 819 2498 Hieron.
848 2464 934 2497 dicit
954 2464 1040 2509 (sup.
1068 2463 1149 2497 illud
1170 2464 1292 2498 Matth.
1318 2465 1389 2499 18.:
1412 2465 1447 2499 Si
1466 2467 1654 2510 peccaverit

89 2521 127 2554 in
160 2525 199 2561 te,
221 2519 310 2563 eta).
344 2519 454 2553 Tertio
475 2518 571 2552 modo
605 2529 647 2552 ex
673 2526 772 2564 parte
799 2516 968 2563 sequelae
998 2517 1110 2562 ipsius
1139 2525 1240 2550 actus
1273 2517 1478 2559 inordinati,
1508 2529 1549 2551 ex
1583 2529 1653 2564 qua

92 2580 284 2619 gravantur
311 2572 343 2607 ei
370 2573 614 2613 conviventes,
640 2573 748 2605 etiam
775 2579 915 2616 praeter
936 2570 1118 2615 peccantis
1140 2570 1395 2604 intentionem:
1419 2579 1453 2604 et
1473 2571 1523 2604 sic
1542 2582 1655 2605 reme-

91 2626 192 2660 dium
221 2626 410 2659 adhibetur
441 2624 677 2671 schportando,
701 2624 857 2657 maxime
887 2623 923 2656 in
950 2623 1005 2656 his
1033 2623 1094 2668 qui
1115 2634 1158 2656 ex
1177 2623 1384 2657 infirmitate
1414 2632 1576 2668 peccant,
1604 2636 1655 2658 se-

94 2679 252 2714 cundum
277 2678 365 2712 illud
386 2678 482 2712 Rom
513 2688 587 2722 15.:
610 2678 774 2711 Debemus
800 2688 856 2710 nos
880 2677 1043 2719 firmiores
1069 2676 1278 2721 ‘infirmitates
1305 2676 1449 2709 aliorum
1473 2679 1653 2713 sustinere:

95 2741 130 2767 et
149 2743 224 2766 non
241 2731 361 2766 solum
375 2731 575 2765 secundum
597 2730 693 2776 quod
714 2729 847 2763 infirmi
869 2737 961 2770 sunt,
977 2729 1051 2762 sive
1074 2739 1201 2774 graves
1217 2739 1257 2762 ex
1272 2728 1483 2762 inordinatis
1506 2730 1654 2773 actibus,

95 2786 158 2820 sed
197 2785 306 2820 etiam
341 2795 590 2830 quaecumque
625 2794 752 2818 eorum
786 2793 898 2816 onera
938 2790 1021 2817 sunt
1056 2780 1311 2829 supportanda,
1338 2782 1537 2816 secundum
1567 2783 1654 2818 illud

98 2838 216 2874 Galat.
239 2837 290 2873 6.:
313 2838 408 2873 Alter
425 2838 560 2873 alterius
581 2847 681 2871 onera
695 2840 840 2882 portate.

239 2921 265 2946 S.
289 2919 415 2945 Tuosne
437 2919 540 2945 Summa
566 2918 726 2954 Tlscologica.
749 2917 814 2946 Vol.
838 2916 888 2944 III.
1483 2919 1514 2944 18
