1859 3122
511 163 730 199 QUAESTIO
764 162 898 192 XXXII.
934 162 1176 192 ARTICULUS
1209 163 1248 192 V.
1567 150 1648 203 265

94 243 265 289 gandum,
288 252 409 290 posset
431 244 462 278 ei
481 255 558 279 esse
581 243 825 279 necessarium
844 242 902 278 vel
925 245 959 278 in
982 244 1173 289 praesenti,
1197 243 1253 278 vel
1276 243 1310 277 in
1339 242 1477 285 sutur03
1501 253 1586 288 ergo
1608 242 1656 275 vi-

95 297 209 339 detur,
232 298 327 343 quod
351 297 622 344 eleemosynam
650 298 734 331 dare
755 309 828 331 non
852 298 894 331 sit
917 297 950 330 in
974 306 1179 343 praecepto.

163 360 195 394 4.
219 350 454 386 Pam-mm.
484 351 620 386 Omnia
642 359 831 397 praecepta
860 351 902 384 ad
930 359 1119 396 praecepta
1142 350 1309 395 decalogi
1336 350 1569 384 reducuntur:
1593 349 1654 383 sed

93 403 185 438 inter
211 403 270 438 illa
293 413 483 451 praecepta
509 403 599 438 nihil
621 404 825 438 continetur
851 404 894 438 de
922 404 1066 437 datione
1094 404 1428 450 elee1nosynart1n13
1457 414 1543 449 ergo
1572 403 1655 436 dare

94 456 346 504 eleemosynas
368 469 440 492 non
465 466 517 492 est
538 458 573 491 in
596 465 800 503 praecepto.

166 510 240 545 SED
269 522 434 546 CONTRA.
453 511 582 545 Nullus
602 512 745 557 punitur
766 521 884 556 poena
907 518 1051 545 aeterna
1069 522 1133 557 pro
1154 507 1353 545 omissiOne
1374 511 1536 556 alicujus,
1559 509 1655 556 quod

93 575 167 598 non
190 565 285 598 cadit
306 565 369 599 sub
392 572 604 611 praecepto:
627 564 688 598 sed
712 564 821 610 aliqui
843 565 1039 610 puniuntur
1060 575 1176 610 poena
1200 572 1344 598 aeterna
1371 575 1434 610 pro
1458 564 1656 598 omissione

95 617 422 664 eleemosynarum,
438 627 475 653 ut
489 626 585 665 patet
606 618 731 652 Matth.
756 628 829 662 25.;
853 629 939 663 ergo
955 618 1039 651 dare
1061 617 1334 664 eleemosynam
1350 625 1402 651 est
1421 618 1455 650 in
1475 624 1655 662 praecpto.

166 670 394 706 Ri-:spoxmzo
422 672 626 713 dicendum,
654 672 760 717 quod,
784 683 867 705 cum
895 671 1039 705 dilectio
1067 671 1222 717 proximi
1249 672 1292 704 sit
1314 671 1349 704 in
1372 677 1577 716 praecepto,
1599 680 1658 703 ne-

95 735 194 759 cesse
216 733 269 759 est
289 725 412 759 omnia
432 724 491 758 illa
514 725 641 758 cadere
667 725 730 758 sub
753 732 958 770 praecepto,
987 725 1063 758 sine
1091 724 1217 770 quibus
1240 723 1386 757 dilectio
1409 723 1564 768 proximi
1582 734 1655 756 non

96 785 343 813 conservatur:
368 779 411 812 ad
431 778 662 812 dilectionem
685 786 805 811 autem
827 778 981 824 proximi
1003 778 1167 823 pertinet,
1190 785 1227 811 ut
1249 779 1418 822 proximo
1441 787 1514 810 non
1536 776 1655 810 solum

94 831 247 865 velimus
268 832 419 873 bonum,
441 832 501 866 sed
525 831 633 865 etiam
660 842 864 876 operemur,
887 831 1099 865 secundum·
1114 830 1202 864 illud
1233 841 1260 864 1.
1283 830 1386 875 Joan.
1413 841 1459 876 3.:
1487 830 1563 864 Non
1586 829 1658 863 dili-

93 895 208 930 gamus
225 886 338 928 verbo,
362 896 462 931 nequa
483 885 608 930 lingua,
631 884 682 919 sed
701 892 805 931 opere,
829 890 856 919 et
877 886 1034 919 varitate:
1066 884 1108 918 ad
1130 884 1201 918 hoc
1230 892 1351 918 autem
1373 883 1469 929 quod
1491 883 1656 925 velimus,

95 946 129 972 et
154 949 348 984 operemur
365 938 503 972 bonum
531 938 691 983 alicujus,
714 938 906 983 requiritur
933 938 1029 984 quod
1053 939 1128 983 ejus
1155 937 1360 971 necessitati
1382 937 1656 979 subveniamus;

96 993 192 1037 quod
208 991 246 1026 fit
259 1004 321 1038 per
343 992 661 1037 eleemosynarum
675 991 924 1037 largitionem3
947 1000 981 1026 et
1003 992 1083 1025 ideo
1100 991 1415 1036 eleemosynarum
1437 989 1580 1035 largitio
1604 998 1656 1024 est

96 1045 131 1078 in
154 1053 358 1092 praecepto.
377 1045 447 1079 Sed
467 1045 549 1091 quia
563 1053 754 1091 praecepta
769 1045 896 1079 dantur
915 1045 957 1078 de
981 1045 1118 1079 actibus
1132 1045 1316 1085 virtutum,
1331 1054 1478 1077 necesse
1494 1051 1546 1077 est
1561 1043 1656 1089 quod

95 1098 166 1132 hoc
190 1099 301 1132 modo
323 1098 460 1132 donum
483 1097 737 1144 eleemosynae
761 1098 864 1132 cadat
886 1099 949 1132 sub
977 1106 1182 1144 praecepto,
1210 1098 1409 1132 secundum
1437 1096 1533 1142 quod
1557 1104 1656 1130 actus

97 1160 150 1186 est
170 1152 214 1186 de
231 1152 445 1186 necessitate
467 1152 622 1194 virtutis;
645 1151 783 1186 scilicet
797 1152 997 1186 secundum
1013 1152 1109 1198 quod
1125 1159 1222 1185 recta
1237 1151 1328 1185 ratio
1344 1150 1511 1196 requirit:
1535 1161 1658 1184 secun-

95 1205 181 1239 dum
203 1217 312 1251 quam
331 1213 383 1239 est
402 1205 536 1251 aliquid
558 1205 860 1239 considerandum
880 1217 921 1239 ex
938 1210 1036 1252 parta
1051 1206 1178 1247 dantis,
1197 1213 1231 1238 et
1251 1204 1384 1250 aliquid
1400 1208 1547 1249 exparte
1566 1204 1652 1248 ejus,

96 1259 153 1292 cui
174 1267 227 1293 est
248 1258 480 1305 eleemosyna
507 1258 645 1292 danda:
670 1270 711 1292 ex
728 1264 823 1305 parte
846 1259 991 1304 quidem
1014 1258 1120 1293 dantis
1142 1257 1446 1292 considerandum
1469 1265 1531 1298 est,
1559 1264 1596 1290 ut
1622 1256 1656 1289 id

96 1313 192 1358 quod
203 1313 300 1346 estin
312 1312 563 1358 eleemosynas
575 1313 812 1358 erogandum,
828 1313 871 1346 sit
883 1314 914 1346 ei
925 1312 1367 1358 superfluum‚secundum
1382 1310 1468 1344 illud
1484 1311 1570 1344 Luc.
1587 1321 1598 1343 1
1611 1321 1655 1344 1.:

98 1366 196 1411 Quod
216 1372 369 1413 superest,
396 1366 468 1401 data
493 1367 734 1412 eleemosynam.
763 1366 806 1400 Et
833 1366 914 1400 dico
941 1366 1142 1412 schssflztzzm
1164 1377 1238 1399 non
1265 1364 1385 1399 solum
1412 1372 1575 1410 respectu
1603 1363 1656 1397 sui

96 1419 218 1465 ipsius,
240 1420 336 1466 quod
358 1427 411 1454 est
428 1431 534 1466 supra
550 1420 582 1453 id
601 1420 696 1465 quod
717 1428 770 1454 est
790 1419 1035 1454 necessarium
1056 1419 1254 1460 individuo,
1277 1418 1338 1452 sed
1361 1418 1469 1451 etiam
1493 1424 1654 1463 respectu

98 1472 263 1514 aliorum,
282 1484 436 1518 quorum
456 1484 540 1506 cura
555 1473 619 1507 sibi
636 1473 830 1515 incumbit3
854 1481 1018 1518 respectu
1038 1483 1192 1518 quorum
1212 1472 1340 1505 dicitur
1359 1472 1657 1516 nacessmizcmper-

99 1537 205 1568 sonae,
228 1526 427 1560 secundum
450 1527 545 1571 quod
562 1533 702 1572 persona
725 1526 937 1571 dignitatem
958 1526 1145 1571 importat:
1168 1525 1251 1571 quia
1274 1525 1369 1570 prius
1392 1532 1535 1570 oportet
1559 1523 1655 1569 quod

99 1579 342 1624 unusquisque
362 1579 428 1612 sibi
448 1579 645 1624 provideat⁷
668 1587 702 1612 et
722 1579 778 1613 his
801 1591 956 1624 quorum
972 1590 1056 1612 cura
1079 1579 1112 1612 ei
1133 1578 1319 1619 incumbit,
1343 1585 1377 1612 et
1398 1585 1523 1622 postea
1542 1577 1585 1610 de
1607 1588 1657 1611 re-

98 1631 201 1666 siduo
225 1631 378 1666 aliorum
400 1632 670 1666 necessitatibus
693 1632 898 1666 subveniat:
923 1632 1013 1666 sicut
1036 1640 1070 1665 et
1087 1640 1213 1665 natura
1235 1631 1353 1677 primo
1374 1630 1504 1676 accipit
1525 1630 1590 1664 sibi
1613 1629 1656 1663 ad

97 1687 394 1719 sustentationem
410 1685 543 1731 proprii
563 1685 737 1731 corporis,
760 1685 856 1731 quod
879 1694 931 1719 est
953 1685 1198 1719 necessarium
1220 1684 1420 1718 ministerio
1436 1683 1573 1717 virtutis
1596 1694 1657 1716 nu-

95 1738 254 1781 tritivae3
276 1738 496 1785 superfluum
519 1746 640 1772 autem
662 1747 788 1784 erogat
802 1738 844 1772 ad
860 1738 1133 1784 generationem
1156 1737 1299 1771 alterius
1322 1748 1384 1783 per
1404 1737 1574 1770 virtutem
1598 1747 1655 1781 ge-

95 1792 306 1826 nerativam.
328 1793 382 1826 Ex
403 1797 497 1838 parta
525 1800 645 1826 autern
673 1793 854 1838 recipientis
874 1792 1075 1837 requiritur,
1103 1791 1199 1837 quod
1226 1790 1481 1824 necessitatem
1506 1790 1655 1831 habeat3

97 1844 256 1890 alioquin
278 1856 352 1878 non
375 1853 468 1879 esset
487 1846 590 1887 ratio,
611 1856 721 1890 quare
749 1844 983 1890 eleemosyna
1006 1845 1038 1878 ei
1060 1844 1220 1878 daretur:
1250 1843 1312 1877 sed
1336 1854 1419 1876 cum
1445 1854 1519 1876 non
1541 1843 1655 1888 possit

96 1898 137 1932 ab
161 1898 281 1944 aliquo
296 1909 369 1932 uno
392 1898 559 1932 omnibus
580 1898 834 1932 necessitatem
852 1898 1066 1931 habentibus
1088 1897 1281 1938 subveniri,
1303 1907 1378 1930 non
1394 1896 1512 1930 omnis
1534 1907 1655 1930 neces-

95 1952 180 1986 sitas
201 1951 338 1997 obligat
356 1951 398 1985 ad
421 1960 665 1998 praeceptum,
688 1951 749 1985 sed
771 1951 832 1985 illa
847 1951 936 1995 sola,
951 1951 1026 1985 sine
1042 1962 1111 1997 qua
1126 1951 1154 1984 is
1171 1951 1229 1996 qui
1244 1949 1498 1983 necessitatem
1513 1949 1654 1995 patitur,

95 2005 285 2039 sustentari
306 2016 379 2039 non
401 2013 536 2051 potest:
560 2005 595 2038 in
617 2004 680 2038 illo
703 2005 799 2038 enim
823 2016 907 2039 casu
928 2004 1052 2038 locum
1074 2004 1193 2045 habet,
1216 2003 1312 2049 quod
1335 2002 1549 2036 Ambrosius
1571 2002 1656 2035 dicit

96 2058 190 2104 (quid
207 2059 311 2093 simile
328 2059 402 2092 hab.
418 2059 473 2092 lib.
492 2071 519 2093 r.
541 2058 578 2092 de
602 2058 694 2104 Offic.
718 2065 788 2104 cap.
802 2070 853 2104 30.
874 2063 946 2092 ante
969 2057 1049 2091 med.
1070 2057 1123 2091 sed
1144 2057 1288 2103 ‘refertur
1309 2062 1430 2102 expres.
1451 2061 1521 2101 cap.
1543 2056 1654 2097 Pasce,

99 2113 182 2146 Dist.
202 2112 298 2158 86.).·
323 2125 340 2143 ((
358 2112 472 2146 Pasce
493 2111 588 2145 fame
603 2112 834 2154 morientem,
850 2112 879 2146 si
892 2123 966 2146 non
982 2111 1133 2157 paveris,
1149 2110 1344 2144 occidisti»
1361 2122 1368 2151 ;
1391 2110 1440 2143 sic
1465 2120 1551 2155 ergo
1571 2109 1654 2142 dare

96 2164 370 2211 eleemosynam
386 2165 428 2199 de
450 2165 632 2211 superfluo
655 2172 708 2199 est
728 2165 764 2198 in
778 2173 986 2211 praecepto,
1009 2173 1043 2199 et
1064 2165 1148 2198 dare
1171 2164 1443 2209 eleemosynam
1467 2163 1510 2204 ei,
1529 2162 1588 2208 qui
1604 2170 1655 2195 est

95 2219 131 2252 in
154 2227 312 2253 extrema
333 2218 565 2252 necessitate:
589 2218 676 2252 alias
699 2226 820 2252 autem
842 2218 1095 2264 eleemosynas
1123 2218 1206 2251 dare
1230 2225 1282 2251 est
1308 2217 1343 2250 in
1366 2215 1535 2250 consilio:
1563 2215 1654 2249 sicut

96 2280 130 2306 et
151 2272 194 2305 de
216 2271 376 2317 quolibet
401 2271 544 2305 meliori
564 2271 661 2305 bono
685 2272 813 2305 dantur
835 2271 997 2306 consilia.

168 2325 228 2359 AD
254 2335 403 2359 PRIMUM
430 2335 516 2370 ergo
545 2325 748 2366 dicendum,
771 2325 866 2370 quod
893 2324 1026 2359 Daniel
1051 2324 1266 2370 loquebatur
1291 2323 1378 2369 regi,
1401 2322 1461 2368 qui
1482 2333 1556 2356 non
1579 2329 1654 2355 erat

95 2377 169 2423 legi
189 2378 260 2412 Dei
286 2378 484 2423 subjectus;
512 2386 547 2412 et
571 2377 653 2412 ideo
683 2389 724 2412 ea
751 2378 872 2420 etiam,
899 2389 990 2424 quae
1018 2378 1196 2423 pertinent
1223 2377 1266 2411 ad
1293 2384 1525 2422 praeceptum
1552 2374 1654 2420 legis,

96 2442 205 2477 quam
226 2442 300 2465 non
322 2431 567 2477 profitebatur,
589 2439 691 2466 erant
712 2432 744 2466 ei
765 2432 1002 2478 proponenda
1024 2443 1087 2477 per
1104 2431 1256 2465 modum
1279 2429 1436 2464 consilii:
1459 2428 1516 2462 vel
1537 2435 1654 2473 potest

97 2484 178 2526 dici,
200 2485 297 2530 quod
311 2484 524 2530 loquebatur
537 2484 574 2518 in
597 2496 680 2519 casu
699 2484 776 2527 illo,
790 2485 825 2518 in
842 2496 912 2531 quo
936 2485 1020 2518 dare
1042 2484 1315 2530 eleemosynam
1334 2494 1408 2516 non
1431 2489 1483 2515 est
1503 2481 1539 2514 in
1557 2491 1655 2526 prae·

96 2545 213 2583 cepto.

168 2591 228 2625 AD
256 2601 462 2625 SECUNDUM
489 2591 693 2633 dicendum,
721 2590 816 2637 quod
843 2591 938 2626 bona
960 2590 1185 2637 temporalia,
1209 2601 1300 2636 quae
1322 2587 1464 2622 homini
1486 2586 1653 2620 divinitus

98 2643 341 2685 conferuntur,
373 2645 447 2689 ejus
475 2644 620 2689 quidem
650 2653 731 2678 sunt
757 2652 931 2690 quantum
959 2644 1002 2678 ad
1029 2644 1302 2690 proprietatem:
1332 2642 1391 2675 sed
1415 2647 1588 2686 quantum
1611 2640 1654 2673 acl

96 2708 202 2731 usum
223 2708 297 2731 non
318 2697 438 2731 solum
459 2697 591 2731 debent
616 2709 692 2731 esse
715 2699 801 2743 ejus,
824 2698 885 2732 sed
908 2698 1017 2732 etiam
1045 2697 1210 2737 aliorum,
1238 2696 1297 2741 qui
1320 2706 1361 2728 ex
1388 2695 1437 2728 eis
1464 2692 1655 2727 sustentari

97 2758 247 2796 possunt
262 2761 304 2784 ex
319 2761 374 2793 eo,
397 2750 493 2796 quod
508 2749 541 2783 ei
562 2750 764 2796 superfluit;
783 2751 876 2785 unde
892 2750 1044 2784 Basilius
1060 2750 1144 2783 dicit
1159 2750 1262 2794 (hom.
1276 2754 1372 2793 super
1391 2746 1470 2780 illud
1488 2747 1569 2780 Luc.
1583 2757 1653 2780 12..·

98 2804 279 2838 Destruam
301 2804 418 2838 horrea
438 2804 546 2848 mea):
572 2816 590 2835 «
606 2803 643 2837 Si
662 2803 782 2838 fateris
804 2815 845 2838 ea
866 2804 929 2838 tibi
951 2804 1119 2837 divinitus
1141 2801 1360 2848 provenisse,
1379 2799 1517 2834 scilicet
1538 2805 1655 2845 tempo—

98 2856 186 2891 ralia
212 2858 311 2899 bona,
335 2867 379 2890 an
400 2856 551 2902 injustus
573 2864 626 2891 est
650 2857 749 2891 Deus
776 2856 1011 2903 inaequaliter
1036 2867 1092 2890 res
1119 2855 1223 2888 nobis
1249 2853 1491 2888 distribuens?
1520 2852 1595 2886 Cur
1615 2860 1651 2886 tu
