1859 3122
225 151 309 194 682
624 163 845 199 QUAESTIO
879 163 979 193 xcv.
1013 163 1257 194 ARTICULUS
1290 164 1381 194 vm.

747 333 1091 378 ARTICULUS
1119 334 1242 377 VIII.
1717 357 1784 392 512

513 441 666 470 UTRUM
698 441 929 471 DIVINATIO
965 442 1159 472 SORTIUM
1193 442 1259 471 SIT
1293 442 1498 472 ILLICITA.

273 529 406 574 (Lil›.3.
433 528 548 562 Contr.
570 540 600 573 g.
625 535 694 574 cap.
717 540 784 573 154.
807 533 835 562 et
857 535 965 575 opusc.
989 541 1035 574 25.
1059 535 1129 575 sap.
1152 541 1184 573 4.
1207 534 1235 564 ct
1254 541 1281 574 5.
1304 535 1332 564 et
1349 529 1433 576 Eph.
1456 542 1482 564 1.
1505 529 1574 564 lect.
1596 540 1629 573 4.
1643 529 1738 575 fin).

295 616 354 650 AD
372 625 559 650 OCTAVUM
575 616 624 649 sic
648 615 864 661 proceditur.
887 615 1049 658 Videtur,
1072 616 1169 662 quod
1191 616 1364 651 divinatio
1383 617 1534 651 sortium
1556 628 1630 651 non
1653 616 1697 651 sit
1721 616 1786 651 illi-

223 669 312 711 cita3
334 669 416 715 quia
438 680 543 714 super
565 668 652 702 illud
671 669 728 703 Ps.
755 670 1126 714 30.:Inmanilntst1cis
1143 675 1240 705 sortes
1262 682 1362 712 meaa,
1386 670 1471 704 dicit
1494 669 1613 704 Gloss.
1632 670 1785 715 August.

225 722 346 767 (01·d.):
373 735 390 753 «
414 722 500 756 Sors
522 733 595 756 non
618 730 671 756 est
693 721 825 768 aliquid
848 721 946 765 mali,
968 723 1029 758 sed
1051 734 1106 757 res
1128 723 1164 757 in
1182 723 1341 757 humana
1372 723 1592 758 dubitatione
1623 723 1781 757 divinam

223 776 385 810 indicans
407 775 633 809 voluntatem
652 789 683 809 >›.

295 839 325 863 2.
346 829 580 863 PRAETEREA.
610 829 661 862 Ea
683 840 774 875 quae
802 840 821 862 a
847 829 980 863 sanctis
1008 829 1042 863 in
1071 829 1263 876 Scripturis
1291 830 1479 864 observata
1505 829 1683 875 leguntur,
1710 840 1785 864 non

222 883 388 917 videntur
407 894 483 917 esse
505 882 641 924 illicita,
664 882 725 916 sed
752 883 868 917 sancti
889 883 955 916 viri
969 891 1043 917 tam
1065 883 1101 916 in
1119 883 1244 925 veteri,
1260 895 1368 929 quam
1389 883 1426 917 in
1452 894 1549 917 novo
1567 890 1785 917 testamento

225 936 455 970 inveniuntur
477 936 631 970 sortibus
662 936 716 970 usi
739 947 837 970 esse:
861 935 991 982 legitur
1013 936 1110 970 enirn
1127 937 1201 982 Jos.
1225 948 1255 982 7.
1279 936 1376 982 quod
1393 937 1502 982 Josue
1525 948 1567 970 ex
1592 944 1786 982 praecepto

224 990 375 1024 Domini
397 989 530 1034 judicio
553 989 705 1023 sortium
724 989 862 1035 punivit
884 990 1040 1031 Acham,
1056 990 1173 1035 quide
1196 990 1427 1024 anathemate
1442 989 1677 1036 surripuerat:
1699 989 1787 1024 Saul
1836 1028 1838 1031 v

224 1043 334 1077 etiam
348 1051 445 1077 sorte
468 1042 714 1088 deprehendit,
726 1042 840 1076 filium
862 1043 1174 1088 suumJonatham
1197 1043 1270 1078 mel
1292 1043 1506 1085 comedisse,
1528 1051 1566 1077 ut
1586 1043 1738 1077 habetur
1756 1053 1784 1077 1.

229 1097 373 1142 Regum
394 1106 463 1138 14:
482 1096 593 1141 Jonas
616 1097 724 1131 etiam
749 1107 766 1129 a
781 1095 872 1130 facie
888 1096 1039 1130 Domini
1057 1096 1210 1142 fugiens,
1233 1104 1330 1131 sorte
1353 1097 1595 1143 deprehensus
1617 1103 1680 1138 est,
1699 1103 1735 1130 et
1751 1096 1787 1130 in

226 1161 325 1184 mare
352 1149 523 1194 dejectus,
546 1157 584 1183 ut
605 1149 735 1194 legitur
756 1150 871 1195 Jonae
897 1160 941 1183 1.:
970 1150 1160 1184 Zacharias
1182 1150 1291 1184 etiam
1313 1158 1409 1185 sorte
1432 1150 1525 1191 exiit,
1545 1157 1584 1184 ut
1596 1149 1787 1189 incensum

228 1211 392 1249 poneret,
408 1211 445 1236 ut
466 1202 596 1248 legitur
610 1202 697 1236 Luc.
721 1214 768 1238 1.:
790 1203 961 1237 Matthias
983 1203 1091 1237 etiarn
1114 1211 1166 1237 est
1190 1210 1285 1238 sorte
1308 1204 1349 1237 ab
1365 1203 1553 1250 Apostolis
1572 1203 1615 1237 ad
1634 1202 1789 1249 Aposto-

226 1256 341 1290 latum
369 1255 516 1297 electus,
539 1263 577 1290 ut
598 1255 728 1301 legitur
750 1256 830 1290 Act.
855 1267 898 1299 1.;
922 1267 1008 1302 ergo
1031 1256 1181 1298 videtur,
1204 1257 1300 1303 quod
1328 1256 1501 1291 divinatio
1529 1256 1681 1291 sortium
1711 1266 1786 1290 non

226 1310 270 1344 sit
291 1309 427 1343 illicita.

302 1374 330 1408 3.
358 1362 595 1397 PRAETEREA.
624 1362 750 1407 Pugna
785 1362 961 1408 pugilum,
990 1374 1082 1409 quae
1115 1363 1347 1398 mcmomachia
1380 1362 1508 1397 dicitur
1535 1362 1643 1407 (idest
1670 1361 1787 1408 singu-

225 1415 308 1450 laris
333 1416 588 1459 concertatio),
606 1423 640 1449 61
661 1415 793 1460 judicia
814 1416 918 1461 ignis,
931 1424 965 1449 et
986 1427 1111 1461 aquae,
1134 1427 1225 1462 quae
1248 1417 1414 1450 dicuntur
1432 1415 1606 1461 vulgaria,
1621 1415 1786 1450 videntur

227 1469 268 1503 ad
292 1477 406 1503 sortes
422 1469 618 1515 pertinere3
641 1469 723 1515 quia
745 1480 806 1515 per
827 1469 1037 1514 hujusmodi
1060 1469 1180 1515 aliqua
1202 1469 1434 1515 exquiruntur
1456 1468 1618 1510 occulta;
1640 1468 1702 1502 sed
1723 1468 1787 1502 hu-

226 1523 385 1567 jusmodi
405 1534 479 1556 non
500 1523 666 1556 videntur
688 1534 764 1557 esse
791 1522 933 1556 illicita:
957 1523 1040 1569 quia
1063 1531 1096 1557 61
1117 1523 1234 1557 David
1257 1535 1339 1557 curn
1362 1522 1585 1556 philisthaeo
1607 1521 1787 1568 singulare

225 1576 348 1610 iniisse
370 1584 553 1610 certamen
575 1575 715 1621 legitur,
736 1584 774 1610 ut
787 1576 938 1610 habetur
956 1587 986 1611 1.
1011 1577 1099 1622 Reg.
1127 1587 1195 1622 17.;
1218 1588 1304 1623 ergo
1326 1576 1477 1618 videtur,
1496 1576 1592 1622 quod
1614 1575 1786 1609 divinatio

227 1629 380 1664 sortium
401 1640 475 1662 non
497 1629 541 1663 sit
567 1628 702 1663 illicita.

299 1682 373 1716 SED
408 1693 562 1717 CONTRA
586 1690 648 1724 est,
672 1682 768 1728 quod
790 1682 826 1716 in
848 1683 956 1717 Decr.
979 1681 1034 1717 26.
1057 1695 1089 1729 q.
1110 1693 1138 1728 5.
1159 1682 1249 1729 (cap.
1265 1683 1312 1729 7.)
1340 1683 1485 1718 dicitur:
1517 1682 1686 1724 «Sortes,
1715 1681 1789 1728 qui-

227 1737 292 1770 bus
315 1744 444 1769 cuncta
466 1747 531 1770 vos
561 1736 597 1769 in
626 1736 752 1770 vestris
787 1736 1040 1770 discriminatis
1070 1737 1222 1782 judiciis,
1252 1748 1340 1782 quas
1366 1745 1484 1783 patres
1514 1736 1786 1777 damnaverunt,

228 1788 319 1823 nihil
347 1789 442 1823 aliud
473 1800 582 1835 quam
611 1789 863 1831 divinationes,
894 1797 927 1823 et
954 1789 1133 1825 maleficia
1163 1802 1240 1825 esse
1271 1790 1509 1825 decernimus.
1535 1790 1786 1831 Quamobrem

229 1842 398 1876 volumus
421 1842 572 1876 omnino
588 1842 666 1876 illas
681 1842 861 1876 damnari:
883 1851 916 1878 et
938 1842 1029 1877 ultra
1050 1844 1142 1878 inter
1164 1844 1378 1878 christianos
1400 1843 1570 1878 nolumus
1588 1842 1787 1885 nominari3

231 1904 265 1929 et
291 1907 335 1929 ne
359 1903 603 1937 exerceantur,
623 1896 686 1929 sub
711 1896 949 1930 anathematis
968 1897 1158 1931 interdicto
1181 1897 1413 1943 prohibemus
1435 1911 1467 1932 >).

300 1948 527 1983 ΠΕ31>οΝ1160
548 1949 874 1995 dicendu1n‚quod‚
889 1950 981 1983 sicut
994 1961 1100 1996 supra
1123 1950 1259 1983 dictum
1281 1958 1334 1984 est
1355 1950 1438 1995 (art.
1456 1962 1482 1997 3.
1506 1950 1574 1995 huj.
1590 1950 1649 1995 q),
1672 1956 1786 1983 sortes

229 2002 371 2047 proprie
394 2002 570 2043 dicuntur,
593 2013 676 2035 cum
699 2001 832 2048 aliquid
867 2003 916 2044 fit,
947 2011 984 2037 ut
1005 2004 1079 2048 ejus
1103 2011 1232 2037 eventu
1255 2003 1482 2038 considerato
1509 2002 1641 2049 aliquid
1669 2001 1775 2036 occul

228 2063 306 2088 tum
329 2056 540 2088 innotescat.
570 2055 612 2088 Et
634 2054 780 2100 quidem
802 2055 830 2089 si
853 2064 1044 2101 quaeratur
1065 2056 1198 2101 judicio
1221 2057 1384 2098 sortium,
1415 2056 1498 2102 quid
1533 2056 1589 2091 cui
1623 2056 1668 2090 sit
1694 2055 1786 2089 exhi-

228 2108 398 2148 bendum,
430 2109 502 2141 sive
525 2108 611 2141 illud
640 2108 683 2141 sit
706 2119 760 2142 res
782 2120 958 2154 possessa,
981 2109 1054 2143 sive
1077 2109 1121 2143 sit
1142 2109 1272 2151 honor,
1294 2110 1367 2143 sive
1386 2110 1550 2155 dignitas,
1572 2120 1635 2143 seu
1656 2120 1785 2155 poena,

230 2169 290 2196 aut
312 2161 406 2195 actio
430 2161 560 2207 aliqua,
582 2169 732 2195 vocatur
753 2174 820 2196 sors
841 2162 1024 2196 divisoria:
1044 2162 1073 2196 si
1096 2170 1216 2196 autem
1231 2163 1440 2208 inquiratur,
1455 2163 1538 2209 quid
1561 2173 1667 2208 agere
1685 2173 1786 2208 opor-

226 2223 310 2256 teat,
331 2222 482 2248 vocatur
502 2226 570 2248 sors
596 2214 816 2249 collsltllorl'iz:
838 2215 867 2248 si
893 2226 979 2249 vero
1011 2223 1212 2261 quaeratur,
1243 2216 1325 2262 quid
1355 2216 1399 2250 sit
1433 2215 1604 2258 futurum,
1634 2223 1785 2249 vocatur

225 2280 294 2302 sors
315 2267 531 2302 diffinitos-siz.
556 2268 668 2301 Actus
696 2276 816 2301 autem
838 2269 1044 2310 hominum,
1067 2269 1126 2314 qui
1148 2269 1375 2314 requiruntur
1398 2270 1440 2303 ad
1459 2277 1585 2310 sortes,
1612 2280 1686 2302 non
1708 2268 1785 2302 sub-

227 2321 357 2354 duntur
390 2320 613 2366 dispositioni
650 2320 846 2362 stellarum,
882 2333 947 2355 1166
986 2322 1093 2356 etiam
1122 2330 1269 2355 eventus
1304 2324 1484 2367 ipsorum3
1520 2323 1612 2356 unde
1645 2322 1673 2355 si
1704 2321 1783 2367 quis

228 2386 267 2408 ea
288 2373 485 2407 intentione
508 2374 661 2407 sortibus
680 2382 809 2415 utatur,
825 2375 925 2419 quasi
947 2375 1156 2419 hujusmodi
1176 2383 1275 2409 actus
1293 2375 1455 2417 humani,
1477 2375 1536 2421 qui
1559 2374 1785 2420 requiruntur

229 2428 270 2461 ad
290 2436 416 2468 301163,
433 2427 629 2460 secundum
646 2427 917 2472 dispositionem
941 2428 1123 2461 stellarum
1140 2428 1334 2462 sortiantur
1348 2428 1527 2470 effectum,
1542 2439 1633 2461 vana
1648 2435 1681 2462 et
1696 2427 1784 2461 falsa

229 2489 280 2515 est
303 2481 438 2526 opinio;
458 2488 492 2513 et
513 2492 574 2526 per
590 2492 814 2525 consequens
830 2492 900 2513 non
920 2492 1043 2514 carens
1066 2482 1285 2515 daemonum
1308 2482 1528 2526 ingestione:
1549 2493 1590 2515 ex
1614 2492 1685 2527 quo
1704 2480 1784 2514 talis

229 2534 400 2567 divinatio
433 2534 495 2567 erit
524 2533 778 2579 superstitiosa,
807 2542 839 2566 et
866 2533 999 2567 illicita.
1038 2535 1113 2567 Hac
1151 2543 1270 2568 autem
1305 2546 1412 2568 causa
1446 2542 1597 2576 remota,
1637 2544 1783 2567 necesse

228 2587 389 2632 estquod
414 2586 612 2620 sortialium
638 2595 780 2619 actuum
811 2594 1015 2630 expectetur
1037 2596 1196 2629 eventus,
1212 2587 1268 2621 vel
1296 2599 1337 2621 ex
1360 2587 1512 2628 fortuna,
1528 2587 1585 2621 vel
1601 2598 1642 2620 ex
1664 2586 1782 2632 aliqua

226 2640 397 2686 spirituali
427 2652 535 2673 causa
568 2640 754 2684 dirigente.
790 2640 832 2673 Et
865 2640 891 2672 si
924 2640 1067 2684 quiden]
1109 2654 1148 2673 ex
1180 2640 1333 2682 fortuna,
1368 2641 1463 2686 quod
1497 2640 1618 2674 locum
1649 2640 1781 2673 habere

226 2702 342 2739 potest
363 2693 481 2727 solun}
509 2693 542 2726 in
571 2693 739 2726 divisoria
768 2701 875 2733 sorte,
902 2704 974 2725 non
1003 2693 1140 2726 videtur
1167 2694 1298 2728 hahere
1325 2694 1391 2727 nisi
1421 2693 1510 2727 forte
1532 2693 1659 2726 vitium
1686 2692 1782 2726 vani-

225 2747 325 2788 tatis-3
359 2747 451 2780 sicut
478 2747 504 2779 si
534 2746 642 2792 aliqui
674 2758 746 2780 non
774 2745 934 2780 valentes
962 2745 1092 2791 aliquid
1123 2747 1350 2781 concorditer
1376 2747 1545 2788 dividere,
1574 2745 1685 2780 velint
1711 2756 1782 2779 sor-

225 2800 318 2833 tibus
341 2800 383 2833 ad
408 2800 621 2833 divisionem
645 2800 706 2841 uti,
728 2800 829 2845 quasi
851 2798 1011 2832 fortunas
1039 2808 1258 2845 exponentes
1285 2811 1393 2845 quam
1421 2800 1498 2845 quis
1526 2807 1664 2845 partem
1691 2798 1780 2832 acci-

226 2853 308 2898 piat.
320 2853 357 2886 Si
372 2864 458 2886 vero
474 2865 515 2886 ex
530 2853 703 2898 spirituali
719 2864 825 2887 causa
841 2860 1045 2898 expectetur
1060 2852 1210 2886 sortium
1226 2853 1410 2897 judicium,
1425 2852 1616 2898 quandoque
1632 2851 1777 2897 quidem
