1859 3122
140 159 226 201 274
549 155 771 190 QUAESTIO
804 155 955 184 XXXIII.
990 154 1234 184 ARTICULUS
1267 153 1295 183 Ι.

141 247 193 274 est
215 238 390 273 correctio
413 235 661 281 delinquentis.
691 236 765 270 Una
787 236 944 282 quidem,
967 247 1058 281 quae
1081 235 1226 269 adhibet
1247 234 1448 268 remedium
1468 243 1632 280 peccato,
1649 235 1699 269 in—

140 300 313 339 quantum
335 299 388 324 est
408 290 592 335 quoddam
619 288 756 323 malum
776 289 887 335 ipsius
913 289 1112 335 peccantis:
1136 296 1170 321 et
1194 288 1262 321 ista
1293 295 1346 322 est
1373 289 1515 334 proprie
1540 288 1697 323 fraterna

141 345 328 385 correctio,
351 354 441 389 quae
464 343 648 376 ordinatur
683 342 726 376 ad
758 342 1051 376 emendationem
1083 341 1340 386 delinquentis:
1362 352 1550 375 removere
1577 350 1698 375 autem

140 398 278 432 malum
299 397 461 441 alicujus,
484 396 644 441 ejusdem
662 395 811 430 rationis
829 403 892 437 est,
911 395 1002 429 sicut
1019 395 1157 428 bonum
1179 395 1254 439 ejus
1272 405 1484 439 procurare:
1506 405 1699 440 procurare

139 459 258 485 autem
279 450 394 483 fratris
415 450 553 483 bonum
574 449 727 494 pertinet
748 448 792 482 ad
807 449 1031 489 charitatem,
1047 459 1109 493 per
1123 458 1232 493 quam
1249 446 1431 489 volumus,
1450 455 1485 481 et
1503 458 1697 493 operamur

137 505 275 538 bonum
297 503 436 544 amico;
460 502 552 536 unde
581 502 690 536 etiam
713 502 890 536 correctio
917 501 1073 535 fraterna
1098 510 1151 534 est
1178 508 1276 534 actus
1304 500 1506 534 charitatis:
1529 500 1612 546 quia
1637 512 1700 546 per

139 570 218 592 eam
242 557 449 603 repellimus
470 555 609 589 malum
635 555 762 597 fratris,
789 555 928 590 scilicet
949 562 1158 601 peccatum3
1182 554 1281 598 cujus
1308 554 1463 588 remotio
1486 554 1603 600 magis
1624 565 1700 600 per-

138 612 226 645 tinet
247 611 291 644 ad
313 610 538 651 charitatem,
561 620 669 655 quam
692 609 800 643 etiam
822 609 976 643 remotio
1000 607 1184 642 exterioris
1207 607 1341 648 damni,
1362 606 1420 640 vel
1439 607 1547 641 etiam
1571 618 1699 654 corpo-

139 663 222 698 ralis
242 663 464 704 nocumenti,
480 671 614 708 quanto
638 662 860 696 contrarium
878 662 1016 696 bonum
1036 661 1176 695 virtutis
1192 660 1308 705 magis
1328 667 1381 694 est
1399 659 1504 694 affine
1524 660 1700 702 charitati,

140 729 249 763 quam
282 718 419 750 bonum
453 716 626 762 corporis,
647 715 705 750 vel
727 716 945 750 exteriorum
971 726 1111 756 rerum3
1135 714 1227 747 unde
1256 713 1432 747 correctio
1466 712 1621 747 fraterna
1648 722 1702 748 est

140 779 239 805 actus
262 770 444 804 charitatis
471 771 601 815 potius,
628 780 737 815 quarn
764 769 901 802 curatio
935 767 1152 801 infirmitatis
1187 766 1398 812 corporalis,
1418 765 1477 800 vel
1498 766 1700 809 subventio,

140 836 210 870 qua
232 823 431 858 excluditur
453 823 606 857 exterior
628 830 780 868 egestas.
803 822 884 856 Alia
905 832 992 855 vero
1016 820 1193 855 correctio
1220 828 1283 861 est,
1306 831 1397 865 quae
1424 819 1570 854 adhibet
1589 831 1702 854 reme-

140 878 239 911 dium
262 884 411 922 peccato
443 875 693 922 delinquentis,
715 875 915 909 secundum
937 874 1032 920 quod
1055 882 1107 908 est
1128 874 1164 907 in
1192 872 1329 906 malum
1352 872 1518 914 aliorum,
1549 880 1584 907 et
1603 884 1701 919 prae-

141 931 243 976 cipue
264 930 300 964 in
321 937 584 964 nocumentum
613 929 818 962 communis
843 928 948 962 boni:
971 935 1005 961 et
1025 927 1105 961 talis
1130 927 1306 961 correctio
1335 935 1387 961 est
1413 934 1512 960 actus
1533 927 1699 972 justitiae,

140 985 240 1030 cujus
267 991 320 1018 est
341 994 555 1017 conservare
577 982 827 1016 rectitudinem
850 981 1003 1026 justitiae
1026 981 1129 1014 unius
1153 980 1195 1013 ad
1219 979 1382 1013 alterum.

211 1037 271 1071 AD
297 1047 446 1071 PRrMUM
473 1046 559 1081 ergo
587 1035 791 1076 dicendum,
811 1035 906 1080 quod
927 1033 1059 1068 Glossa
1080 1032 1141 1066 illa
1163 1033 1321 1078 loquitur
1343 1033 1386 1066 de
1405 1031 1564 1066 secunda
1586 1043 1701 1067 corre-

141 1090 273 1131 ctione,
295 1101 386 1135 quae
409 1097 461 1123 est
483 1097 582 1122 actus
603 1088 776 1133 justitiae:
799 1087 858 1121 vel
879 1087 908 1121 si
929 1087 1096 1132 loquatur
1115 1087 1222 1120 etiam
1246 1086 1288 1119 de
1310 1086 1438 1131 prima,
1459 1093 1542 1119 tunc
1567 1085 1701 1131 justitia

139 1144 186 1178 ibi
202 1144 364 1184 sumitur,
379 1143 578 1176 secundum
593 1141 689 1187 quod
705 1149 757 1175 est
771 1140 982 1174 universalis
996 1140 1118 1181 virtus,
1134 1148 1172 1173 ut
1185 1139 1276 1173 infra
1292 1139 1428 1173 dicetur
1441 1140 1488 1185 (q.
1502 1140 1552 1184 58.
1567 1139 1699 1185 art.5.),

139 1206 245 1243 prout
266 1197 374 1230 etiam
397 1208 489 1229 omne
503 1200 677 1241 peccatum,
699 1199 741 1228 est
763 1195 932 1240 iniquitas,
954 1201 992 1227 ut
1014 1193 1142 1226 dicitur
1161 1193 1301 1238 1.Joan.
1327 1204 1368 1238 3.,
1384 1193 1485 1238 quasi
1507 1200 1631 1226 contra
1651 1193 1702 1238 ju-

139 1251 273 1284 stitiam
295 1250 459 1284 existens.

211 1304 270 1337 AD
298 1313 503 1337 SECUNDUM
531 1301 736 1342 dicendum,
763 1300 871 1346 quod,
898 1300 989 1334 sicut
1015 1299 1151 1333 Philos.
1179 1299 1264 1333 dicit
1290 1299 1325 1332 in
1352 1297 1383 1333 6.
1411 1299 1526 1332 Ethic.
1556 1299 1643 1345 (cap.
1667 1310 1695 1345 5.

141 1362 170 1391 ct
192 1357 252 1402 7.),
276 1355 463 1402 prudentia
484 1354 570 1388 facit
590 1354 841 1388 rectitudinem
863 1353 899 1386 in
921 1353 976 1386 his
999 1363 1090 1398 quae
1117 1360 1198 1386 sunt
1221 1352 1263 1385 ad
1292 1352 1412 1393 finem,
1434 1352 1477 1386 de
1500 1352 1626 1397 quibus
1648 1359 1701 1386 est

145 1409 337 1444 consilium
365 1417 398 1442 et
424 1408 572 1442 electio:
600 1416 722 1441 tamen
749 1418 833 1440 cum
860 1417 923 1452 per
949 1405 1176 1451 prudentiam
1203 1405 1336 1450 aliquid
1362 1413 1458 1439 recte
1485 1405 1626 1450 agimus
1653 1404 1697 1438 ad

143 1463 250 1497 finem
275 1462 424 1507 alicujus
445 1461 584 1494 virtutis
606 1459 766 1502 moralis,
788 1468 873 1506 puta
894 1458 1166 1504 temperantiae,
1188 1458 1245 1491 vel
1265 1457 1496 1500 fortitudinis,
1519 1466 1619 1492 actus
1640 1457 1699 1492 ille

142 1524 194 1550 est
212 1515 454 1562 principaliter
467 1514 561 1548 illius
582 1514 734 1555 virtutis,
749 1513 793 1547 ad
808 1514 908 1558 cujus
929 1512 1039 1546 finem
1059 1511 1261 1553 ordinatur,
1280 1511 1363 1557 quia
1381 1522 1467 1557 ergo
1487 1511 1700 1554 admonitio,

141 1581 231 1615 quae
253 1569 291 1603 fit
312 1569 348 1602 in
375 1568 600 1602 correctione
622 1566 789 1608 fraterna,
813 1566 997 1600 ordinatur
1019 1565 1062 1598 ad
1086 1565 1331 1599 amovendum
1352 1563 1470 1598 fratris
1495 1572 1698 1611 peccatum,

140 1623 236 1669 quod
258 1622 410 1669 pertinet
432 1622 475 1655 ad
497 1621 722 1661 charitatem,
738 1618 971 1653 manifestum
994 1626 1056 1660 est,
1079 1618 1176 1664 quod
1198 1617 1278 1652 talis
1301 1618 1501 1652 admonitio
1524 1618 1698 1664 principa-

140 1676 220 1710 liter
241 1684 294 1710 est
315 1684 413 1709 actus
444 1674 626 1708 charitatis
649 1673 749 1719 quasi
770 1672 993 1719 imperantis,
1011 1671 1221 1718 prudentiae
1243 1682 1329 1705 vero
1357 1672 1570 1706 secundario
1597 1672 1699 1718 quasi

141 1729 358 1775 exequentis,
382 1736 416 1762 et
441 1727 625 1773 dirigentis
649 1735 780 1760 actum.

212 1783 271 1816 AD
295 1792 465 1816 TERTIUM
487 1780 692 1821 dicendum,
715 1779 812 1825 quod
833 1778 1010 1812 correctio
1031 1777 1187 1812 fraterna
1207 1789 1281 1811 non
1304 1778 1498 1824 opponitur
1517 1786 1701 1824 supporta-

139 1836 230 1870 tioni
251 1835 489 1875 infirmorum,
516 1834 578 1867 sed
600 1833 716 1878 magis
744 1844 785 1866 ex
813 1843 853 1866 ea
881 1831 1131 1877 consequitur:
1153 1831 1332 1864 intantum
1355 1832 1451 1865 enirn
1473 1831 1600 1877 aliquis
1621 1843 1700 1877 sup-

141 1897 259 1935 portat
280 1896 504 1934 peccantem,
527 1888 739 1932 inquantum
768 1894 893 1920 contra
920 1896 1002 1918 eum
1029 1896 1103 1918 non
1125 1885 1296 1926 turbatur,
1319 1885 1381 1918 sed
1407 1885 1698 1919 benevolentiam

142 1943 185 1976 ad
207 1953 290 1976 eum
312 1949 446 1976 servat:
474 1948 508 1974 et
534 1951 574 1973 ex
596 1940 668 1973 hoc
691 1939 877 1984 contingit,
897 1937 993 1984 quod
1016 1949 1099 1972 eum
1118 1938 1247 1983 satagit
1268 1937 1472 1972 emendare.

707 2094 1052 2140 ARTICULUS
1085 2095 1141 2137 Π.
1633 2105 1697 2154 196

338 2218 489 2248 UTRUM
523 2216 773 2247 CORRECTIO
808 2215 1033 2245 FRATERNA
1065 2215 1132 2243 SIT
1162 2215 1204 2243 IN
1238 2214 1506 2244 PRAECEPTO.

410 2318 460 2363 (4.
476 2318 562 2351 Dist.
578 2328 629 2362 19.
645 2327 674 2361 q.
690 2327 721 2350 2.
736 2319 800 2349 art.
814 2325 846 2349 2.
862 2325 891 2360 q.
906 2326 931 2348 I.
950 2318 978 2348 et
998 2313 1080 2348 Virt.
1096 2324 1125 2358 q.
1137 2324 1165 2359 3.
1181 2317 1243 2347 art.
1259 2325 1286 2348 ι.
1302 2312 1344 2347 ad
1357 2313 1435 2357 ιο.)

213 2420 272 2453 AD
295 2428 500 2453 SECUNDUM
520 2417 569 2450 sic
591 2415 806 2462 proceditur.
833 2414 984 2447 Videtur
1005 2413 1100 2459 quod
1124 2413 1301 2446 correctio
1322 2412 1478 2447 fraterna
1499 2424 1573 2447 non
1594 2413 1639 2447 sit
1659 2413 1695 2447 in

142 2480 350 2519 praecepto:
372 2471 463 2505 nihil
484 2471 591 2512 enim,
619 2469 715 2515 quod
742 2476 794 2502 est
814 2467 1048 2513 impossibile,
1071 2466 1165 2500 cadit
1187 2466 1249 2499 sub
1273 2475 1476 2513 praeceptO,
1497 2467 1696 2501 secundum

141 2526 228 2560 illud
244 2526 390 2559 Hieron.
407 2524 550 2569 (Pelagii
564 2525 595 2556 in
614 2523 745 2569 exposit.
760 2521 904 2567 Symboli
920 2521 1095 2564 Damam:
1115 2533 1131 2550 «
1143 2519 1367 2563 Maledictus,
1383 2520 1444 2566 qui
1458 2520 1560 2554 dicit:
1576 2520 1695 2553 Deum

142 2579 275 2625 aliquid
297 2576 519 2624 impossibile
541 2575 764 2622 praecepisse
782 2585 821 2607 »z
850 2574 911 2607 sed
939 2573 1047 2606 Eccli.
1069 2583 1099 2617 7.
1123 2573 1267 2607 dicitur:
1294 2573 1474 2607 Considera
1495 2579 1595 2620 opera
1616 2574 1694 2614 Dei,

143 2632 227 2678 quod
247 2643 339 2666 namo
357 2632 458 2678 possit
477 2632 651 2674 corrigere,
671 2640 762 2674 quem
792 2627 844 2661 ille
865 2627 1042 2672 despexerit
1052 2638 1064 2666 ‚·
1085 2637 1170 2670 ergo
1191 2627 1366 2660 correctio
1382 2625 1536 2660 fraterna
1554 2637 1628 2660 non
1644 2633 1697 2660 est

144 2686 178 2719 in
198 2693 401 2731 praecepto.

239 2738 395 2772 mmm
400 2747 503 2771 ΗΒΕΑ.
532 2735 669 2770 Omnia
691 2741 883 2780 praecepta
904 2732 994 2777 legis
1017 2731 1156 2765 divinae
1180 2732 1222 2765 ad
1245 2739 1437 2777 praecepta
1458 2731 1624 2777 decalogi
1645 2743 1696 2766 re-

144 2748 336 2825 ducti-ntur:
360 2790 420 2824 sed
443 2789 619 2823 correctio
641 2787 796 2821 fraterna
817 2797 890 2820 non
905 2785 999 2819 cadit
1013 2784 1075 2819 sub
1096 2784 1216 2830 aliquo
1238 2793 1491 2831 praceptorum
1509 2784 1694 2831 decalogi;

145 2855 231 2892 crgo
253 2855 325 2878 nou
349 2844 441 2878 cadit
464 2843 526 2878 sub
549 2848 751 2890 praecepto.
