1859 3122
210 206 319 236 1120
588 203 810 240 QUAESTIO
844 203 1006 232 CLXXII.
1039 202 1282 232 ARTICULUS
1313 202 1372 232 VI.

205 287 296 321 sicut
310 284 501 320 manifeste
522 284 652 330 legitur
663 284 705 318 de
721 283 883 327 Balaam,
902 283 960 317 cui
979 282 1296 318 diciturDominus
1318 293 1396 317 esse
1416 281 1558 317 locutus
1575 282 1686 317 Num.
1698 291 1766 324 22.,

204 340 290 374 licet
325 346 416 372 esset
443 338 627 383 Propheta
661 338 901 370 daemonum:
930 337 1013 382 quia
1045 337 1145 370 Deus
1178 337 1288 370 utitur
1318 336 1427 370 etiam
1462 336 1566 370 malis
1600 336 1645 370 ad
1678 335 1769 370 utili-

205 400 318 426 tatem
345 392 546 433 bonorum;
580 390 674 424 unde
711 398 745 424 et
775 401 837 435 per
854 390 1055 436 Prophetas
1089 390 1310 424 daemonum
1341 389 1462 435 aliqua
1480 401 1565 424 vera
1595 400 1770 436 praenun-

206 447 288 480 tiat:
316 454 393 479 tum
420 453 459 478 ut
485 444 690 478 credibilior
715 443 778 478 fiat
798 444 941 486 veritas,
964 455 1055 490 quae
1078 444 1188 478 etiam
1215 455 1256 477 ex
1283 443 1493 478 adversariis
1519 442 1770 477 testimonium

206 499 331 533 habet:
359 506 435 532 tum
464 498 572 531 etiam
592 498 675 543 quia
695 509 776 531 cuni
804 498 973 532 homines
994 497 1080 531 talia
1108 497 1268 539 credunt,
1295 508 1357 543 per
1378 508 1506 531 eorum
1533 497 1628 530 dicta
1653 496 1770 542 magis

207 553 250 586 ad
276 552 467 585 veritatem
492 551 730 593 inducuntur3
753 551 847 585 unde
878 552 987 585 etiam
1018 550 1178 597 Sibyllae
1202 550 1316 584 multa
1341 561 1427 584 vera
1453 550 1706 596 praedixerunt
1727 550 1771 583 de

207 606 375 640 Christo:
404 605 466 639 sed
493 605 602 638 etiam
629 605 773 650 quando
802 604 1006 650 Prophetae
1037 604 1261 638 daemonum
1296 615 1315 637 a
1338 603 1575 638 daemonibus
1596 603 1772 637 instruun-

205 667 272 700 tur,
300 658 419 704 aliqua
452 669 536 691 vera
568 658 803 704 praedicunt:
838 658 1031 704 quandoque
1058 658 1205 703 quidem
1238 658 1369 691 virtute
1403 657 1570 703 propriae
1609 665 1772 698 naturae,

211 713 309 757 cujus
337 720 463 745 auctor
494 720 547 746 est
582 712 734 757 Spiritus
771 711 941 745 Sanctus:
973 711 1165 757 quandoque
1192 711 1301 745 etiam
1335 710 1555 745 revelatione
1590 710 1770 744 bonorum

207 766 408 811 spirituum,
431 773 469 799 ut
495 773 593 810 patet
618 776 681 811 per
706 765 860 810 August.
881 776 931 799 12.
960 776 1067 811 super
1095 764 1186 798 Gen.
1210 765 1251 798 ad
1272 764 1321 798 lit.
1339 763 1486 808 (videtur
1507 763 1617 809 colligi
1630 769 1721 810 posse
1735 774 1773 797 ex

207 825 277 865 cap.
299 821 366 865 19.)
382 832 392 852 .·
424 827 459 852 et
483 819 535 853 sic
563 818 673 852 etiam
709 818 798 852 illud
827 830 966 860 verum,
1001 818 1099 864 quod
1139 818 1338 858 daemones
1366 817 1564 860 enuntiant,
1592 828 1612 850 a
1639 816 1772 863 Spiritu

210 872 344 906 Sancto
365 880 426 907 est.

280 926 340 960 AD
368 936 576 960 SECUNDUM
598 925 804 968 dicendum,
826 926 923 972 quod
944 937 1049 960 verus
1071 925 1254 971 Propheta
1275 936 1417 971 semper
1437 924 1630 971 inspiratur
1656 935 1676 958 a
1698 923 1775 970 Spi-

209 980 276 1013 ritu
303 980 476 1021 veritatis‚
506 980 542 1013 in
578 991 649 1025 quo
676 979 768 1013 nihil
801 987 854 1014 est
880 978 1063 1021 falsitati53
1102 987 1136 1013 et
1162 979 1244 1013 ideo
1282 990 1484 1024 numquam
1511 978 1597 1012 dicit
1621 976 1772 1012 falsum:

206 1033 390 1079 Propheta
420 1042 541 1067 autem
579 1032 742 1067 falsitatis
781 1044 856 1066 non
894 1044 1039 1079 semper
1077 1032 1265 1066 instruitur
1292 1043 1311 1065 a
1338 1032 1462 1078 spiritu
1500 1030 1677 1073 falsitatis,
1711 1030 1774 1065 sed

208 1086 424 1132 quandoque
453 1087 561 1120 etiarn
587 1086 779 1132 inspiratur
801 1098 820 1120 a
848 1086 981 1132 Spiritu
1008 1086 1183 1120 veritatis:
1212 1086 1287 1131 ipse
1314 1085 1424 1119 etiam
1442 1085 1585 1132 spiritus
1611 1083 1773 1118 falsitatis

211 1140 428 1186 quandoque
451 1140 613 1174 enuntiat
625 1151 723 1181 vera,
739 1140 956 1186 quandoque
971 1139 1071 1181 falsa,
1087 1147 1125 1173 ut
1139 1139 1276 1173 dictum
1292 1139 1410 1182 est(1'1z
1431 1145 1521 1185 corp.
1540 1143 1601 1173 art.
1618 1143 1646 1172 et
1660 1137 1702 1172 ad
1716 1137 1774 1183 1.).

280 1194 339 1228 AD
363 1204 534 1228 TERTIUM
553 1194 758 1235 dicendum,
778 1193 874 1239 quod
897 1194 1041 1239 propria
1063 1193 1286 1227 daemonum
1306 1193 1473 1226 dicuntur
1496 1203 1573 1226 esse
1596 1191 1669 1234 illa,
1684 1202 1775 1238 quae

209 1248 344 1282 habent
365 1260 384 1281 a
406 1248 544 1294 seipsis,
568 1248 707 1282 scilicet
735 1248 936 1289 mendacia,
952 1256 986 1281 et
1000 1255 1169 1294 peccata:
1188 1258 1280 1293 quae
1299 1255 1420 1281 autem
1435 1247 1613 1292 pertinent
1632 1246 1675 1280 ad
1694 1257 1774 1291 pro-

211 1302 327 1347 priam
349 1310 527 1343 naturam,
550 1313 623 1335 non
645 1301 779 1335 habent
801 1313 819 1334 a
842 1301 977 1347 seipsis,
1000 1301 1062 1335 sed
1085 1312 1103 1333 a
1126 1301 1227 1334 Deo:
1258 1312 1321 1346 per
1349 1301 1520 1334 virtutem
1551 1308 1673 1334 autem
1698 1310 1778 1345 pro-

212 1355 310 1401 priae
337 1364 484 1389 naturae
508 1355 724 1401 quandoque
750 1366 834 1388 vera
865 1354 1127 1400 praenuntiant,
1158 1362 1196 1387 ut
1223 1354 1360 1387 dictum
1391 1362 1442 1387 est
1464 1354 1516 1399 (in
1537 1359 1629 1400 corp.
1657 1357 1722 1387 art.
1749 1356 1778 1386 et

213 1408 255 1442 ad
281 1410 346 1454 r.):
367 1409 476 1442 utitur
497 1410 605 1442 etiam
627 1409 677 1442 eis
699 1409 798 1442 Deus
821 1408 864 1441 ad
887 1408 1046 1441 veritatis
1060 1406 1392 1441 manifestationem
1413 1418 1476 1452 per
1495 1407 1593 1452 ipsos
1607 1406 1776 1447 fiendam,

214 1461 300 1495 dum
323 1462 443 1495 divina
465 1463 635 1507 mysteria
657 1461 707 1495 eis
729 1473 793 1507 per
815 1461 964 1507 angelos
986 1461 1200 1502 revelantur,
1223 1469 1261 1494 ut
1282 1460 1418 1494 dictum
1441 1468 1494 1494 est
1514 1459 1638 1505 (ibid).

660 1796 1016 1857 QUAESTIO
1059 1794 1331 1843 CLXXIII.

536 1933 599 1963 DE
626 1931 764 1962 MODO
790 1930 1118 1962 PROPHETICAE
1146 1929 1468 1968 COGNITIONIS,

603 2003 654 2034 IN
681 2002 909 2042 QUATUOR
935 2001 1197 2033 ARTICULOS
1223 2001 1397 2033 DIVISA.

291 2158 432 2192 Deinde
455 2156 759 2191 considerandum
781 2164 835 2190 est
855 2156 899 2190 de
921 2155 1034 2190 modo
1056 2155 1289 2202 propheticae
1312 2153 1542 2199 cognitionis.

687 2246 730 2280 Et
751 2247 841 2280 cirta
863 2246 920 2280 hoc
942 2250 1146 2292 quaeruntur
1167 2249 1321 2290 quatuor.

292 2319 428 2353 Primo.
456 2318 587 2352 Utrum
608 2317 812 2362 Prophetae
834 2317 981 2351 videant
1001 2317 1117 2363 ipsam
1139 2315 1209 2349 Dei
1231 2314 1437 2349 essentiam.

294 2373 475 2407 Secundo.
498 2371 630 2406 Utrum
651 2370 824 2405 revelatio
846 2371 1058 2417 prophetica
1080 2369 1141 2403 fiat
1162 2380 1224 2415 per
1242 2367 1468 2402 influentiam
1487 2366 1689 2413 aliquarum
1707 2376 1783 2412 spe-

222 2427 370 2468 cierum,
393 2425 450 2460 vel
471 2436 533 2472 per
554 2423 671 2458 solam
694 2424 918 2458 influentiam
940 2423 1097 2458 luminis.

294 2480 430 2515 Tertio.
459 2479 590 2513 Utrum
622 2478 833 2524 prophetica
863 2477 1035 2512 revelatio
1067 2487 1208 2523 semper
1238 2476 1278 2510 fit
1303 2486 1387 2510 curn
1417 2474 1635 2509 alienatione
1663 2484 1683 2507 a
1708 2483 1785 2508 sen-

221 2534 327 2568 sibus.

295 2588 449 2628 Quarto.
472 2587 604 2622 Utrum
626 2585 816 2633 prophetia
844 2595 988 2630 semper
1014 2584 1059 2619 sit
1085 2595 1169 2618 cum
1196 2583 1407 2629 cognitione
1435 2592 1562 2616 eorum
1589 2591 1681 2626 quae
1706 2589 1786 2626 pro-

222 2641 426 2687 phetantur.

1856 1906 1859 1931 ἴ

1855 1974 1859 2014 Ε
