1859 3122
201 207 310 250 1142
583 203 803 239 QUAESTIO
839 203 996 232 CLXXV.
1030 202 1275 232 ARTICULUS
1309 202 1370 231 111.

195 289 348 334 August.
371 286 518 332 exponit
554 295 604 319 12.
627 295 734 330 super
756 283 847 318 Gen.
872 283 915 317 ad
944 283 994 317 lit.
1020 282 1106 330 (cap.
1134 284 1217 328 28).
1248 282 1393 317 Secundo
1420 282 1515 317 modo
1541 290 1661 329 potest
1689 282 1762 317 dici

194 342 340 376 tertium
355 339 499 374 coelum
511 337 713 372 secundum
729 337 895 371 ordinem
910 335 1212 381 cognoscibilium
1224 344 1286 382 gut
1295 337 1447 382 primum
1464 336 1608 370 coelum
1624 335 1762 370 dicatur

194 394 355 440 cognitio
378 392 591 426 coelestium
611 402 824 437 corporum:
847 390 1022 424 secundnm
1045 390 1205 435 cognitio
1228 388 1443 423 coelestium
1461 389 1671 435 spirituum:
1702 394 1764 424 ter-

196 450 278 483 tium
293 446 452 493 cognitio
474 445 585 490 ipsius
602 445 681 478 Dei.
703 445 813 478 Tertio
829 443 922 478 modo
937 452 1054 490 potest
1076 443 1147 476 dici
1168 443 1314 477 tertium
1329 442 1474 476 coelum
1497 442 1758 489 contemplatio

194 501 266 536 Dei
280 500 479 534 secundum
502 498 632 544 gradus
655 498 884 544 cognitionis,
900 509 969 543 qua
982 497 1082 531 Deus
1104 496 1260 531 videtur:
1285 508 1440 542 quorum
1454 497 1586 543 primus
1607 496 1762 542 pertinet

195 554 240 588 ad
262 553 410 599 angelos
429 551 574 586 infimae
590 551 812 585 hierarchiae
823 564 829 585 :
840 550 994 585 secundus
1010 550 1053 584 ad
1066 549 1214 596 angelos
1237 549 1377 583 mediae
1391 561 1398 583 ε
1420 551 1534 584 tertius
1549 550 1592 583 ad
1607 548 1759 596 angelos

194 617 396 653 supremae,
419 613 457 639 ut
477 605 562 639 dicit
585 604 704 639 Gloss.
728 604 800 649 (cit.
827 605 861 638 in
880 605 991 650 princ.
1019 604 1125 649 corp.)
1150 613 1180 636 2.
1217 602 1260 636 ad
1285 602 1369 637 Cor.
1396 612 1468 645 12.;
1500 611 1534 637 et
1564 603 1647 649 quia
1667 602 1761 637 visio

195 660 266 694 Dei
287 670 361 693 non
383 666 501 705 potest
523 669 600 692 esse
622 658 698 691 sine
725 657 977 698 delectatione,
1000 665 1191 702 propterea
1209 667 1283 690 non
1306 655 1426 690 solum
1449 667 1486 690 se
1513 655 1599 690 dicit
1619 663 1762 702 raptum

197 713 240 747 ad
259 713 405 748 tertium
437 711 582 746 coelum
603 711 742 745 ratione
765 709 1097 756 contemplationis,
1119 709 1181 744 sed
1204 709 1313 744 etiam
1334 709 1371 743 in
1392 709 1600 755 paradisum
1621 709 1760 743 ratione

197 766 446 801 delectationis
470 764 735 811 consequentis.

744 905 1088 949 ARTICULUS
1119 905 1194 948 iv.
1696 915 1762 962 837

304 1014 457 1043 UTRUM
490 1013 657 1042 PAULUS
691 1013 736 1043 IN
760 1013 903 1042 RAPTU
924 1012 1080 1042 FUERIT
1106 1012 1351 1042 ALIENATUS
1386 1013 1412 1041 A
1445 1011 1660 1042 SENSIBUS.

545 1100 654 1144 (Part.
669 1113 697 1135 r.
725 1112 755 1146 q.
777 1112 826 1135 12.
849 1105 912 1134 art.
929 1113 973 1135 II.
996 1106 1026 1135 et
1053 1100 1138 1134 Veri.
1159 1112 1188 1146 q.
1214 1112 1266 1135 10.
1289 1105 1352 1134 art.
1375 1113 1421 1135 H.

356 1159 386 1188 et
411 1166 441 1199 q.
468 1166 510 1199 13.
538 1159 601 1188 art.
620 1166 648 1200 3.
678 1159 704 1188 at
730 1166 762 1198 4.
786 1159 813 1188 et
840 1154 960 1198 Quodl.
987 1166 1014 1188 Ι.
1037 1153 1079 1188 ad
1104 1167 1130 1188 1.
1158 1159 1188 1188 et
1213 1166 1243 1188 2.
1273 1153 1353 1188 Cor.
1374 1165 1422 1188 12.
1450 1153 1521 1188 lect.
1547 1154 1605 1198 1.).

269 1242 328 1276 AD
351 1252 539 1282 QUARTUM
555 1242 604 1276 sic
623 1242 839 1288 proceditur.
855 1241 1017 1284 Videtur,
1039 1241 1135 1288 quod
1153 1240 1285 1275 Paulus
1300 1241 1335 1275 in
1351 1249 1454 1287 raptu
1468 1252 1542 1275 non
1556 1240 1662 1275 fuerit
1680 1239 1763 1274 alie-

198 1303 302 1329 natus
325 1307 345 1328 a
367 1296 546 1329 sensibus:
570 1295 656 1329 dicit
677 1296 774 1329 enim
796 1296 949 1341 August.
977 1306 1028 1330 12.
1047 1306 1152 1340 super
1176 1294 1267 1329 Gen.
1288 1295 1330 1328 ad
1345 1294 1395 1328 lit.
1420 1295 1508 1341 (cap.
1531 1294 1603 1339 28.)
1619 1307 1629 1328 .·
1654 1306 1673 1326 ((
1688 1293 1764 1328 Cur

197 1359 271 1382 non
294 1349 494 1390 credamus,
517 1349 613 1394 quod
635 1357 736 1382 tanto
758 1347 939 1394 Apostolo
963 1349 1103 1383 doctori
1127 1348 1299 1382 Gentium
1326 1356 1426 1394 rapto
1453 1359 1566 1393 usque
1589 1347 1633 1381 ad
1655 1347 1761 1381 istam

198 1401 539 1436 excellentissimam
553 1402 732 1435 visionem
742 1401 897 1435 voluerit
914 1402 1014 1436 Deus
1029 1401 1278 1435 demonstrare
1292 1402 1416 1442 vitam,
1430 1401 1467 1434 in
1482 1412 1552 1446 qua
1571 1409 1652 1446 post
1665 1400 1759 1434 hanc

197 1454 309 1488 vitam
330 1455 524 1488 vivendum
547 1463 601 1488 est
622 1455 657 1488 in
680 1454 889 1488 aeternum?
906 1468 944 1490 »z
968 1455 1030 1488 sed
1051 1455 1087 1488 in
1102 1454 1163 1488 illa
1177 1455 1250 1488 vita
1273 1454 1391 1488 futura
1412 1454 1527 1488 sancti
1552 1461 1634 1499 post
1654 1465 1765 1487 resur-

197 1507 397 1542 rectionem
411 1508 583 1541 videbunt
602 1508 673 1542 Dei
688 1508 893 1550 essentiam,
916 1508 1050 1554 absque
1065 1507 1137 1541 hoc
1153 1507 1250 1554 quod
1269 1507 1330 1541 fiat
1351 1506 1543 1541 abstractio
1560 1517 1580 1540 a
1600 1506 1764 1540 sensibus

198 1560 402 1606 corporeis;
425 1572 512 1606 ergo
534 1572 600 1594 nec
622 1561 659 1594 in
681 1561 795 1595 Paulo
823 1560 889 1595 fuit
910 1561 1118 1606 hujusmodi
1141 1561 1333 1595 abstractio
1354 1559 1460 1594 facta.

270 1623 301 1647 2.
323 1614 560 1649 PRAETEREA.
581 1614 747 1649 Christus
768 1626 851 1648 vere
866 1615 983 1648 viator
1004 1614 1079 1657 fuit,
1103 1623 1136 1648 et
1152 1615 1321 1648 continue
1336 1614 1475 1648 visione
1491 1613 1633 1647 divinae
1649 1623 1766 1647 essen-

197 1667 267 1701 tiae
288 1667 487 1710 fruebatur3
509 1679 576 1702 nec
607 1676 730 1702 tamen
759 1667 867 1702 fiebat
889 1668 1082 1702 abstractio
1107 1679 1126 1702 a
1148 1668 1329 1702 sensibus:
1353 1678 1440 1713 ergo
1462 1678 1529 1701 nec
1551 1666 1617 1700 fuit
1637 1677 1762 1700 neces-

197 1721 343 1763 sarium,
366 1722 463 1767 quod
484 1722 521 1755 in
546 1721 661 1755 Paulo
693 1720 794 1756 fieret
816 1722 1009 1768 abstractio
1032 1733 1051 1755 a
1081 1721 1256 1763 sensibus,
1281 1721 1324 1755 ad
1346 1721 1418 1755 hoc
1440 1720 1537 1767 quod
1568 1719 1763 1754 essentiam

197 1774 268 1808 Dei
286 1774 434 1809 videret.

273 1839 301 1874 3.
323 1828 559 1863 PRAETEREA.
587 1828 732 1870 Paulus,
763 1837 955 1874 postquam
981 1828 1103 1862 Deum
1137 1840 1200 1875 per
1222 1828 1417 1863 essentiam
1446 1827 1596 1869 viderat,
1623 1837 1765 1861 memor

196 1881 263 1915 fuit
282 1881 442 1923 illorum,
465 1894 556 1928 quae
577 1882 615 1916 in
644 1882 704 1916 illa
725 1882 865 1916 visione
898 1890 1152 1928 conspexerat;
1176 1882 1270 1916 unde
1292 1882 1434 1916 dicebat
1456 1891 1486 1915 2.
1511 1880 1554 1915 ad
1576 1880 1662 1915 Cor.
1690 1890 1761 1914 12.:

198 1935 327 1970 Audivi
353 1947 479 1970 arcana
505 1936 621 1978 verba,
649 1948 730 1981 quaa
759 1947 825 1969 non
851 1936 924 1970 licat
955 1935 1082 1969 homini
1108 1936 1220 1981 loqui:
1248 1935 1310 1970 sed
1344 1935 1523 1969 memoria
1546 1934 1590 1968 ad
1623 1941 1763 1979 partem

198 1989 407 2022 sensitivam
434 1989 596 2035 pertinet,
619 1997 658 2023 ut
686 1997 783 2035 patet
813 2001 876 2035 per
898 1988 1168 2035 Philosophum
1197 1989 1233 2023 in
1255 1989 1314 2023 lib.
1347 1989 1389 2023 de
1412 1988 1534 2030 Mem„
1563 1994 1597 2021 et
1618 1987 1760 2021 Remin.

199 2043 288 2088 (cap.
311 2043 380 2087 1.);
406 2053 492 2087 ergo
506 2042 658 2084 videtur,
673 2043 768 2088 quod
793 2043 902 2076 etiam
924 2042 1057 2077 Paulus
1080 2043 1238 2078 videndo
1261 2042 1331 2077 Dei
1353 2041 1547 2076 essentiam
1564 2052 1639 2075 non
1657 2039 1765 2075 fuerit

199 2095 375 2130 alienatus
397 2107 416 2128 a
437 2096 610 2130 sensibus.

271 2148 345 2183 SED
368 2159 524 2183 CONTRA
547 2158 611 2191 est,
646 2149 742 2195 quod
774 2150 926 2195 August.
954 2150 1039 2184 dicit
1073 2160 1124 2184 12.
1156 2161 1263 2196 super
1287 2149 1378 2184 Gen.
1407 2149 1450 2182 ad
1478 2148 1528 2182 lit.
1553 2147 1640 2194 (cap.
1667 2147 1740 2193 27.)
1752 2161 1762 2182 .·

202 2202 315 2236 «Nisi
335 2202 376 2235 ab
399 2202 468 2236 hac
494 2202 566 2236 vita
595 2203 745 2248 quisque
773 2203 1048 2248 quodammodo
1079 2203 1266 2245 moriatur,
1294 2203 1368 2237 sive
1391 2202 1542 2236 omnino
1570 2201 1691 2235 exiens
1718 2201 1762 2235 de

199 2267 363 2302 corpore,
379 2256 454 2290 sive
470 2256 519 2290 ita
536 2268 694 2297 aversus,
710 2265 744 2290 et
766 2256 941 2291 alienatus
960 2269 980 2291 a
1002 2257 1204 2292 carnalibus
1219 2256 1393 2298 sensibus,
1414 2264 1453 2289 ut
1470 2255 1600 2289 merito
1614 2254 1763 2296 nesciat,

198 2309 290 2343 sicut
312 2310 438 2355 Apost.
462 2309 520 2350 ait,
542 2314 654 2343 utrum
676 2311 711 2343 in
732 2316 867 2355 corpora
882 2322 925 2344 an
944 2315 1037 2345 extra
1059 2317 1177 2357 corpus
1191 2312 1242 2352 sit,
1261 2321 1344 2344 cum
1364 2310 1401 2343 in
1423 2308 1525 2343 illam
1543 2319 1617 2342 non
1639 2307 1751 2342 subve

198 2371 294 2396 nitur
315 2373 495 2396 visionem
509 2376 541 2396 ».

270 2415 499 2450 RESPONDEO
522 2416 728 2457 dicendum,
748 2416 843 2462 quod
867 2416 986 2450 divina
1009 2417 1164 2451 essentia
1185 2428 1259 2450 non
1281 2424 1399 2462 potest
1417 2416 1459 2450 ab
1483 2415 1633 2449 homine
1651 2413 1764 2448 videri

198 2480 261 2515 per
283 2469 392 2502 aliam
410 2470 485 2503 vim
501 2470 802 2515 cognoscitivam,
818 2481 926 2515 quam
943 2481 1004 2514 per
1019 2470 1261 2504 intellectum:
1284 2469 1488 2503 intellectus
1503 2476 1625 2502 autem
1638 2468 1765 2501 huma-

197 2534 265 2556 nus
286 2534 359 2556 non
387 2524 607 2557 convertitur
629 2523 673 2557 ad
698 2522 950 2567 intelligibilia,
972 2523 1041 2557 nisi
1063 2524 1304 2557 mediantibus
1325 2522 1649 2569 phantasmatibus,
1672 2531 1763 2566 quae

198 2587 261 2621 per
282 2577 418 2622 species
449 2576 692 2622 intelligibiles
716 2587 734 2609 a
756 2576 917 2610 sensibus
941 2577 1082 2622 accipit,
1106 2585 1139 2610 et
1156 2577 1192 2610 in
1215 2576 1342 2622 quibus
1365 2575 1598 2610 considerans
1620 2574 1664 2608 de
1685 2584 1763 2608 sen-

199 2628 358 2663 sibilibus
381 2629 525 2674 judicat,
549 2638 584 2663 et
612 2641 654 2664 ea
676 2630 849 2675 disponit;
873 2637 907 2663 et
930 2629 1012 2663 ideo
1035 2631 1070 2663 in
1094 2630 1194 2663 omni
1219 2629 1442 2676 operatione,
1464 2639 1533 2674 qua
1561 2626 1762 2661 intellectus

198 2690 321 2716 noster
342 2683 559 2717 abstrahitur
581 2694 599 2717 a
618 2683 940 2729 phantasmatibus,
958 2694 1108 2717 necesse
1128 2692 1181 2717 est
1197 2683 1294 2729 quod
1313 2682 1538 2716 abstrahatur
1553 2692 1571 2714 a
1586 2680 1762 2715 sensibus.

198 2735 405 2771 intellectus
433 2745 555 2772 autem
576 2737 736 2771 hominis
766 2737 802 2770 in
824 2744 915 2770 statu
938 2736 1017 2770 viae
1039 2748 1186 2770 necesse
1210 2744 1262 2770 est
1288 2736 1383 2782 quod
1412 2747 1431 2769 a
1452 2733 1762 2780 phantasmatibus

200 2789 436 2831 abstrahatur,
459 2791 487 2824 si
505 2790 625 2824 videat
644 2790 715 2824 Dei
729 2789 940 2823 essentiam:
963 2800 1037 2823 non
1054 2789 1150 2823 enim
1172 2800 1234 2835 per
1253 2789 1398 2835 aliquod
1413 2788 1629 2835 phantasma
1644 2793 1763 2832 potest

198 2841 267 2875 Dei
290 2844 443 2877 essentia
464 2844 595 2885 videri,
618 2843 822 2889 quinimmo
840 2853 907 2876 nec
929 2853 992 2888 per
1015 2841 1173 2888 aliquam
1196 2842 1356 2887 speciem
1378 2839 1643 2887 intelligibilem
1665 2850 1761 2874 crea-

198 2903 293 2937 tam3
316 2896 399 2942 quia
421 2897 575 2931 essentia
596 2897 666 2931 Dei
688 2898 722 2930 in
744 2895 924 2930 infinitum
947 2895 1086 2930 excedit
1106 2906 1180 2929 non
1203 2895 1324 2929 solum
1347 2894 1470 2928 omnia
1492 2904 1657 2940 corpora,
1675 2903 1763 2938 quo-

1856 1339 1859 1348 „
1853 1187 1859 1334 ..j—⁴...—
1852 1050 1859 1183 -—...-—..„⁴
1858 1042 1859 1046 „
