1859 3122
454 174 674 210 QUAESTIO
709 174 857 204 CXVIII.
891 174 1136 204 ARTICULUS
1169 174 1212 204 11.
1530 162 1609 217 803

611 360 954 406 ARTICULUS
989 361 1044 404 11.
1549 385 1613 421 597

340 482 489 512 UTRUM
518 482 726 512 AVARITIA
751 482 818 512 SIT
847 482 1052 512 SPECIALE
1078 482 1330 512 PECCATUM.

103 584 205 630 (Insr.
227 588 291 618 art.
311 595 339 629 5.
363 583 404 617 cal
425 595 456 618 2.
483 589 510 618 ut
532 590 624 630 part.
647 597 673 619 1.
697 596 725 629 q.
749 585 797 630 63.
820 590 885 619 art.
912 596 942 618 2.
970 584 1012 618 ad
1033 596 1063 619 2.
1091 589 1118 618 et
1139 595 1169 618 2.
1190 584 1277 618 Dist.
1299 595 1348 618 21.
1371 585 1406 617 in
1426 590 1497 630 exp.
1517 583 1563 618 lit.

430 642 459 672 ct
482 637 564 671 Mal.
587 650 616 683 q.
637 638 667 672 S.
691 643 754 672 ιινί.
774 650 801 672 1.
823 638 865 672 cccl
887 650 913 672 1.
941 643 969 672 at
990 650 1020 683 q.
1039 650 1066 684 3.
1090 643 1152 672 ast.
1175 637 1232 681 1.).

125 738 184 772 AD
207 749 412 773 SECUNDUM
435 739 485 773 sic
509 739 723 785 proceditur.
746 738 908 781 Videtur,
923 739 1018 786 quod
1039 739 1187 774 avaritia
1201 750 1275 774 non
1294 739 1339 774 sit
1359 738 1516 785 speciale
1533 750 1612 785 pec-

53 800 193 826 catum:
216 791 300 826 dicit
322 793 418 826 enim
445 793 597 837 August.
615 794 649 826 in
665 793 723 826 lib.
736 803 766 826 2.
783 793 825 827 de
844 793 921 827 Lib.
944 793 1057 826 Arbit.
1081 794 1171 839 (cap.
1187 794 1251 839 17.)
1265 805 1275 826 .·
1295 806 1312 824 «
1331 793 1504 835 Avaritia,
1520 804 1610 839 quae

51 857 180 891 graece
191 846 409 893 φιλαργυρία
422 846 675 892 (philargyria)
687 846 815 880 dicitur
829 857 903 879 non
914 846 947 880 in
965 846 1044 880 solo
1061 854 1222 891 argento,
1241 846 1299 880 vel
1312 847 1348 880 in
1363 847 1534 889 nummis,
1549 847 1610 881 sed

51 899 87 932 in
111 899 280 933 omnibus
295 899 410 941 rebus,
426 911 517 945 quae
536 900 776 934 immoderate
793 899 994 945 cupiuntur,
1009 899 1242 945 intelligenda
1257 908 1309 934 est
1322 914 1338 932 >³
1354 913 1360 934 :
1380 901 1440 934 sed
1459 901 1495 934 in
1510 901 1611 934 omni

50 960 201 999 peccato
221 961 274 987 est
289 953 462 999 cupiditas
480 953 722 987 immoderata
737 952 887 998 alicujus
903 953 973 996 rei3
996 953 1079 999 quia
1093 961 1284 999 peccatum
1300 961 1362 995 est,
1379 962 1497 999 spreto
1512 954 1610 988 bono

49 1006 466 1048 incommutabili,bonis
482 1006 799 1041 commutabilibus
810 1007 1010 1048 inhaerere,
1026 1015 1063 1040 ut
1076 1018 1183 1052 supra
1196 1007 1360 1040 habitum
1372 1015 1425 1041 est
1435 1008 1509 1052 (1-2.
1520 1019 1548 1053 q.
1562 1019 1610 1053 71.

51 1065 115 1095 art.
132 1060 164 1095 6.
187 1072 258 1106 arg.
278 1061 321 1106 3.)
333 1073 344 1101 ;
369 1071 455 1106 ergo
479 1060 627 1094 avaritia
649 1069 702 1095 est
722 1060 891 1106 generale
912 1068 1116 1106 peccatum.

120 1124 152 1148 2.
174 1114 410 1148 PRAETEREA.
431 1113 640 1148 Secundum
658 1114 784 1148 Isidor.
806 1113 842 1147 in
862 1113 921 1147 lib.
948 1124 999 1148 10.
1022 1113 1141 1160 Etym.
1166 1113 1223 1158 (ad
1244 1114 1293 1148 lit.
1316 1114 1364 1157 A)
1383 1125 1510 1148 avarus
1529 1114 1611 1148 dici-

48 1176 116 1210 tur,
137 1168 240 1214 quasi
260 1167 384 1202 avidus
401 1167 503 1209 aeris,
517 1167 610 1202 idest
630 1168 823 1214 pecuniae:
841 1167 935 1201 unde
958 1174 991 1201 et
1012 1167 1049 1201 in
1071 1178 1202 1213 graeco
1226 1167 1374 1202 avaritia
1391 1168 1610 1214 φιλαργυρία

47 1221 266 1262 nominatur,
285 1220 376 1255 idest
388 1233 485 1255 amor
498 1222 650 1267 argenti:
671 1221 733 1255 sed
748 1221 811 1255 sub
831 1229 993 1266 argento,
1012 1232 1074 1267 per
1095 1221 1191 1267 quod
1207 1221 1362 1267 pecunia
1376 1221 1609 1267 significatur,

47 1274 294 1320 significantur
315 1274 440 1308 omnia
460 1275 556 1309 bona
578 1275 766 1316 exteriora,
789 1285 945 1320 quorum
963 1274 1119 1320 pretium
1133 1282 1252 1321 potest
1272 1275 1492 1309 numismate
1512 1286 1609 1309 men-

47 1328 172 1370 surari,
186 1335 225 1362 ut
238 1339 345 1373 supra
365 1328 528 1362 habitum
551 1336 604 1362 est
624 1328 672 1374 (q.
690 1335 802 1375 praec.
822 1333 886 1362 art.
909 1340 940 1363 2.
955 1327 998 1362 ad
1011 1327 1083 1372 2.);
1108 1339 1194 1374 ergo
1217 1328 1365 1362 avaritia
1387 1328 1552 1363 consistit
1572 1329 1608 1363 in

49 1383 208 1428 appetitu
227 1381 416 1427 cujuslibet
436 1382 621 1416 exterioris
643 1382 712 1425 rei3
735 1393 821 1428 ergo
845 1382 985 1416 videtur
1007 1393 1084 1416 esse
1102 1381 1271 1428 generale
1289 1390 1491 1427 peccatum.

122 1447 150 1482 3.
169 1435 404 1470 PRAETEREA.
422 1435 538 1481 Super
550 1435 640 1470 illud
655 1435 697 1469 ad
713 1435 820 1470 Rom.
837 1446 887 1480 7.:
903 1436 994 1470 Nam
1010 1436 1306 1482 concupiscentiam
1320 1436 1510 1477 nesciebam,
1528 1443 1606 1477 etc.‚

49 1489 136 1524 dicit
157 1489 277 1524 Gloss.
301 1489 388 1533 (ord.
415 1490 502 1535 Aug.
525 1489 580 1524 lib.
603 1489 640 1524 de
667 1489 756 1536 Spir.
775 1494 803 1523 ct
817 1489 883 1523 Lit.
903 1495 972 1533 cap.
994 1488 1046 1533 4.)
1060 1501 1069 1523 .·
1089 1501 1106 1520 c<
1125 1488 1229 1522 Bona
1246 1496 1299 1523 est
1320 1487 1388 1530 lex,
1407 1500 1499 1534 quae
1521 1489 1607 1522 dum

48 1543 382 1589 concupiscentiam
400 1542 578 1588 prohibet,
599 1553 707 1576 omne
730 1541 867 1576 malum
895 1542 1062 1588 prohibet
1079 1554 1119 1576 »ε
1140 1542 1281 1576 videtur
1303 1550 1423 1577 autem
1450 1542 1507 1577 lex
1533 1554 1608 1588 spe-

47 1596 184 1630 cialiter
209 1596 400 1642 prohibere
423 1596 756 1642 concupiscentiam
775 1595 965 1638 avaritiae3
989 1595 1082 1630 unde
1105 1595 1234 1630 dicitur
1255 1595 1368 1630 Exod.
1392 1606 1467 1630 20.:
1494 1609 1511 1628 ((
1529 1597 1607 1631 Non

46 1651 247 1696 conrupisces
265 1662 334 1684 rem
354 1651 506 1696 proximi
525 1651 591 1690 tui}
616 1660 702 1695 ergo
726 1649 1020 1695 concupiscentia
1041 1649 1210 1683 avaritiae
1234 1657 1287 1683 est
1313 1661 1422 1685 omne
1445 1649 1606 1692 malum3

47 1712 82 1738 et
99 1703 148 1738 ita
170 1703 318 1738 avaritia
340 1711 392 1738 est
419 1702 587 1748 generale
606 1710 808 1749 peccatum.

119 1758 193 1792 SED
221 1767 376 1792 CONTRA
399 1765 462 1798 est,
485 1757 581 1803 quod
604 1756 647 1790 ad
669 1749 776 1790 Rom.
801 1767 828 1790 1.
852 1756 1001 1790 avaritia
1025 1764 1306 1791 connumeratur
1326 1756 1419 1791 inter
1441 1756 1510 1791 alia
1532 1768 1607 1803 spe-

47 1811 151 1846 cialia
173 1818 333 1858 peccata,
355 1810 415 1844 ubi
436 1810 580 1845 dicitur:
603 1810 751 1856 Repletos
776 1811 868 1844 omni
892 1811 1078 1856 iniquitate,
1106 1811 1250 1850 nzalitia,
1265 1811 1504 1856 fornicatione,
1528 1822 1607 1846 ava·

45 1866 138 1907 ritia,
159 1873 226 1899 etc.

116 1918 345 1953 RESPONDEO
361 1917 565 1959 dicendum,
580 1917 675 1964 quod
689 1925 839 1963 peccata
853 1917 1049 1952 sortiuntur
1063 1917 1223 1964 speciem
1237 1917 1438 1953 secundum
1453 1918 1605 1964 obJecta,

45 1980 83 2006 ut
104 1983 211 2018 supra
230 1972 395 2006 habiturn
423 1979 475 2006 est
498 1971 579 2015 (1-2.
602 1984 631 2017 q.
659 1982 711 2017 72.
737 1976 803 2006 art.
833 1971 900 2014 1.).·
923 1971 1107 2016 objectum
1133 1980 1254 2006 autem
1279 1973 1419 2018 peccati
1440 1981 1493 2007 est
1517 1972 1604 2007 illud

44 2025 195 2067 bonum,
216 2025 253 2059 in
272 2025 369 2071 quod
390 2024 504 2059 tendit
524 2024 749 2059 inordinatus
776 2025 970 2071 appetitu53
994 2033 1028 2059 et
1052 2025 1135 2060 ideo
1162 2025 1222 2060 ubi
1244 2034 1296 2060 est
1321 2025 1487 2072 specialis
1513 2026 1604 2061 ratio

44 2079 142 2121 boni,
165 2078 261 2124 quod
281 2078 484 2112 inordinate
506 2078 693 2124 appetitur,
714 2078 763 2112 ibi
785 2086 836 2112 est
851 2077 1016 2124 specialis
1033 2079 1124 2113 ratio
1146 2080 1301 2125 peccati:
1322 2079 1392 2113 3113
1407 2088 1528 2114 autem
1551 2088 1605 2114 est

44 2132 135 2166 ratio
162 2131 248 2166 boni
275 2131 381 2173 utilis,
408 2139 443 2166 et
467 2131 554 2165 boni
580 2130 819 2167 delectabilis:
853 2131 998 2166 divitiae
1029 2139 1150 2166 autem
1180 2133 1381 2167 secundum
1407 2144 1445 2167 se
1471 2133 1605 2168 habent

45 2187 223 2221 rationem
248 2185 369 2220 utilis:
404 2197 446 2220 ea
474 2185 571 2219 enim
602 2186 740 2220 ratione
776 2194 1000 2232 appetuntur>
1031 2186 1246 2232 inquantum
1275 2187 1476 2221 secundum
1506 2187 1602 2233 quod

45 2248 99 2274 est
118 2240 154 2273 in
175 2251 281 2273 usum
307 2239 467 2273 hominis
490 2239 638 2274 cedunt:
667 2247 701 2273 et
727 2239 809 2273 ideo
836 2239 992 2285 speciale
1019 2239 1203 2285 quoddam
1229 2248 1420 2286 peccatum
1447 2249 1500 2275 est
1525 2252 1604 2274 ava-

44 2293 135 2336 ritia,
155 2292 418 2327 immoderatus
441 2303 542 2326 amor
568 2292 724 2326 habendi
751 2293 1010 2339 possessiones,
1033 2305 1124 2339 quae
1145 2293 1295 2328 nomine
1318 2294 1494 2340 pecuniae
1516 2293 1603 2327 desi-

45 2343 209 2393 gnantur,
224 2357 266 2380 ex
281 2357 350 2391 qua
371 2345 523 2379 sumitur
541 2346 710 2380 avaritiae
728 2357 883 2380 nomen:
906 2357 1032 2380 verum
1054 2347 1137 2392 quia
1151 2347 1302 2380 verbum
1323 2347 1489 2392 habendi,
1505 2347 1602 2393 quod

44 2400 244 2434 secundum
257 2399 467 2445 primariam
480 2398 752 2445 impositionem
768 2400 811 2433 ad
825 2400 1072 2446 possessiones
1087 2400 1265 2446 pertinere
1280 2400 1432 2442 videtur,
1448 2412 1600 2446 quarum

47 2464 171 2487 sumus
191 2452 349 2487 totaliter
371 2452 520 2494 domini,
543 2452 586 2486 ad
608 2452 722 2486 multa
744 2452 813 2487 3113
835 2453 1025 2495 derivatur,
1047 2453 1141 2488 sicut
1162 2453 1309 2487 dicitur:
1332 2454 1446 2487 homo
1468 2454 1601 2488 habere

44 2507 246 2549 sanitatem,
282 2517 444 2547 uxorem,
473 2505 740 2548 vestimentum,
775 2514 810 2540 et
842 2505 912 2540 alia
939 2506 1160 2552 hujusmodi,
1191 2514 1228 2540 ut
1249 2515 1346 2553 patet
1373 2507 1410 2540 in
1440 2507 1600 2542 Praedic.

44 2561 131 2606 (cap.
153 2560 208 2594 ult.
228 2559 549 2606 postpraedicannj,
572 2570 634 2605 per
656 2570 882 2606 consequens
905 2568 940 2594 et
960 2571 1096 2595 nomen
1119 2560 1288 2594 avaritiae
1311 2559 1523 2606 ampliatum
1546 2568 1600 2595 est

45 2613 88 2647 ad
110 2624 260 2647 omnem
281 2612 563 2646 immoderatum
583 2613 781 2659 appetitum
798 2613 955 2648 habendi
973 2625 1241 2659 quamcumque
1256 2625 1352 2655 rem3
1376 2613 1467 2647 sicut
1490 2613 1599 2660 Greg.

46 2666 131 2700 dicit
143 2667 179 2700 in
193 2665 349 2712 quadam
367 2666 476 2699 Hom.
493 2666 560 2710 (16.
583 2667 618 2699 in
631 2666 793 2712 Herzog),
815 2667 912 2712 quod
929 2679 947 2698 «
962 2667 1109 2701 avaritia
1125 2675 1176 2701 est
1190 2678 1263 2700 non
1282 2666 1401 2700 solum
1416 2667 1600 2712 pecuniae,

45 2719 107 2753 sed
129 2719 238 2753 etiam
261 2718 467 2760 altitudinis,
490 2730 573 2752 cum
595 2730 701 2764 supra
729 2720 888 2753 debiturn
915 2720 1067 2754 modum
1093 2719 1293 2753 sublimitas
1320 2720 1475 2753 ambitur
1499 2731 1538 2753 »ε
1567 2728 1601 2754 et

45 2772 244 2806 secundum
265 2772 337 2806 hoc
361 2771 507 2805 avaritia
529 2779 678 2806 non‘est
700 2772 856 2819 speciale
882 2781 1092 2819 peccatum3
1120 2781 1155 2807 et
1179 2773 1251 2806 hoc
1279 2773 1388 2807 etiam
1415 2773 1527 2807 modo
1550 2773 1600 2808 lo-

46 2825 166 2871 quitur
187 2825 341 2871 August.
365 2825 408 2859 de
431 2825 578 2859 avaritia
598 2825 635 2859 in
656 2826 868 2860 auctoritate
890 2826 1036 2860 inducta
1057 2827 1109 2871 (in
1131 2838 1200 2871 arg.
1227 2826 1284 2870 1.).

116 2878 223 2913 Unde
246 2886 342 2924 patet
362 2879 550 2924 responsio
572 2889 622 2913 AD
648 2889 807 2913 PRIMUM.
