1859 3122
202 189 311 218 1122
596 183 819 220 QUAESTIO
853 181 1032 212 CLXXIII.
1065 180 1310 212 ARTICULUS
1342 180 1371 210 1.

196 280 320 315 quens,
354 267 451 313 quod
481 278 498 297 α
521 265 663 311 sapiens
688 264 884 309 theologus
910 263 1091 297 visionem
1126 261 1227 296 illam
1254 262 1340 296 dicit
1365 273 1442 297 esse
1469 262 1640 306 divinam,
1666 272 1758 308 quae

196 323 234 356 fit
255 333 318 368 per
338 319 611 354 similitudinem
633 329 753 352 rerum
775 316 894 351 forma
916 316 1097 362 corporali
1116 315 1316 350 carentium
1338 326 1381 349 ex
1401 315 1611 350 reductione
1636 315 1759 350 viden-

195 376 286 410 tium
307 374 343 407 in
365 373 485 407 divina
504 384 543 413 »3
566 380 601 406 et
621 370 833 415 hujusmodi
851 369 1104 404 similitudines
1126 369 1249 403 divino
1272 368 1408 403 lumine
1429 368 1627 403 illustratae
1642 368 1760 414 magis

196 429 330 462 habent
344 426 523 460 rationem
540 424 688 470 speculi,
707 435 816 470 quam
834 423 903 457 Dei
922 423 1093 458 essentia:
1112 434 1198 456 nam
1216 422 1252 455 in
1271 422 1420 467 speculo
1435 422 1609 456 resultant
1622 422 1761 468 species

197 482 238 515 ab
263 480 339 514 aliis
362 479 484 513 rebus:
509 478 604 524 quod
626 489 700 511 non
718 485 837 523 potest
856 476 926 510 dici
941 476 984 509 de
999 476 1096 510 Deo:
1116 475 1178 510 sed
1194 475 1404 520 hujusmodi
1424 474 1614 509 illustratio
1630 475 1761 509 mentis

197 533 430 581 propheticae
453 539 569 578 potest
592 531 662 566 dici
683 530 884 576 speculum,
906 530 1120 576 inquantum
1142 528 1290 563 resultat
1311 528 1359 562 ibi
1380 527 1578 563 similitudo
1600 528 1761 562 veritatis

198 588 339 621 divinae
361 585 630 632 praescientiae,
650 593 684 618 et
702 592 847 630 propter
865 584 936 617 hoc
956 583 1085 617 dicitur
1098 583 1263 628 specillum
1277 583 1490 624 aeternitatis,
1510 582 1612 628 quasi
1625 593 1764 628 reprae-

198 648 341 675 sentans
360 641 430 673 Dei
452 638 740 685 praescientiam,
763 639 823 683 qui
841 637 877 670 in
895 648 959 671 sua
979 636 1192 671 aeternitate
1211 635 1335 669 omnia
1354 635 1638 681 praesentialiter
1653 635 1763 677 videt,

199 702 236 729 ut
258 694 395 727 dictum
417 700 470 726 est
493 692 538 738 (q.
561 703 628 738 171.
649 697 713 726 art.
737 691 769 725 6.
792 691 834 724 ad
851 692 908 737 3.).

270 748 329 781 AD
351 757 501 781 PRIMUM
523 756 610 790 ergo
638 745 843 785 dicendum,
870 743 967 790 quod
994 743 1197 789 Prophetae
1225 743 1391 776 dicuntur
1411 741 1589 788 inspicere
1611 743 1647 775 in
1668 741 1762 776 libro

199 800 457 847 praescientiae
480 799 561 840 Dei,
575 799 790 844 inquantum
813 808 855 832 ex
872 797 949 843 ipsa
964 796 1203 843 praescientia
1218 796 1288 830 Dei
1302 795 1450 830 resultat
1467 796 1598 830 veritas
1615 795 1651 828 in
1667 805 1765 828 men-

200 864 273 889 tem
295 853 510 899 Prophetae.

272 908 331 942 AD
355 917 562 941 SECUNDUM
584 906 790 946 dicendum,
810 904 905 950 quod
920 904 955 937 in
978 903 1094 950 prima
1111 903 1262 937 veritate
1276 902 1405 936 dicitur
1418 902 1533 936 homo
1546 901 1668 935 videre
1685 912 1766 948 pro-

200 961 315 1007 priam
336 960 506 1000 formam,
533 970 602 1005 qua
629 958 756 999 existit,
784 958 997 1003 inquantum
1024 957 1161 1002 primae
1188 956 1347 990 veritatis
1377 954 1577 989 similitudo
1609 954 1765 1001 refulget

201 1017 237 1049 in
259 1022 379 1048 mente
401 1014 574 1055 humana,
595 1024 637 1046 ex
659 1023 729 1058 qua
751 1011 870 1045 anima
892 1011 1001 1044 habet
1022 1010 1119 1055 quod
1141 1010 1297 1055 seipsam
1321 1016 1531 1054 cognoscat.

273 1068 332 1102 AD
349 1077 518 1102 TERTIUM
538 1066 743 1107 dicendum,
760 1064 855 1110 quod
871 1076 912 1098 ex
930 1064 1001 1097 hoc
1016 1063 1095 1109 ipso
1111 1063 1207 1109 quod
1226 1063 1262 1096 in
1281 1063 1362 1097 Deo
1381 1061 1501 1096 futura
1520 1061 1766 1107 contingentia

202 1130 282 1156 sunt
304 1120 503 1155 secundum
526 1117 755 1152 immobilem
777 1118 978 1158 veritatem,
1000 1124 1119 1162 potest
1140 1116 1349 1162 imprimere
1365 1115 1479 1149 menti
1499 1115 1706 1161 Prophetae
1724 1114 1768 1148 si-

202 1175 328 1209 milem
351 1173 612 1220 cognitionem,
629 1172 762 1217 absque
785 1182 828 1205 eo
844 1170 941 1216 quod
956 1170 1161 1216 Prophetae
1176 1169 1299 1204 Deum
1317 1180 1380 1215 per
1397 1168 1592 1203 essentiam
1609 1167 1765 1202 videant.

730 1328 735 1334 .
763 1288 1109 1334 ARrieutus
1148 1288 1203 1331 H.
1697 1298 1762 1343 825

266 1401 419 1430 UTRUM
449 1401 490 1429 IN
517 1398 795 1429 PROPHETICA
822 1397 1128 1427 REVELATIONE
1155 1395 1456 1425 IMPRIMANTUR
1483 1394 1706 1425 DIVINITUS

482 1465 617 1495 MENTI
651 1463 909 1494 PROPHETAE
941 1462 1090 1492 NOVAE
1124 1462 1267 1491 RERUM
1302 1461 1486 1500 SPECIES>

663 1530 745 1558 VEL
779 1528 927 1558 SOLUM
958 1527 1115 1558 NOVUM
1148 1526 1309 1556 LUMEN.

502 1619 592 1663 (Lib.
608 1630 635 1664 3.
656 1617 771 1651 Contr.
793 1628 823 1662 g.
852 1622 923 1662 rzip.
946 1626 1012 1661 154.
1035 1620 1065 1650 et
1092 1615 1178 1649 Veri.
1201 1626 1230 1660 q.
1253 1625 1302 1648 12.
1325 1617 1389 1647 art.
1412 1612 1472 1659 7.).

277 1708 336 1742 AD
353 1717 559 1742 SECUNDUM
582 1706 631 1740 sic
655 1705 870 1751 proceditur.
888 1704 1049 1744 Videtur,
1066 1703 1162 1749 quod
1185 1703 1220 1736 in
1236 1701 1447 1748 prophetica
1461 1700 1681 1735 revelatione
1695 1711 1770 1734 non

206 1762 459 1808 imprimantur
470 1760 638 1794 divinitus
651 1759 763 1793 menti
777 1759 981 1804 Prophetae
992 1768 1109 1791 novae
1122 1767 1241 1790 rerum
1257 1755 1406 1801 species,
1422 1754 1483 1788 sed
1499 1753 1618 1788 solum
1632 1765 1770 1788 novum

205 1817 348 1850 lumen:
368 1815 462 1861 quia,
479 1816 570 1848 sicut
585 1814 670 1847 dicit
686 1812 788 1847 Glos.
805 1813 953 1846 Hieron.
972 1811 1057 1854 (ord.
1075 1813 1106 1844 in
1123 1812 1232 1856 prins.
1249 1814 1419 1843 comment.
1436 1810 1539 1843 Amos
1553 1809 1597 1852 1.)
1613 1820 1622 1842 :
1654 1820 1671 1839 «
1687 1808 1772 1841 Pro-

166 1904 170 1908 ,
206 1871 335 1916 phetae
358 1877 505 1903 utuntur
519 1867 812 1902 similitudinibus
830 1878 962 1907 rerum,
978 1866 1013 1899 in
1030 1865 1156 1911 quibus
1173 1863 1377 1897 conversati
1398 1869 1511 1896 sunt»
1526 1874 1533 1895 :
1557 1861 1618 1895 sed
1637 1861 1666 1895 si
1679 1861 1771 1895 visio

206 1923 417 1969 prophetica
440 1922 540 1955 fieret
561 1933 625 1967 per
648 1921 784 1966 aliquas
804 1920 941 1966 species
964 1920 1007 1952 de
1026 1930 1123 1952 novo
1146 1918 1351 1962 impressas,
1373 1915 1464 1949 nihil
1486 1923 1696 1961 operaretur
1722 1914 1771 1948 ibi

206 1977 425 2023 praecedens
448 1975 694 2015 conversati03
724 1985 811 2018 ergo
839 1985 913 2006 non
940 1973 1198 2018 imprimuntur
1221 1970 1363 2016 aliquae
1385 1969 1523 2015 species
1546 1968 1589 2002 de
1610 1978 1708 2002 novo
1735 1967 1771 2001 in

207 2032 367 2064 animam
390 2030 605 2075 Prophetae,
628 2028 689 2062 sed
712 2027 831 2061 solum
854 2027 1107 2072 propheticum
1129 2024 1264 2058 lumen.

280 2094 310 2117 2.
333 2084 569 2117 PRAETEREA.
594 2081 695 2115 Sicut
716 2081 869 2125 August.
893 2080 979 2113 dicit
1005 2089 1043 2113 12
1067 2089 1173 2124 super
1197 2078 1288 2112 Gen.
1312 2076 1355 2110 ad
1370 2076 1420 2110 lit.
1445 2075 1518 2119 (lili.
1533 2086 1582 2110 12.
1604 2081 1676 2121 cap.
1699 2076 1771 2121 9.).·

211 2137 334 2171 «visio
356 2135 569 2181 imaginaria
592 2146 666 2168 non
680 2134 766 2168 facit
781 2134 1016 2179 Prophetam,
1035 2132 1095 2166 sed
1111 2131 1232 2165 solum
1245 2130 1337 2164 visio
1356 2128 1610 2163 intellectualis
1623 2141 1641 2160 »
1654 2140 1662 2170 ;
1677 2127 1772 2162 unde

210 2191 317 2225 etiam
340 2191 433 2223 Dan.
466 2199 516 2224 10.
544 2188 684 2229 dicitur,
707 2188 803 2233 quod
828 2187 1040 2231 intelligentia
1067 2193 1144 2232 opus
1171 2189 1212 2219 ast
1238 2185 1272 2217 iii
1298 2185 1444 2217 visione:
1469 2182 1531 2216 sed
1552 2181 1644 2215 visio
1674 2180 1775 2215 intel--

209 2243 384 2285 lectualis‚
407 2243 498 2277 sicut
519 2243 555 2276 in
578 2242 708 2276 eodem
730 2241 789 2274 lib.
813 2242 900 2286 (sap.
918 2252 945 2285 5.
968 2240 1097 2285 infin.)
1123 2239 1262 2279 dicitur,
1284 2248 1358 2271 non
1381 2236 1419 2270 fit
1439 2247 1502 2282 per
1524 2235 1662 2281 aliquas
1678 2235 1775 2269 simi-

210 2298 389 2338 litudines,
411 2296 473 2330 sed
496 2307 558 2342 per
579 2296 695 2341 ipsam
717 2306 837 2328 rerum
859 2294 1068 2334 veritatem,
1092 2303 1178 2338 ergo
1200 2292 1352 2332 videtur,
1375 2290 1471 2336 quod
1493 2288 1704 2336 prophetica
1723 2299 1775 2322 re-

210 2352 342 2386 velatio
365 2362 439 2384 non
460 2349 522 2383 fiat
539 2361 602 2395 per
623 2348 901 2394 impressionem
923 2347 1125 2393 aliquarum
1145 2345 1359 2392 specierum.

285 2416 312 2450 3.
336 2405 572 2438 PRAETEREA.
596 2402 664 2436 Per
679 2402 816 2435 donum
841 2401 1052 2446 prophetiae
1069 2399 1221 2446 Spiritus
1242 2398 1396 2432 Sanctus
1415 2396 1558 2431 exhibet
1571 2395 1713 2430 homini
1726 2394 1774 2436 id,

212 2458 308 2504 quod
332 2465 384 2491 est
399 2468 504 2503 supra
518 2455 729 2490 facultatem
744 2462 891 2488 naturae
911 2454 1112 2487 humanae:
1136 2453 1196 2487 sed
1212 2451 1369 2486 formare
1385 2460 1632 2497 quascumque
1654 2459 1774 2482 rerum

212 2512 350 2556 species
373 2518 491 2556 potest
512 2510 626 2543 homo
650 2520 693 2542 ex
713 2507 883 2542 facultate
903 2506 1074 2549 naturali3
1099 2517 1185 2551 ergo
1208 2506 1358 2546 videtur,
1387 2504 1482 2550 quod
1505 2504 1540 2537 in
1563 2502 1774 2549 prophetica

214 2565 433 2599 revelatione
452 2575 525 2598 non
540 2562 746 2596 infundatur
762 2561 880 2606 aliqua
891 2572 1010 2594 rerum
1022 2561 1172 2606 species,
1183 2559 1245 2594 sed
1261 2559 1381 2593 solum
1400 2556 1624 2603 intelligibile
1639 2556 1774 2590 lumen.

286 2618 360 2652 SED
389 2628 544 2652 CONTRA
568 2625 631 2657 est,
654 2615 750 2661 quod
774 2614 902 2648 dicitur
925 2613 1045 2648 Oscae
1074 2623 1140 2647 12.:
1165 2614 1235 2658 Ego
1256 2614 1396 2646 visiones
1421 2611 1644 2656 multiplicavi
1664 2610 1720 2651 eis,
1748 2613 1776 2643 et

214 2674 247 2705 iii
267 2673 417 2705 manilius
436 2671 675 2715 Prophetarum
698 2668 896 2702 assimilatus
916 2679 984 2701 sum
1000 2680 1009 2701 :
1032 2667 1093 2700 sed
1110 2665 1363 2711 multiplicatio
1381 2664 1563 2698 visionum
1578 2673 1652 2696 non
1673 2662 1712 2695 fit
1726 2672 1777 2696 se-

215 2725 372 2758 cundum
396 2724 519 2757 lumen
542 2721 777 2767 intelligibile,
800 2721 896 2766 quod
919 2728 972 2753 est
994 2731 1190 2753 commune
1213 2720 1248 2752 in
1272 2719 1373 2751 omni
1393 2717 1604 2764 prophetica
1624 2715 1776 2756 visione,

214 2779 275 2811 sed
300 2778 419 2810 solum
442 2777 643 2810 secundum
671 2775 915 2808 diversitatem
942 2773 1155 2818 specierum,
1182 2773 1380 2806 secundum
1408 2781 1496 2816 quas
1523 2769 1631 2804 etiam
1653 2776 1706 2803 est
1727 2779 1777 2802 as-

216 2830 404 2871 similati03
427 2841 514 2874 ergo
541 2829 692 2870 videtur,
716 2827 811 2873 quod
838 2827 874 2860 in
901 2826 1112 2871 prophetica
1140 2825 1360 2859 revelatione
1387 2823 1638 2869 imprimantur
1658 2831 1776 2855 novae

217 2884 354 2929 species
377 2895 509 2924 rerum,
533 2891 567 2917 et
588 2894 661 2916 non
685 2881 806 2916 solum
827 2878 1052 2925 intelligibile
1074 2879 1209 2912 lumen.
