1859 3122
510 176 730 211 QUAESTIO
766 176 878 205 LXVI.
913 175 1156 205 ARTICULUS
1189 175 1229 204 V.
1576 174 1656 216 491

101 269 209 304 quam
230 257 286 292 fur
311 257 516 299 committit,
539 257 693 299 occulte,
723 266 758 292 et
784 258 885 304 quasi
912 270 954 292 ex
980 257 1116 291 insidiis
1143 267 1219 290 rem
1247 255 1404 290 alienam
1430 255 1661 300 usurpand0;

101 312 192 346 unde
216 311 446 345 manifestum
469 320 532 352 est,
552 313 646 357 quod
667 322 776 345 omne
798 311 931 345 furtum
954 319 1007 344 est
1028 318 1230 356 peccatum.

170 365 229 398 AD
251 375 398 399 PRIMUM
422 376 508 407 ergo
531 365 736 406 dicendum,
755 365 851 410 quod
872 365 1035 410 accipere
1058 375 1134 397 rem
1157 363 1324 404 alienam,
1346 361 1403 396 vel
1430 361 1584 402 occulte,
1604 360 1660 394 vel

99 418 298 460 manifeste,
334 419 545 452 auctoritate
568 418 694 463 judicis
716 419 786 452 hoc
819 418 1054 459 decernentis,
1077 428 1151 451 non
1173 424 1226 450 est
1246 415 1399 457 furtum3
1422 415 1505 461 quia
1527 416 1599 460 jam
1623 414 1660 448 sit

98 472 164 506 sibi
185 472 343 506 debitum
366 483 429 517 per
450 472 532 513 hoc,
556 473 650 516 quod
674 471 932 505 sententialiter
958 471 1024 505 sibi
1051 478 1103 504 est
1129 470 1390 515 adjudicatum3
1423 469 1516 502 unde
1544 467 1659 501 multo

98 525 216 559 minus
233 524 366 558 furtum
385 524 461 565 fuit,
481 526 574 570 quod.
596 525 658 558 lilii
676 524 786 558 Israel
804 525 961 558 tulerunt
975 523 1090 569 spolia
1109 523 1386 569 Aegyptiorum,
1402 534 1443 556 ex
1465 530 1658 568 praecepto

99 579 246 612 Domini
279 578 350 612 hoc
386 578 621 619 decernentis,
649 589 713 623 pro
742 578 994 611 afflictionibus
1022 577 1148 623 quibus
1170 576 1342 622 Aegyptii
1366 586 1428 609 eos
1451 576 1526 609 sine
1550 586 1658 608 causa

99 631 312 673 afflixerant3
335 640 370 665 et
394 631 476 665 ideo
499 631 682 676 signanter
703 631 832 665 dicitur
853 631 937 676 Sap.
963 641 1032 664 10.:
1056 631 1143 674 susti
1165 629 1308 664 tulerunt
1332 629 1436 674 spolia
1462 629 1656 674 impiormn.

165 686 225 719 AD
259 695 465 720 SECUNDUM
495 685 699 726 dicendum,
729 684 826 730 quod
854 684 948 717 circa
981 695 1036 718 res
1070 683 1233 716 inventas
1264 689 1316 716 est
1342 681 1656 726 distinguendum:

97 738 254 784 quaedam
277 739 374 772 enim
395 746 488 780 sunt,
515 749 606 784 quae
632 749 832 783 numquam
858 736 1001 771 fuerunt
1022 737 1058 770 in
1079 735 1183 770 bonis
1211 735 1382 781 alicujus3
1416 735 1507 768 sicut
1533 734 1657 780 lapilli,

97 799 131 826 et
149 803 326 837 gemmae,
349 803 439 838 quae
460 792 690 826 inveniuntur
710 791 747 824 in
765 790 870 825 litore
889 790 1018 824 maris:
1037 798 1071 823 et
1083 789 1168 823 talia
1183 788 1375 834 occupanti
1391 788 1655 822 conceduntur:

97 853 131 879 et
157 846 283 880 eadem
302 846 391 879 ratio
414 853 467 880 est
481 845 523 878 de
541 845 718 879 thesauris
733 845 880 890 antiquo
899 852 1063 889 tempore
1078 843 1142 877 sub
1160 850 1255 876 terra
1270 841 1478 884 occultatis;
1502 852 1656 886 quorum

95 909 169 933 non
192 907 286 933 extat
300 899 427 944 aliquis
442 909 644 944 possessor:
666 898 735 932 nisi
756 897 853 943 quod
868 897 1069 931 secundum
1083 896 1182 941 leges
1199 895 1321 929 civiles
1335 903 1476 929 tenetur
1491 894 1658 928 inventor

95 952 179 986 dare
200 953 432 987 medietatem
455 952 605 986 domino
628 951 715 997 agri,
737 951 767 985 si
786 951 823 985 in
846 950 964 984 alieno
988 961 1075 995 agro
1102 949 1299 991 invenerit3
1329 956 1474 994 propter
1501 947 1597 993 quod
1620 948 1655 980 in

94 1006 263 1051 parabola
274 1005 462 1051 Evangelii
476 1006 614 1046 dicitur,
625 1005 752 1038 Matth.
773 1015 836 1050 13„
852 1005 894 1038 de
909 1005 1096 1038 inventore
1111 1003 1271 1038 thesauri
1290 1002 1490 1036 absconditi
1505 1002 1540 1035 in
1557 1013 1657 1047 agro,

94 1059 191 1104 quod
213 1059 298 1092 emit
321 1069 458 1104 agrum,
481 1059 581 1103 quasi
597 1065 634 1091 ut
648 1057 796 1092 haberet
816 1059 870 1102 jus
885 1057 1093 1103 possidendi
1106 1065 1225 1090 toturn
1239 1056 1472 1089 thesaurum:
1495 1054 1654 1100 quaedam

92 1123 178 1146 vero
200 1123 255 1146 res
277 1113 442 1146 inventae
463 1110 606 1145 fuerunt
628 1111 670 1145 de
693 1111 896 1157 propinquo
915 1111 951 1144 in
967 1109 1118 1155 alicujus
1138 1110 1263 1151 bonis;
1286 1117 1320 1143 et
1340 1117 1425 1142 tunc
1447 1108 1476 1142 si
1498 1108 1576 1153 quis
1596 1118 1656 1141 eas

92 1166 245 1211 accipiat
265 1177 338 1199 non
355 1165 476 1199 animo
498 1165 686 1206 retinendi,
708 1165 770 1199 sed
793 1165 915 1198 animo
937 1164 1147 1198 restituendi
1169 1163 1332 1204 domino,
1354 1164 1415 1208 qui
1438 1173 1498 1195 eas
1516 1172 1580 1207 pro
1601 1161 1657 1195 de-

92 1218 224 1252 relictis
244 1230 319 1253 non
344 1219 464 1260 habet,
490 1229 565 1252 non
592 1218 789 1252 committit
813 1217 967 1260 furtum,
995 1225 1029 1251 et
1061 1216 1225 1251 similiter
1246 1216 1276 1250 si
1301 1227 1366 1262 pro
1393 1214 1574 1249 derelictis
1595 1214 1656 1248 ha-

91 1272 250 1314 beantur,
273 1280 308 1306 et
327 1272 399 1306 hoc
423 1273 546 1306 credat
566 1272 742 1313 inventor,
763 1270 849 1305 licet
866 1271 933 1305 sibi
952 1282 1012 1305 eas
1026 1271 1189 1312 retineat,
1202 1281 1277 1303 non
1293 1269 1487 1303 committit
1499 1268 1653 1301 furtum:

91 1326 179 1360 alias
201 1335 323 1361 autem
346 1326 584 1360 committitur
604 1333 795 1372 peccatum
816 1324 916 1367 furti;
944 1324 1037 1358 unde
1064 1324 1219 1369 August.
1242 1323 1328 1356 dicit
1348 1322 1384 1355 in
1402 1321 1560 1367 quadam
1581 1320 1656 1354 Ho-

91 1379 165 1413 mil.
192 1380 300 1424 (serm.
327 1392 378 1426 19.
401 1380 437 1414 da
465 1381 693 1425 Vet'b.r‡1post.
721 1385 793 1425 cap.
821 1379 894 1423 89:
922 1385 956 1412 et
988 1377 1141 1412 habetur
1172 1386 1222 1419 14.
1245 1387 1278 1422 q.
1305 1386 1334 1420 ς.
1357 1375 1445 1421 (cap.
1477 1374 1548 1420 6):
1584 1374 1653 1407 «Si

90 1433 174 1479 quid
195 1433 374 1475 invenisti,
397 1441 432 1467 et
452 1444 526 1467 non
549 1432 743 1474 reddidisti,
765 1431 913 1478 rapuisti
930 1445 962 1464 ³).

160 1487 219 1520 AD
251 1497 422 1521 TERTmM
456 1486 662 1527 dicendum,
693 1485 789 1531 quod
821 1485 882 1519 ille
919 1485 979 1530 qui
1011 1483 1134 1517 furtim
1162 1482 1292 1527 accipit
1316 1493 1394 1516 rem
1421 1492 1523 1515 suam
1559 1480 1651 1526 apud

89 1539 202 1574 alium
224 1540 438 1586 depositam,
460 1547 585 1586 gravat
606 1539 878 1585 depositarium,
893 1539 953 1584 qui
966 1545 1108 1572 tenetur
1130 1537 1174 1570 ad
1195 1536 1458 1570 restituendum
1480 1545 1573 1576 eam,
1594 1534 1651 1567 vel

88 1593 132 1627 ad
165 1594 429 1628 ostendendum
462 1604 500 1627 se
535 1604 611 1627 esse
646 1592 853 1634 innoxium3
880 1591 974 1625 unde
997 1589 1231 1624 manifestum
1254 1597 1316 1630 est,
1340 1588 1436 1634 quod
1458 1595 1596 1634 peccat,
1618 1595 1652 1620 et

87 1655 226 1681 tenetur
247 1647 291 1680 ad
317 1646 551 1681 relevandum
573 1657 769 1691 gravamen
800 1644 1024 1691 depositarii:
1053 1643 1113 1689 qui
1144 1654 1230 1677 vero
1257 1642 1380 1676 furtim
1411 1641 1541 1687 accipit
1573 1651 1650 1674 rem

87 1712 190 1734 suam
211 1700 305 1747 apud
327 1700 437 1734 alium
459 1701 588 1745 injuste
608 1700 802 1740 detentam,
823 1706 950 1744 peccat
971 1697 1136 1743 quiderm
1157 1707 1232 1730 non
1251 1696 1334 1741 quia
1349 1702 1473 1741 gravet
1488 1705 1571 1727 eum
1590 1693 1651 1739 qui

87 1753 238 1796 detinet3
257 1762 291 1788 et
305 1754 386 1788 ideo
402 1764 476 1787 non
490 1761 632 1787 tenetur
646 1753 689 1786 ad
704 1751 965 1786 restituendum
984 1750 1129 1796 aliquid,
1143 1750 1201 1783 vel
1216 1751 1259 1783 ad
1274 1747 1646 1794 recompensandum:

85 1807 147 1841 sed
168 1815 295 1853 peccat
316 1815 441 1841 contra
463 1818 699 1840 communem
717 1805 902 1851 justitiam,
925 1805 1012 1838 dum
1032 1804 1109 1850 ipse
1127 1803 1194 1837 sibi
1213 1811 1362 1848 usurpat
1382 1813 1467 1836 suae
1490 1801 1540 1834 rei
1560 1800 1650 1846 judi-

86 1861 199 1903 cium,
227 1861 313 1906 juris
350 1861 476 1895 ordine
509 1860 782 1906 praetermisso:
817 1867 852 1893 et
884 1859 966 1892 ideo
992 1865 1132 1892 tenetur
1157 1857 1238 1891 Deo
1266 1855 1482 1898 satisfacere,
1505 1862 1539 1889 et
1561 1854 1646 1888 dare

86 1925 247 1960 operam,
264 1922 303 1949 ut
323 1914 535 1949 scandalum
556 1913 819 1960 proximorum,
840 1912 871 1946 si
891 1912 974 1946 inde
997 1919 1161 1945 exortum
1182 1909 1300 1952 fuerit,
1322 1910 1474 1944 sedetur.

638 2072 982 2118 ARTICULUS
1016 2072 1094 2115 VI.
1578 2089 1640 2125 373

366 2194 518 2224 UTRUM
549 2194 729 2224 FURTUM
761 2193 828 2222 SIT
862 2192 1098 2222 PECCATUM
1130 2190 1352 2220 MORTALE.

602 2294 716 2338 (Locis
736 2299 806 2339 sup.
829 2297 893 2326 art.
914 2304 942 2327 I.
964 2291 1135 2336 inductis).

152 2395 212 2429 AD
233 2405 385 2429 SEXTUM
407 2394 457 2428 sic
479 2394 695 2440 proceditur.
723 2394 885 2435 Videtur,
905 2393 1001 2438 quod
1023 2391 1158 2426 furtum
1179 2402 1254 2425 non
1276 2390 1321 2424 sit
1341 2396 1532 2435 peccatum
1552 2397 1645 2420 mor-

81 2447 167 2483 tale:
191 2448 319 2482 dicitur
340 2449 437 2482 enim
458 2448 629 2482 Proverb.
652 2446 704 2484 6.:
727 2448 806 2482 Non
825 2446 963 2492 grandis
984 2451 1026 2481 est
1047 2446 1156 2492 culpa,
1180 2457 1254 2479 cum
1277 2445 1346 2489 quis
1360 2443 1498 2489 furatus
1512 2442 1643 2486 suerit.-

81 2501 143 2535 sed
163 2512 272 2535 omne
293 2509 484 2548 peccatum
499 2500 652 2535 mortale
667 2508 721 2534 est
734 2501 878 2546 grandis
893 2499 1017 2545 culpa3
1034 2510 1121 2545 ergo
1136 2498 1270 2532 furtum
1285 2508 1359 2530 non
1380 2504 1432 2530 est
1453 2502 1642 2540 peccatum

81 2553 248 2588 mortale.

151 2617 182 2640 2.
203 2607 440 2642 PRAETEREA.
462 2607 619 2641 Peccato
641 2606 787 2641 mortali
808 2606 935 2640 mortis
957 2616 1075 2652 poena
1095 2605 1262 2639 debetur:
1286 2603 1347 2636 sed
1370 2612 1433 2646 pro
1456 2599 1549 2634 furto
1568 2610 1641 2633 non

79 2658 250 2705 infligitur
274 2660 311 2693 in
332 2659 412 2705 lege
440 2671 559 2705 poena
588 2661 725 2702 mortis,
762 2660 825 2693 sed
857 2659 978 2693 solum
1010 2669 1129 2704 poena
1163 2656 1297 2697 damni,
1326 2652 1641 2691 secundumillud

79 2711 191 2746 Exod.
213 2722 287 2747 22.:
309 2713 344 2747 Si
368 2715 440 2758 quis
452 2713 588 2758 furatus
601 2714 710 2758 fuerit
730 2713 856 2754 bovam,
873 2717 931 2746 aut
952 2723 1104 2751 ovem....,
1122 2711 1263 2756 quinque
1282 2709 1375 2742 boves
1391 2714 1454 2752 pro
1471 2717 1534 2740 uno
1559 2707 1640 2740 bove

78 2767 234 2807 restituet,
256 2771 399 2811 quatuor
420 2778 493 2800 oves
508 2773 571 2812 pro
592 2778 660 2800 una
681 2778 760 2806 0ve;
785 2777 871 2811 ergo
894 2765 1027 2799 furtum
1049 2775 1123 2798 non
1143 2771 1195 2797 est
1216 2769 1408 2808 peccatum
1429 2759 1594 2794 mortale.

152 2829 180 2862 3.
202 2819 438 2853 PRAETEREA.
467 2819 617 2853 Furtum
646 2827 764 2865 potest
791 2819 972 2852 committi
1002 2818 1037 2851 in
1060 2817 1177 2861 parvis
1196 2815 1313 2856 rebus,
1335 2814 1428 2848 sicut
1454 2821 1488 2847 et
1509 2813 1544 2846 in
1566 2824 1641 2846 ma-

80 2870 176 2916 gnis:
198 2872 259 2905 sed
276 2871 534 2906 inconveniens
553 2872 702 2913 videtur,
721 2871 818 2917 quod
838 2882 901 2917 pro
919 2870 1013 2904 furto
1028 2869 1178 2914 alicujus
1196 2878 1327 2913 parvae
1346 2867 1397 2901 rei
1416 2867 1518 2912 (puta
1533 2866 1636 2900 unius
