<?xml version="1.0" encoding="UTF-8"?>
<!DOCTYPE html PUBLIC "-//W3C//DTD XHTML 1.0 Transitional//EN"
    "http://www.w3.org/TR/xhtml1/DTD/xhtml1-transitional.dtd">
<html xmlns="http://www.w3.org/1999/xhtml" xml:lang="en" lang="en">
 <head>
  <title>
</title>
<meta http-equiv="Content-Type" content="text/html;charset=utf-8" />
  <meta name='ocr-system' content='tesseract 3.04.00' />
  <meta name='ocr-capabilities' content='ocr_page ocr_carea ocr_par ocr_line ocrx_word'/>
</head>
<body>
  <div class='ocr_page' id='page_1' title='image "./divithomaeaquina03thomuoft_0779.png"; bbox 0 0 1859 3122; ppageno 0'>
   <div class='ocr_carea' id='block_1_1' title="bbox 501 141 1642 188">
    <p class='ocr_par' dir='ltr' id='par_1_1' title="bbox 501 141 1642 188">
     <span class='ocr_line' id='line_1_1' title="bbox 501 141 1642 188; baseline 0.003 -17"><span class='ocrx_word' id='word_1_1' title='bbox 501 141 720 177; x_wconf 85' lang='lat' dir='ltr'><strong>QUAESTIO</strong></span> <span class='ocrx_word' id='word_1_2' title='bbox 756 142 825 172; x_wconf 81' lang='lat' dir='ltr'>CX.</span> <span class='ocrx_word' id='word_1_3' title='bbox 859 142 1103 172; x_wconf 82' lang='lat' dir='ltr'>ARTICULUS</span> <span class='ocrx_word' id='word_1_4' title='bbox 1138 143 1197 172; x_wconf 87' lang='lat'>111.</span> <span class='ocrx_word' id='word_1_5' title='bbox 1562 145 1642 188; x_wconf 79' lang='lat'>771</span> 
     </span>
    </p>
   </div>
   <div class='ocr_carea' id='block_1_2' title="bbox 87 313 1644 556">
    <p class='ocr_par' dir='ltr' id='par_1_2' title="bbox 87 313 1644 556">
     <span class='ocr_line' id='line_1_2' title="bbox 650 313 1644 371; baseline -0.002 -14"><span class='ocrx_word' id='word_1_6' title='bbox 650 313 994 358; x_wconf 80' lang='lat' dir='ltr'><strong>ARTICULUS</strong></span> <span class='ocrx_word' id='word_1_7' title='bbox 1030 313 1109 356; x_wconf 88' lang='lat'>111.</span> <span class='ocrx_word' id='word_1_8' title='bbox 1580 336 1644 371; x_wconf 71' lang='lat'>,74</span> 
     </span>
     <span class='ocr_line' id='line_1_3' title="bbox 384 421 1347 451; baseline 0.001 -1"><span class='ocrx_word' id='word_1_9' title='bbox 384 421 535 450; x_wconf 73' lang='lat' dir='ltr'><strong>UTRUM</strong></span> <span class='ocrx_word' id='word_1_10' title='bbox 563 421 685 451; x_wconf 79' lang='lat' dir='ltr'>OMNE</span> <span class='ocrx_word' id='word_1_11' title='bbox 712 421 976 451; x_wconf 76' lang='lat' dir='ltr'>MENDACIUM</span> <span class='ocrx_word' id='word_1_12' title='bbox 1003 421 1070 450; x_wconf 92' lang='lat' dir='ltr'>SIT</span> <span class='ocrx_word' id='word_1_13' title='bbox 1097 421 1347 451; x_wconf 73' lang='lat' dir='ltr'><strong>PECCATUM.</strong></span> 
     </span>
     <span class='ocr_line' id='line_1_4' title="bbox 87 509 1644 556; baseline 0 -12"><span class='ocrx_word' id='word_1_14' title='bbox 87 509 200 556; x_wconf 81' lang='lat' dir='ltr'>(Supr.</span> <span class='ocrx_word' id='word_1_15' title='bbox 216 521 245 555; x_wconf 86' lang='lat' dir='ltr'>q.</span> <span class='ocrx_word' id='word_1_16' title='bbox 265 509 321 555; x_wconf 88' lang='lat'>69.</span> <span class='ocrx_word' id='word_1_17' title='bbox 340 514 403 543; x_wconf 79' lang='lat' dir='ltr'>art.</span> <span class='ocrx_word' id='word_1_18' title='bbox 420 521 447 543; x_wconf 81' lang='lat' dir='ltr'>r.</span> <span class='ocrx_word' id='word_1_19' title='bbox 462 515 491 544; x_wconf 73' lang='lat' dir='ltr'>et</span> <span class='ocrx_word' id='word_1_20' title='bbox 504 521 534 544; x_wconf 86' lang='lat'>2.</span> <span class='ocrx_word' id='word_1_21' title='bbox 550 521 579 555; x_wconf 83' lang='lat' dir='ltr'>q.</span> <span class='ocrx_word' id='word_1_22' title='bbox 596 521 648 555; x_wconf 81' lang='lat'>70.</span> <span class='ocrx_word' id='word_1_23' title='bbox 663 515 727 544; x_wconf 78' lang='lat' dir='ltr'>art.</span> <span class='ocrx_word' id='word_1_24' title='bbox 743 521 775 554; x_wconf 88' lang='lat'>4.</span> <span class='ocrx_word' id='word_1_25' title='bbox 791 515 858 556; x_wconf 53' lang='lat'>&amp;²3-</span> <span class='ocrx_word' id='word_1_26' title='bbox 874 510 961 544; x_wconf 81' lang='lat' dir='ltr'>Dist.</span> <span class='ocrx_word' id='word_1_27' title='bbox 974 510 1024 556; x_wconf 83' lang='lat'>38.</span> <span class='ocrx_word' id='word_1_28' title='bbox 1040 521 1070 555; x_wconf 83' lang='lat' dir='ltr'>q.</span> <span class='ocrx_word' id='word_1_29' title='bbox 1084 521 1111 544; x_wconf 79' lang='grc' dir='ltr'>Ι.</span> <span class='ocrx_word' id='word_1_30' title='bbox 1127 514 1230 556; x_wconf 81' lang='lat' dir='ltr'>art.3.</span> <span class='ocrx_word' id='word_1_31' title='bbox 1249 514 1277 543; x_wconf 69' lang='lat' dir='ltr'>at</span> <span class='ocrx_word' id='word_1_32' title='bbox 1297 509 1419 554; x_wconf 77' lang='lat' dir='ltr'>Qnodl.</span> <span class='ocrx_word' id='word_1_33' title='bbox 1435 510 1466 545; x_wconf 85' lang='grc'>8.</span> <span class='ocrx_word' id='word_1_34' title='bbox 1482 515 1547 544; x_wconf 73' lang='lat' dir='ltr'>art.</span> <span class='ocrx_word' id='word_1_35' title='bbox 1563 511 1644 556; x_wconf 69' lang='lat'><em>14).</em></span> 
     </span>
    </p>
   </div>
   <div class='ocr_carea' id='block_1_3' title="bbox 73 597 1647 2884">
    <p class='ocr_par' dir='ltr' id='par_1_3' title="bbox 85 597 1647 859">
     <span class='ocr_line' id='line_1_5' title="bbox 156 597 1647 644; baseline 0.001 -12"><span class='ocrx_word' id='word_1_36' title='bbox 156 599 216 632; x_wconf 75' lang='grc' dir='ltr'>ΑΒ</span> <span class='ocrx_word' id='word_1_37' title='bbox 239 607 410 632; x_wconf 77' lang='lat' dir='ltr'>TERTIUM</span> <span class='ocrx_word' id='word_1_38' title='bbox 432 598 482 632; x_wconf 89' lang='lat' dir='ltr'>sic</span> <span class='ocrx_word' id='word_1_39' title='bbox 505 599 721 644; x_wconf 80' lang='lat' dir='ltr'><strong>proceditur.</strong></span> <span class='ocrx_word' id='word_1_40' title='bbox 744 597 901 640; x_wconf 85' lang='lat' dir='ltr'>Videtur,</span> <span class='ocrx_word' id='word_1_41' title='bbox 921 598 1017 644; x_wconf 90' lang='lat' dir='ltr'>quod</span> <span class='ocrx_word' id='word_1_42' title='bbox 1036 609 1110 632; x_wconf 90' lang='lat' dir='ltr'>non</span> <span class='ocrx_word' id='word_1_43' title='bbox 1125 609 1235 632; x_wconf 89' lang='lat' dir='ltr'>omne</span> <span class='ocrx_word' id='word_1_44' title='bbox 1250 598 1482 631; x_wconf 82' lang='lat' dir='ltr'>mendacium</span> <span class='ocrx_word' id='word_1_45' title='bbox 1505 598 1549 632; x_wconf 87' lang='lat' dir='ltr'>sit</span> <span class='ocrx_word' id='word_1_46' title='bbox 1567 610 1647 644; x_wconf 90' lang='lat' dir='ltr'>pec-</span> 
     </span>
     <span class='ocr_line' id='line_1_6' title="bbox 87 650 1644 698; baseline 0 -13"><span class='ocrx_word' id='word_1_47' title='bbox 87 659 224 686; x_wconf 86' lang='lat' dir='ltr'>catum:</span> <span class='ocrx_word' id='word_1_48' title='bbox 248 651 479 686; x_wconf 83' lang='lat' dir='ltr'>manifestum</span> <span class='ocrx_word' id='word_1_49' title='bbox 502 652 598 686; x_wconf 88' lang='lat' dir='ltr'>enim</span> <span class='ocrx_word' id='word_1_50' title='bbox 621 661 684 693; x_wconf 81' lang='lat' dir='ltr'>est,</span> <span class='ocrx_word' id='word_1_51' title='bbox 706 652 802 698; x_wconf 89' lang='lat' dir='ltr'>quod</span> <span class='ocrx_word' id='word_1_52' title='bbox 826 651 1078 697; x_wconf 79' lang='lat' dir='ltr'>Evangelistae</span> <span class='ocrx_word' id='word_1_53' title='bbox 1100 651 1290 686; x_wconf 88' lang='lat' dir='ltr'>scribendo</span> <span class='ocrx_word' id='word_1_54' title='bbox 1312 650 1552 697; x_wconf 80' lang='lat' dir='ltr'>Evangelium</span> <span class='ocrx_word' id='word_1_55' title='bbox 1570 663 1644 685; x_wconf 88' lang='lat' dir='ltr'>non</span> 
     </span>
     <span class='ocr_line' id='line_1_7' title="bbox 85 704 1644 751; baseline 0 -13"><span class='ocrx_word' id='word_1_56' title='bbox 85 713 342 751; x_wconf 86' lang='lat' dir='ltr'>peccaverunt:</span> <span class='ocrx_word' id='word_1_57' title='bbox 365 705 528 739; x_wconf 81' lang='lat' dir='ltr'>videntur</span> <span class='ocrx_word' id='word_1_58' title='bbox 555 715 677 740; x_wconf 84' lang='lat' dir='ltr'>tamen</span> <span class='ocrx_word' id='word_1_59' title='bbox 704 704 837 751; x_wconf 86' lang='lat' dir='ltr'>aliquid</span> <span class='ocrx_word' id='word_1_60' title='bbox 858 704 989 739; x_wconf 86' lang='lat' dir='ltr'>falsum</span> <span class='ocrx_word' id='word_1_61' title='bbox 1011 705 1157 738; x_wconf 80' lang='lat' dir='ltr'>dixisse:</span> <span class='ocrx_word' id='word_1_62' title='bbox 1189 705 1272 750; x_wconf 87' lang='lat' dir='ltr'>quia</span> <span class='ocrx_word' id='word_1_63' title='bbox 1302 704 1408 738; x_wconf 86' lang='lat' dir='ltr'>verba</span> <span class='ocrx_word' id='word_1_64' title='bbox 1436 705 1583 747; x_wconf 80' lang='lat' dir='ltr'>Christi,</span> <span class='ocrx_word' id='word_1_65' title='bbox 1611 712 1644 739; x_wconf 89' lang='lat' dir='ltr'>et</span> 
     </span>
     <span class='ocr_line' id='line_1_8' title="bbox 85 758 1643 805; baseline -0.001 -12"><span class='ocrx_word' id='word_1_66' title='bbox 85 760 194 794; x_wconf 89' lang='lat' dir='ltr'>etiam</span> <span class='ocrx_word' id='word_1_67' title='bbox 217 759 371 794; x_wconf 90' lang='lat' dir='ltr'>aliorum</span> <span class='ocrx_word' id='word_1_68' title='bbox 392 759 595 805; x_wconf 87' lang='lat' dir='ltr'>frequenter</span> <span class='ocrx_word' id='word_1_69' title='bbox 621 759 723 793; x_wconf 87' lang='lat' dir='ltr'>aliter</span> <span class='ocrx_word' id='word_1_70' title='bbox 749 771 851 802; x_wconf 90' lang='lat' dir='ltr'>unus,</span> <span class='ocrx_word' id='word_1_71' title='bbox 885 767 918 793; x_wconf 87' lang='lat' dir='ltr'>et</span> <span class='ocrx_word' id='word_1_72' title='bbox 949 758 1049 792; x_wconf 89' lang='lat' dir='ltr'>aliter</span> <span class='ocrx_word' id='word_1_73' title='bbox 1079 758 1199 792; x_wconf 88' lang='lat' dir='ltr'>retulit</span> <span class='ocrx_word' id='word_1_74' title='bbox 1230 758 1337 792; x_wconf 89' lang='lat' dir='ltr'>alius:</span> <span class='ocrx_word' id='word_1_75' title='bbox 1372 758 1466 792; x_wconf 91' lang='lat' dir='ltr'>unde</span> <span class='ocrx_word' id='word_1_76' title='bbox 1492 758 1643 800; x_wconf 88' lang='lat' dir='ltr'>videtur,</span> 
     </span>
     <span class='ocr_line' id='line_1_9' title="bbox 85 811 1641 859; baseline -0.002 -12"><span class='ocrx_word' id='word_1_77' title='bbox 85 813 181 859; x_wconf 89' lang='lat' dir='ltr'>quod</span> <span class='ocrx_word' id='word_1_78' title='bbox 209 812 297 847; x_wconf 86' lang='lat' dir='ltr'>alter</span> <span class='ocrx_word' id='word_1_79' title='bbox 318 824 446 847; x_wconf 88' lang='lat' dir='ltr'>eorum</span> <span class='ocrx_word' id='word_1_80' title='bbox 467 813 594 847; x_wconf 75' lang='lat' dir='ltr'>dixerit</span> <span class='ocrx_word' id='word_1_81' title='bbox 613 812 762 854; x_wconf 88' lang='lat' dir='ltr'>falsum;</span> <span class='ocrx_word' id='word_1_82' title='bbox 784 823 857 846; x_wconf 89' lang='lat' dir='ltr'>non</span> <span class='ocrx_word' id='word_1_83' title='bbox 881 823 968 858; x_wconf 84' lang='lat' dir='ltr'>ergo</span> <span class='ocrx_word' id='word_1_84' title='bbox 989 823 1098 846; x_wconf 89' lang='lat' dir='ltr'>omne</span> <span class='ocrx_word' id='word_1_85' title='bbox 1116 811 1347 845; x_wconf 83' lang='lat' dir='ltr'>mendacium</span> <span class='ocrx_word' id='word_1_86' title='bbox 1366 819 1419 845; x_wconf 86' lang='lat' dir='ltr'>est</span> <span class='ocrx_word' id='word_1_87' title='bbox 1440 819 1641 857; x_wconf 90' lang='lat' dir='ltr'>peccatum.</span> 
     </span>
    </p>

    <p class='ocr_par' dir='ltr' id='par_1_4' title="bbox 83 864 1643 1018">
     <span class='ocr_line' id='line_1_10' title="bbox 156 864 1643 910; baseline -0.002 -10"><span class='ocrx_word' id='word_1_88' title='bbox 156 876 186 900; x_wconf 88' lang='lat'>2.</span> <span class='ocrx_word' id='word_1_89' title='bbox 209 866 444 901; x_wconf 71' lang='lat' dir='ltr'>PRAETEREA.</span> <span class='ocrx_word' id='word_1_90' title='bbox 466 866 596 900; x_wconf 87' lang='lat' dir='ltr'>Nullus</span> <span class='ocrx_word' id='word_1_91' title='bbox 618 874 867 899; x_wconf 81' lang='lat' dir='ltr'>remuneratur</span> <span class='ocrx_word' id='word_1_92' title='bbox 889 877 908 899; x_wconf 90' lang='lat' dir='ltr'>a</span> <span class='ocrx_word' id='word_1_93' title='bbox 936 866 1017 899; x_wconf 85' lang='lat' dir='ltr'>Deo</span> <span class='ocrx_word' id='word_1_94' title='bbox 1046 876 1112 910; x_wconf 87' lang='lat' dir='ltr'>pro</span> <span class='ocrx_word' id='word_1_95' title='bbox 1142 872 1312 910; x_wconf 89' lang='lat' dir='ltr'>peccato:</span> <span class='ocrx_word' id='word_1_96' title='bbox 1344 864 1406 898; x_wconf 88' lang='lat' dir='ltr'>sed</span> <span class='ocrx_word' id='word_1_97' title='bbox 1434 865 1643 898; x_wconf 81' lang='lat' dir='ltr'>obstetrices</span> 
     </span>
     <span class='ocr_line' id='line_1_11' title="bbox 84 917 1641 965; baseline -0.001 -12"><span class='ocrx_word' id='word_1_98' title='bbox 84 919 242 965; x_wconf 81' lang='lat' dir='ltr'>Aegypti</span> <span class='ocrx_word' id='word_1_99' title='bbox 262 927 511 954; x_wconf 82' lang='lat' dir='ltr'>remuneratae</span> <span class='ocrx_word' id='word_1_100' title='bbox 533 927 615 953; x_wconf 83' lang='lat' dir='ltr'>sunt</span> <span class='ocrx_word' id='word_1_101' title='bbox 636 930 654 952; x_wconf 86' lang='lat' dir='ltr'>a</span> <span class='ocrx_word' id='word_1_102' title='bbox 676 919 757 953; x_wconf 91' lang='lat' dir='ltr'>Deo</span> <span class='ocrx_word' id='word_1_103' title='bbox 776 927 923 965; x_wconf 89' lang='lat' dir='ltr'>propter</span> <span class='ocrx_word' id='word_1_104' title='bbox 941 918 1192 952; x_wconf 81' lang='lat' dir='ltr'>mendacium:</span> <span class='ocrx_word' id='word_1_105' title='bbox 1212 917 1342 950; x_wconf 88' lang='lat' dir='ltr'>dicitur</span> <span class='ocrx_word' id='word_1_106' title='bbox 1360 917 1456 950; x_wconf 91' lang='lat' dir='ltr'>enim</span> <span class='ocrx_word' id='word_1_107' title='bbox 1475 917 1587 952; x_wconf 81' lang='lat' dir='ltr'>Exod.</span> <span class='ocrx_word' id='word_1_108' title='bbox 1615 928 1641 951; x_wconf 92' lang='lat'>1.</span> 
     </span>
     <span class='ocr_line' id='line_1_12' title="bbox 83 971 1505 1018; baseline -0.002 -12"><span class='ocrx_word' id='word_1_109' title='bbox 83 973 179 1018; x_wconf 91' lang='lat' dir='ltr'>quod</span> <span class='ocrx_word' id='word_1_110' title='bbox 206 973 395 1015; x_wconf 73' lang='lat' dir='ltr'>aedifica-vit</span> <span class='ocrx_word' id='word_1_111' title='bbox 414 973 479 1007; x_wconf 77' lang='lat' dir='ltr'>illis</span> <span class='ocrx_word' id='word_1_112' title='bbox 503 974 594 1007; x_wconf 54' lang='lat' dir='ltr'>Daus</span> <span class='ocrx_word' id='word_1_113' title='bbox 615 972 746 1013; x_wconf 48' lang='lat' dir='ltr'>domo&amp;</span> <span class='ocrx_word' id='word_1_114' title='bbox 770 983 857 1018; x_wconf 85' lang='lat' dir='ltr'>ergo</span> <span class='ocrx_word' id='word_1_115' title='bbox 879 971 1111 1006; x_wconf 83' lang='lat' dir='ltr'>mendacium</span> <span class='ocrx_word' id='word_1_116' title='bbox 1132 981 1207 1004; x_wconf 90' lang='lat' dir='ltr'>non</span> <span class='ocrx_word' id='word_1_117' title='bbox 1230 978 1282 1003; x_wconf 86' lang='lat' dir='ltr'>est</span> <span class='ocrx_word' id='word_1_118' title='bbox 1303 978 1505 1016; x_wconf 80' lang='lat' dir='ltr'>peccatum.</span> 
     </span>
    </p>

    <p class='ocr_par' dir='ltr' id='par_1_5' title="bbox 80 1023 1644 1391">
     <span class='ocr_line' id='line_1_13' title="bbox 158 1023 1644 1072; baseline -0.003 -12"><span class='ocrx_word' id='word_1_119' title='bbox 158 1037 185 1072; x_wconf 81' lang='lat'>3.</span> <span class='ocrx_word' id='word_1_120' title='bbox 208 1026 444 1061; x_wconf 81' lang='lat' dir='ltr'>PRAETEREA.</span> <span class='ocrx_word' id='word_1_121' title='bbox 472 1026 583 1060; x_wconf 83' lang='lat' dir='ltr'>Gesta</span> <span class='ocrx_word' id='word_1_122' title='bbox 604 1034 813 1060; x_wconf 88' lang='lat' dir='ltr'>sanctorum</span> <span class='ocrx_word' id='word_1_123' title='bbox 834 1033 1023 1059; x_wconf 87' lang='lat' dir='ltr'>narrantur</span> <span class='ocrx_word' id='word_1_124' title='bbox 1043 1025 1079 1057; x_wconf 93' lang='lat' dir='ltr'>in</span> <span class='ocrx_word' id='word_1_125' title='bbox 1103 1023 1214 1057; x_wconf 87' lang='lat' dir='ltr'>Sacra</span> <span class='ocrx_word' id='word_1_126' title='bbox 1241 1023 1425 1069; x_wconf 82' lang='lat' dir='ltr'>Scriptura</span> <span class='ocrx_word' id='word_1_127' title='bbox 1459 1023 1502 1057; x_wconf 90' lang='lat' dir='ltr'>ad</span> <span class='ocrx_word' id='word_1_128' title='bbox 1535 1023 1644 1057; x_wconf 85' lang='lat' dir='ltr'>infor-</span> 
     </span>
     <span class='ocr_line' id='line_1_14' title="bbox 83 1076 1641 1125; baseline -0.003 -12"><span class='ocrx_word' id='word_1_129' title='bbox 83 1080 283 1113; x_wconf 84' lang='lat' dir='ltr'>mationem</span> <span class='ocrx_word' id='word_1_130' title='bbox 304 1080 398 1113; x_wconf 88' lang='lat' dir='ltr'>vitae</span> <span class='ocrx_word' id='word_1_131' title='bbox 423 1079 622 1113; x_wconf 86' lang='lat' dir='ltr'>humanae:</span> <span class='ocrx_word' id='word_1_132' title='bbox 642 1080 704 1113; x_wconf 89' lang='lat' dir='ltr'>sed</span> <span class='ocrx_word' id='word_1_133' title='bbox 722 1079 765 1113; x_wconf 91' lang='lat' dir='ltr'>de</span> <span class='ocrx_word' id='word_1_134' title='bbox 784 1078 997 1125; x_wconf 87' lang='lat' dir='ltr'>quibusdam</span> <span class='ocrx_word' id='word_1_135' title='bbox 1019 1077 1254 1112; x_wconf 83' lang='lat' dir='ltr'>sanctissimis</span> <span class='ocrx_word' id='word_1_136' title='bbox 1275 1076 1360 1110; x_wconf 86' lang='lat' dir='ltr'>viris</span> <span class='ocrx_word' id='word_1_137' title='bbox 1382 1076 1525 1122; x_wconf 80' lang='lat' dir='ltr'>legitur,</span> <span class='ocrx_word' id='word_1_138' title='bbox 1545 1077 1641 1122; x_wconf 89' lang='lat' dir='ltr'>quod</span> 
     </span>
     <span class='ocr_line' id='line_1_15' title="bbox 81 1130 1641 1178; baseline -0.002 -12"><span class='ocrx_word' id='word_1_139' title='bbox 81 1140 164 1166; x_wconf 89' lang='lat' dir='ltr'>sunt</span> <span class='ocrx_word' id='word_1_140' title='bbox 185 1133 344 1167; x_wconf 89' lang='lat' dir='ltr'>mentiti:</span> <span class='ocrx_word' id='word_1_141' title='bbox 363 1133 465 1174; x_wconf 87' lang='lat' dir='ltr'>sicut,</span> <span class='ocrx_word' id='word_1_142' title='bbox 489 1132 580 1167; x_wconf 85' lang='lat' dir='ltr'>Gen.</span> <span class='ocrx_word' id='word_1_143' title='bbox 605 1142 656 1166; x_wconf 87' lang='lat'>12.</span> <span class='ocrx_word' id='word_1_144' title='bbox 678 1140 713 1166; x_wconf 91' lang='lat' dir='ltr'>et</span> <span class='ocrx_word' id='word_1_145' title='bbox 734 1143 801 1174; x_wconf 65' lang='lat'>20„</span> <span class='ocrx_word' id='word_1_146' title='bbox 823 1132 920 1178; x_wconf 90' lang='lat' dir='ltr'>quod</span> <span class='ocrx_word' id='word_1_147' title='bbox 942 1131 1130 1165; x_wconf 79' lang='lat' dir='ltr'>Abraham</span> <span class='ocrx_word' id='word_1_148' title='bbox 1151 1130 1238 1164; x_wconf 73' lang='lat' dir='ltr'>dixit</span> <span class='ocrx_word' id='word_1_149' title='bbox 1259 1130 1302 1163; x_wconf 92' lang='lat' dir='ltr'>de</span> <span class='ocrx_word' id='word_1_150' title='bbox 1320 1140 1432 1163; x_wconf 75' lang='lat' dir='ltr'>uxore</span> <span class='ocrx_word' id='word_1_151' title='bbox 1450 1141 1526 1171; x_wconf 87' lang='lat' dir='ltr'>sua,</span> <span class='ocrx_word' id='word_1_152' title='bbox 1545 1131 1641 1175; x_wconf 85' lang='lat' dir='ltr'>quod</span> 
     </span>
     <span class='ocr_line' id='line_1_16' title="bbox 80 1182 1640 1231; baseline -0.002 -12"><span class='ocrx_word' id='word_1_153' title='bbox 80 1196 186 1220; x_wconf 92' lang='lat' dir='ltr'>soror</span> <span class='ocrx_word' id='word_1_154' title='bbox 219 1197 283 1219; x_wconf 88' lang='lat' dir='ltr'>sua</span> <span class='ocrx_word' id='word_1_155' title='bbox 304 1194 412 1220; x_wconf 88' lang='lat' dir='ltr'>esset:</span> <span class='ocrx_word' id='word_1_156' title='bbox 437 1186 548 1231; x_wconf 90' lang='lat' dir='ltr'>Jacob</span> <span class='ocrx_word' id='word_1_157' title='bbox 583 1185 692 1219; x_wconf 86' lang='lat' dir='ltr'>etiam</span> <span class='ocrx_word' id='word_1_158' title='bbox 725 1185 895 1219; x_wconf 88' lang='lat' dir='ltr'>mentitus</span> <span class='ocrx_word' id='word_1_159' title='bbox 924 1193 978 1219; x_wconf 89' lang='lat' dir='ltr'>est</span> <span class='ocrx_word' id='word_1_160' title='bbox 1003 1184 1125 1218; x_wconf 87' lang='lat' dir='ltr'>dicens</span> <span class='ocrx_word' id='word_1_161' title='bbox 1151 1194 1188 1218; x_wconf 85' lang='lat' dir='ltr'>se</span> <span class='ocrx_word' id='word_1_162' title='bbox 1216 1194 1293 1217; x_wconf 83' lang='lat' dir='ltr'>esse</span> <span class='ocrx_word' id='word_1_163' title='bbox 1318 1182 1432 1225; x_wconf 81' lang='lat' dir='ltr'>Esau3</span> <span class='ocrx_word' id='word_1_164' title='bbox 1460 1191 1494 1216; x_wconf 88' lang='lat' dir='ltr'>et</span> <span class='ocrx_word' id='word_1_165' title='bbox 1519 1191 1640 1217; x_wconf 86' lang='lat' dir='ltr'>tamen</span> 
     </span>
     <span class='ocr_line' id='line_1_17' title="bbox 81 1236 1642 1285; baseline -0.001 -12"><span class='ocrx_word' id='word_1_166' title='bbox 81 1239 372 1273; x_wconf 88' lang='lat' dir='ltr'>benedictionem</span> <span class='ocrx_word' id='word_1_167' title='bbox 403 1239 551 1285; x_wconf 88' lang='lat' dir='ltr'>adeptus</span> <span class='ocrx_word' id='word_1_168' title='bbox 580 1247 642 1280; x_wconf 86' lang='lat' dir='ltr'>est,</span> <span class='ocrx_word' id='word_1_169' title='bbox 671 1247 708 1273; x_wconf 90' lang='lat' dir='ltr'>ut</span> <span class='ocrx_word' id='word_1_170' title='bbox 734 1239 886 1273; x_wconf 88' lang='lat' dir='ltr'>habetur</span> <span class='ocrx_word' id='word_1_171' title='bbox 913 1238 1045 1272; x_wconf 91' lang='lat' dir='ltr'>Genes.</span> <span class='ocrx_word' id='word_1_172' title='bbox 1074 1247 1145 1282; x_wconf 86' lang='lat'><strong>27.:</strong></span> <span class='ocrx_word' id='word_1_173' title='bbox 1168 1236 1291 1282; x_wconf 85' lang='lat' dir='ltr'>Judith</span> <span class='ocrx_word' id='word_1_174' title='bbox 1321 1236 1430 1270; x_wconf 82' lang='lat' dir='ltr'>etiam</span> <span class='ocrx_word' id='word_1_175' title='bbox 1458 1247 1642 1271; x_wconf 88' lang='lat' dir='ltr'>commen-</span> 
     </span>
     <span class='ocr_line' id='line_1_18' title="bbox 81 1289 1641 1338; baseline -0.001 -12"><span class='ocrx_word' id='word_1_176' title='bbox 81 1292 194 1334; x_wconf 82' lang='lat' dir='ltr'>datur,</span> <span class='ocrx_word' id='word_1_177' title='bbox 217 1303 308 1338; x_wconf 91' lang='lat' dir='ltr'>quae</span> <span class='ocrx_word' id='word_1_178' title='bbox 328 1300 451 1327; x_wconf 89' lang='lat' dir='ltr'>tamen</span> <span class='ocrx_word' id='word_1_179' title='bbox 474 1291 664 1326; x_wconf 88' lang='lat' dir='ltr'>Holoferni</span> <span class='ocrx_word' id='word_1_180' title='bbox 686 1292 835 1326; x_wconf 88' lang='lat' dir='ltr'>mentita</span> <span class='ocrx_word' id='word_1_181' title='bbox 866 1301 938 1333; x_wconf 80' lang='lat' dir='ltr'>est3</span> <span class='ocrx_word' id='word_1_182' title='bbox 967 1303 1042 1325; x_wconf 89' lang='lat' dir='ltr'>non</span> <span class='ocrx_word' id='word_1_183' title='bbox 1071 1302 1156 1337; x_wconf 84' lang='lat' dir='ltr'>ergo</span> <span class='ocrx_word' id='word_1_184' title='bbox 1189 1301 1298 1324; x_wconf 88' lang='lat' dir='ltr'>omne</span> <span class='ocrx_word' id='word_1_185' title='bbox 1329 1289 1560 1323; x_wconf 83' lang='lat' dir='ltr'>mendacium</span> <span class='ocrx_word' id='word_1_186' title='bbox 1588 1298 1641 1324; x_wconf 88' lang='lat' dir='ltr'>est</span> 
     </span>
     <span class='ocr_line' id='line_1_19' title="bbox 80 1353 283 1391; baseline 0 -12"><span class='ocrx_word' id='word_1_187' title='bbox 80 1353 283 1391; x_wconf 87' lang='lat' dir='ltr'>peccatum.</span> 
     </span>
    </p>

    <p class='ocr_par' dir='ltr' id='par_1_6' title="bbox 79 1395 1638 1660">
     <span class='ocr_line' id='line_1_20' title="bbox 151 1395 1638 1444; baseline -0.004 -10"><span class='ocrx_word' id='word_1_188' title='bbox 151 1410 184 1442; x_wconf 80' lang='grc'>4.</span> <span class='ocrx_word' id='word_1_189' title='bbox 206 1399 442 1434; x_wconf 81' lang='lat' dir='ltr'>PRAETEREA.</span> <span class='ocrx_word' id='word_1_190' title='bbox 471 1399 591 1433; x_wconf 90' lang='lat' dir='ltr'>Minus</span> <span class='ocrx_word' id='word_1_191' title='bbox 623 1399 759 1432; x_wconf 86' lang='lat' dir='ltr'>malum</span> <span class='ocrx_word' id='word_1_192' title='bbox 792 1407 844 1433; x_wconf 92' lang='lat' dir='ltr'>est</span> <span class='ocrx_word' id='word_1_193' title='bbox 871 1399 1091 1444; x_wconf 79' lang='lat' dir='ltr'>eligendum,</span> <span class='ocrx_word' id='word_1_194' title='bbox 1118 1405 1156 1431; x_wconf 88' lang='lat' dir='ltr'>ut</span> <span class='ocrx_word' id='word_1_195' title='bbox 1180 1397 1311 1430; x_wconf 87' lang='lat' dir='ltr'>vitetur</span> <span class='ocrx_word' id='word_1_196' title='bbox 1337 1396 1453 1441; x_wconf 79' lang='lat' dir='ltr'>majus</span> <span class='ocrx_word' id='word_1_197' title='bbox 1480 1395 1638 1437; x_wconf 82' lang='lat' dir='ltr'>malum3</span> 
     </span>
     <span class='ocr_line' id='line_1_21' title="bbox 80 1451 1637 1500; baseline -0.003 -12"><span class='ocrx_word' id='word_1_198' title='bbox 80 1453 172 1488; x_wconf 85' lang='lat' dir='ltr'>sicut</span> <span class='ocrx_word' id='word_1_199' title='bbox 196 1454 358 1489; x_wconf 88' lang='lat' dir='ltr'>medicus</span> <span class='ocrx_word' id='word_1_200' title='bbox 385 1454 602 1500; x_wconf 87' lang='lat' dir='ltr'>praescindit</span> <span class='ocrx_word' id='word_1_201' title='bbox 627 1454 844 1496; x_wconf 83' lang='lat' dir='ltr'>membrum,</span> <span class='ocrx_word' id='word_1_202' title='bbox 876 1465 921 1488; x_wconf 92' lang='lat' dir='ltr'>ne</span> <span class='ocrx_word' id='word_1_203' title='bbox 956 1460 1207 1498; x_wconf 83' lang='lat' dir='ltr'>corrumpatur</span> <span class='ocrx_word' id='word_1_204' title='bbox 1240 1459 1358 1485; x_wconf 87' lang='lat' dir='ltr'>totum</span> <span class='ocrx_word' id='word_1_205' title='bbox 1393 1461 1540 1496; x_wconf 85' lang='lat' dir='ltr'>corpus:</span> <span class='ocrx_word' id='word_1_206' title='bbox 1576 1451 1637 1484; x_wconf 91' lang='lat' dir='ltr'>sed</span> 
     </span>
     <span class='ocr_line' id='line_1_22' title="bbox 79 1504 1636 1553; baseline -0.001 -13"><span class='ocrx_word' id='word_1_207' title='bbox 79 1507 198 1541; x_wconf 90' lang='lat' dir='ltr'>minus</span> <span class='ocrx_word' id='word_1_208' title='bbox 223 1516 487 1542; x_wconf 90' lang='lat' dir='ltr'>nocumentum</span> <span class='ocrx_word' id='word_1_209' title='bbox 513 1516 576 1549; x_wconf 88' lang='lat' dir='ltr'>est,</span> <span class='ocrx_word' id='word_1_210' title='bbox 603 1508 699 1553; x_wconf 89' lang='lat' dir='ltr'>quod</span> <span class='ocrx_word' id='word_1_211' title='bbox 727 1507 853 1553; x_wconf 87' lang='lat' dir='ltr'>aliquis</span> <span class='ocrx_word' id='word_1_212' title='bbox 876 1514 1024 1552; x_wconf 85' lang='lat' dir='ltr'>generet</span> <span class='ocrx_word' id='word_1_213' title='bbox 1047 1505 1177 1540; x_wconf 87' lang='lat' dir='ltr'>falsam</span> <span class='ocrx_word' id='word_1_214' title='bbox 1207 1505 1417 1551; x_wconf 86' lang='lat' dir='ltr'>opinionem</span> <span class='ocrx_word' id='word_1_215' title='bbox 1447 1504 1483 1537; x_wconf 91' lang='lat' dir='ltr'>in</span> <span class='ocrx_word' id='word_1_216' title='bbox 1515 1505 1636 1538; x_wconf 90' lang='lat' dir='ltr'>animo</span> 
     </span>
     <span class='ocr_line' id='line_1_23' title="bbox 80 1557 1636 1607; baseline -0.003 -14"><span class='ocrx_word' id='word_1_217' title='bbox 80 1560 242 1606; x_wconf 80' lang='lat' dir='ltr'>alicujus,</span> <span class='ocrx_word' id='word_1_218' title='bbox 264 1573 373 1606; x_wconf 90' lang='lat' dir='ltr'>quam</span> <span class='ocrx_word' id='word_1_219' title='bbox 396 1561 491 1607; x_wconf 89' lang='lat' dir='ltr'>quod</span> <span class='ocrx_word' id='word_1_220' title='bbox 514 1560 640 1606; x_wconf 85' lang='lat' dir='ltr'>aliquis</span> <span class='ocrx_word' id='word_1_221' title='bbox 663 1560 816 1602; x_wconf 85' lang='lat' dir='ltr'>occidat,</span> <span class='ocrx_word' id='word_1_222' title='bbox 837 1560 895 1594; x_wconf 85' lang='lat' dir='ltr'>vel</span> <span class='ocrx_word' id='word_1_223' title='bbox 917 1559 1120 1601; x_wconf 83' lang='lat' dir='ltr'>occidatur3</span> <span class='ocrx_word' id='word_1_224' title='bbox 1143 1569 1230 1604; x_wconf 81' lang='lat' dir='ltr'>ergo</span> <span class='ocrx_word' id='word_1_225' title='bbox 1257 1557 1352 1591; x_wconf 89' lang='lat' dir='ltr'>licite</span> <span class='ocrx_word' id='word_1_226' title='bbox 1379 1565 1497 1603; x_wconf 87' lang='lat' dir='ltr'>potest</span> <span class='ocrx_word' id='word_1_227' title='bbox 1522 1557 1636 1590; x_wconf 90' lang='lat' dir='ltr'>homo</span> 
     </span>
     <span class='ocr_line' id='line_1_24' title="bbox 80 1612 1586 1660; baseline -0.003 -13"><span class='ocrx_word' id='word_1_228' title='bbox 80 1614 234 1657; x_wconf 82' lang='lat' dir='ltr'>mentiri,</span> <span class='ocrx_word' id='word_1_229' title='bbox 257 1622 293 1648; x_wconf 92' lang='lat' dir='ltr'>ut</span> <span class='ocrx_word' id='word_1_230' title='bbox 319 1625 432 1648; x_wconf 90' lang='lat' dir='ltr'>unum</span> <span class='ocrx_word' id='word_1_231' title='bbox 457 1623 662 1660; x_wconf 83' lang='lat' dir='ltr'>praeservet</span> <span class='ocrx_word' id='word_1_232' title='bbox 688 1614 729 1647; x_wconf 91' lang='lat' dir='ltr'>ab</span> <span class='ocrx_word' id='word_1_233' title='bbox 757 1614 957 1648; x_wconf 89' lang='lat' dir='ltr'>homicidio</span> <span class='ocrx_word' id='word_1_234' title='bbox 984 1621 1019 1647; x_wconf 88' lang='lat' dir='ltr'>et</span> <span class='ocrx_word' id='word_1_235' title='bbox 1044 1612 1155 1646; x_wconf 90' lang='lat' dir='ltr'>alium</span> <span class='ocrx_word' id='word_1_236' title='bbox 1180 1618 1386 1657; x_wconf 88' lang='lat' dir='ltr'>praeservet</span> <span class='ocrx_word' id='word_1_237' title='bbox 1412 1622 1431 1643; x_wconf 87' lang='lat' dir='ltr'>a</span> <span class='ocrx_word' id='word_1_238' title='bbox 1457 1618 1586 1644; x_wconf 88' lang='lat' dir='ltr'>morte.</span> 
     </span>
    </p>

    <p class='ocr_par' dir='ltr' id='par_1_7' title="bbox 77 1663 1635 1873">
     <span class='ocr_line' id='line_1_25' title="bbox 155 1663 1635 1713; baseline -0.002 -13"><span class='ocrx_word' id='word_1_239' title='bbox 155 1678 182 1711; x_wconf 79' lang='lat'>5.</span> <span class='ocrx_word' id='word_1_240' title='bbox 204 1667 440 1702; x_wconf 80' lang='lat' dir='ltr'>PRAETEREA.</span> <span class='ocrx_word' id='word_1_241' title='bbox 462 1667 694 1701; x_wconf 84' lang='lat' dir='ltr'>Mendacium</span> <span class='ocrx_word' id='word_1_242' title='bbox 721 1676 784 1708; x_wconf 89' lang='lat' dir='ltr'>est,</span> <span class='ocrx_word' id='word_1_243' title='bbox 807 1667 835 1701; x_wconf 87' lang='lat' dir='ltr'>si</span> <span class='ocrx_word' id='word_1_244' title='bbox 858 1667 935 1713; x_wconf 88' lang='lat' dir='ltr'>quis</span> <span class='ocrx_word' id='word_1_245' title='bbox 963 1677 1037 1700; x_wconf 90' lang='lat' dir='ltr'>non</span> <span class='ocrx_word' id='word_1_246' title='bbox 1065 1665 1215 1711; x_wconf 86' lang='lat' dir='ltr'>impleat</span> <span class='ocrx_word' id='word_1_247' title='bbox 1242 1664 1337 1710; x_wconf 87' lang='lat' dir='ltr'>quod</span> <span class='ocrx_word' id='word_1_248' title='bbox 1363 1663 1546 1710; x_wconf 85' lang='lat' dir='ltr'>promisit:</span> <span class='ocrx_word' id='word_1_249' title='bbox 1575 1664 1635 1698; x_wconf 91' lang='lat' dir='ltr'>sed</span> 
     </span>
     <span class='ocr_line' id='line_1_26' title="bbox 77 1718 1635 1766; baseline -0.003 -12"><span class='ocrx_word' id='word_1_250' title='bbox 77 1731 152 1753; x_wconf 89' lang='lat' dir='ltr'>non</span> <span class='ocrx_word' id='word_1_251' title='bbox 167 1721 289 1754; x_wconf 87' lang='lat' dir='ltr'>omnia</span> <span class='ocrx_word' id='word_1_252' title='bbox 303 1722 479 1766; x_wconf 86' lang='lat' dir='ltr'>promissa</span> <span class='ocrx_word' id='word_1_253' title='bbox 498 1729 579 1754; x_wconf 88' lang='lat' dir='ltr'>sunt</span> <span class='ocrx_word' id='word_1_254' title='bbox 591 1720 792 1766; x_wconf 80' lang='lat' dir='ltr'>implenda:</span> <span class='ocrx_word' id='word_1_255' title='bbox 816 1721 901 1754; x_wconf 89' lang='lat' dir='ltr'>dicit</span> <span class='ocrx_word' id='word_1_256' title='bbox 923 1721 1019 1753; x_wconf 91' lang='lat' dir='ltr'>enim</span> <span class='ocrx_word' id='word_1_257' title='bbox 1040 1719 1121 1753; x_wconf 83' lang='lat' dir='ltr'>Isid.</span> <span class='ocrx_word' id='word_1_258' title='bbox 1145 1719 1217 1763; x_wconf 69' lang='lat' dir='ltr'>(lib.</span> <span class='ocrx_word' id='word_1_259' title='bbox 1244 1730 1274 1752; x_wconf 85' lang='lat'>2.</span> <span class='ocrx_word' id='word_1_260' title='bbox 1297 1718 1474 1763; x_wconf 58' lang='lat' dir='ltr'>Svnonym.</span> <span class='ocrx_word' id='word_1_261' title='bbox 1494 1723 1564 1762; x_wconf 78' lang='lat' dir='ltr'>cap.</span> <span class='ocrx_word' id='word_1_262' title='bbox 1584 1729 1635 1751; x_wconf 81' lang='lat'>10.</span> 
     </span>
     <span class='ocr_line' id='line_1_27' title="bbox 77 1769 1635 1822; baseline -0.004 -14"><span class='ocrx_word' id='word_1_263' title='bbox 77 1779 108 1809; x_wconf 73' lang='lat' dir='ltr'>et</span> <span class='ocrx_word' id='word_1_264' title='bbox 128 1774 203 1809; x_wconf 59' lang='lat' dir='ltr'>hal).</span> <span class='ocrx_word' id='word_1_265' title='bbox 229 1781 301 1822; x_wconf 78' lang='lat' dir='ltr'>cap.</span> <span class='ocrx_word' id='word_1_266' title='bbox 316 1787 365 1821; x_wconf 80' lang='lat'><strong><em>3..·</em></strong></span> <span class='ocrx_word' id='word_1_267' title='bbox 386 1775 427 1809; x_wconf 87' lang='lat' dir='ltr'>In</span> <span class='ocrx_word' id='word_1_268' title='bbox 454 1775 559 1815; x_wconf 75' lang='lat' dir='ltr'>malis,</span> <span class='ocrx_word' id='word_1_269' title='bbox 579 1786 632 1809; x_wconf 87' lang='lat'>22.</span> <span class='ocrx_word' id='word_1_270' title='bbox 655 1786 685 1820; x_wconf 77' lang='lat' dir='ltr'>q.</span> <span class='ocrx_word' id='word_1_271' title='bbox 707 1775 777 1818; x_wconf 75' lang='lat'><em>4.).·</em></span> <span class='ocrx_word' id='word_1_272' title='bbox 803 1787 821 1805; x_wconf 86' lang='lat'>‹&lt;</span> <span class='ocrx_word' id='word_1_273' title='bbox 842 1774 882 1807; x_wconf 87' lang='lat' dir='ltr'>In</span> <span class='ocrx_word' id='word_1_274' title='bbox 916 1773 1021 1807; x_wconf 84' lang='lat' dir='ltr'>malis</span> <span class='ocrx_word' id='word_1_275' title='bbox 1049 1771 1237 1818; x_wconf 85' lang='lat' dir='ltr'>promissis</span> <span class='ocrx_word' id='word_1_276' title='bbox 1270 1770 1433 1805; x_wconf 85' lang='lat' dir='ltr'>rescinde</span> <span class='ocrx_word' id='word_1_277' title='bbox 1462 1769 1571 1803; x_wconf 84' lang='lat' dir='ltr'>fidem</span> <span class='ocrx_word' id='word_1_278' title='bbox 1593 1783 1635 1811; x_wconf 75' lang='lat'>»3</span> 
     </span>
     <span class='ocr_line' id='line_1_28' title="bbox 78 1827 944 1873; baseline 0 -13"><span class='ocrx_word' id='word_1_279' title='bbox 78 1837 164 1873; x_wconf 88' lang='lat' dir='ltr'>ergo</span> <span class='ocrx_word' id='word_1_280' title='bbox 186 1839 261 1861; x_wconf 91' lang='lat' dir='ltr'>non</span> <span class='ocrx_word' id='word_1_281' title='bbox 283 1839 392 1862; x_wconf 90' lang='lat' dir='ltr'>omne</span> <span class='ocrx_word' id='word_1_282' title='bbox 414 1827 646 1862; x_wconf 87' lang='lat' dir='ltr'>mendacium</span> <span class='ocrx_word' id='word_1_283' title='bbox 669 1836 722 1861; x_wconf 86' lang='lat' dir='ltr'>est</span> <span class='ocrx_word' id='word_1_284' title='bbox 742 1835 944 1872; x_wconf 88' lang='lat' dir='ltr'>peccatum.</span> 
     </span>
    </p>

    <p class='ocr_par' dir='ltr' id='par_1_8' title="bbox 76 1877 1635 2353">
     <span class='ocr_line' id='line_1_29' title="bbox 148 1877 1634 1925; baseline -0.005 -9"><span class='ocrx_word' id='word_1_285' title='bbox 148 1880 179 1916; x_wconf 83' lang='lat'>6.</span> <span class='ocrx_word' id='word_1_286' title='bbox 201 1881 437 1916; x_wconf 72' lang='lat' dir='ltr'>PRAETEREA.</span> <span class='ocrx_word' id='word_1_287' title='bbox 459 1881 692 1915; x_wconf 87' lang='lat' dir='ltr'>Mendacium</span> <span class='ocrx_word' id='word_1_288' title='bbox 715 1881 758 1914; x_wconf 93' lang='lat' dir='ltr'>ob</span> <span class='ocrx_word' id='word_1_289' title='bbox 781 1881 852 1914; x_wconf 91' lang='lat' dir='ltr'>hoc</span> <span class='ocrx_word' id='word_1_290' title='bbox 874 1880 1014 1914; x_wconf 82' lang='lat' dir='ltr'>videtur</span> <span class='ocrx_word' id='word_1_291' title='bbox 1028 1891 1106 1914; x_wconf 86' lang='lat' dir='ltr'>esse</span> <span class='ocrx_word' id='word_1_292' title='bbox 1121 1888 1323 1925; x_wconf 85' lang='lat' dir='ltr'>peccatum,</span> <span class='ocrx_word' id='word_1_293' title='bbox 1339 1877 1421 1923; x_wconf 87' lang='lat' dir='ltr'>quia</span> <span class='ocrx_word' id='word_1_294' title='bbox 1436 1887 1498 1922; x_wconf 83' lang='lat' dir='ltr'>per</span> <span class='ocrx_word' id='word_1_295' title='bbox 1515 1877 1634 1922; x_wconf 85' lang='lat' dir='ltr'>ipsum</span> 
     </span>
     <span class='ocr_line' id='line_1_30' title="bbox 76 1929 1635 1981; baseline -0.003 -13"><span class='ocrx_word' id='word_1_296' title='bbox 76 1933 191 1968; x_wconf 88' lang='lat' dir='ltr'>homo</span> <span class='ocrx_word' id='word_1_297' title='bbox 207 1935 340 1980; x_wconf 92' lang='lat' dir='ltr'>decipit</span> <span class='ocrx_word' id='word_1_298' title='bbox 355 1936 578 1981; x_wconf 72' lang='lat' dir='ltr'>proximum,</span> <span class='ocrx_word' id='word_1_299' title='bbox 595 1934 688 1968; x_wconf 89' lang='lat' dir='ltr'>unde</span> <span class='ocrx_word' id='word_1_300' title='bbox 703 1934 798 1979; x_wconf 82' lang='lat' dir='ltr'>Aug.</span> <span class='ocrx_word' id='word_1_301' title='bbox 814 1934 900 1968; x_wconf 87' lang='lat' dir='ltr'>dicit</span> <span class='ocrx_word' id='word_1_302' title='bbox 911 1933 948 1967; x_wconf 92' lang='lat' dir='ltr'>in</span> <span class='ocrx_word' id='word_1_303' title='bbox 962 1933 1020 1967; x_wconf 91' lang='lat' dir='ltr'>lib.</span> <span class='ocrx_word' id='word_1_304' title='bbox 1038 1933 1080 1967; x_wconf 89' lang='lat' dir='ltr'>de</span> <span class='ocrx_word' id='word_1_305' title='bbox 1095 1932 1260 1966; x_wconf 85' lang='lat' dir='ltr'>Mendac.</span> <span class='ocrx_word' id='word_1_306' title='bbox 1279 1931 1365 1976; x_wconf 71' lang='lat' dir='ltr'>(cap.</span> <span class='ocrx_word' id='word_1_307' title='bbox 1380 1930 1468 1974; x_wconf 67' lang='lat' dir='ltr'>ult).</span> <span class='ocrx_word' id='word_1_308' title='bbox 1491 1942 1508 1961; x_wconf 83' lang='lat'>‹&lt;</span> <span class='ocrx_word' id='word_1_309' title='bbox 1530 1929 1635 1969; x_wconf 82' lang='lat' dir='ltr'>Quis-</span> 
     </span>
     <span class='ocr_line' id='line_1_31' title="bbox 77 1983 1635 2034; baseline -0.003 -13"><span class='ocrx_word' id='word_1_310' title='bbox 77 1988 155 2033; x_wconf 89' lang='lat' dir='ltr'>quis</span> <span class='ocrx_word' id='word_1_311' title='bbox 178 1999 255 2022; x_wconf 87' lang='lat' dir='ltr'>esse</span> <span class='ocrx_word' id='word_1_312' title='bbox 278 1988 424 2034; x_wconf 85' lang='lat' dir='ltr'>aliquod</span> <span class='ocrx_word' id='word_1_313' title='bbox 445 1999 557 2033; x_wconf 84' lang='lat' dir='ltr'>genus</span> <span class='ocrx_word' id='word_1_314' title='bbox 580 1988 772 2030; x_wconf 86' lang='lat' dir='ltr'>mendacii,</span> <span class='ocrx_word' id='word_1_315' title='bbox 795 1987 891 2033; x_wconf 89' lang='lat' dir='ltr'>quod</span> <span class='ocrx_word' id='word_1_316' title='bbox 921 1994 1111 2032; x_wconf 88' lang='lat' dir='ltr'>peccatum</span> <span class='ocrx_word' id='word_1_317' title='bbox 1140 1997 1214 2019; x_wconf 90' lang='lat' dir='ltr'>non</span> <span class='ocrx_word' id='word_1_318' title='bbox 1244 1985 1298 2026; x_wconf 81' lang='lat' dir='ltr'>sit,</span> <span class='ocrx_word' id='word_1_319' title='bbox 1329 1983 1516 2030; x_wconf 82' lang='lat' dir='ltr'>putaverit,</span> <span class='ocrx_word' id='word_1_320' title='bbox 1543 1983 1635 2017; x_wconf 92' lang='lat' dir='ltr'>deci-</span> 
     </span>
     <span class='ocr_line' id='line_1_32' title="bbox 76 2037 1633 2087; baseline -0.002 -13"><span class='ocrx_word' id='word_1_321' title='bbox 76 2040 150 2086; x_wconf 88' lang='lat' dir='ltr'>piet</span> <span class='ocrx_word' id='word_1_322' title='bbox 177 2041 336 2087; x_wconf 87' lang='lat' dir='ltr'>seipsum</span> <span class='ocrx_word' id='word_1_323' title='bbox 364 2043 523 2087; x_wconf 87' lang='lat' dir='ltr'>turpiter,</span> <span class='ocrx_word' id='word_1_324' title='bbox 551 2052 634 2074; x_wconf 90' lang='lat' dir='ltr'>cum</span> <span class='ocrx_word' id='word_1_325' title='bbox 660 2041 855 2075; x_wconf 88' lang='lat' dir='ltr'>honestum</span> <span class='ocrx_word' id='word_1_326' title='bbox 881 2052 918 2074; x_wconf 91' lang='lat' dir='ltr'>se</span> <span class='ocrx_word' id='word_1_327' title='bbox 945 2040 1177 2086; x_wconf 86' lang='lat' dir='ltr'>deceptorem</span> <span class='ocrx_word' id='word_1_328' title='bbox 1204 2038 1391 2072; x_wconf 80' lang='lat' dir='ltr'>arbitratur</span> <span class='ocrx_word' id='word_1_329' title='bbox 1419 2037 1574 2070; x_wconf 88' lang='lat' dir='ltr'>aliorum</span> <span class='ocrx_word' id='word_1_330' title='bbox 1593 2049 1633 2071; x_wconf 86' lang='lat'>»:</span> 
     </span>
     <span class='ocr_line' id='line_1_33' title="bbox 77 2090 1634 2140; baseline -0.003 -13"><span class='ocrx_word' id='word_1_331' title='bbox 77 2093 137 2127; x_wconf 88' lang='lat' dir='ltr'>sed</span> <span class='ocrx_word' id='word_1_332' title='bbox 159 2105 233 2127; x_wconf 90' lang='lat' dir='ltr'>non</span> <span class='ocrx_word' id='word_1_333' title='bbox 256 2105 364 2128; x_wconf 89' lang='lat' dir='ltr'>omne</span> <span class='ocrx_word' id='word_1_334' title='bbox 386 2094 617 2127; x_wconf 88' lang='lat' dir='ltr'>mendacium</span> <span class='ocrx_word' id='word_1_335' title='bbox 639 2101 692 2128; x_wconf 87' lang='lat' dir='ltr'>est</span> <span class='ocrx_word' id='word_1_336' title='bbox 710 2094 932 2140; x_wconf 90' lang='lat' dir='ltr'>deceptionis</span> <span class='ocrx_word' id='word_1_337' title='bbox 951 2105 1078 2135; x_wconf 79' lang='lat' dir='ltr'>causa;</span> <span class='ocrx_word' id='word_1_338' title='bbox 1098 2093 1179 2138; x_wconf 89' lang='lat' dir='ltr'>quia</span> <span class='ocrx_word' id='word_1_339' title='bbox 1198 2104 1261 2138; x_wconf 92' lang='lat' dir='ltr'>per</span> <span class='ocrx_word' id='word_1_340' title='bbox 1282 2090 1514 2125; x_wconf 86' lang='lat' dir='ltr'>mendacium</span> <span class='ocrx_word' id='word_1_341' title='bbox 1536 2091 1634 2135; x_wconf 82' lang='lat' dir='ltr'>joco—</span> 
     </span>
     <span class='ocr_line' id='line_1_34' title="bbox 76 2143 1633 2192; baseline -0.003 -12"><span class='ocrx_word' id='word_1_342' title='bbox 76 2158 158 2182; x_wconf 90' lang='lat' dir='ltr'>sum</span> <span class='ocrx_word' id='word_1_343' title='bbox 177 2147 296 2181; x_wconf 91' lang='lat' dir='ltr'>nullus</span> <span class='ocrx_word' id='word_1_344' title='bbox 318 2147 507 2192; x_wconf 87' lang='lat' dir='ltr'>decipitur:</span> <span class='ocrx_word' id='word_1_345' title='bbox 529 2158 603 2181; x_wconf 90' lang='lat' dir='ltr'>non</span> <span class='ocrx_word' id='word_1_346' title='bbox 631 2147 727 2181; x_wconf 88' lang='lat' dir='ltr'>enim</span> <span class='ocrx_word' id='word_1_347' title='bbox 760 2147 804 2181; x_wconf 89' lang='lat' dir='ltr'>ad</span> <span class='ocrx_word' id='word_1_348' title='bbox 838 2147 907 2181; x_wconf 89' lang='lat' dir='ltr'>hoc</span> <span class='ocrx_word' id='word_1_349' title='bbox 943 2147 1108 2181; x_wconf 91' lang='lat' dir='ltr'>dicuntur</span> <span class='ocrx_word' id='word_1_350' title='bbox 1135 2145 1346 2191; x_wconf 83' lang='lat' dir='ltr'>hujusmodi</span> <span class='ocrx_word' id='word_1_351' title='bbox 1367 2143 1568 2184; x_wconf 77' lang='lat' dir='ltr'>mendacia,</span> <span class='ocrx_word' id='word_1_352' title='bbox 1594 2151 1633 2177; x_wconf 90' lang='lat' dir='ltr'>ut</span> 
     </span>
     <span class='ocr_line' id='line_1_35' title="bbox 77 2196 1631 2246; baseline -0.003 -12"><span class='ocrx_word' id='word_1_353' title='bbox 77 2201 278 2243; x_wconf 84' lang='lat' dir='ltr'>credantur,</span> <span class='ocrx_word' id='word_1_354' title='bbox 300 2200 361 2234; x_wconf 89' lang='lat' dir='ltr'>sed</span> <span class='ocrx_word' id='word_1_355' title='bbox 382 2207 527 2246; x_wconf 87' lang='lat' dir='ltr'>propter</span> <span class='ocrx_word' id='word_1_356' title='bbox 547 2200 827 2235; x_wconf 81' lang='lat' dir='ltr'>delectationem</span> <span class='ocrx_word' id='word_1_357' title='bbox 849 2200 984 2234; x_wconf 84' lang='lat' dir='ltr'>solam:</span> <span class='ocrx_word' id='word_1_358' title='bbox 1001 2201 1095 2234; x_wconf 88' lang='lat' dir='ltr'>unde</span> <span class='ocrx_word' id='word_1_359' title='bbox 1111 2207 1144 2233; x_wconf 93' lang='lat' dir='ltr'>et</span> <span class='ocrx_word' id='word_1_360' title='bbox 1157 2197 1414 2245; x_wconf 74' lang='lat' dir='ltr'>hyperbolicae</span> <span class='ocrx_word' id='word_1_361' title='bbox 1429 2196 1631 2230; x_wconf 86' lang='lat' dir='ltr'>locutiones</span> 
     </span>
     <span class='ocr_line' id='line_1_36' title="bbox 77 2249 1632 2300; baseline -0.003 -14"><span class='ocrx_word' id='word_1_362' title='bbox 77 2254 292 2299; x_wconf 85' lang='lat' dir='ltr'>quandoque</span> <span class='ocrx_word' id='word_1_363' title='bbox 320 2253 428 2287; x_wconf 82' lang='lat' dir='ltr'>etiarn</span> <span class='ocrx_word' id='word_1_364' title='bbox 454 2254 491 2287; x_wconf 90' lang='lat' dir='ltr'>in</span> <span class='ocrx_word' id='word_1_365' title='bbox 518 2253 700 2300; x_wconf 83' lang='lat' dir='ltr'>Scriptura</span> <span class='ocrx_word' id='word_1_366' title='bbox 727 2253 836 2288; x_wconf 89' lang='lat' dir='ltr'>Sacra</span> <span class='ocrx_word' id='word_1_367' title='bbox 863 2254 1110 2295; x_wconf 82' lang='lat' dir='ltr'>inveniuntur3</span> <span class='ocrx_word' id='word_1_368' title='bbox 1136 2264 1210 2286; x_wconf 87' lang='lat' dir='ltr'>non</span> <span class='ocrx_word' id='word_1_369' title='bbox 1237 2262 1323 2297; x_wconf 83' lang='lat' dir='ltr'>ergo</span> <span class='ocrx_word' id='word_1_370' title='bbox 1351 2261 1460 2284; x_wconf 88' lang='lat' dir='ltr'>omne</span> <span class='ocrx_word' id='word_1_371' title='bbox 1488 2249 1632 2283; x_wconf 86' lang='lat' dir='ltr'>menda-</span> 
     </span>
     <span class='ocr_line' id='line_1_37' title="bbox 77 2307 469 2353; baseline 0.003 -13"><span class='ocrx_word' id='word_1_372' title='bbox 77 2307 174 2341; x_wconf 91' lang='lat' dir='ltr'>cium</span> <span class='ocrx_word' id='word_1_373' title='bbox 197 2315 249 2341; x_wconf 88' lang='lat' dir='ltr'>est</span> <span class='ocrx_word' id='word_1_374' title='bbox 269 2315 469 2353; x_wconf 89' lang='lat' dir='ltr'>peccatum.</span> 
     </span>
    </p>

    <p class='ocr_par' dir='ltr' id='par_1_9' title="bbox 147 2357 1628 2406">
     <span class='ocr_line' id='line_1_38' title="bbox 147 2357 1628 2406; baseline -0.004 -11"><span class='ocrx_word' id='word_1_375' title='bbox 147 2360 221 2395; x_wconf 78' lang='lat' dir='ltr'>SED</span> <span class='ocrx_word' id='word_1_376' title='bbox 239 2371 393 2395; x_wconf 76' lang='lat' dir='ltr'>CONTRA</span> <span class='ocrx_word' id='word_1_377' title='bbox 415 2369 478 2402; x_wconf 89' lang='lat' dir='ltr'>est,</span> <span class='ocrx_word' id='word_1_378' title='bbox 494 2361 589 2406; x_wconf 90' lang='lat' dir='ltr'>quod</span> <span class='ocrx_word' id='word_1_379' title='bbox 611 2361 740 2395; x_wconf 85' lang='lat' dir='ltr'>dicitur</span> <span class='ocrx_word' id='word_1_380' title='bbox 760 2361 870 2395; x_wconf 81' lang='lat' dir='ltr'>Eccli.</span> <span class='ocrx_word' id='word_1_381' title='bbox 888 2372 937 2406; x_wconf 86' lang='lat'>7.:</span> <span class='ocrx_word' id='word_1_382' title='bbox 953 2361 1033 2396; x_wconf 82' lang='lat' dir='ltr'>Noli</span> <span class='ocrx_word' id='word_1_383' title='bbox 1048 2361 1128 2395; x_wconf 69' lang='lat' dir='ltr'>velle</span> <span class='ocrx_word' id='word_1_384' title='bbox 1150 2361 1284 2394; x_wconf 74' lang='lat' dir='ltr'>mentiri</span> <span class='ocrx_word' id='word_1_385' title='bbox 1301 2371 1393 2393; x_wconf 63' lang='lat' dir='ltr'>omne</span> <span class='ocrx_word' id='word_1_386' title='bbox 1412 2357 1628 2391; x_wconf 63' lang='lat' dir='ltr'>nmzdacimn.</span> 
     </span>
    </p>

    <p class='ocr_par' dir='ltr' id='par_1_10' title="bbox 73 2411 1631 2884">
     <span class='ocr_line' id='line_1_39' title="bbox 145 2411 1631 2460; baseline -0.003 -13"><span class='ocrx_word' id='word_1_387' title='bbox 145 2413 374 2448; x_wconf 67' lang='lat' dir='ltr'>RESPONDEO</span> <span class='ocrx_word' id='word_1_388' title='bbox 397 2414 600 2456; x_wconf 81' lang='lat' dir='ltr'>dicendum,</span> <span class='ocrx_word' id='word_1_389' title='bbox 624 2415 720 2460; x_wconf 91' lang='lat' dir='ltr'>quod</span> <span class='ocrx_word' id='word_1_390' title='bbox 740 2414 840 2456; x_wconf 89' lang='lat' dir='ltr'>illud,</span> <span class='ocrx_word' id='word_1_391' title='bbox 862 2415 958 2460; x_wconf 89' lang='lat' dir='ltr'>quod</span> <span class='ocrx_word' id='word_1_392' title='bbox 980 2422 1034 2448; x_wconf 88' lang='lat' dir='ltr'>est</span> <span class='ocrx_word' id='word_1_393' title='bbox 1055 2413 1254 2448; x_wconf 85' lang='lat' dir='ltr'>secundum</span> <span class='ocrx_word' id='word_1_394' title='bbox 1285 2424 1322 2446; x_wconf 90' lang='lat' dir='ltr'>se</span> <span class='ocrx_word' id='word_1_395' title='bbox 1349 2411 1487 2444; x_wconf 80' lang='lat' dir='ltr'>malum</span> <span class='ocrx_word' id='word_1_396' title='bbox 1506 2422 1548 2443; x_wconf 70' lang='lat' dir='ltr'>ex</span> <span class='ocrx_word' id='word_1_397' title='bbox 1573 2420 1631 2455; x_wconf 84' lang='lat' dir='ltr'>ge-</span> 
     </span>
     <span class='ocr_line' id='line_1_40' title="bbox 75 2463 1627 2512; baseline -0.003 -12"><span class='ocrx_word' id='word_1_398' title='bbox 75 2477 172 2508; x_wconf 86' lang='lat' dir='ltr'>nere,</span> <span class='ocrx_word' id='word_1_399' title='bbox 194 2466 294 2500; x_wconf 88' lang='lat' dir='ltr'>nullo</span> <span class='ocrx_word' id='word_1_400' title='bbox 322 2468 433 2500; x_wconf 77' lang='lat' dir='ltr'>modo</span> <span class='ocrx_word' id='word_1_401' title='bbox 460 2475 579 2512; x_wconf 84' lang='lat' dir='ltr'>potest</span> <span class='ocrx_word' id='word_1_402' title='bbox 599 2478 675 2501; x_wconf 87' lang='lat' dir='ltr'>esse</span> <span class='ocrx_word' id='word_1_403' title='bbox 696 2468 844 2510; x_wconf 89' lang='lat' dir='ltr'>bonurn,</span> <span class='ocrx_word' id='word_1_404' title='bbox 867 2476 901 2501; x_wconf 86' lang='lat' dir='ltr'>et</span> <span class='ocrx_word' id='word_1_405' title='bbox 921 2467 1076 2501; x_wconf 73' lang='lat' dir='ltr'>licitum:</span> <span class='ocrx_word' id='word_1_406' title='bbox 1105 2467 1188 2512; x_wconf 86' lang='lat' dir='ltr'>quia</span> <span class='ocrx_word' id='word_1_407' title='bbox 1211 2466 1252 2499; x_wconf 88' lang='lat' dir='ltr'>ad</span> <span class='ocrx_word' id='word_1_408' title='bbox 1275 2465 1345 2498; x_wconf 79' lang='lat' dir='ltr'>hoc</span> <span class='ocrx_word' id='word_1_409' title='bbox 1373 2465 1467 2509; x_wconf 56' lang='lat' dir='ltr'>quo-³..</span> <span class='ocrx_word' id='word_1_410' title='bbox 1496 2463 1627 2508; x_wconf 75' lang='lat' dir='ltr'>aliquid</span> 
     </span>
     <span class='ocr_line' id='line_1_41' title="bbox 75 2516 1629 2565; baseline -0.003 -12"><span class='ocrx_word' id='word_1_411' title='bbox 75 2519 120 2553; x_wconf 88' lang='lat' dir='ltr'>sit</span> <span class='ocrx_word' id='word_1_412' title='bbox 138 2520 288 2561; x_wconf 89' lang='lat' dir='ltr'>bonum,</span> <span class='ocrx_word' id='word_1_413' title='bbox 309 2519 498 2565; x_wconf 88' lang='lat' dir='ltr'>requiritur</span> <span class='ocrx_word' id='word_1_414' title='bbox 521 2520 617 2565; x_wconf 87' lang='lat' dir='ltr'>quod</span> <span class='ocrx_word' id='word_1_415' title='bbox 639 2521 761 2554; x_wconf 90' lang='lat' dir='ltr'>omnia</span> <span class='ocrx_word' id='word_1_416' title='bbox 783 2529 878 2554; x_wconf 90' lang='lat' dir='ltr'>recte</span> <span class='ocrx_word' id='word_1_417' title='bbox 902 2528 1136 2554; x_wconf 82' lang='lat' dir='ltr'>concurrant:</span> <span class='ocrx_word' id='word_1_418' title='bbox 1159 2520 1296 2553; x_wconf 87' lang='lat' dir='ltr'>bonum</span> <span class='ocrx_word' id='word_1_419' title='bbox 1319 2526 1372 2552; x_wconf 64' lang='lat' dir='ltr'>est</span> <span class='ocrx_word' id='word_1_420' title='bbox 1394 2517 1490 2550; x_wconf 80' lang='lat' dir='ltr'>enim</span> <span class='ocrx_word' id='word_1_421' title='bbox 1512 2527 1554 2549; x_wconf 79' lang='lat' dir='ltr'>ex</span> <span class='ocrx_word' id='word_1_422' title='bbox 1579 2516 1629 2549; x_wconf 88' lang='lat' dir='ltr'>in-</span> 
     </span>
     <span class='ocr_line' id='line_1_42' title="bbox 74 2569 1629 2619; baseline -0.003 -13"><span class='ocrx_word' id='word_1_423' title='bbox 74 2580 175 2618; x_wconf 87' lang='lat' dir='ltr'>tegra</span> <span class='ocrx_word' id='word_1_424' title='bbox 203 2584 322 2615; x_wconf 85' lang='lat' dir='ltr'>causa,</span> <span class='ocrx_word' id='word_1_425' title='bbox 350 2572 488 2606; x_wconf 88' lang='lat' dir='ltr'>malum</span> <span class='ocrx_word' id='word_1_426' title='bbox 512 2584 600 2607; x_wconf 88' lang='lat' dir='ltr'>vero</span> <span class='ocrx_word' id='word_1_427' title='bbox 633 2582 685 2607; x_wconf 91' lang='lat' dir='ltr'>est</span> <span class='ocrx_word' id='word_1_428' title='bbox 719 2585 759 2607; x_wconf 86' lang='lat' dir='ltr'>ex</span> <span class='ocrx_word' id='word_1_429' title='bbox 793 2573 1031 2619; x_wconf 82' lang='lat' dir='ltr'>singularibus</span> <span class='ocrx_word' id='word_1_430' title='bbox 1065 2572 1272 2613; x_wconf 77' lang='lat' dir='ltr'>defectibus,</span> <span class='ocrx_word' id='word_1_431' title='bbox 1305 2579 1343 2604; x_wconf 83' lang='lat' dir='ltr'>ut</span> <span class='ocrx_word' id='word_1_432' title='bbox 1363 2571 1515 2615; x_wconf 69' lang='lat' dir='ltr'>Dionys.</span> <span class='ocrx_word' id='word_1_433' title='bbox 1543 2569 1629 2603; x_wconf 87' lang='lat' dir='ltr'>dicit</span> 
     </span>
     <span class='ocr_line' id='line_1_43' title="bbox 74 2624 1628 2672; baseline -0.003 -13"><span class='ocrx_word' id='word_1_434' title='bbox 74 2635 107 2668; x_wconf 86' lang='lat'>4.</span> <span class='ocrx_word' id='word_1_435' title='bbox 130 2637 205 2671; x_wconf 89' lang='lat' dir='ltr'>cap.</span> <span class='ocrx_word' id='word_1_436' title='bbox 221 2627 264 2659; x_wconf 88' lang='lat' dir='ltr'>de</span> <span class='ocrx_word' id='word_1_437' title='bbox 282 2626 363 2660; x_wconf 76' lang='lat' dir='ltr'>Div.</span> <span class='ocrx_word' id='word_1_438' title='bbox 385 2626 495 2659; x_wconf 87' lang='lat' dir='ltr'>Nom.</span> <span class='ocrx_word' id='word_1_439' title='bbox 520 2626 619 2672; x_wconf 62' lang='lat' dir='ltr'>(part.</span> <span class='ocrx_word' id='word_1_440' title='bbox 634 2638 666 2670; x_wconf 79' lang='lat'>4.</span> <span class='ocrx_word' id='word_1_441' title='bbox 682 2627 749 2661; x_wconf 53' lang='lat' dir='ltr'>lact.</span> <span class='ocrx_word' id='word_1_442' title='bbox 771 2627 854 2671; x_wconf 87' lang='lat'><em>22.):</em></span> <span class='ocrx_word' id='word_1_443' title='bbox 878 2627 1109 2660; x_wconf 86' lang='lat' dir='ltr'>mendacium</span> <span class='ocrx_word' id='word_1_444' title='bbox 1132 2634 1252 2659; x_wconf 90' lang='lat' dir='ltr'>autem</span> <span class='ocrx_word' id='word_1_445' title='bbox 1274 2633 1327 2658; x_wconf 88' lang='lat' dir='ltr'>est</span> <span class='ocrx_word' id='word_1_446' title='bbox 1347 2624 1485 2657; x_wconf 88' lang='lat' dir='ltr'>malum</span> <span class='ocrx_word' id='word_1_447' title='bbox 1508 2634 1549 2656; x_wconf 78' lang='lat' dir='ltr'>ex</span> <span class='ocrx_word' id='word_1_448' title='bbox 1571 2633 1628 2668; x_wconf 82' lang='lat' dir='ltr'>ge—</span> 
     </span>
     <span class='ocr_line' id='line_1_44' title="bbox 73 2677 1626 2725; baseline -0.003 -13"><span class='ocrx_word' id='word_1_449' title='bbox 73 2689 176 2712; x_wconf 90' lang='lat' dir='ltr'>nere:</span> <span class='ocrx_word' id='word_1_450' title='bbox 200 2687 253 2713; x_wconf 85' lang='lat' dir='ltr'>est</span> <span class='ocrx_word' id='word_1_451' title='bbox 278 2679 374 2713; x_wconf 90' lang='lat' dir='ltr'>enim</span> <span class='ocrx_word' id='word_1_452' title='bbox 401 2687 500 2712; x_wconf 86' lang='lat' dir='ltr'>actus</span> <span class='ocrx_word' id='word_1_453' title='bbox 527 2679 657 2713; x_wconf 85' lang='lat' dir='ltr'>cadens</span> <span class='ocrx_word' id='word_1_454' title='bbox 684 2691 790 2725; x_wconf 86' lang='lat' dir='ltr'>super</span> <span class='ocrx_word' id='word_1_455' title='bbox 816 2680 1012 2713; x_wconf 88' lang='lat' dir='ltr'>indebitam</span> <span class='ocrx_word' id='word_1_456' title='bbox 1046 2679 1254 2712; x_wconf 83' lang='lat' dir='ltr'>materiam:</span> <span class='ocrx_word' id='word_1_457' title='bbox 1278 2689 1361 2711; x_wconf 82' lang='lat' dir='ltr'>cum</span> <span class='ocrx_word' id='word_1_458' title='bbox 1395 2677 1491 2710; x_wconf 87' lang='lat' dir='ltr'>enim</span> <span class='ocrx_word' id='word_1_459' title='bbox 1517 2687 1626 2709; x_wconf 76' lang='lat' dir='ltr'>voces</span> 
     </span>
     <span class='ocr_line' id='line_1_45' title="bbox 74 2729 1626 2777; baseline -0.002 -12"><span class='ocrx_word' id='word_1_460' title='bbox 74 2731 282 2766; x_wconf 86' lang='lat' dir='ltr'>naturaliter</span> <span class='ocrx_word' id='word_1_461' title='bbox 302 2733 373 2766; x_wconf 91' lang='lat' dir='ltr'>sint</span> <span class='ocrx_word' id='word_1_462' title='bbox 393 2733 494 2777; x_wconf 84' lang='lat' dir='ltr'>signa</span> <span class='ocrx_word' id='word_1_463' title='bbox 515 2732 774 2774; x_wconf 87' lang='lat' dir='ltr'>intellectuum,</span> <span class='ocrx_word' id='word_1_464' title='bbox 796 2732 995 2766; x_wconf 83' lang='lat' dir='ltr'>innaturale</span> <span class='ocrx_word' id='word_1_465' title='bbox 1018 2741 1080 2774; x_wconf 86' lang='lat' dir='ltr'>est,</span> <span class='ocrx_word' id='word_1_466' title='bbox 1100 2741 1135 2766; x_wconf 92' lang='lat' dir='ltr'>et</span> <span class='ocrx_word' id='word_1_467' title='bbox 1152 2731 1361 2772; x_wconf 84' lang='lat' dir='ltr'>indebitum,</span> <span class='ocrx_word' id='word_1_468' title='bbox 1380 2730 1476 2776; x_wconf 89' lang='lat' dir='ltr'>quod</span> <span class='ocrx_word' id='word_1_469' title='bbox 1499 2729 1626 2775; x_wconf 86' lang='lat' dir='ltr'>aliquis</span> 
     </span>
     <span class='ocr_line' id='line_1_46' title="bbox 74 2783 1624 2831; baseline -0.001 -13"><span class='ocrx_word' id='word_1_470' title='bbox 74 2795 165 2818; x_wconf 92' lang='lat' dir='ltr'>voce</span> <span class='ocrx_word' id='word_1_471' title='bbox 186 2785 363 2830; x_wconf 84' lang='lat' dir='ltr'>significet</span> <span class='ocrx_word' id='word_1_472' title='bbox 382 2785 429 2827; x_wconf 92' lang='lat' dir='ltr'>id,</span> <span class='ocrx_word' id='word_1_473' title='bbox 452 2785 546 2831; x_wconf 89' lang='lat' dir='ltr'>quod</span> <span class='ocrx_word' id='word_1_474' title='bbox 568 2796 642 2819; x_wconf 90' lang='lat' dir='ltr'>non</span> <span class='ocrx_word' id='word_1_475' title='bbox 668 2786 777 2820; x_wconf 89' lang='lat' dir='ltr'>habet</span> <span class='ocrx_word' id='word_1_476' title='bbox 797 2786 833 2819; x_wconf 90' lang='lat' dir='ltr'>in</span> <span class='ocrx_word' id='word_1_477' title='bbox 854 2794 995 2827; x_wconf 80' lang='lat' dir='ltr'>mente3</span> <span class='ocrx_word' id='word_1_478' title='bbox 1017 2785 1111 2819; x_wconf 86' lang='lat' dir='ltr'>unde</span> <span class='ocrx_word' id='word_1_479' title='bbox 1133 2785 1270 2818; x_wconf 77' lang='lat' dir='ltr'>Pliilos.</span> <span class='ocrx_word' id='word_1_480' title='bbox 1292 2784 1378 2818; x_wconf 90' lang='lat' dir='ltr'>dicit</span> <span class='ocrx_word' id='word_1_481' title='bbox 1398 2784 1434 2817; x_wconf 91' lang='lat' dir='ltr'>in</span> <span class='ocrx_word' id='word_1_482' title='bbox 1453 2794 1487 2826; x_wconf 71' lang='lat'>4.</span> <span class='ocrx_word' id='word_1_483' title='bbox 1509 2783 1624 2817; x_wconf 85' lang='lat' dir='ltr'>Ethic.</span> 
     </span>
     <span class='ocr_line' id='line_1_47' title="bbox 75 2837 1624 2884; baseline 0 -12"><span class='ocrx_word' id='word_1_484' title='bbox 75 2837 165 2884; x_wconf 81' lang='lat' dir='ltr'>(cap.</span> <span class='ocrx_word' id='word_1_485' title='bbox 188 2839 233 2883; x_wconf 90' lang='lat'>7.)</span> <span class='ocrx_word' id='word_1_486' title='bbox 257 2838 353 2883; x_wconf 93' lang='lat' dir='ltr'>quod</span> <span class='ocrx_word' id='word_1_487' title='bbox 378 2850 396 2870; x_wconf 85' lang='lat'>«</span> <span class='ocrx_word' id='word_1_488' title='bbox 417 2838 647 2872; x_wconf 87' lang='lat' dir='ltr'>mendacium</span> <span class='ocrx_word' id='word_1_489' title='bbox 670 2847 722 2872; x_wconf 87' lang='lat' dir='ltr'>est</span> <span class='ocrx_word' id='word_1_490' title='bbox 741 2850 804 2884; x_wconf 90' lang='lat' dir='ltr'>per</span> <span class='ocrx_word' id='word_1_491' title='bbox 824 2850 861 2872; x_wconf 89' lang='lat' dir='ltr'>se</span> <span class='ocrx_word' id='word_1_492' title='bbox 879 2850 1041 2884; x_wconf 83' lang='lat' dir='ltr'>pravum,</span> <span class='ocrx_word' id='word_1_493' title='bbox 1061 2846 1094 2872; x_wconf 91' lang='lat' dir='ltr'>et</span> <span class='ocrx_word' id='word_1_494' title='bbox 1111 2837 1337 2883; x_wconf 80' lang='lat' dir='ltr'>fugiendum3</span> <span class='ocrx_word' id='word_1_495' title='bbox 1360 2848 1484 2871; x_wconf 87' lang='lat' dir='ltr'>verum</span> <span class='ocrx_word' id='word_1_496' title='bbox 1504 2845 1624 2872; x_wconf 85' lang='lat' dir='ltr'>autem</span> 
     </span>
    </p>
   </div>
  </div>
 </body>
</html>
