1859 3122
495 166 715 202 QUAESTIO
749 167 907 198 LXXXV.
941 168 1184 199 ARTICULUS
1217 169 1277 199 ΙΙΙ.
1569 159 1651 213 607

177 259 203 293 3.
227 247 461 282 PRAETEREA.
485 247 711 282 Sacrificium
733 249 882 292 videtur,
905 250 1001 296 quod
1020 251 1101 284 Deo
1123 251 1327 286 exhibetur:
1350 252 1411 286 sed
1434 251 1547 286 multa
1564 260 1657 293 sunt,

101 312 192 348 quae
214 301 294 335 Deo
317 301 548 343 exhibentur3
570 302 680 337 sicut:
703 302 861 345 devotio,
885 304 1011 346 oratio,
1034 304 1208 347 decimae,
1235 305 1424 351 primitiae,
1443 304 1657 347 oblationes,

101 362 136 389 et
156 353 389 397 holocausta3
412 365 499 400 ergo
523 355 738 390 sacrificium
760 368 833 391 non
849 357 988 392 videtur
1004 368 1080 392 esse
1097 357 1223 404 aliquis
1245 359 1410 405 specialis
1430 367 1530 393 actus
1549 359 1658 393 deter-

101 408 256 443 minatae
277 408 427 443 virtutis.

173 462 246 498 SED
274 473 428 498 CONTRA
452 471 514 505 est,
538 464 633 509 quod
655 464 691 497 in
718 463 797 510 lege
825 464 994 511 specialia
1021 473 1211 511 praecepta
1234 465 1276 500 de
1299 465 1482 501 sacrificiis
1509 466 1655 509 dantur3

101 524 138 551 ut
158 524 255 563 patet
276 517 311 550 in
334 517 509 563 principio
534 517 646 552 Levit.

170 570 398 605 RESPONDEO
421 570 626 612 dicendum,
654 571 761 616 quod,
789 571 880 605 sicut
906 582 1013 617 supra
1040 571 1203 606 habitum
1227 580 1278 606 est
1299 572 1383 617 (1-2.
1406 585 1435 618 q.
1459 574 1508 608 18.
1535 578 1600 608 art.
1624 573 1656 608 6.

99 629 127 659 εἰ
148 624 196 670 7.)
218 623 362 670 quando
386 632 484 657 actus
512 624 615 658 unius
638 624 775 658 virtutis
803 625 988 659 ordinatur
1010 625 1053 658 ad
1076 625 1184 659 finem
1208 625 1352 659 alterius
1379 626 1529 670 virtutis,
1557 627 1660 673 parti-

101 678 194 724 cipat
215 677 488 723 quodammodo
504 678 661 723 speciem
684 678 776 722 ejus:
800 679 890 712 sicut
906 690 988 712 cum
1004 678 1082 724 quis
1096 677 1231 712 furatur
1254 686 1291 712 ut
1312 678 1518 722 fornicetur,
1540 680 1658 726 ipsum

100 731 234 765 furtum
256 731 386 777 accipit
412 730 685 777 quodammodo
713 730 961 765 fornicationis
989 731 1278 774 deformitatem3
1305 733 1352 766 ita
1380 734 1475 778 quod
1499 734 1527 767 si
1549 734 1658 767 etiam

101 785 187 819 alias
202 796 276 819 non
291 793 382 819 esset
398 792 598 831 peccatum,
622 795 663 818 ex
684 784 754 818 hoc
776 785 849 830 jam
868 792 1058 831 peccatum
1077 793 1179 827 esset,
1196 786 1291 831 quod
1315 786 1357 819 ad
1379 785 1658 821 fornicationem

101 839 301 881 ordinatur;
324 839 372 872 sic
396 849 482 884 ergo
504 837 721 872 sacrificium
744 846 797 872 est
818 839 964 884 quidam
987 838 1153 885 specialis
1176 847 1275 874 actus
1298 839 1443 874 laudem
1461 840 1597 875 habens
1616 852 1658 875 ex

100 892 182 935 hoc,
205 892 301 938 quod
323 892 358 925 in
381 891 539 925 divinam
561 892 798 925 reverentiam
820 891 874 926 fit:
896 900 1042 938 propter
1063 892 1159 939 quod
1187 893 1230 926 ad
1252 893 1527 928 determinatam
1554 895 1660 928 virtu-

100 953 173 980 tem
200 946 362 992 pertinet,
385 945 522 979 scilicet
544 945 587 979 ad
609 944 842 990 religionem:
866 946 1043 992 contingit
1069 954 1201 988 autem,
1224 953 1257 980 et
1280 958 1322 981 ea
1344 958 1435 993 quae
1459 948 1658 982 secundum

101 999 187 1034 alias
205 999 352 1033 virtutes
367 998 466 1041 fiunt,
485 999 520 1032 in
536 999 694 1032 divinam
714 1000 953 1033 reverentiam
969 1000 1142 1034 ordinari:
1163 1008 1247 1046 puta
1266 1011 1348 1034 cum
1363 1000 1490 1047 aliquis
1506 1001 1660 1035 eleemo-

101 1065 228 1100 synam
247 1053 331 1087 facit
349 1053 392 1086 de
411 1053 514 1086 rebus
530 1052 681 1098 propriis
696 1061 842 1099 propter
855 1053 995 1096 Deum;
1014 1052 1072 1087 vel
1087 1065 1169 1087 cum
1186 1053 1312 1099 aliquis
1328 1055 1512 1100 proprium
1529 1065 1658 1100 corpus

102 1107 208 1141 alicui
230 1106 415 1141 afflictioni
429 1106 570 1151 subjicit
583 1114 728 1152 propter
747 1107 906 1140 divinam
921 1107 1177 1141 reverentiam:
1194 1115 1227 1141 et
1242 1107 1442 1142 secundum
1464 1107 1534 1142 hoc
1549 1107 1658 1142 etiam

101 1169 200 1196 actus
223 1160 373 1195 aliarum
395 1160 567 1194 virtutum
589 1160 764 1194 sacrificia
783 1161 853 1194 dici
872 1168 1038 1206 possunt:
1059 1169 1140 1195 sunt
1159 1168 1282 1195 tamen
1301 1161 1448 1207 quidam
1468 1169 1578 1203 actus,
1598 1162 1658 1207 qui

97 1226 174 1248 non
195 1214 328 1248 habent
354 1225 396 1248 ex
418 1213 488 1248 alio
511 1213 667 1255 laudem,
690 1214 759 1248 nisi
780 1214 862 1260 quia
884 1214 973 1248 fiunt
999 1223 1143 1261 propter
1163 1215 1400 1249 reverentiam
1424 1214 1601 1249 divinam:
1626 1222 1659 1249 et

99 1268 157 1302 isti
178 1275 276 1302 actus
298 1267 441 1313 proprie
463 1266 639 1301 sacrificia
661 1267 837 1309 dicuntur,
861 1276 895 1302 et
915 1268 1093 1314 pertinent
1115 1267 1157 1301 ad
1179 1268 1348 1302 virtutem
1367 1268 1563 1314 religionis.

142 1354 144 1356 ,
170 1321 230 1355 ΑΙ)
245 1331 394 1356 PRIMUM
416 1332 502 1367 ergo
526 1320 730 1363 dicendum,
754 1322 849 1367 quod
871 1321 942 1356 hoc
965 1322 1082 1368 ipsum
1099 1321 1194 1367 quod
1209 1321 1291 1356 Deo
1307 1322 1462 1368 quadam
1484 1321 1658 1367 spirituali

99 1375 271 1410 societate
292 1374 461 1409 volumus
479 1375 677 1416 inhaerere,
694 1376 737 1409 ad
756 1375 915 1409 divinam
937 1376 1174 1409 reverentiam
1193 1376 1361 1422 pertinet3
1386 1384 1420 1410 et
1441 1376 1522 1410 ideo
1546 1377 1659 1421 cujus-

101 1440 255 1475 cumque
272 1428 410 1463 virtutis
427 1436 526 1462 actus
541 1429 719 1463 rationem
738 1429 903 1463 sacrificii
918 1429 1047 1476 accipit
1073 1441 1115 1464 ex
1136 1429 1206 1463 hoc
1227 1430 1323 1475 quod
1338 1430 1464 1475 agitur,
1480 1436 1518 1463 ut
1535 1437 1657 1464 sancta

101 1482 272 1516 societate
293 1482 373 1516 Deo
400 1482 665 1516 inhaereamus.

171 1536 230 1570 ΑΙ)
247 1546 452 1570 SECUNDUM
467 1535 671 1577 dicendum,
689 1536 785 1581 quod
801 1536 920 1582 triplex
936 1543 988 1570 est
1001 1536 1160 1570 hominis
1174 1536 1328 1570 bonum:
1342 1537 1491 1583 primum
1509 1536 1655 1582 quidem

102 1598 154 1624 est
174 1590 311 1624 bonum
334 1589 488 1631 animae,
510 1590 606 1635 quod
627 1590 709 1623 Deo
732 1588 879 1623 offertur
900 1590 1061 1624 interiori
1083 1591 1240 1635 quodam
1263 1590 1441 1624 sacrificio
1468 1601 1530 1636 per
1552 1590 1657 1624 devo-

98 1644 248 1685 tionem,
271 1651 306 1677 et
327 1643 542 1684 orationem,
565 1651 598 1676 et
620 1643 709 1676 alios
731 1643 940 1689 hujusmodi
962 1645 1149 1677 interiores
1169 1652 1286 1678 actus:
1310 1652 1344 1678 et
1364 1644 1435 1678 hoc
1459 1651 1511 1678 est
1531 1643 1659 1689 princi-

100 1697 179 1744 pale
200 1697 432 1731 sacrificium:
454 1696 629 1731 secundum
656 1704 709 1730 est
734 1697 871 1730 bonum
894 1697 1066 1743 corporis,
1089 1698 1184 1743 quod
1206 1697 1287 1731 Deo
1311 1697 1584 1743 quodammodo
1608 1696 1659 1731 of-

99 1751 209 1785 fertur
226 1762 288 1798 per
310 1751 533 1797 martyrium,
556 1759 590 1785 et
612 1751 875 1792 abstinentiam,
897 1762 959 1784 seu
982 1751 1258 1784 continentiam:
1288 1752 1419 1785 tertium
1442 1759 1494 1785 est
1520 1751 1657 1784 bonum

101 1806 318 1839 exteriorum
333 1815 465 1846 rerum,
481 1804 523 1838 de
546 1815 617 1850 quo
640 1803 856 1838 sacrificium
879 1803 1025 1838 offertur
1046 1804 1146 1846 De03
1169 1804 1302 1838 directe
1329 1804 1485 1850 quidem,
1513 1804 1656 1850 quando

99 1858 309 1892 immediate
329 1869 385 1892 res
407 1865 546 1891 nostras
569 1857 650 1892 Deo
673 1856 877 1900 offerimus3
900 1858 1054 1892 mediate
1082 1865 1214 1899 autem,
1242 1857 1386 1904 quando
1414 1868 1472 1892 eas
1496 1869 1657 1892 commu-

100 1912 264 1946 nicamus
286 1911 458 1957 proximis
477 1919 620 1957 propter
640 1911 772 1945 Deum.

171 1965 231 1999 ΑΙ)
258 1974 428 1999 TERTIUM
455 1964 660 2006 dicendum,
691 1964 786 2010 quod
810 1964 985 1998 sacrificia
1011 1965 1153 2011 proprie
1184 1965 1360 2007 dicuntur,
1388 1965 1532 2012 quando
1560 1965 1656 1999 circa

102 2030 156 2052 res
170 2018 250 2053 Deo
267 2017 404 2052 oblatas
427 2017 559 2064 aliquid
582 2017 637 2061 fit3
660 2018 752 2052 sicut
765 2018 862 2064 quod
881 2018 1050 2052 animalia
1065 2018 1333 2061 occidebantur,
1353 2027 1387 2053 et
1401 2018 1657 2053 combureban-

101 2080 175 2106 tur:
194 2071 290 2118 quod
309 2071 410 2117 panis
436 2070 619 2117 frangitur,
638 2079 672 2105 et
691 2072 903 2114 comeditur,
931 2079 965 2106 et
985 2072 1222 2107 benedicitur:
1242 2080 1276 2106 et
1293 2072 1363 2106 hoc
1386 2073 1503 2118 ipsum
1521 2083 1656 2106 nornen

103 2133 217 2167 sonat,
247 2136 333 2158 nam
367 2124 582 2159 sacrificium
613 2125 741 2159 dicitur
771 2136 812 2159 ex
843 2126 926 2167 hoc,
948 2125 1045 2171 quod
1076 2126 1189 2159 homo
1217 2125 1301 2160 facit
1328 2125 1460 2172 aliquid
1494 2136 1655 2160 sacrum:

103 2178 237 2212 oblatio
265 2186 385 2212 autem
407 2178 539 2212 directe
566 2177 705 2220 dicitur,
733 2190 816 2212 cum
841 2179 921 2212 Deo
945 2178 1077 2224 aliquid
1100 2178 1257 2221 offertur,
1284 2179 1425 2213 etiamsi
1450 2179 1541 2212 nihil
1562 2179 1656 2213 circa

104 2232 223 2276 ipsum
244 2231 323 2274 fiat3
346 2232 437 2265 sicut
458 2231 623 2264 dicuntur
638 2231 758 2265 offerri
773 2232 919 2274 denarii,
937 2232 995 2266 vel
1009 2244 1118 2278 panes
1138 2233 1172 2266 in
1196 2233 1308 2274 altari,
1331 2233 1424 2267 circa
1452 2243 1541 2278 quos
1567 2231 1657 2266 nihil

103 2285 159 2319 fit:
181 2285 274 2318 unde
297 2295 405 2318 omne
424 2284 640 2318 sacrificium
662 2293 714 2319 est
740 2284 886 2327 oblatio,
906 2285 966 2319 sed
988 2297 1062 2319 non
1081 2286 1318 2320 convertitur:
1339 2286 1516 2332 primitiae
1535 2293 1655 2319 autem

106 2338 308 2372 oblationes
330 2346 423 2380 sunt,
446 2338 528 2384 quia
545 2338 626 2372 Deo
650 2338 901 2380 offerebantur,
923 2347 961 2373 ut
982 2339 1111 2385 legitur
1132 2339 1239 2373 Deut.
1259 2338 1326 2381 26„
1340 2351 1413 2373 non
1436 2348 1557 2373 autem
1575 2346 1657 2372 sunt

105 2391 290 2433 sacrificia,
305 2392 387 2438 quia
401 2391 491 2425 nihil
506 2403 648 2425 sacrum
659 2392 753 2425 circa
769 2403 827 2426 eas
842 2392 963 2426 fiebat:
981 2392 1142 2426 decimae
1158 2401 1290 2434 autem,
1305 2393 1446 2439 proprie
1461 2391 1656 2437 loquendo,

104 2457 177 2479 non
200 2453 281 2479 sunt
303 2444 488 2486 sacrificia,
510 2456 625 2490 neque
641 2444 862 2488 oblationes;
886 2445 968 2491 quia
982 2456 1056 2480 non
1079 2446 1287 2480 immediate
1302 2446 1394 2487 Deo,
1409 2445 1470 2479 sed
1485 2445 1656 2478 ministris

105 2498 216 2531 divini
238 2498 352 2532 cultus
375 2498 595 2532 exhibentur.

660 2619 1003 2664 ARTICULUS
1040 2621 1115 2664 IV.
1589 2631 1654 2675 461

246 2728 398 2758 UTRUM
425 2727 568 2757 oMNEs
596 2728 858 2759 TENEANTUR
885 2729 942 2758 AD
972 2729 1213 2760 SACRIFICIA
1242 2728 1511 2758 OFFERENDA.

177 2815 236 2849 ΑΙ)
255 2826 442 2854 QUARTUM
463 2816 512 2850 sic
528 2816 743 2862 proceditur.
757 2816 918 2860 Videtur,
935 2818 1030 2863 quod
1045 2829 1118 2851 non
1135 2828 1262 2851 omnes
1280 2825 1468 2851 teneantur
1487 2816 1529 2851 ad
1551 2818 1657 2851 sacri-

106 2867 186 2902 ficia
207 2867 407 2903 offerenda:
432 2869 516 2904 dicit
534 2870 631 2903 enim
653 2869 778 2916 Apost.
800 2871 906 2905 Rom.
941 2882 987 2915 3.:
1012 2872 1245 2916 Quaecumque
1267 2871 1317 2904 Iex
1342 2870 1499 2916 loquitur,
1526 2871 1574 2905 his
1599 2872 1656 2917 qui
