1859 3122
232 170 317 212 230
629 168 848 204 QUAESTIO
880 169 998 198 XXVI.
1031 169 1276 199 ARTICULUS
1308 170 1399 200 XIII.

230 250 533 285 necessitudinem
555 250 743 296 provideat
764 251 891 296 magis,
919 262 1028 296 quam
1057 250 1188 293 alieno,
1219 252 1358 286 ratione
1381 253 1480 298 cujus
1508 254 1544 287 in
1570 253 1639 287 hac
1659 253 1733 288 vita
1751 265 1794 288 ex

229 305 305 350 ipsa
327 303 560 338 inclinatione
583 304 766 338 charitatis
784 305 899 339 homo
923 304 1037 350 diligit
1059 305 1174 350 magis
1197 307 1444 350 conjunctum,
1468 306 1526 340 cui
1547 307 1663 352 magis
1685 307 1791 342 debet

228 358 438 403 impendere
461 357 643 391 charitatis
678 357 866 392 effectum:
895 359 1081 403 continget
1102 367 1224 392 tamen
1246 359 1282 392 in
1304 359 1429 404 patria,
1457 359 1553 405 quod
1576 359 1703 406 aliquis
1726 360 1794 394 sibi

229 407 465 455 conjunctum
486 410 644 457 pluribus
667 411 784 445 modis
803 411 944 457 diliget:
968 423 1042 444 non
1065 412 1162 445 enim
1189 412 1379 446 cessabunt
1401 413 1442 446 ab
1466 414 1588 446 animo
1609 413 1704 447 beati
1725 413 1792 447 ho-

228 472 351 498 nestae
373 463 576 498 dilectionis
608 475 754 499 causae:
782 472 905 499 tamen
928 465 1096 498 omnibus
1117 465 1193 498 istis
1215 465 1413 499 rationibus
1435 465 1632 511 praefertur
1653 465 1790 499 incom-

226 517 431 563 parabiliter
452 517 543 550 ratio
564 517 777 559 dilectionis,
801 529 891 564 quae
914 518 1066 552 sumitur
1087 530 1129 552 ex
1151 519 1418 564 propinquitate
1442 519 1484 552 ad
1506 519 1638 552 Deum.

299 571 359 604 AD
381 581 530 604 PRIMUM
553 582 639 615 ergo
662 571 867 613 dicendum,
891 572 986 617 quod
1018 579 1193 617 quantum
1221 572 1264 605 ad
1287 573 1501 617 conjunctos
1524 572 1591 606 sibi
1618 572 1708 606 ratio
1730 571 1791 606 illa

228 624 462 658 concedenda
481 632 550 658 est:
574 625 635 658 sed
663 632 837 670 quantum
853 625 895 658 ad
911 625 1080 670 seipsum,
1097 633 1239 670 oportet
1261 626 1357 670 quod
1373 625 1500 671 aliquis
1515 625 1594 671 plus
1616 637 1666 667 se,
1682 636 1792 671 quam

229 677 319 711 alios
341 677 477 723 diligat,
499 686 600 712 tanto
623 679 751 723 magis,
774 687 908 724 quanto
931 678 1124 724 perfectior
1146 686 1198 712 est
1218 678 1389 712 charitas:
1413 679 1496 724 quia
1517 678 1691 724 perfectio
1711 679 1793 713 cha-

227 732 340 766 ritatis
365 731 425 776 [al.
442 732 620 777 perfectior
646 732 806 777 almitas]
831 732 974 766 ordinat
994 732 1184 765 hominem
1207 731 1363 777 perfecte
1385 732 1421 765 in
1440 732 1579 774 Deumg
1603 732 1700 778 quod
1718 743 1793 778 per-

226 785 316 819 tinet
337 786 381 818 ad
401 784 634 819 dilectionem
657 785 718 829 [al.
734 785 983 831 petfectionwn]
1009 785 1062 819 sui
1081 785 1203 831 ipsius,
1223 793 1260 818 ut
1281 785 1418 818 dictum
1441 793 1493 820 est
1513 785 1563 829 (in
1582 791 1675 832 corp.
1698 787 1790 830 art).

298 839 357 873 AD
389 849 595 873 SECUNDUM
619 839 823 880 dicendum,
852 839 948 884 quod
976 839 1066 872 ratio
1089 838 1150 872 illa
1177 839 1340 884 procedit
1365 839 1408 873 de
1436 839 1561 874 ordine
1588 838 1791 878 dilectionis

226 893 428 926 secundum
449 893 601 938 gradum
623 892 720 933 boni,
744 892 839 938 quod
863 892 989 938 aliquis
1013 891 1089 926 vult
1111 900 1244 926 amato.

297 946 357 980 AD
386 956 556 980 TERTIUM
584 946 788 987 dicendum,
811 946 907 991 quod
930 946 1123 991 unicuique
1139 946 1205 980 erit
1218 946 1318 979 Deus
1333 953 1409 979 tota
1431 945 1522 980 ratio
1537 945 1725 991 diligendi3
1746 957 1790 980 eo

226 999 323 1045 quod
345 999 444 1033 Deus
467 1006 519 1033 est
540 1007 658 1033 totum
673 999 833 1033 hominis
855 999 1008 1033 bonum:
1026 999 1109 1033 dato
1130 999 1224 1033 enim
1241 1010 1303 1044 per
1325 998 1559 1045 impossibile,
1575 999 1672 1045 quod
1690 999 1789 1033 Deus

226 1064 300 1087 non
323 1060 415 1086 esset
436 1052 596 1086 hominis
618 1053 768 1094 bonum,
791 1064 865 1086 non
888 1060 980 1087 esset
1002 1053 1035 1086 ei
1056 1053 1147 1086 ratio
1171 1052 1359 1097 diligendi3
1382 1060 1416 1086 et
1438 1053 1519 1086 ideo
1542 1053 1578 1086 in
1599 1052 1725 1086 ordine
1743 1051 1791 1086 di-

227 1105 394 1140 lectionis
421 1114 576 1152 oportet,
599 1107 695 1152 quod
717 1115 799 1151 post
821 1106 942 1140 Deum
963 1106 1078 1140 homo
1101 1106 1260 1140 maxime
1282 1105 1408 1152 diligat
1429 1105 1599 1152 seipsum.

702 1402 1057 1462 QUAESTIO
1098 1402 1308 1448 XXVII.

338 1532 401 1562 DE
427 1531 694 1562 PRINCIPALI
721 1531 844 1562 ACTU
873 1530 1169 1569 CHARITATIS,
1200 1530 1283 1570 QUI
1310 1531 1394 1562 EST
1423 1530 1659 1570 DILECTIO,

654 1601 704 1632 IN
744 1602 865 1633 OCTO
904 1601 1166 1633 ARTICULOS
1214 1602 1390 1633 DIVISA.

295 1743 437 1777 Deinde
453 1742 758 1777 considerandum
780 1750 833 1776 est
854 1742 897 1776 de
920 1749 1000 1776 actu
1022 1741 1223 1776 charitatis:
1248 1750 1282 1776 et
1298 1743 1412 1788 primo
1432 1742 1475 1776 de
1497 1741 1685 1788 principali
1706 1749 1788 1776 actu

225 1796 420 1838 charitatis,
455 1796 516 1842 qui
543 1804 595 1830 est
630 1796 792 1830 dilectio:
822 1795 959 1830 secundo
991 1796 1033 1830 de
1064 1795 1143 1829 aliis
1171 1795 1319 1837 actibus,
1359 1795 1417 1829 vel
1447 1794 1631 1830 effectibus
1665 1806 1789 1830 conse-

225 1850 426 1896 quentibus.

709 1932 809 1966 Cissa
825 1932 971 1977 primum
994 1935 1198 1976 qnaoernntur
1220 1935 1300 1964 octo.

294 2008 430 2041 Primo.
455 2007 553 2048 Quid
576 2009 620 2042 sit
641 2008 757 2053 magis
779 2008 965 2054 proprium
988 2007 1181 2049 charitatis,
1204 2015 1323 2041 utrum
1347 2018 1480 2048 amare,
1502 2006 1560 2040 vel
1583 2007 1707 2040 amari.

295 2062 476 2096 Secundo.
506 2062 637 2096 Utrum
659 2073 794 2103 amatre,
816 2069 922 2107 prout
943 2069 996 2095 est
1017 2069 1117 2095 actus
1153 2061 1348 2102 charitatis,
1375 2061 1420 2094 sit
1440 2060 1539 2095 idem
1560 2061 1657 2107 quod
1683 2060 1786 2095 bene-

222 2115 392 2150 volentia.

295 2168 433 2202 Tertio.
457 2169 589 2203 Utrum
616 2169 714 2203 Deus
737 2169 781 2202 sit
802 2176 946 2214 propter
964 2168 1123 2214 seipsum
1147 2169 1334 2202 amandus.

297 2222 449 2263 Quarto.
474 2223 605 2256 Utrum
627 2223 740 2268 possit
765 2222 800 2256 in
822 2222 891 2255 hac
913 2222 985 2256 vita
1004 2222 1212 2256 immediate
1235 2221 1358 2256 amari.

297 2275 448 2315 Quinto.
473 2275 604 2309 Utrum
627 2276 739 2321 possit
761 2275 874 2309 amari
900 2274 1069 2308 totaliter.

296 2329 417 2362 Sexto.
441 2329 571 2362 Utrum
595 2330 669 2373 ejus
698 2328 842 2362 dilectio
864 2328 996 2362 habeat
1017 2329 1179 2362 modum.

295 2382 471 2428 Septimo.
497 2382 594 2422 Quid
617 2382 661 2416 sit
682 2381 823 2423 melius,
843 2390 962 2415 utrum
977 2381 1126 2427 diligere
1150 2382 1322 2424 amicum,
1337 2381 1395 2416 vel
1409 2381 1557 2427 diligere
1579 2382 1781 2417 inimicum.

297 2435 452 2471 Octavo.
478 2435 575 2476 Quid
598 2436 642 2469 sit
664 2435 804 2477 melius,
828 2443 947 2468 utrum
969 2434 1117 2480 diligere
1140 2436 1273 2478 Deum,
1295 2435 1353 2469 vel
1374 2435 1590 2482 proximum.

795 2560 1141 2604 ARTICULUS
1175 2561 1207 2604 Ι.
1721 2571 1780 2606 161

257 2670 409 2699 UTRUM
444 2669 705 2699 CHARITATIS
740 2669 806 2698 SIT
841 2669 970 2698 MAGIS
1004 2670 1223 2699 PROPRIUM
1255 2669 1403 2708 AMARI,
1439 2668 1563 2704 QUAM
1595 2668 1751 2698 AMARE.

300 2756 358 2789 AD
381 2767 530 2790 PRIMUM
557 2757 606 2790 sic
634 2755 848 2802 proceditur.
871 2754 1032 2797 Videtur,
1061 2755 1157 2801 quod
1185 2755 1366 2790 charitatis
1388 2755 1433 2789 sit
1462 2755 1577 2799 magis
1598 2754 1782 2801 proprium
1836 2760 1840 2806 ’1

228 2812 352 2853 amari,
376 2824 485 2858 quam
508 2824 649 2846 amare:
674 2812 827 2846 charitas
850 2811 946 2845 enim
968 2812 1003 2845 in
1026 2811 1235 2846 melioribus
1258 2811 1386 2845 melior
1407 2811 1604 2845 invenitur:
1623 2811 1684 2845 sed
1712 2822 1782 2849 me-
1834 2844 1839 2851 „

227 2864 336 2901 liores
359 2865 489 2902 debent
510 2866 625 2913 magis
649 2865 779 2908 amari3
802 2876 888 2912 crgo
911 2865 1093 2900 charitatis
1116 2865 1231 2912 magis
1253 2872 1304 2900 est
1325 2864 1511 2912 proprium
1533 2864 1656 2901 amari.
