1859 3122
210 185 318 225 1062
603 194 823 228 QUAESTIO
859 194 990 223 CLXII.
1024 194 1268 224 ARTICULUS
1300 194 1342 224 V.

201 277 308 320 terio)
337 283 418 310 sunt
446 275 573 321 aliquis
601 283 732 316 motus,
759 275 819 320 qui
845 283 928 309 sunt
952 283 1100 321 peccata
1124 275 1280 309 venialia
1307 283 1451 321 propter
1478 287 1605 310 eorum
1631 275 1760 322 imper—

200 329 414 371 fectionem,
443 329 525 374 quia
551 329 688 362 scilicet
715 329 949 374 praeveniunt
974 329 1121 362 rationis
1148 329 1333 373 judicium,
1356 337 1391 362 et
1411 337 1494 363 sunt
1518 337 1658 375 praeter
1684 330 1759 374 ejus

202 394 440 424 consensum;
462 383 510 416 ita
533 382 643 416 etiam
665 391 700 416 et
721 382 817 415 circa
843 383 1049 428 superbiam
1077 382 1217 423 accidit,
1240 382 1336 427 quod
1364 382 1474 428 aliqui
1494 391 1614 416 motus
1641 394 1760 428 super-

199 436 279 470 biae
301 444 383 469 sunt
404 442 552 480 peccata
573 435 741 476 venialia,
763 435 850 468 dum
872 435 922 469 eis
943 436 1034 469 ratio
1056 446 1130 469 non
1153 435 1342 469 consentit.

272 489 331 522 AD
354 499 501 522 PRIMUM
524 499 611 533 ergo
635 488 840 529 dicendum,
862 489 970 534 quod,
990 489 1083 522 sicut
1103 499 1209 534 supra
1225 489 1360 522 dictum
1382 496 1435 522 est
1457 487 1537 531 (art.
1556 500 1586 522 2.
1609 489 1678 533 huj.
1697 490 1758 534 q.),

201 541 367 586 superbia
388 552 462 574 non
485 549 538 575 est
558 540 761 574 universale
783 549 973 586 peccatum
988 552 1050 587 per
1067 553 1171 575 suam
1191 541 1395 582 essentiam,
1410 541 1472 574 sed
1490 552 1551 586 per
1565 541 1761 586 quamdam

200 594 496 635 redundantiam3
519 594 732 639 inquantum
755 594 892 628 scilicet
914 605 956 628 ex
977 594 1143 640 superbia
1166 594 1289 627 omnia
1316 602 1464 639 peccata
1486 594 1572 627 oriri
1592 602 1758 640 possunt;

200 647 295 681 unde
322 658 395 681 non
422 647 594 692 sequitur,
621 647 717 693 quod
744 648 867 680 omnia
894 655 1041 692 peccata
1068 647 1138 681 sint
1163 646 1343 688 mortalia,
1370 647 1432 680 sed
1459 646 1579 680 solum
1612 647 1758 693 quando

201 701 364 734 oriuntur
387 711 429 734 ex
451 700 617 746 superbia
637 700 830 746 completa,
853 712 962 746 quam
984 700 1138 734 diximus
1165 711 1242 734 esse
1264 708 1455 746 peccatum
1477 699 1641 734 mortale.

278 754 337 788 AD
373 764 580 788 SECUNDUM
615 754 819 794 dicendum,
851 754 947 799 quod
978 754 1143 799 superbia
1176 765 1319 798 semper
1345 753 1490 798 quidem
1529 754 1762 788 contrariatur

201 807 392 841 dilectioni
423 807 576 846 divinae,
604 807 818 852 inquantum
850 807 988 841 scilicet
1009 807 1183 852 superbus
1217 818 1290 840 non
1319 818 1357 840 se
1383 807 1524 852 subjicit
1545 807 1686 841 divinae
1711 819 1764 841 re-

202 860 321 906 gulae,
359 869 464 906 prout
496 860 622 894 debet:
655 869 688 893 et
722 860 939 905 quandoque
974 861 1081 893 etiarn
1116 861 1353 894 contrariatur
1383 859 1567 893 dilectioni
1597 860 1760 904 proximi,

199 914 414 959 inquantum
437 913 575 947 scilicet
597 912 724 959 aliquis
746 913 949 947 inordinate
968 924 1005 946 se
1027 912 1182 958 praefert
1203 913 1385 958 proxin103
1408 921 1467 946 aut
1489 912 1530 946 ab
1554 914 1628 958 ejus
1649 913 1762 957 subje-

200 967 318 1001 ctione
353 978 390 1000 se
426 966 619 1000 subtrahit:
652 967 688 999 in
723 977 794 1012 quo
823 967 931 1000 etiam
958 966 1151 1011 derogatur
1178 966 1319 999 divinae
1341 965 1499 1011 regulae,
1521 977 1563 1000 ex
1589 978 1658 1011 qua
1679 975 1760 1000 sunt

199 1020 391 1054 hominum
411 1020 556 1053 ordines
578 1020 739 1060 instituti,
762 1028 867 1065 prout
895 1019 1031 1053 scilicet
1053 1031 1144 1052 unus
1166 1030 1294 1052 eorum
1320 1019 1382 1052 sub
1406 1019 1476 1052 alio
1500 1030 1576 1053 esse
1597 1019 1712 1053 debet.

271 1074 331 1107 AD
359 1083 530 1107 TERTIUM
559 1073 764 1114 dicendum,
803 1073 899 1118 quod
929 1072 1095 1118 superbia
1129 1084 1203 1106 non
1236 1072 1347 1105 oritur
1379 1083 1420 1105 ex
1448 1072 1635 1106 virtutibus
1667 1072 1761 1106 sicut

199 1138 241 1160 ex
263 1137 371 1160 causa
393 1138 455 1172 per
477 1137 525 1168 se,
548 1126 608 1160 sed
631 1126 723 1159 sicut
745 1137 786 1159 ex
814 1137 921 1160 causa
944 1137 1006 1171 per
1028 1125 1212 1166 accidens;
1235 1125 1449 1170 inquantum
1475 1124 1611 1159 scilicet
1631 1125 1759 1171 aliquis

199 1191 239 1213 ex
261 1179 448 1212 virtutibus
471 1180 704 1212 occasionem
726 1178 913 1224 superbiae
940 1178 1064 1211 sumit:
1087 1177 1178 1211 nihil
1199 1186 1319 1212 autem
1342 1177 1518 1223 prohibet,
1540 1178 1625 1224 quin
1645 1189 1758 1212 unum

199 1232 463 1266 contrariorum
485 1232 529 1266 sit
551 1232 695 1265 alterius
718 1243 825 1265 causa
847 1242 909 1276 per
931 1231 1109 1272 accidens,
1132 1239 1169 1264 ut
1185 1231 1313 1264 dicitur
1334 1230 1370 1263 in
1389 1231 1575 1277 8.Physic.
1595 1232 1675 1275 (tex.
1692 1232 1756 1276 8.)‚·

196 1286 290 1320 unde
313 1286 421 1320 etiam
444 1285 486 1319 de
514 1286 588 1331 ipsa
609 1284 812 1319 humilitate
837 1284 945 1330 aliqui
967 1284 1184 1330 superbiunt.

742 1425 1087 1470 ARTICULUS
1119 1425 1197 1467 vt.
1687 1438 1754 1485 789

406 1533 558 1562 UTRUM
586 1533 790 1562 SUPERBIA
817 1533 883 1561 SIT
918 1531 1211 1562 GRAVISSIMUM
1237 1532 1547 1561 PECCATORUM.

438 1620 540 1665 (Infr.
564 1625 627 1654 art.
643 1631 672 1665 7.
695 1619 737 1653 ad
754 1631 787 1664 4.
805 1624 832 1654 et
850 1619 936 1654 Psal.
955 1620 1073 1664 18.fin.
1092 1624 1122 1653 et
1142 1630 1172 1654 2.
1193 1618 1272 1652 Cor.
1292 1630 1339 1653 12.
1363 1619 1432 1653 lact.
1451 1618 1509 1665 3.).

265 1711 323 1744 AD
351 1720 503 1744 SEXTUM
525 1709 575 1743 sic
603 1708 819 1754 proceditur.
841 1707 1003 1748 Videtur,
1031 1707 1127 1752 quod
1149 1706 1315 1752 superbia
1334 1717 1409 1740 non
1435 1706 1479 1740 sit
1499 1706 1754 1752 gravissimum

195 1772 448 1809 peccatorum:
471 1770 605 1808 quanto
626 1763 722 1795 enirn
737 1761 883 1807 aliquod
905 1769 1095 1806 peccatum
1115 1759 1292 1794 difficilius
1311 1768 1471 1804 cavetur,
1492 1768 1593 1794 tanto
1614 1760 1755 1795 videtur

195 1828 272 1851 esse
306 1816 438 1850 levius:
470 1816 533 1850 sed
554 1815 719 1861 superbia
753 1814 964 1848 difficillime
997 1821 1160 1856 cavetur3
1184 1813 1278 1859 quia,
1300 1814 1393 1847 sicut
1425 1814 1578 1858 August.
1605 1814 1691 1848 dicit
1715 1814 1752 1848 in

196 1870 336 1915 Regula
359 1870 495 1913 (scilicet
512 1871 600 1915 epist.
623 1880 690 1903 211.
719 1869 759 1902 ol.
782 1870 888 1914 109),
914 1880 931 1899 «
954 1875 1096 1901 caetera
1118 1874 1266 1912 peccata
1287 1867 1324 1900 in
1347 1866 1450 1900 malis
1469 1867 1636 1911 operibus
1659 1878 1756 1901 exer—

198 1932 333 1965 centur,
355 1931 393 1956 ut
414 1922 698 1968 fiant;superbia
721 1929 841 1955 autem
863 1921 968 1954 bonis
990 1920 1157 1966 operibus
1179 1920 1376 1961 insidiatur,
1398 1927 1436 1954 ut
1455 1928 1602 1965 pereant
1619 1933 1651 1962 >);
1667 1931 1754 1966 ergo

193 1976 358 2022 superbia
379 1986 454 2009 non
477 1983 530 2009 est
552 1975 803 2020 gravissimum
826 1982 1072 2019 peccatorum.

267 2039 297 2062 2.
325 2029 560 2063 PRAETEREA.
584 2028 701 2073 Majus
724 2027 862 2060 malum
885 2027 1015 2070 majori
1040 2026 1138 2060 bono
1165 2026 1370 2072 opponitur,
1396 2034 1434 2060 ut
1454 2026 1590 2060 Philos.
1612 2026 1697 2061 dicit
1717 2026 1753 2060 in

199 2084 228 2115 8.
258 2082 373 2116 Ethic.
397 2082 486 2128 (cap.
509 2081 578 2125 10.)
592 2094 601 2115 :
624 2081 685 2114 sed
708 2080 903 2121 humilitas,
931 2080 988 2113 cui
1010 2079 1204 2125 opponitur
1225 2079 1401 2125 superbia,
1427 2090 1501 2113 non
1522 2088 1576 2113 est
1595 2080 1755 2113 maxima

194 2136 378 2176 virtutum,
401 2143 563 2180 utsupra
592 2134 755 2167 habitum
777 2143 830 2167 est
865 2133 910 2178 (q.
932 2139 1044 2179 praec.
1077 2138 1140 2166 art.
1159 2134 1216 2178 5.),·
1241 2144 1327 2177 ergo
1354 2141 1388 2166 et
1412 2133 1509 2174 vitia,
1531 2144 1622 2178 quae
1644 2144 1755 2179 oppo-

193 2197 326 2222 nuntur
348 2188 545 2231 majoribus
566 2187 766 2227 virtutibuS,
790 2195 890 2231 puta:
915 2186 1343 2232 infidelitas,desperatio,
1365 2186 1490 2219 odium
1500 2186 1582 2228 Dei,
1603 2186 1754 2220 homici-

194 2243 304 2283 dium,
328 2250 362 2276 et
381 2241 450 2275 alia
472 2240 698 2286 hujusmodi,
720 2247 800 2273 sunt
822 2240 988 2284 graviora
1010 2247 1169 2285 peccata,
1192 2251 1298 2285 quam
1321 2239 1497 2284 superbia.

269 2307 296 2341 5.
325 2295 560 2329 PRAETEREA.
588 2294 707 2338 Majus
730 2292 866 2326 malum
890 2304 963 2326 non
991 2293 1134 2338 punitur
1161 2304 1223 2338 per
1249 2294 1366 2326 minus
1388 2291 1544 2326 malum:
1567 2292 1629 2327 sed
1650 2293 1754 2332 inter-

194 2350 280 2383 durn
302 2348 467 2394 superbia
490 2347 633 2393 punitur
667 2357 729 2391 per
763 2345 831 2378 alia
859 2354 1028 2391 peccata3
1060 2354 1098 2379 ut
1131 2353 1227 2391 patet
1258 2345 1300 2378 ad
1322 2345 1429 2378 Rom.
1461 2357 1501 2387 1.,
1528 2345 1587 2379 ubi
1612 2345 1752 2387 dicitur,

194 2403 290 2448 quod
316 2401 533 2447 Philosophi
555 2407 618 2447 par
644 2400 816 2434 elationem
844 2399 951 2433 cordis
978 2399 1093 2432 traditi
1118 2404 1190 2433 sunt
1215 2401 1249 2432 in
1276 2400 1454 2445 reprobum
1478 2410 1615 2440 sensum,
1638 2404 1673 2433 ut
1686 2399 1751 2444 fa-

193 2458 281 2490 cicant
308 2467 388 2501 quae
415 2467 479 2488 non
507 2454 722 2492 con-venian&
747 2463 832 2497 ergo
848 2452 1012 2496 superbia
1034 2462 1107 2485 non
1130 2460 1182 2485 est
1208 2451 1461 2497 gravissimum
1483 2460 1727 2497 peccatorum.

267 2509 340 2543 SED
369 2518 524 2542 CONTRA
551 2514 614 2548 est,
629 2505 725 2551 quod
748 2516 853 2550 super
875 2504 962 2538 illud
984 2505 1040 2538 Ps.
1064 2505 1156 2538 118.:
1181 2505 1323 2551 Superbi
1349 2506 1458 2550 iniqua
1478 2506 1615 2550 agebant
1640 2516 1752 2550 usque-

194 2574 331 2608 quaque,
360 2561 446 2595 dicit
480 2560 600 2594 Gloss.
629 2570 654 2592 1.
690 2558 815 2603 (interl.
845 2558 967 2603 implic.
995 2563 1022 2591 et
1047 2558 1202 2592 Ambros.
1238 2562 1383 2592 octonar.
1419 2568 1448 2603 7.
1486 2558 1520 2591 in
1546 2557 1630 2592 hunc
1656 2557 1750 2602 Ps.).·

197 2628 214 2646 ‹<
238 2615 438 2649 Maximum
460 2620 650 2659 peccatum
670 2612 704 2645 in
723 2611 872 2644 homine
895 2618 947 2644 est
967 2610 1131 2656 superbia
1152 2624 1184 2643 >›.

266 2668 495 2702 RESPONDEO
518 2666 723 2706 dicendum,
746 2664 840 2710 quod
878 2663 913 2696 in
949 2672 1099 2708 peccato
1122 2664 1184 2697 duo
1208 2664 1460 2706 attenduntur3
1489 2663 1652 2698 scilicet:
1675 2676 1751 2698 con-

194 2723 300 2755 vam-[0
343 2721 386 2754 ad
422 2717 681 2754 commutabile
715 2718 863 2757 bonum,
903 2727 993 2761 quae
1036 2717 1269 2750 materialiter
1303 2728 1340 2750 se
1371 2717 1480 2751 habet
1509 2717 1546 2750 in
1579 2725 1749 2762 peccat03

194 2784 228 2808 et
265 2775 391 2808 aversio
426 2785 445 2806 a
478 2773 575 2806 bono
605 2769 907 2809 incommutabili,
934 2780 1025 2814 quae
1054 2778 1106 2803 est
1137 2769 1311 2811 formalis,
1339 2778 1373 2804 et
1406 2769 1625 2815 completiva
1658 2770 1748 2803 ratio

196 2827 349 2872 peccati:
389 2838 430 2859 cx
464 2834 562 2871 parte
597 2832 715 2858 autem
745 2822 991 2856 conversionis
1020 2833 1093 2855 non
1126 2823 1233 2856 habet
1261 2822 1437 2868 superbia,
1459 2823 1556 2868 quod
1576 2823 1621 2856 sit
1642 2823 1750 2855 maxi-

197 2891 295 2914 mum
316 2887 568 2925 pcccatorum:
592 2877 675 2924 quia
697 2875 884 2917 celsitudo,
906 2885 1014 2921 quam
1037 2876 1208 2920 superbus
1235 2875 1436 2910 inordinate
1459 2875 1601 2921 appetit,
1615 2886 1745 2909 secun-
