1905 3137
225 157 279 200 90
659 157 879 192 QUAESTIO
914 157 972 186 IX.
1006 157 1251 189 ARTICULUS
1284 157 1344 188 111.

770 343 1112 388 ARTICULUS
1147 345 1226 389 ΠΙ.
1731 365 1776 404 49

414 459 567 489 UTRUM
594 460 821 491 sctENTIAE
849 462 1008 493 DoNUM
1035 464 1101 493 SIT
1129 463 1330 494 sctENTIA
1356 462 1586 493 PRACTICA.

518 558 618 605 (Infr.
640 571 670 605 q.
685 571 735 606 52.
755 567 819 596 art.
841 573 871 596 2.
891 562 932 596 ad
958 574 988 597 2.
1010 568 1038 597 et
1052 575 1080 609 3.
1099 564 1184 598 Dist.
1203 576 1232 610 3.
1254 576 1283 609 q.
1306 564 1479 610 1.art.3.).

293 656 352 690 AD
376 667 546 693 TERTIUM
568 659 617 693 sic
640 661 855 705 proceditur.
871 661 1033 705 Videtur,
1055 663 1152 709 quod
1174 663 1333 705 scientia,
1356 674 1447 709 quae
1469 662 1613 709 ponitur
1631 661 1778 703 donum,

223 710 268 744 sit
288 711 435 745 scientia
457 713 633 757 practica:
662 714 747 748 dicit
769 715 865 749 enim
891 715 1044 761 August.
1071 726 1122 750 12.
1146 716 1188 750 de
1216 715 1316 750 Trin.
1345 716 1433 763 (cap.
1460 716 1528 761 14.)
1552 714 1648 761 quod
1670 714 1778 756 actio,

223 775 293 809 qua
315 765 547 800 exterioribus
578 766 681 800 rebus
704 767 849 810 utimur,
871 768 1042 803 scientiae
1076 769 1286 815 deputatur:
1321 770 1382 804 sed
1409 769 1568 810 scientia,
1596 768 1654 802 cui
1674 767 1781 814 depu-

222 825 315 851 tatur
337 819 443 860 actio,
467 827 519 852 est
532 820 706 865 practica;
730 832 816 866 ergo
839 821 999 864 scientia,
1021 834 1112 868 quae
1135 830 1187 856 est
1209 823 1356 864 donum,
1372 830 1424 857 est
1445 822 1594 856 scientia
1610 821 1778 867 practica.

293 881 324 904 2.
347 871 583 906 PRAETEREA.
609 873 761 918 Gregor.
797 874 883 908 dicit
911 875 948 908 in
974 886 1000 908 1.
1034 876 1127 909 Mor.
1163 876 1251 923 (cap.
1274 876 1358 922 15.).·
1386 876 1491 910 Nulla
1520 879 1563 909 est
1581 875 1727 916 scientia,
1752 874 1781 908 si

224 924 399 958 utilitatem
413 926 543 971 pietalis
556 937 620 959 non
639 927 754 967 haben
769 932 797 961 ct
815 928 909 962 valde
930 929 1057 963 inutilis
1074 930 1240 974 estpictas,
1255 930 1282 963 si
1293 930 1444 963 scientiae
1462 928 1649 963 discretione
1670 931 1779 968 caret;

224 988 266 1011 ex
289 989 358 1023 qua
381 981 591 1013 auctoritate
621 979 782 1022 habetur,
805 982 901 1026 quod
924 982 1073 1016 scientia
1095 983 1214 1028 dirigit
1243 983 1429 1028 pietatem:
1452 982 1513 1016 sed
1534 981 1605 1015 hoc
1626 992 1700 1015 non
1721 991 1783 1027 po-

221 1038 290 1064 test
317 1040 524 1077 competere
547 1033 716 1067 scientiae
743 1034 1008 1079 speculativae3
1036 1047 1121 1082 ergo
1156 1036 1316 1078 scientia,
1346 1047 1438 1082 quae
1465 1043 1518 1069 est
1537 1034 1686 1076 donum,
1706 1044 1787 1068 non*

222 1091 275 1118 est
296 1084 527 1130 speculativa,
549 1086 611 1120 sed
632 1087 800 1132 practica.

296 1148 324 1182 3.
346 1137 582 1173 PRAETEREA.
604 1139 713 1173 Dona
736 1140 888 1186 Spiritus
911 1141 1035 1175 Sancti
1060 1153 1134 1176 non
1155 1142 1332 1176 habentur
1353 1141 1422 1176 nisi
1443 1152 1463 1175 a
1483 1137 1594 1187 justis,
1616 1148 1655 1175 ut
1674 1151 1781 1187 supra

221 1189 386 1224 habitum
408 1188 459 1225 est
482 1191 526 1237 (q.
543 1199 656 1238 praec.
680 1198 742 1228 art.
760 1194 823 1239 5.):
845 1194 907 1228 sed
929 1195 1078 1229 scientia
1093 1195 1312 1240 speculativa
1334 1202 1451 1241 potest
1468 1194 1593 1229 haberi
1610 1194 1719 1228 etiam
1738 1193 1780 1228 ab

221 1243 374 1289 injustis,
397 1245 596 1278 secundum
618 1245 704 1279 illud
719 1247 792 1292 Jac.
815 1257 859 1290 4:
886 1248 1008 1282 Scicnti
1030 1249 1149 1282 bonum
1164 1249 1290 1294 facere,
1311 1254 1341 1283 et
1361 1248 1590 1294 uonfacienti,
1607 1252 1781 1294 peccatum

223 1302 267 1331 est
287 1297 356 1338 ilbi,-
385 1309 472 1343 ergo
495 1299 654 1341 scientia,
677 1311 768 1345 quae
791 1309 843 1334 est
864 1301 1012 1343 donum,
1034 1313 1108 1335 non
1131 1310 1183 1336 est
1204 1301 1424 1347 speculativa
1445 1301 1507 1335 sed
1530 1301 1698 1347 practica.

297 1350 371 1384 SED
400 1361 555 1385 CONTRA
577 1360 640 1393 est,
655 1353 751 1398 quod
769 1353 922 1399 Gregor.
942 1354 1027 1388 dicit
1048 1355 1085 1388 in
1100 1365 1127 1388 1.
1142 1355 1271 1388 Moral.
1295 1355 1374 1400 (loc.
1394 1354 1490 1398 cit.).·
1512 1353 1661 1388 scientia
1674 1353 1709 1387 in
1725 1352 1781 1386 die

223 1414 288 1437 suo
312 1404 520 1437 convivium
535 1413 652 1450 parat3
668 1406 750 1451 quia
764 1406 800 1440 in
813 1415 936 1441 ventre
955 1408 1086 1442 mentis
1104 1408 1329 1454 ignorantiae
1350 1408 1524 1453 jejunium
1541 1413 1702 1453 superat:
1717 1405 1779 1440 sed

224 1457 427 1501 ignorantia
449 1468 522 1491 non
544 1457 681 1492 tollitur
702 1459 948 1504 totaliter,fnisi
969 1472 1034 1507 per
1054 1469 1243 1507 utramque
1259 1459 1605 1502 scientiam,scilicet
1624 1458 1784 1506 specula-

221 1509 346 1551 tivam,
366 1518 400 1544 et
414 1510 610 1556 practicam
623 1524 631 1553 3
643 1523 729 1557 ergo
745 1513 906 1555 scientia,
917 1525 1007 1559 quae
1020 1522 1072 1548 est
1081 1514 1229 1556 donum,
1245 1522 1298 1548 est
1318 1513 1550 1560 speculativa,
1561 1520 1596 1546 et
1611 1512 1781 1558 practica.

294 1563 523 1598 RESPONDEO
550 1564 755 1607 dicendum,
791 1566 899 1611 quod,
933 1567 1026 1601 sicut
1058 1579 1164 1613 supra
1190 1567 1327 1601 dictum
1349 1574 1401 1601 est
1431 1567 1478 1612 (q.
1499 1572 1612 1612 praec.
1632 1570 1695 1600 art.
1717 1566 1780 1611 8.)‚

221 1616 359 1650 donum
380 1617 551 1651 scientiae
574 1618 769 1660 ordinatur,
785 1619 876 1653 sicut
898 1628 932 1654 et
953 1620 1091 1654 donum
1105 1620 1320 1662 intellectus,
1343 1620 1386 1653 ad
1405 1619 1658 1654 certitudinem
1678 1618 1780 1652 fidei:

222 1669 307 1703 fides
328 1678 447 1703 autem
470 1670 599 1716 primo,
627 1680 661 1705 et
681 1672 925 1718 principaliter
946 1673 982 1707 in
1004 1673 1250 1719 speculatione
1278 1674 1458 1716 consistit3
1480 1673 1695 1720 inquantum
1716 1672 1780 1707 sci-

222 1722 306 1757 licet
325 1723 489 1757 inhaeret
508 1724 644 1769 primae
663 1726 820 1760 veritati:
837 1727 898 1761 sed
920 1727 1002 1773 quia
1024 1728 1155 1762 veritas
1176 1728 1292 1774 prima
1314 1736 1366 1762 est
1388 1728 1496 1762 etiam
1515 1726 1662 1761 ultimus
1688 1726 1780 1769 finis,

223 1784 369 1821 propter
391 1788 499 1822 quem
521 1788 725 1823 operamur,
748 1779 830 1813 inde
853 1781 961 1814 etiam
989 1789 1052 1822 est,
1079 1781 1175 1826 quod
1213 1781 1300 1815 fides
1323 1781 1366 1814 ad
1391 1781 1641 1826 operationem
1662 1791 1700 1814 se
1723 1790 1781 1813 ex-

221 1830 346 1871 tendit,
365 1830 565 1863 secundum
580 1830 667 1865 illud
688 1831 805 1866 Galat.
836 1844 887 1877 5.:
918 1833 1016 1868 Fides
1028 1840 1092 1880 per
1117 1834 1322 1868 dilectionem
1349 1838 1524 1880 operatur:
1551 1833 1646 1866 unde
1671 1832 1781 1867 etiam

222 1890 376 1928 oportet,
399 1883 495 1928 quod
519 1884 655 1917 donum
677 1885 848 1919 scientiae
870 1886 986 1931 primo
1014 1887 1171 1932 quidem,
1194 1895 1228 1921 et
1254 1886 1495 1933 principaliter
1515 1886 1684 1932 respiciat
1703 1896 1781 1932 spe-

224 1935 458 1978 culationem,
477 1936 690 1982 inquantum
713 1938 850 1973 scilicet
868 1939 982 1973 homo
1005 1941 1082 1981 scit,
1104 1940 1188 1986 quid
1210 1939 1278 1974 fide
1300 1948 1422 1974 tenere
1444 1939 1587 1974 debeat:
1610 1939 1782 1973 secunda-

222 1989 275 2023 rio
298 1997 421 2023 autem
441 2001 478 2023 se
500 1991 656 2024 extendit
678 1991 787 2025 etiam
806 1992 849 2026 ad
878 1993 1139 2038 operationem,
1166 1994 1366 2027 secundum
1387 1993 1484 2039 quod
1505 2004 1568 2039 per
1589 1993 1779 2027 scientiam

221 2042 458 2084 credibilium,
478 2051 512 2077 et
533 2054 771 2090 eorum,quae
787 2045 830 2079 ad
849 2045 1031 2080 credibilia
1051 2055 1330 2092 consequuntur,
1358 2047 1545 2092 dirigimur
1561 2046 1596 2080 in
1619 2046 1780 2092 agendis.

291 2096 350 2130 AD
372 2106 520 2130 PRIMUM
543 2108 630 2143 ergo
653 2098 858 2140 dicendum,
893 2100 989 2145 quod
1023 2099 1176 2145 August.
1210 2100 1369 2146 loquitur
1401 2100 1445 2134 de
1479 2100 1575 2134 dono
1597 2099 1780 2141 scientiae,

221 2149 420 2183 secundum
442 2149 538 2195 quod
561 2162 598 2185 se
631 2153 788 2186 extendit
817 2152 861 2186 ad
888 2153 1156 2198 operationem:
1180 2154 1380 2188 attribuitur
1407 2153 1504 2188 enim
1530 2154 1563 2188 ei
1589 2153 1696 2196 actiO,
1716 2152 1780 2188 sed

219 2213 294 2237 non
316 2202 405 2244 sola,
426 2214 492 2236 nec
516 2203 651 2249 primo:
675 2213 709 2239 et
726 2205 797 2240 hoc
817 2206 926 2240 etiam
945 2206 1056 2240 modo
1079 2206 1199 2252 dirigit
1219 2207 1401 2252 pietatem.

291 2256 397 2290 Unde
418 2264 514 2301 patet
534 2256 668 2292 solutio
689 2269 740 2292 AD
759 2269 976 2294 SECUNDUM.

290 2309 350 2343 Ar)
373 2319 544 2344 TERTIUM
578 2311 782 2353 dicendum,
817 2313 926 2358 quod,
959 2312 1051 2346 sicut
1072 2312 1207 2346 dictum
1235 2321 1288 2347 est
1319 2313 1367 2358 (q.
1398 2314 1429 2348 8.
1452 2318 1515 2348 art.
1535 2313 1578 2358 5.)
1610 2312 1653 2347 de
1680 2312 1778 2347 dono

222 2361 436 2404 intellectus,
457 2374 532 2396 non
562 2364 780 2411 quicumque
805 2365 984 2411 intelligit,
1006 2366 1115 2400 habet
1141 2366 1277 2400 donum
1302 2366 1517 2408 intellectus,
1548 2365 1610 2400 sed
1643 2366 1704 2412 qui
1730 2366 1782 2400 in-

218 2415 348 2461 telligit
381 2416 482 2461 quasi
504 2427 546 2450 ex
572 2417 695 2452 habitu
717 2419 870 2464 gratiae:
902 2419 950 2453 ita
980 2419 1089 2453 etiam
1111 2419 1154 2453 de
1189 2419 1286 2454 dono
1309 2420 1480 2454 scientiae
1507 2427 1561 2454 est
1580 2419 1780 2465 intelligen-

219 2470 316 2510 dum,
338 2469 433 2514 quod
456 2468 507 2503 illi
529 2470 597 2504 soli
611 2471 747 2505 donum
774 2472 944 2506 scientiae
959 2473 1126 2515 habeant,
1150 2472 1211 2518 qui
1232 2484 1274 2506 ex
1295 2472 1474 2507 infusione
1490 2473 1624 2519 gratiae
1638 2481 1778 2507 rectum

218 2522 391 2567 judicium
417 2522 551 2557 habent
581 2524 675 2558 circa
703 2525 892 2567 credenda,
931 2533 965 2559 et
998 2526 1157 2571 agenda3
1184 2526 1232 2559 ita
1267 2527 1363 2572 quod
1398 2528 1433 2560 in
1455 2526 1555 2560 nullo
1593 2526 1737 2560 devient
1757 2537 1776 2560 a

220 2575 430 2610 rectitudine
445 2577 620 2621 justitiae3
643 2586 677 2612 et
697 2578 786 2612 haec
811 2587 862 2612 est
884 2579 1031 2613 scientia
1054 2587 1274 2621 sanctorum,
1297 2580 1339 2613 de
1361 2591 1430 2625 qua
1449 2580 1576 2613 dicitur
1599 2579 1681 2625 Sap.
1707 2589 1776 2627 19.:

215 2629 345 2672 justum
372 2629 503 2664 deduxit
529 2632 695 2666 Dominus
717 2638 771 2666 Der
787 2633 860 2666 vias
881 2637 994 2674 factm,
1017 2637 1044 2666 et
1066 2631 1152 2667 dedit
1174 2632 1222 2666 illi
1243 2633 1411 2667 scientiam
1432 2638 1634 2668 sanctorum.
