1859 3122
233 142 318 195 760
638 151 858 186 QUAESTIO
895 151 1012 181 CVIII.
1045 151 1289 181 ARTICULUS
1322 152 1378 181 IV.

765 301 1107 346 ARTICULUS
1136 301 1212 343 1v.
1726 313 1789 360 567

498 397 651 427 UTRUM
681 397 895 427 VINDICTA
929 397 996 426 SIT
1028 397 1289 427 EXERCENDA
1321 397 1366 427 IN
1397 397 1492 437 Eos,

617 463 693 498 QUI
727 462 1055 492 INVOLUNTARIE
1088 462 1418 492 PECCAVERUNT.

306 543 365 578 AD
388 554 574 583 QUARTUM
597 544 647 578 sic
669 544 884 590 proceditur.
907 543 1067 586 Videtur,
1091 543 1187 589 quod
1205 543 1365 577 vindicta
1386 543 1430 578 sit
1448 543 1646 578 exercenda
1662 544 1699 578 in
1717 555 1791 587 eOS,

235 597 294 642 qui
315 596 556 630 involuntarie
578 605 840 642 peccaverunt:
863 597 1031 631 voluntas
1059 597 1156 631 enim
1183 597 1288 631 unius
1314 608 1389 630 non
1416 597 1648 642 consequitur
1668 597 1793 631 volun—

233 657 344 684 tatem
368 649 528 684 alterius:
551 650 612 684 sed
634 662 724 684 unus
744 650 888 696 punitur
905 662 969 696 pro
990 650 1073 692 alio,
1092 650 1291 684 secundum
1310 649 1397 684 illud
1416 650 1527 684 Exod.
1547 660 1621 685 20.:
1638 651 1708 696 Ego
1721 663 1793 685 sum

234 703 325 737 Deus
342 703 462 747 zelotes,
484 705 621 738 visitans
646 705 855 749 iniquitatem
874 709 1013 750 patrum
1039 705 1074 738 in
1088 704 1189 750 filios,
1216 705 1252 738 in
1278 705 1419 746 tertiam,
1442 708 1470 738 et
1490 709 1645 749 quartam
1663 715 1795 750 genera—

235 757 376 797 tionem;
400 756 494 790 unde
517 765 550 791 et
572 768 636 802 pro
659 765 809 802 peccato
832 757 964 799 Cham,
987 757 1179 791 Chanaam
1207 756 1300 791 filius
1327 758 1402 802 ejus
1429 756 1642 791 maledictus
1665 764 1728 799 est,
1755 765 1793 792 ut

233 809 385 844 habetur
412 809 503 844 Gen.
531 822 580 857 9.:
611 810 712 844 Giezi
739 811 846 844 etiarn
874 818 1059 856 peccante,
1085 810 1185 856 lepra
1210 810 1460 844 transmittitur
1487 810 1529 843 ad
1555 817 1730 856 posteros,
1756 817 1794 844 ut

233 864 383 898 habetur
403 873 436 906 4.
458 864 546 910 Reg.
574 875 617 909 5.:
641 865 785 910 sanguis
805 865 914 898 etiarn
928 865 1064 899 Christi
1077 875 1215 910 poenae
1230 864 1345 898 reddit
1367 864 1543 898 obnoxios
1567 874 1794 898 successores

229 916 461 962 Judaeorum,
485 917 545 963 qui
569 918 744 959 dixerunt,
765 918 892 952 Matth.
915 928 993 964 27.:
1015 918 1156 963 Sanguis
1176 920 1244 963 ejus
1264 924 1359 963 super
1378 929 1448 960 nos,
1471 923 1500 952 et
1519 923 1616 964 super
1627 918 1717 963 filios
1737 928 1794 951 no-

232 975 336 1005 stros:
358 969 490 1016 legitur
511 971 620 1004 etiam
649 971 744 1016 quod
771 982 836 1017 pro
863 979 1014 1017 peccato
1040 971 1171 1005 Achan
1198 970 1351 1017 populus
1377 970 1488 1005 Israel
1512 970 1661 1005 traditus
1685 970 1794 1005 estin

234 1035 363 1057 manus
384 1023 557 1066 hostium,
578 1032 617 1058 ut
636 1024 787 1058 habetur
803 1024 913 1068 Josue
935 1035 986 1069 7.;
1009 1032 1043 1058 et
1064 1035 1129 1070 pro
1152 1032 1302 1070 peccato
1324 1023 1483 1058 filiorum
1511 1023 1593 1057 Heli
1613 1023 1711 1057 idem
1732 1034 1794 1070 po-

233 1077 337 1124 pulus
360 1078 494 1112 corruit
514 1079 549 1111 in
573 1085 769 1123 conspectu
791 1078 1104 1120 Philisthinorum,
1120 1086 1159 1112 ut
1175 1078 1328 1112 habetur
1346 1089 1374 1112 1.
1388 1078 1476 1124 Reg.
1492 1088 1544 1121 4.;
1560 1089 1648 1124 ergo
1664 1077 1792 1124 aliquis

232 1130 495 1164 involuntarius
517 1139 570 1164 est
591 1131 804 1176 puniendus.

306 1193 337 1217 2.
348 1183 584 1218 PRAETEREA.
599 1184 691 1217 Illud
706 1184 826 1218 solum
846 1193 898 1218 est
918 1183 1174 1226 voluntarium,
1191 1184 1286 1230 quod
1303 1192 1355 1218 est
1371 1184 1407 1217 in
1422 1192 1598 1229 potestate
1613 1183 1793 1219 hominis:

234 1236 296 1270 sed
318 1237 534 1282 quandoque
556 1248 674 1282 poena
701 1237 849 1271 infertur
871 1249 936 1283 pro
964 1249 1007 1271 eo
1034 1237 1131 1283 quod
1157 1249 1231 1271 non
1258 1245 1311 1271 est
1331 1237 1367 1270 in
1390 1238 1464 1282 ejus
1486 1245 1675 1283 potestate,
1702 1238 1794 1271 sicut

234 1298 379 1336 propter
405 1290 531 1324 vitium
562 1290 681 1336 leprae
715 1290 842 1336 aliquis
872 1298 1080 1325 removetur
1110 1291 1151 1324 ab
1185 1290 1494 1324 administratione
1525 1289 1728 1333 Ecclesiae3
1760 1297 1795 1324 et

234 1351 379 1389 propter
401 1344 626 1389 pravitatem,
650 1352 710 1377 aut
731 1343 907 1378 malitiam
932 1344 1064 1378 civium
1086 1343 1250 1378 Ecclesia
1271 1343 1386 1389 perdit
1413 1343 1622 1377 cathedram
1647 1343 1794 1390 Episco-

234 1395 374 1442 palem3
397 1408 484 1442 ergo
507 1408 580 1430 non
603 1396 723 1430 solum
745 1408 809 1442 pro
832 1404 983 1442 peccato
1005 1396 1211 1430 voluntario
1234 1397 1393 1430 vindicta
1414 1396 1573 1431 infertur.

309 1460 337 1495 3.
360 1449 596 1484 PRAETEREA,
624 1450 831 1495 Ignorantia
854 1458 978 1484 causat
998 1449 1300 1484 involuntarium:
1321 1449 1383 1483 sed
1400 1449 1558 1483 vindicta
1580 1449 1795 1495 quandoque

235 1511 420 1537 exercetur
446 1504 481 1536 in
510 1503 649 1548 aliquos
675 1503 901 1548 ignorante83
929 1502 1067 1549 parvuli
1093 1503 1190 1536 enim
1219 1502 1494 1537 Sodomitarum
1519 1502 1604 1536 licet
1624 1502 1796 1536 haberent

234 1556 479 1601 ignorantiam
494 1556 752 1598 invincibilem,
768 1568 850 1590 cum
865 1556 1071 1602 parentibus
1081 1564 1203 1590 tamen
1216 1557 1407 1602 perierunt,
1423 1555 1599 1602 utlegitur
1615 1555 1706 1590 Gen.
1725 1567 1794 1602 19.:

235 1609 399 1644 similiter
418 1609 527 1643 etiam
546 1609 685 1655 parvuli
699 1621 763 1656 pro
778 1618 929 1656 peccato
950 1610 1082 1651 Datan,
1105 1618 1139 1644 et
1160 1610 1299 1643 Abiron
1314 1609 1445 1654 pariter
1463 1621 1547 1643 cum
1569 1610 1618 1643 eis
1640 1610 1795 1656 absorpti

236 1671 328 1706 sunt,
350 1671 388 1697 ut
408 1663 561 1697 habetur
581 1663 690 1697 Num.
717 1661 788 1697 16:
816 1664 919 1697 bruta
941 1663 1051 1697 etiam
1073 1662 1254 1704 animalia,
1276 1674 1368 1709 quae
1392 1671 1514 1697 carent
1534 1663 1795 1708 ratione,jussa

235 1724 317 1751 sunt
337 1716 489 1750 interfici
515 1727 580 1762 pro
608 1724 758 1761 peccato
786 1716 1086 1757 Amalecitarum,
1113 1724 1151 1750 ut
1176 1716 1328 1750 habetur
1353 1727 1380 1749 1.
1403 1715 1492 1762 Reg.
1519 1727 1588 1760 15.;
1611 1727 1697 1762 ergo
1723 1716 1797 1750 vin-

236 1770 330 1804 dicta
351 1769 568 1815 quandoque
591 1777 775 1803 exercetur
796 1769 832 1803 in
854 1769 1127 1803 involuntarios.

305 1832 338 1865 4.
360 1823 595 1857 PRAETEREA.
620 1822 775 1857 Coactio
798 1823 954 1856 maxime
975 1830 1151 1868 repugnat
1172 1821 1396 1856 voluntario:
1420 1822 1481 1855 sed
1509 1821 1647 1867 aliquis,
1675 1821 1735 1867 qui
1755 1822 1794 1856 ti·
1847 1831 1848 1834 ’

236 1887 338 1910 more
362 1884 508 1910 coactus
532 1876 677 1921 aliquod
699 1884 889 1922 peccatum
913 1876 1118 1916 committit,
1137 1886 1210 1909 non
1233 1883 1378 1920 propter
1398 1875 1471 1909 hoc
1493 1883 1633 1909 reatum
1655 1885 1794 1921 poenae

238 1930 373 1971 evadit3
396 1940 482 1975 ergo
504 1929 660 1963 vindicta
684 1929 901 1975 quandoque
923 1937 1107 1963 exercetur
1128 1929 1163 1962 in
1186 1928 1461 1962 involuntarios.

311 1994 336 2027 5.
360 1983 596 2017 PRAETEREA.
612 1983 782 2016 Ambros.
807 1983 892 2016 dicit
913 1993 1019 2028 super
1040 1982 1179 2016 Lucam
1201 1982 1292 2028 (cap.
1310 1993 1339 2028 5.
1361 1987 1391 2016 et
1411 1982 1484 2016 hab.
1507 1988 1577 2028 cap.
1593 1994 1603 2016 :
1630 1982 1708 2016 Non
1731 1986 1796 2016 tur-

237 2037 346 2077 batur,
369 2047 423 2079 24.
446 2048 475 2081 q.
498 2036 543 2079 r.)
567 2036 662 2081 quod
687 2048 705 2067 ((
724 2035 901 2079 navicula,
924 2035 960 2069 in
982 2046 1052 2081 qua
1079 2043 1153 2069 erat
1170 2035 1290 2080 Judas,
1317 2035 1542 2076 turbabatur,
1565 2034 1646 2069 unde
1673 2042 1707 2069 et
1732 2034 1796 2069 Pe-

236 2097 322 2130 trus,
344 2089 405 2135 qui
427 2096 501 2122 erat
522 2089 645 2122 firmus
668 2089 803 2122 meritis
825 2089 909 2130 suis,
931 2088 1138 2122 turbabatur
1157 2088 1281 2122 alienis
1292 2099 1329 2121 »t
1346 2088 1408 2122 sed
1423 2088 1549 2122 Petrus
1563 2099 1637 2122 non
1651 2087 1796 2122 volebat

238 2150 427 2188 peccatum
445 2142 575 2186 Judae3
599 2153 685 2187 ergo
709 2142 925 2187 quandoque
947 2141 1208 2176 involuntarius
1229 2141 1384 2187 punitur.

310 2194 384 2229 SED
413 2205 567 2228 CONTRA
590 2204 653 2236 est,
675 2195 771 2240 quod
794 2206 911 2241 poena
934 2195 1080 2228 debetur
1101 2202 1275 2240 peccato:
1302 2194 1363 2228 sed
1391 2205 1499 2228 omne
1522 2203 1712 2240 peccatum
1740 2202 1793 2228 est

238 2247 492 2289 voluntarium,
509 2255 546 2281 ut
562 2248 647 2281 dicit
662 2248 813 2292 August.
830 2248 943 2294 (lilaj.
959 2248 994 2282 ds
1009 2248 1084 2282 Lib.
1096 2249 1181 2282 Arb.
1196 2254 1267 2293 cap.
1287 2260 1312 2282 I.
1329 2252 1356 2282 et
1374 2247 1430 2282 lib.
1442 2260 1469 2282 I.
1485 2249 1626 2283 Retract.
1643 2253 1713 2293 cap.
1729 2248 1792 2293 9.);

238 2313 325 2348 ergo
347 2301 383 2335 in
405 2300 502 2334 solos
524 2300 747 2334 voluntarios
769 2301 969 2335 exercenda
991 2308 1043 2334 est
1063 2300 1234 2334 vindicta.

308 2355 537 2389 RESPONDEO
561 2353 764 2396 dicendum,
788 2354 884 2400 quod
899 2365 1016 2400 poena
1031 2353 1206 2400 dupliciter
1219 2361 1337 2398 potest
1353 2353 1591 2387 considerari:
1614 2364 1678 2387 uno
1696 2352 1791 2386 modo

239 2408 439 2442 secundum
453 2407 630 2441 rationem
641 2418 797 2452 poenae,
814 2415 848 2441 et
861 2407 1060 2441 secundum
1073 2407 1145 2440 hoc
1161 2418 1277 2452 poena
1291 2418 1364 2441 non
1380 2407 1525 2441 debetur
1539 2407 1606 2440 nisi
1620 2412 1771 2452 peccato
1784 2418 1792 2447 ;
1820 2439 1823 2442 .

238 2461 321 2507 quia
336 2472 398 2506 per
409 2471 565 2506 poenam
580 2468 764 2505 reparatur
779 2459 975 2506 aequalitas
989 2460 1154 2505 justitiae,
1167 2461 1378 2505 inquantum
1393 2459 1453 2493 ille
1469 2460 1528 2505 qui
1545 2459 1731 2505 peccando
1745 2459 1794 2492 ni-

240 2515 308 2548 mis
330 2522 472 2548 secutus
495 2521 547 2548 est
568 2525 670 2547 suam
692 2513 931 2555 voluntatem,
954 2513 1087 2559 aliquid
1110 2521 1235 2547 contra
1263 2524 1366 2547 suam
1392 2512 1617 2547 voluntatem
1644 2512 1794 2558 patitur3

240 2568 333 2602 unde
356 2579 438 2601 cum
465 2575 652 2612 peccatum
681 2566 724 2600 sit
750 2565 1006 2607 voluntarium,
1029 2566 1137 2600 etiam
1161 2565 1349 2612 originale,
1372 2574 1409 2599 ut
1430 2576 1535 2611 supra
1562 2565 1724 2599 habitum
1742 2572 1795 2599 est
1814 2567 1815 2570 ’

242 2621 327 2664 (1-2.
350 2633 379 2666 q.
402 2621 451 2655 81.
476 2625 537 2654 art.
565 2621 622 2664 L),
646 2630 871 2664 consequens
899 2627 950 2653 est
977 2620 1073 2665 quod
1096 2619 1214 2653 nullus
1237 2619 1380 2665 punitur
1401 2619 1471 2652 hoc
1494 2618 1618 2660 modo,
1640 2618 1707 2651 nisi
1728 2629 1793 2664 pro
1814 2627 1815 2630 ’

241 2684 284 2708 eo
308 2673 403 2719 quod
425 2673 627 2707 voluntarie
649 2671 784 2705 factum
813 2680 882 2705 est:
905 2673 970 2705 ulio
999 2672 1092 2706 modo
1114 2680 1232 2718 potest
1253 2671 1472 2706 considerari
1494 2682 1621 2717 poena,
1648 2671 1795 2716 inquan-

240 2735 316 2760 tum
345 2735 397 2760 est
427 2727 605 2760 medicina
631 2737 704 2759 non
727 2725 846 2759 solum
869 2725 1029 2759 sanativa
1051 2726 1190 2771 peccati
1212 2725 1403 2771 praeteriti,
1425 2724 1486 2759 sed
1510 2724 1617 2758 etiam
1639 2734 1794 2769 praeser-

240 2782 357 2814 vativa
373 2792 391 2813 a
407 2788 556 2826 peccato
574 2779 771 2820 futuro‚vel
790 2779 898 2812 etiam
913 2779 1118 2824 promotiva
1137 2779 1172 2812 in
1188 2778 1333 2824 aliquod
1356 2778 1492 2811 bonum
1510 2789 1516 2810 :
1540 2785 1573 2811 et
1594 2777 1791 2810 secundum

240 2834 310 2867 hoc
333 2833 459 2879 aliquis
475 2833 654 2868 interdum
678 2832 821 2878 punitur
836 2832 911 2866 sine
934 2832 1050 2877 culpa,
1072 2843 1145 2866 non
1167 2840 1287 2866 tamen
1304 2831 1379 2865 sine
1399 2841 1517 2864 causa.
1535 2829 1730 2864 Sciendum
1744 2837 1792 2863 ta·
