1859 3122
218 176 300 231 518
632 184 854 220 QUAESTIO
889 183 1004 212 LXXI.
1038 182 1282 213 ARTICULUS
1315 182 1358 211 11.

771 334 1116 379 ARTICULUS
1154 334 1209 376 II.
1710 355 1777 392 394

442 442 593 472 UTRUM
626 442 959 472 CONVENIENTER
991 441 1143 477 ALIQUI
1177 440 1417 470 SECUNDUM
1443 439 1551 481 JURA

568 507 830 537 ARCEANTUR
861 506 914 535 AB
948 506 1125 535 OFFICIO
1159 504 1435 535 ADVOCANDI.

732 596 834 642 (Insr.
856 608 884 641 q.
907 596 979 631 188.
1002 600 1064 630 art.
1084 608 1113 641 3.
1135 595 1177 629 ad
1198 595 1257 639 2.).

289 685 349 719 AD
376 694 584 718 SECUNDUM
605 683 654 717 sic
678 683 894 729 proceditur.
916 682 1079 724 Videtur,
1094 682 1190 728 quod
1206 681 1505 716 inconvenienter
1527 679 1636 726 aliqui
1657 691 1780 714 secun-

217 738 303 771 dum
324 739 401 783 jura
429 744 616 770 arceantur
650 737 691 770 ab
727 735 847 770 officio
882 736 1102 770 advocandi:
1127 736 1168 768 ab
1192 735 1359 781 operibus
1386 734 1483 768 enim
1509 733 1778 768 misericordiae

216 790 336 824 nullus
358 790 463 824 debet
485 789 613 824 arceri:
637 789 699 824 sed
722 789 963 835 patrocinium
986 797 1165 834 praestare
1187 788 1223 821 in
1246 787 1363 822 causis
1383 787 1426 821 ad
1449 798 1559 833 opera
1581 786 1780 820 misericor-

217 845 296 879 diae
324 844 487 889 pertinet,
514 851 552 877 ut
578 843 714 877 dictum
742 851 795 876 est
822 842 905 886 (art.
922 843 1075 888 praec.);
1100 853 1185 888 ergo
1213 841 1332 875 nullus
1359 841 1465 875 debet
1491 841 1532 873 ab
1559 840 1630 874 hoc
1659 839 1779 874 officio

219 898 342 932 arceri.

289 961 319 984 2.
342 950 578 984 PRAETEREA.
599 949 833 984 Contrarium
853 960 1042 983 causarum
1061 960 1135 982 non
1153 949 1293 982 videtur
1315 959 1392 982 esse
1411 948 1508 982 idern
1528 946 1694 981 effectus:
1717 946 1778 980 sed

218 1015 295 1038 esse
319 1003 477 1036 deditum
500 1003 604 1036 rebus
627 1003 767 1044 divinis,
790 1011 824 1036 et
846 1014 922 1037 esse
945 1002 1105 1036 deditum
1127 1002 1296 1048 peccatis,
1319 1010 1371 1035 est
1393 1001 1638 1042 contrarium3
1659 1000 1781 1033 incon-

217 1057 401 1091 venienter
423 1068 509 1102 ergo
538 1055 777 1090 excluduntur
808 1056 848 1089 ab
878 1055 998 1090 officio
1027 1055 1193 1089 advocati
1215 1056 1362 1101 quidam
1383 1063 1526 1102 propter
1553 1053 1780 1100 religionem,

217 1118 254 1144 ut
277 1110 461 1151 Monachi,
485 1117 519 1143 et
542 1109 697 1151 Clerici3
719 1109 865 1155 quidam
888 1117 1008 1142 autem
1038 1117 1184 1155 propter
1214 1108 1370 1154 culpam,
1393 1117 1431 1142 ut
1458 1107 1622 1149 infames,
1645 1115 1679 1141 et
1699 1107 1781 1140 hae-

217 1164 327 1198 retici.

210 1220 218 1222 ’
292 1228 319 1262 3.
339 1217 575 1250 PRAETEREA.
597 1215 720 1249 Homo
740 1216 845 1250 debet
867 1215 1014 1260 diligere
1037 1216 1255 1262 proximum,
1270 1216 1361 1249 sicut
1383 1215 1560 1261 seipsum:
1583 1215 1644 1249 sed
1667 1214 1712 1248 ad
1731 1213 1780 1248 of-

219 1270 341 1304 ficium
364 1269 566 1302 dilectionis
588 1269 752 1314 pertinet,
774 1269 870 1314 quod
894 1268 1021 1314 aliquis
1044 1269 1239 1303 advocatus
1263 1280 1391 1302 causae
1414 1268 1564 1313 alicujus
1583 1267 1782 1314 patrocine-

219 1331 294 1363 tur,
317 1322 614 1355 inconvenienter
637 1333 722 1367 ergo
739 1321 859 1367 aliqui,
875 1322 1001 1367 quibus
1018 1322 1226 1355 conceditur
1240 1333 1304 1368 pro
1320 1321 1443 1368 seipsis
1463 1321 1657 1355 auctoritas
1676 1320 1781 1354 advo-

220 1376 384 1417 cationis,
406 1375 640 1421 prohibentur
661 1375 878 1420 patrocinari
900 1375 1015 1408 causis
1043 1374 1208 1408 aliorum.

292 1429 366 1462 SED
387 1438 542 1462 CONTRA
565 1435 628 1469 est,
650 1428 746 1473 quod
772 1439 800 1473 3.
824 1439 855 1473 q.
880 1438 910 1472 7.
935 1428 1046 1474 (cczp..·
1069 1428 1227 1474 Infirmas)
1251 1427 1387 1461 multae
1413 1438 1588 1474 personae
1616 1434 1781 1460 arcentur

223 1482 264 1515 ab
289 1481 410 1515 officio
433 1480 648 1527 postulandi.

291 1535 520 1569 RESPONDEO
549 1533 753 1575 dicendum,
780 1534 875 1579 quod
899 1533 1026 1580 aliquis
1048 1534 1240 1580 impeditur
1267 1533 1308 1567 ab
1336 1533 1457 1579 aliquo
1485 1541 1566 1568 actu
1588 1533 1711 1579 duplici
1731 1544 1782 1566 ra-

220 1588 338 1622 tione:
363 1600 424 1621 uno
453 1587 547 1621 modo
574 1595 720 1633 propter
746 1587 1016 1633 impotentiam:
1040 1587 1104 1620 aliu
1136 1586 1230 1620 modo
1264 1595 1409 1632 propter
1435 1586 1696 1620 indecentiam:
1719 1586 1781 1620 sed

218 1641 431 1686 impotentia
447 1640 658 1686 simpliciter
673 1640 828 1674 excludit
843 1639 1001 1686 aliquem
1017 1640 1059 1673 ab
1077 1648 1168 1674 actu:
1184 1640 1386 1674 indecentia
1402 1648 1522 1674 autem
1537 1651 1610 1673 non
1626 1638 1782 1673 excludit

217 1694 384 1736 omnino;
408 1694 490 1739 quia
511 1695 705 1727 necessitas
727 1693 972 1727 indecentiam
996 1693 1124 1727 tollere
1144 1702 1278 1739 potest3
1294 1694 1345 1728 sic
1365 1705 1452 1738 ergo
1473 1694 1515 1727 ab
1536 1693 1656 1728 officio
1676 1693 1782 1727 advo-

217 1756 382 1781 catorum
404 1747 638 1792 prohibentur
659 1746 806 1792 quidam
829 1755 973 1792 propter
994 1747 1258 1792 impotentiam,
1279 1758 1322 1780 eo
1344 1747 1440 1792 quod
1462 1746 1634 1781 deficiunt
1655 1758 1780 1781 sensu:

216 1801 268 1834 vel
290 1800 462 1841 interiori,
482 1800 573 1833 sicut
594 1798 730 1840 furiosi,
747 1807 781 1833 et
802 1800 1023 1845 impuberes:
1039 1801 1091 1833 vel
1106 1800 1283 1840 exteriori,
1302 1800 1393 1833 sicut
1414 1800 1521 1841 surdi,
1542 1808 1576 1834 et
1597 1800 1705 1833 muti:
1729 1808 1781 1834 est

217 1853 314 1887 enirn
333 1853 536 1886 necessaria
559 1853 736 1886 advocato
753 1861 786 1886 et
800 1853 948 1886 interior
969 1853 1106 1898 peritia,
1122 1864 1191 1898 qua
1210 1853 1321 1899 possit
1340 1853 1596 1887 convenienter
1609 1853 1781 1898 justitiam

218 1914 423 1951 assumptae
443 1917 572 1939 causae
591 1906 791 1948 ostendere,
811 1914 845 1939 et
862 1906 993 1940 iterum
1015 1906 1160 1952 loquela
1183 1918 1266 1940 cum
1286 1907 1419 1948 auditu,
1438 1915 1476 1940 ut
1495 1907 1607 1953 possit
1627 1918 1782 1953 pronun-

216 1959 317 2000 tiare,
338 1967 371 1992 et
393 1958 515 1992 audire
538 1958 634 2004 quod
658 1959 689 1992 ei
712 1959 860 2001 dicitur;
883 1959 976 1993 unde
999 1960 1059 2005 qui
1080 1959 1115 1992 in
1137 1959 1192 1993 his
1215 1959 1395 1993 defectum
1417 1960 1610 2005 patiuntur,
1629 1960 1780 1994 omnino

217 2012 452 2059 prohibentur
470 2023 515 2045 ne
530 2012 599 2045 sint
622 2011 788 2045 advocati
809 2023 875 2045 nec
898 2023 962 2057 pro
985 2023 1034 2054 se,
1049 2023 1115 2046 nec
1138 2023 1202 2058 pro
1226 2012 1322 2046 aliis:
1346 2013 1509 2046 decentia
1533 2021 1653 2047 autem
1674 2013 1780 2059 hujus

219 2065 328 2099 officii
351 2065 540 2098 exercendi
561 2065 699 2098 tollitur
720 2065 910 2111 dupliciter:
934 2077 997 2099 uno
1024 2065 1119 2099 modo
1147 2077 1188 2099 ex
1210 2066 1293 2107 hoc,
1321 2066 1417 2111 quod
1445 2065 1572 2112 aliquis
1599 2074 1650 2100 est
1676 2066 1780 2101 rebus

220 2118 415 2164 majoribus
432 2118 628 2161 obligatus,
645 2118 737 2151 unde
753 2118 967 2159 Monachos,
988 2126 1022 2152 et
1040 2118 1274 2164 presbyteros
1292 2130 1365 2152 non
1381 2119 1484 2153 decet
1502 2119 1537 2152 in
1553 2130 1780 2165 quacumque

218 2182 326 2205 causa
350 2171 546 2204 advocatos
573 2182 661 2211 esse,
689 2182 804 2216 neque
829 2171 993 2205 Clericos
1019 2171 1054 2204 in
1081 2171 1214 2215 judicio
1241 2171 1434 2207 saeculari:
1462 2172 1545 2218 quia
1571 2172 1780 2217 hujusmodi

218 2235 395 2270 personae
415 2231 496 2257 sunt
518 2223 620 2257 rebus
643 2223 771 2257 divinis
794 2223 1005 2257 adstrictae:
1026 2224 1091 2257 alio
1115 2224 1207 2258 modo
1227 2233 1372 2270 propter
1389 2236 1564 2271 personae
1580 2224 1779 2259 defectum:

217 2278 270 2312 vel
285 2276 524 2323 corporalem,
541 2284 578 2309 ut
592 2284 687 2322 patet
703 2277 745 2310 de
761 2277 889 2318 caecis,
901 2277 960 2322 qui
977 2277 1234 2311 convenienter
1248 2278 1381 2322 judicio
1399 2286 1512 2312 astare
1527 2289 1600 2311 non
1616 2287 1779 2324 possent:

218 2331 270 2364 wl
291 2329 531 2376 spiritualem:
555 2340 628 2362 non
651 2329 748 2362 enim
770 2330 873 2363 decet
894 2338 931 2363 ut
953 2329 1097 2364 alterius
1122 2330 1278 2375 justitiae
1305 2339 1477 2376 patronus
1504 2331 1640 2373 existat,
1662 2331 1723 2377 qui
1744 2331 1780 2365 in
1833 2365 1834 2373 ,

219 2384 338 2429 seipso
362 2383 534 2429 justitiam
554 2383 787 2428 contempsit3
811 2390 844 2416 et
863 2382 944 2416 ideo
962 2382 1125 2425 infames,
1140 2383 1313 2426 infideles,
1333 2392 1367 2417 et
1381 2383 1541 2417 damnati
1555 2384 1598 2418 de
1613 2384 1780 2429 gravibus

221 2437 431 2470 criminibus
453 2447 527 2469 non
551 2435 719 2469 decenter
741 2443 821 2468 sunt
844 2435 1028 2469 advocati:
1051 2436 1262 2481 hujusmodi
1279 2445 1402 2470 tamen
1421 2437 1644 2471 indecentiae
1662 2448 1782 2472 neces-

220 2490 303 2523 sitas
326 2488 542 2535 praefertur:
565 2496 600 2522 et
620 2496 765 2534 propter
786 2488 856 2521 hoc
879 2489 1088 2533 hujusmodi
1110 2501 1286 2535 personae
1308 2498 1459 2536 possunt
1480 2501 1544 2535 pro
1566 2490 1703 2536 seipsis,
1723 2490 1781 2525 vel

220 2554 283 2589 pro
303 2543 466 2588 personis
484 2541 552 2575 sibi
571 2541 772 2586 conjunctis
791 2541 840 2574 uti
860 2541 979 2575 officio
1001 2543 1186 2584 advocati3
1206 2543 1299 2577 unde
1322 2551 1355 2577 et
1375 2542 1508 2577 Clerici
1527 2555 1590 2589 pro
1610 2543 1780 2578 Ecclesiis
1829 2533 1831 2575 ¹,

220 2596 292 2630 suis
314 2603 464 2642 possunt
486 2606 563 2629 esse
587 2594 764 2635 advocati,
788 2601 821 2628 et
843 2594 1017 2628 Monachi
1053 2606 1117 2641 pro
1149 2607 1256 2630 causa
1283 2596 1493 2630 monasterii
1519 2596 1585 2638 sui,
1611 2596 1639 2630 si
1660 2596 1782 2630 Abbas
1827 2621 1828 2626 η

220 2656 453 2694 praeceperit.

291 2702 350 2735 An
385 2711 533 2735 pumen
561 2711 647 2746 ergo
675 2699 880 2741 dicendum,
903 2701 998 2746 quod
1033 2701 1074 2734 ab
1110 2701 1277 2747 operibus
1303 2701 1573 2736 misericordiae
1600 2702 1779 2736 interdum

222 2763 365 2800 propter
388 2754 629 2787 indecentiam
651 2753 894 2799 impediuntur
916 2752 1035 2799 aliqui,
1059 2762 1092 2788 et
1114 2754 1223 2800 aliqui
1245 2762 1390 2800 propter
1412 2755 1684 2800 impotentiam:
1706 2766 1780 2788 non

221 2808 317 2841 enim
342 2807 463 2841 omnia
487 2818 595 2852 opera
619 2806 887 2839 misericordiae
911 2816 1038 2840 omnes
1061 2807 1206 2841 decent:
1230 2808 1321 2841 sicut
1340 2807 1467 2842 stultos
1485 2819 1558 2842 non
1578 2808 1680 2842 decet
1699 2818 1780 2841 con·
1821 2816 1822 2822 ¹

222 2860 340 2893 silium
364 2860 459 2901 dare,
481 2871 597 2905 neque
621 2860 827 2905 ignorantes
851 2859 991 2892 docere.
