1859 3122
511 158 731 194 QUAESTIO
765 157 864 187 XXV.
899 158 1143 187 ARTICULUS
1178 158 1221 187 ΙΙ.
1565 159 1644 201 203

96 240 175 285 quia
197 240 405 285 hujusmodi
427 251 589 274 reamare
611 251 683 273 non
706 247 867 286 possunt,
894 239 989 284 quod
1014 247 1066 273 est
1092 239 1134 273 de
1162 239 1299 273 ratione
1322 239 1515 282 amicitiae,
1542 247 1580 274 ut
1602 240 1651 273 di-

95 293 183 327 citur
204 294 239 327 in
262 294 293 327 8.
316 294 474 327 Ethicor.
498 294 589 340 (cap.
612 295 683 338 2.),·
712 304 798 338 ergo
821 292 975 326 charitas
997 304 1069 326 non
1093 301 1145 326 est
1167 304 1209 326 ex
1231 293 1404 326 charitate
1427 292 1620 337 diligenda.

165 346 238 381 SED
265 357 419 381 CONTRA
442 355 505 388 est,
533 347 627 392 quod
663 347 814 391 August.
842 345 937 379 dicit.
961 346 992 379 8.
1015 346 1057 379 de
1082 345 1210 379 Trinit.
1235 346 1323 392 (cap.
1351 348 1421 391 S.):
1446 348 1515 390 Qui
1542 346 1649 390 diligit

87 401 291 444 proxinmm,
315 412 506 445 consequens
528 405 580 441 est,
605 405 639 434 ut
658 401 755 433 etiam
783 400 886 444 ipsam
908 399 1110 433 dilectionem
1130 399 1267 444 diligat:
1291 399 1352 433 sed
1373 400 1578 445 proximum
1600 400 1648 433 di-

92 452 211 497 ligitur
232 465 274 487 ex
296 454 488 495 charitate;
512 465 598 499 ergo
621 463 845 498 consequens
868 460 930 493 est,
954 461 991 486 ut
1014 453 1122 486 ctiam
1146 453 1300 486 charitas
1328 464 1369 486 ex
1397 453 1570 487 charitate
1598 454 1647 487 di-

92 504 230 551 ligatur.

162 559 388 595 RESPONDEO
411 560 614 601 dicendum,
637 559 733 605 quod
757 559 910 593 charitas
934 571 1038 593 amor
1059 559 1206 604 quidam
1229 568 1298 593 est:
1329 571 1432 593 amor
1455 568 1576 594 autem
1603 571 1645 594 ex

90 620 216 646 natura
238 614 432 659 potentiae,
456 615 555 659 cujus
579 621 631 648 est
653 621 764 654 actus,
786 613 894 646 habet
915 613 1011 658 quod
1039 613 1151 658 possit
1177 624 1283 657 supra
1310 613 1467 658 seipsum
1490 613 1644 648 reflecti:

89 665 172 711 quia
193 666 290 700 enim
311 666 505 701 voluntatis
528 667 710 711 objectum
733 674 785 700 est
810 667 947 700 bonum
975 665 1189 708 universale,
1217 666 1388 712 quidquid
1416 667 1478 700 sub
1506 667 1645 701 ratione

88 718 174 752 boni
200 720 412 762 continetur,
440 728 557 766 potest
583 720 710 754 cadere
738 719 800 753 sub
829 727 910 753 actu
932 719 1144 761 voluntati83
1167 727 1202 753 et
1228 719 1310 765 quia
1332 720 1451 764 ipsum
1472 720 1565 754 velle
1593 729 1647 754 est

89 773 271 818 quoddam
299 773 447 815 bonum,
475 782 592 819 potest
616 773 709 807 velle
736 784 772 807 se
799 772 910 807 velle:
933 773 1025 806 sicut
1047 781 1081 806 et
1102 772 1317 814 intellectus,
1340 774 1440 817 cujus
1463 774 1646 818 objectum

88 833 141 859 est
162 837 298 868 verum,
320 827 488 871 intelligit
509 838 546 861 se
567 826 786 872 intelligere:
809 826 892 872 quia
914 826 985 860 hoc
1008 826 1117 860 etiam
1140 834 1193 860 est
1214 826 1398 871 quoddam
1419 837 1562 861 verum:
1583 828 1644 861 sed

89 889 192 912 amor
213 880 321 914 etiam
344 891 385 914 ex
407 881 545 914 ratione
568 880 733 926 propriae
751 879 884 925 speciei
902 879 1020 921 habet,
1040 879 1136 925 quod
1152 891 1258 925 supra
1273 891 1310 913 se
1325 879 1546 922 reflectatur3
1563 881 1646 926 quia

89 940 141 966 est
162 941 381 978 spontaneus
404 941 522 967 motus
545 933 698 967 amantis
720 933 755 966 in
779 941 959 974 amatum3
983 933 1076 966 unde
1099 944 1140 966 ex
1161 933 1232 966 hoc
1255 933 1332 978 ipso
1356 933 1452 978 quod
1476 942 1574 967 amat
1587 933 1647 967 ali-

87 985 175 1030 quis,
198 994 295 1020 amat
315 997 352 1020 se
375 998 506 1021 amare.
536 987 607 1021 Sed
635 987 790 1020 charitas
820 997 893 1020 non
925 994 979 1020 est
1007 986 1218 1032 simpliciter
1239 997 1353 1028 amor,
1375 986 1437 1020 sed
1459 986 1568 1021 habet
1595 999 1646 1021 ra-

86 1038 224 1073 tionem
253 1039 442 1081 amicitiae,
465 1048 503 1074 ut
523 1051 630 1086 supra
652 1040 789 1074 dictum
811 1047 863 1073 est
886 1039 930 1085 (q.
958 1051 1005 1086 23.
1033 1045 1096 1073 art.
1118 1041 1186 1084 r.):
1213 1051 1276 1085 per
1303 1039 1501 1073 amicitiam
1523 1049 1644 1074 autem

87 1100 227 1125 amatur
247 1092 380 1138 aliquid
402 1093 595 1139 dupliciter:
619 1105 681 1127 emo
708 1093 816 1135 modo,
844 1093 936 1127 sicut
961 1093 1037 1138 ipse
1065 1093 1213 1135 amicus,
1237 1093 1280 1126 ad
1309 1104 1416 1139 quem
1445 1093 1643 1128 amicitiam

84 1144 270 1187 habemus,
290 1153 324 1180 et
345 1146 402 1180 cui
416 1146 510 1180 bona
524 1146 712 1180 volumus:
735 1147 800 1180 alio
815 1146 922 1188 modo,
938 1146 1030 1180 sicut
1045 1147 1193 1188 bonum,
1208 1147 1304 1192 quod
1321 1147 1440 1180 amico
1460 1147 1642 1182 volumus:

85 1206 119 1232 et
131 1199 190 1233 hoc
207 1199 300 1234 modo
320 1200 465 1234 charitas
474 1207 535 1246 par
552 1201 745 1235 charitatem
764 1206 910 1242 amatur,
934 1208 968 1234 et
982 1212 1046 1234 non
1057 1202 1168 1246 primo
1181 1214 1191 1234 .·
1211 1201 1293 1246 quia
1313 1201 1468 1235 charitas
1487 1210 1540 1235 est
1553 1202 1641 1236 illud

83 1251 232 1294 bonum,
254 1253 350 1298 quod
372 1262 538 1298 optamus
562 1254 741 1295 omnibus,
761 1265 851 1299 quos
874 1265 915 1287 ex
935 1253 1108 1288 charitate
1123 1253 1324 1300 diligimus:
1348 1264 1382 1288 et
1404 1255 1531 1289 eadem
1550 1255 1641 1289 ratio

83 1312 137 1339 est
157 1305 200 1339 de
221 1306 451 1348 beatitudine,
475 1315 510 1341 et
532 1307 609 1341 aliis
634 1308 833 1342 virtutibus.

154 1358 214 1392 AD
244 1369 392 1394 PRtMUM
415 1371 500 1406 ergo
523 1360 728 1403 dicendum,
751 1360 847 1406 quod
868 1360 980 1402 Deus,
1010 1368 1044 1395 et
1069 1361 1253 1407 proximus
1280 1369 1363 1395 sunt
1387 1361 1450 1404 illi,
1478 1362 1521 1396 ad
1549 1373 1639 1408 quos

85 1411 280 1446 amicitiam
298 1413 492 1447 habemus:
508 1414 570 1448 sed
584 1414 620 1447 in
635 1413 780 1448 illorum
800 1413 993 1448 dilectione
1007 1414 1201 1448 includitur
1218 1414 1363 1449 dilectio
1384 1416 1577 1450 charitatis:
1594 1416 1642 1449 di-

84 1464 229 1510 ligimus
249 1466 345 1500 enim
366 1467 583 1512 proximum,
607 1475 641 1501 et
661 1468 793 1509 Deum,
815 1468 1029 1513 inquantum
1050 1468 1122 1502 hoc
1146 1480 1322 1510 amamus,
1344 1477 1382 1503 ut
1407 1480 1486 1511 nos,
1510 1478 1544 1504 et
1561 1481 1640 1515 pro-

83 1518 200 1551 ximus
221 1518 341 1552 Deum
364 1519 573 1565 diligamus3
597 1521 692 1565 quod
715 1529 766 1554 est
789 1521 1001 1554 charitatem
1023 1521 1182 1567 diligere.

155 1571 214 1605 AD
237 1581 443 1606 SECUNDUM
465 1573 670 1615 dicendum,
689 1574 785 1619 quod
801 1574 954 1608 charitas
974 1582 1027 1608 est
1047 1575 1123 1620 ipsa
1142 1575 1427 1610 communicatio
1446 1576 1637 1621 spiritualis

82 1623 187 1665 vitae,
213 1635 275 1669 per
303 1637 411 1671 quam
439 1626 481 1659 ad
507 1626 766 1660 beatitudinem
792 1627 1013 1672 pervenitur,
1042 1636 1076 1661 et
1101 1628 1183 1662 ideo
1211 1636 1362 1670 amatur,
1389 1629 1481 1663 sicut
1500 1629 1637 1663 bonum

81 1676 322 1712 desideratum
345 1679 524 1721 omnibus,
547 1690 636 1725 quos
659 1691 700 1713 ex
723 1680 896 1714 charitate
919 1680 1114 1726 diligimus.

151 1731 209 1764 AD
232 1741 402 1766 TERTIUM
424 1732 628 1774 dicendum,
652 1733 748 1778 quod
770 1733 861 1767 ratio
880 1733 941 1767 illa
956 1734 1129 1779 procedit,
1143 1735 1342 1769 secundum
1363 1736 1459 1781 quod
1473 1747 1536 1782 per
1551 1737 1637 1770 ami-

80 1782 202 1817 citiam
224 1793 389 1819 amantur
410 1784 474 1828 illi,
497 1786 540 1820 ad
563 1797 653 1832 quos
676 1787 874 1821 amicitiam
896 1787 1084 1822 habemus.

629 1916 971 1961 ARTICULUS
1000 1917 1080 1961 111.
1569 1933 1631 1979 138

315 2023 467 2054 UTRUM
493 2025 630 2055 ETIAM
657 2026 913 2056 CREATURAE
940 2027 1258 2058 IRRATIONALES
1289 2029 1386 2060 SINT

527 2091 584 2120 EX
611 2091 862 2121 CHARITATE
890 2093 1172 2123 DILIGENDAE.

403 2175 442 2222 (3.
465 2176 552 2211 Dist.
575 2177 628 2212 23.
651 2183 714 2212 art.
734 2189 765 2213 2.
786 2183 816 2213 et
832 2189 862 2224 5.
883 2183 913 2213 et
941 2179 1023 2214 Virt.
1046 2191 1076 2225 q.
1098 2191 1129 2215 2.
1157 2185 1220 2215 art.
1249 2181 1309 2227 7.).

145 2263 204 2298 AD
232 2274 402 2300 TERTIUM
428 2265 478 2300 sic
504 2267 720 2311 proceditur.
748 2267 909 2310 Videtur,
937 2269 1033 2314 quod
1061 2270 1168 2304 etiam
1196 2279 1379 2305 creaturae
1402 2271 1627 2307 irrationales

75 2315 143 2350 sint
161 2328 203 2350 ex
218 2317 391 2352 charitate
409 2318 628 2365 diligendae:
648 2332 711 2366 per
729 2321 941 2356 charitatem
958 2323 1054 2356 enim
1069 2323 1227 2357 maxime
1243 2323 1516 2359 conformamur
1529 2326 1626 2360 Deo:

73 2369 133 2402 sed
154 2369 252 2404 Deus
276 2370 390 2417 diligit
412 2381 592 2407 creaturas
620 2373 845 2408 irrationales
873 2388 915 2409 ex
937 2376 1128 2410 charitate:
1152 2377 1260 2422 diligit
1281 2379 1377 2411 enim
1400 2380 1523 2420 omnia,
1547 2391 1628 2424 quac

71 2427 153 2463 sunt,
177 2431 214 2457 ut
234 2424 386 2458 habetur
408 2425 488 2472 Sap.
517 2437 580 2468 11.,
603 2435 637 2461 et
659 2438 767 2461 omne
783 2429 879 2474 quod
895 2429 1020 2474 diligit,
1035 2430 1153 2475 seipso
1170 2430 1295 2475 diligit,
1312 2432 1371 2477 qui
1387 2441 1439 2466 est
1454 2432 1625 2475 charitas;

72 2485 159 2520 ergo
181 2484 215 2510 et
235 2488 301 2511 nos
324 2478 497 2513 debemus
520 2488 700 2514 creaturas
722 2481 947 2516 irrationales
970 2494 1011 2516 ex
1034 2483 1206 2517 charitate
1230 2484 1389 2529 diligere.

142 2538 173 2562 2.
196 2529 430 2565 PRAETEREA.
455 2532 621 2567 Charitas
644 2534 888 2579 principaliter
912 2535 1050 2570 fertur
1043 2548 1079 2570 m
1106 2537 1246 2579 Deum3
1275 2539 1317 2571 ad
1345 2538 1414 2571 alia
1441 2547 1561 2572 autem
1588 2550 1625 2573 se

71 2582 238 2624 extendit,
260 2585 460 2618 secundum
475 2586 570 2631 quod
590 2586 633 2620 ad
648 2587 770 2621 Deum
785 2590 954 2633 pertinet:
978 2589 1039 2623 sed
1054 2601 1082 2623 31
1087 2598 1146 2623 cut
1165 2599 1327 2624 creatura
1344 2591 1527 2625 rationalis
1549 2603 1626 2637 per-

69 2634 158 2668 tinet
179 2636 222 2669 ad
244 2636 377 2678 Deum,
398 2637 612 2683 inquantum
634 2640 742 2673 habet
763 2640 1035 2675 similitudinem
1058 2643 1243 2688 imaginis:
1267 2644 1314 2676 ita
1334 2653 1379 2677 eti
1385 2655 1442 2676 im
1463 2653 1625 2679 creatura

68 2686 295 2730 irrationalis,
317 2689 530 2735 inquantum
552 2692 660 2726 habet
686 2693 959 2728 similitudinem
980 2696 1140 2741 vestigii3
1164 2707 1250 2742 ergo
1279 2697 1433 2731 charitas
1456 2698 1564 2732 etiam
1586 2710 1623 2733 se

69 2741 224 2775 extendit
246 2741 289 2775 ad
311 2751 491 2777 creaturas
512 2745 749 2780 irrationales.

143 2805 172 2839 3.
194 2794 428 2830 PRAETEREA.
456 2797 556 2831 Sicut
583 2798 765 2833 charitatis
792 2800 974 2845 objectum
997 2810 1049 2836 est
1070 2802 1181 2843 Deus,
1203 2802 1251 2836 ita
1274 2811 1309 2836 et
1329 2802 1426 2837 fidei:
1451 2805 1511 2838 sed
1534 2804 1622 2839 fides

69 2856 105 2880 se
127 2848 282 2882 extendit
302 2849 345 2883 ad
364 2857 543 2885 creaturas
557 2851 800 2895 irrationale33
823 2853 1036 2899 inquantum
1053 2855 1242 2897 credimus,
1262 2856 1418 2899 coelum,
1438 2865 1471 2892 et
1488 2865 1621 2892 terram
