1859 3122
187 171 269 225 30&
577 178 796 214 QUAESTIO
827 179 1009 209 XXXVIII.
1043 178 1287 209 ARTICULUS
1320 179 1364 209 ΙΙ.

255 262 330 296 SED
350 271 505 296 CONTRA
527 268 578 294 est
601 260 795 294 auctoritas
819 260 989 306 Gregorii
1014 271 1065 306 31.
1088 259 1218 296 Moral.
1242 259 1319 304 (loc.
1346 261 1429 306 cit).

255 316 483 350 REspoxmso
511 314 716 355 dicendum,
739 314 836 360 quod
857 314 949 348 sicut
970 325 1076 360 supra
1099 313 1235 347 dictum
1258 322 1310 348 est
1333 314 1380 359 (q.
1394 320 1508 360 praec.
1529 319 1593 348 art.
1613 315 1676 359 2.),
1699 313 1747 347 di-

184 369 326 403 scordia
348 376 401 402 est
430 367 502 401 filia
531 368 648 401 inanis
678 367 836 413 gloriae;
864 379 907 401 eo
939 367 1035 413 quod
1069 367 1354 401 discordantium
1387 375 1537 413 uterque
1569 367 1607 400 in
1639 378 1746 401 sensu

185 422 329 468 proprio
352 428 432 462 stat,
455 429 489 455 et
510 432 602 454 unus
625 420 726 455 alteri
746 432 821 454 non
840 421 1054 467 acquiescit:
1078 420 1263 466 proprium
1287 429 1407 454 autern
1428 420 1614 466 superbiae
1631 429 1694 462 est,
1713 428 1748 454 et

185 476 299 509 inanis
328 474 478 520 gloriae,
509 474 692 520 propriam
727 474 978 508 excellentiam
1013 485 1200 519 quaerere:
1233 474 1324 508 sicut
1351 481 1471 507 autem
1502 474 1748 508 discordantes

185 528 295 574 aliqui
316 535 399 561 sunt
421 539 462 561 ex
483 527 567 569 hoc,
595 527 691 573 quod
713 535 807 561 stant
830 528 938 561 corde
960 528 995 560 in
1014 527 1184 573 propriis:
1204 527 1252 560 ita
1268 527 1527 561 contendentes
1542 535 1624 561 sunt
1637 526 1747 573 aliqui

185 593 226 615 ex
247 582 331 622 hoc,
353 581 450 626 quod
472 580 715 626 unusquisque
729 581 839 614 verbo
855 581 901 621 id,
917 581 1013 626 quod
1029 581 1094 614 sibi
1108 581 1259 622 videtur,
1275 579 1451 622 defendit3
1468 588 1502 614 et
1520 580 1602 614 ideo
1619 580 1745 614 eadem

185 635 323 669 ratione
346 634 490 680 ponitur
512 635 697 667 contentio
720 633 792 667 filia
814 634 930 667 inanis
953 634 1102 679 gloriae,
1126 634 1218 668 sicut
1240 642 1274 667 et
1295 634 1486 668 discordia.

256 689 316 722 AD
337 698 487 722 PR1MUM
506 699 592 733 ergo
616 687 821 729 dicendum,
840 687 937 733 quod
960 688 1156 728 contentio,
1179 687 1271 721 sicut
1293 695 1327 721 et
1353 687 1544 729 discordia,
1573 687 1682 721 habet
1703 685 1750 720 af-

185 741 361 775 finitatem
384 753 467 775 cum
488 742 634 783 invidia,
664 748 839 786 quantum
868 741 911 774 ad
938 752 1121 774 recessum
1153 741 1240 785 ejus,
1272 751 1292 773 a
1319 752 1390 786 quo
1414 740 1542 786 aliquis
1569 739 1750 774 discordat

185 794 243 829 vel
265 806 349 828 cum
370 806 442 840 quo
465 794 668 828 contendit:
692 794 753 828 sed
775 802 950 840 quantum
974 794 1017 827 ad
1040 794 1085 835 id,
1108 794 1143 827 in
1166 805 1238 839 quo
1260 793 1352 827 sistit
1377 793 1438 827 ille
1465 794 1525 839 qui
1551 793 1748 835 contendit,

186 849 295 883 habet
317 848 609 882 convenientiam
632 859 715 881 cum
738 848 915 893 superbia,
943 855 977 881 et
1003 848 1101 881 inani
1133 847 1268 893 gloria3
1302 847 1517 892 inquantum
1550 846 1688 881 scilicet
1711 846 1748 880 in

186 903 332 948 proprio
352 913 458 936 sensu
477 910 600 943 statur,
620 910 657 935 ut
675 912 782 946 supra
805 901 941 934 dictum
964 909 1015 934 est
1037 901 1083 946 (q.
1104 912 1153 946 37.
1176 906 1238 934 art.
1261 912 1292 935 2.
1312 900 1353 934 czd
1374 901 1428 943 1.).

257 956 316 989 AD
340 965 545 989 SECUNDUM
561 954 766 995 dicendum,
789 954 885 1000 quod
908 954 1048 987 clamor
1070 955 1262 988 assumitur
1283 954 1319 987 in
1342 953 1587 995 contentione,
1614 953 1658 987 de
1679 964 1750 998 qua

123 1015 131 1022 ⁴
187 1008 381 1054 loquimur,
404 1009 446 1042 ad
469 1008 580 1042 finem
602 1008 870 1053 impugnandae
892 1007 1069 1049 veritatis,
1093 1007 1186 1041 unde
1209 1018 1283 1040 non
1306 1015 1359 1040 est
1380 1005 1577 1053 principale
1603 1006 1640 1040 in
1667 1017 1751 1040 con-

188 1062 370 1103 tentione;
387 1070 421 1095 et
436 1062 517 1095 ideo
532 1073 606 1095 non
622 1069 776 1107 oportet,
796 1060 892 1106 quod
915 1061 1099 1094 contentio
1123 1071 1164 1094 ex
1186 1060 1318 1095 eodem
1333 1060 1524 1102 derivetur,
1544 1071 1586 1094 ex
1609 1070 1680 1105 quo
1696 1059 1752 1093 de-

186 1116 321 1150 rivatur
343 1114 492 1148 clamor.

257 1169 317 1202 AD
338 1179 508 1202 TERT1L‘M
527 1167 732 1209 dicendum,
754 1167 851 1213 quod
874 1167 1050 1213 superbia,
1080 1175 1114 1200 et
1142 1167 1259 1200 inanis
1289 1167 1405 1212 gloria
1435 1167 1671 1201 occasionem
1696 1177 1752 1200 su—

188 1230 292 1256 munt
311 1221 501 1267 praecipue
524 1232 543 1254 a
565 1221 668 1254 bonis
691 1221 800 1254 etiam
819 1221 883 1254 sibi
903 1220 1109 1262 contrariis;
1128 1228 1213 1265 puta
1233 1232 1316 1254 cum
1335 1220 1378 1254 de
1400 1219 1603 1253 humilitate
1623 1219 1750 1265 aliquis

188 1275 362 1321 superbit:
379 1283 432 1308 est
442 1275 536 1308 enim
550 1274 761 1319 hujusmodi
775 1274 949 1308 derivatio
964 1285 1038 1307 non
1050 1285 1112 1319 per
1126 1285 1174 1315 se,
1190 1274 1252 1308 sed
1267 1285 1329 1319 per
1344 1273 1530 1307 accidens:
1551 1273 1752 1307 secundum

191 1340 299 1374 quem
321 1328 471 1361 modum
494 1327 585 1361 nihil
603 1328 781 1373 prohibet,
804 1327 1026 1360 contrarium
1046 1338 1065 1360 a
1085 1328 1266 1361 contrario
1286 1327 1390 1368 oriri3
1413 1335 1447 1360 et
1467 1327 1550 1360 ideo
1566 1325 1656 1360 nihil
1674 1337 1754 1372 pro-

188 1382 298 1423 hibet,
321 1393 362 1415 ea
384 1392 475 1427 quae
497 1392 539 1415 ex
560 1381 737 1426 superbia,
759 1380 816 1414 vel
838 1380 936 1413 inani
958 1380 1073 1425 gloria
1100 1391 1163 1425 per
1189 1391 1226 1414 se
1254 1388 1289 1414 et
1314 1380 1448 1414 directe
1475 1380 1650 1421 oriuntur,
1672 1390 1753 1413 cau-

189 1435 260 1468 sari
281 1446 322 1469 ex
345 1435 531 1468 contrariis
555 1445 694 1476 eorum,
717 1445 759 1467 ex
781 1433 908 1479 quibus
931 1433 1208 1467 occasionaliter
1229 1433 1394 1479 superbia
1416 1433 1538 1467 oritur.

652 1700 1008 1761 QUAESTIO
1049 1699 1294 1746 XXXIX.

377 1826 440 1856 DE
466 1825 745 1863 SCHISMATE,
775 1825 827 1855 IN
853 1823 1080 1864 QUATUOR
1107 1823 1369 1855 ARTICULOS
1395 1823 1570 1855 DIVISA.

261 1968 402 2002 Deinde
425 1968 729 2002 considerandum
747 1975 800 2001 est
821 1967 864 2001 de
886 1967 980 2001 vitiis
1003 1966 1177 2012 oppositis
1196 1966 1287 2011 paci,
1305 1965 1562 2012 pertinentibus
1581 1965 1624 1999 ad
1643 1975 1754 2010 opus;

192 2033 283 2068 quae
310 2030 406 2056 sunt:
429 2021 600 2064 schisma,
621 2022 707 2063 rixa,
729 2021 870 2062 seditio,
893 2028 927 2054 et
947 2019 1095 2054 bellum.

534 2109 649 2143 Primo
671 2119 746 2154 crgo
768 2109 859 2142 circa
875 2107 1014 2142 schisma
1032 2111 1236 2152 quaeruntur
1257 2111 1408 2152 quatuor.

267 2179 403 2213 Primo.
426 2179 557 2213 Utrum
579 2179 737 2213 schisma
758 2178 802 2212 sit
823 2178 977 2225 speciale
999 2186 1200 2224 peccatum.

266 2232 447 2266 Secundo.
471 2233 603 2266 Utrum
624 2232 669 2266 sit
690 2232 832 2277 gravius
854 2231 1074 2265 infidelitate.

265 2285 401 2321 Tertio.
424 2286 480 2319 De
502 2292 680 2331 potestate
702 2285 1031 2319 schismaticorum.

267 2339 421 2380 Quarto.
443 2339 499 2373 De
520 2350 639 2385 poena
661 2349 799 2373 eorum.

771 2479 1115 2524 ARTICULUS
1151 2480 1183 2522 I.
1687 2503 1751 2527 221

492 2589 645 2620 UTRUM
673 2588 859 2618 SCHISMA
886 2589 952 2617 SIT
982 2589 1218 2618 PECCATUM
1246 2589 1464 2620 SPECIALE·

670 2677 720 2722 (4.
743 2678 830 2711 Dist.
853 2689 896 2723 13.
918 2689 947 2723 q.
970 2689 1000 2711 2.
1024 2682 1086 2710 art.
1110 2689 1135 2711 ι.
1159 2677 1200 2710 ud
1222 2677 1282 2721 2.).

269 2767 328 2800 AD
352 2777 528 2801 DECIMUM
550 2767 599 2800 sic
622 2765 837 2812 proceditur.
852 2764 1014 2806 Videtur,
1029 2765 1125 2810 quod
1140 2765 1298 2799 schisma
1317 2777 1391 2799 non
1409 2767 1453 2800 sit
1471 2773 1663 2811 peccatum
1681 2776 1757 2810 spe-

201 2820 307 2854 ciale:
329 2820 489 2853 schisma
511 2819 620 2861 enirn,
642 2827 681 2853 ut
701 2818 869 2863 Pelagius
890 2818 915 2851 Ι.
939 2818 1036 2863 Papa
1059 2819 1164 2864 (epist.
1184 2819 1226 2852 ad
1254 2820 1379 2853 Viator.
1401 2824 1429 2853 et
1450 2820 1605 2853 Pancrat.
1628 2817 1755 2852 Concil.

200 2879 228 2909 at
242 2874 314 2908 lmb.
331 2879 417 2919 casm
442 2873 602 2916 Schisma,
618 2883 673 2917 24.
697 2884 726 2918 q.
741 2872 797 2916 1.)‚
817 2871 914 2914 dicit,
934 2873 1108 2907 scissuram
1131 2880 1252 2906 sonat:
1269 2872 1330 2906 scd
1346 2883 1454 2906 omne
1469 2880 1659 2918 peccatum
1674 2871 1757 2906 scis-
