1859 3122
206 166 293 220 546
599 174 818 209 QUAESTIO
855 174 1017 203 LXXVII.
1051 174 1296 204 ARTICULUS
1329 174 1390 204 111.

276 258 505 291 RESPONDEO
529 255 734 297 dicendum,
765 257 862 301 quod
884 255 968 289 dare
991 255 1099 289 alicui
1121 255 1356 290 occasionem
1383 255 1544 302 periculi,
1566 256 1624 290 vel
1645 256 1770 290 damni

205 322 347 356 semper
366 318 418 344 est
440 309 606 343 illicitum
621 320 628 342 τ
646 311 809 354 quamvis
831 320 906 343 non
921 309 965 342 sit
985 309 1243 351 necessarium,
1266 308 1362 355 quod
1377 309 1491 343 homo
1508 308 1610 343 alteri
1628 321 1771 356 semper

205 365 263 398 det
289 363 473 404 auxilium,
495 362 553 396 vel
575 361 769 396 consilium
791 362 973 408 pertinens
997 362 1041 395 ad
1060 364 1136 408 ejus
1158 362 1463 408 qualemcumque
1485 363 1770 408 promotionem,

205 417 267 452 sed
288 418 359 450 hoc
382 417 500 451 solum
526 424 578 450 est
607 416 852 450 necessarium
874 416 911 449 in
934 416 1054 462 aliquo
1079 427 1163 450 casu
1186 417 1446 459 determinato;
1469 425 1554 463 puta
1576 429 1660 452 cum
1681 417 1770 452 alius

206 472 281 516 ejus
305 481 411 503 curae
433 470 605 511 subditur,
627 469 687 503 vel
709 481 791 503 cum
813 480 887 503 non
909 477 1029 515 potest
1050 469 1083 503 ei
1097 481 1160 515 per
1175 469 1285 503 alium
1301 470 1504 505 subveniri:
1526 470 1693 505 venditor
1714 482 1772 505 au-

204 533 290 565 tem,
313 524 373 569 qui
394 534 471 557 rem
493 522 721 556 vendendam
743 523 924 568 proponit,
944 534 986 556 ex
1006 523 1078 556 hoc
1101 523 1179 568 ipso
1195 523 1255 557 dat
1277 523 1431 569 emptori
1453 523 1587 566 damni,
1608 524 1667 558 vel
1684 525 1773 570 peri-

207 577 278 610 culi
296 578 542 617 occasionem,
566 576 662 622 quod
684 587 761 609 rem
782 576 953 610 vitiosam
975 576 1007 610 ei
1042 575 1158 617 offert,
1180 576 1209 610 si
1231 587 1273 610 ex
1295 577 1371 620 ejus
1392 576 1480 610 vitio
1503 577 1690 619 damnum,
1712 577 1771 612 vel

206 630 407 676 periculum
429 630 611 663 incurrere
633 629 746 675 possit
765 641 771 662 :
799 629 974 662 damnum
997 629 1155 675 quidem,
1185 629 1215 663 si
1240 638 1386 675 propter
1411 630 1623 676 hujusmodi
1644 630 1770 664 vitium

207 695 274 725 res,
298 694 387 729 quae
409 682 597 716 vendenda
620 684 843 728 proponitur,
865 682 1016 716 minoris
1043 682 1088 716 sit
1122 682 1243 728 pretii;
1265 682 1341 728 ipse
1371 693 1458 716 vero
1489 691 1634 728 propter
1654 683 1773 729 hujus-

208 737 307 770 modi
335 736 463 770 vitium
495 735 585 769 nihil
608 736 650 770 de
672 736 788 781 pretio
818 735 1021 769 subtrahat:
1045 735 1245 781 periculum
1270 744 1402 777 autem,
1429 736 1458 770 si
1479 744 1626 782 propter
1653 737 1774 783 hujus-

207 790 307 824 modi
329 789 456 823 vitium
475 800 560 823 usus
581 789 632 822 rei
655 789 823 822 reddatur
847 788 1052 834 impeditus,
1080 788 1139 822 vel
1168 789 1315 832 noxius3
1342 798 1426 835 puta
1448 789 1477 823 si
1511 789 1638 836 aliquis
1665 789 1773 824 alicui

206 844 337 878 vendat
359 854 493 889 equum
516 842 782 876 claudicantem
804 853 867 888 pro
890 841 1020 883 veloci,
1042 841 1100 876 vel
1120 842 1307 876 ruinosam
1329 843 1480 876 domum
1495 854 1562 888 pro
1584 843 1699 885 firma,
1711 843 1770 877 vel

209 897 328 930 cibum
352 905 573 942 corruptum,
596 896 670 930 sive
691 906 919 930 venenosum
941 906 1006 941 pro
1029 895 1143 938 bono;
1174 896 1268 929 unde
1299 897 1327 930 si
1360 896 1571 940 hujusmodi
1596 896 1682 930 vitia
1703 897 1774 930 sint

209 951 363 992 occulta,
386 959 420 985 et
441 951 515 996 ipse
538 961 612 984 non
634 949 789 995 detegat,
823 950 889 983 erit
910 949 1045 990 illicita,
1066 958 1100 983 et
1121 948 1249 983 dolosa
1270 949 1448 983 venditio:
1472 958 1506 984 et
1531 957 1672 984 tenetur
1691 961 1774 984 ven-

209 1005 302 1038 ditor
324 1004 366 1038 ad
386 1004 510 1038 damni
531 1003 930 1049 recompensationem:
953 1003 980 1036 si
996 1014 1083 1036 vero
1106 1003 1232 1036 vitium
1255 1003 1298 1037 sit
1317 1002 1563 1045 manifestum,
1585 1010 1670 1049 puta
1689 1014 1772 1037 cum

209 1069 320 1104 equus
343 1066 396 1091 est
416 1056 646 1098 monoculus,
676 1056 734 1090 vel
757 1068 839 1090 cum
865 1067 950 1090 usus
972 1057 1020 1089 rei
1044 1057 1109 1090 etsi
1130 1067 1204 1090 non
1235 1064 1419 1102 competat
1444 1056 1634 1098 venditori,
1655 1064 1775 1101 potest

208 1119 330 1145 tamen
354 1122 430 1145 esse
454 1110 674 1144 conveniens
701 1109 790 1151 aliis,
814 1117 847 1143 et
868 1110 897 1143 si
918 1109 994 1154 ipse
1024 1117 1170 1156 propter
1190 1109 1402 1154 hujusmodi
1433 1111 1563 1144 vitium
1585 1109 1772 1144 subtrahat

208 1172 382 1210 quantum
410 1171 553 1210 oportet
574 1163 616 1197 de
643 1163 770 1209 pretio,
792 1173 866 1196 non
887 1170 1030 1196 tenetur
1052 1163 1095 1196 ad
1123 1162 1429 1196 manifestandum
1450 1163 1577 1196 vitium
1599 1164 1666 1197 rei:
1690 1163 1773 1209 quia

210 1217 299 1252 forte
318 1226 464 1264 propter
485 1217 695 1262 hujusmodi
716 1217 843 1250 vitium
868 1224 1010 1262 emptor
1031 1216 1140 1250 vellet
1161 1217 1240 1262 plus
1263 1216 1425 1250 subtrahi
1447 1217 1489 1250 de
1511 1217 1638 1263 pretio,
1661 1228 1772 1263 quam

209 1280 303 1306 esset
329 1271 633 1312 subtrahendum3
656 1270 750 1303 unde
771 1277 890 1315 potest
910 1269 1008 1304 licite
1030 1270 1197 1304 venditor
1218 1270 1445 1304 indemnitati
1464 1281 1549 1304 suae
1571 1269 1773 1312 consulere,

208 1325 337 1358 vitium
359 1325 409 1358 rei
425 1323 622 1358 reticendo.

280 1379 339 1411 AD
366 1388 514 1412 PRIMUM
542 1388 628 1422 ergo
656 1376 861 1418 dicendum,
888 1376 984 1421 quod
1013 1376 1187 1421 judicium
1215 1387 1288 1410 non
1318 1384 1438 1422 potest
1465 1376 1551 1418 fieri,
1573 1377 1642 1411 nisi
1663 1376 1706 1411 de
1735 1388 1773 1410 re

210 1431 417 1465 manifesta:
441 1430 686 1476 unusquisque
716 1430 812 1463 enim
842 1429 989 1475 judicat,
1019 1429 1219 1463 secundum
1242 1430 1339 1475 quod
1362 1430 1563 1475 cognoscit,
1586 1437 1623 1463 ut
1645 1430 1774 1464 dicitur

209 1485 245 1518 in
272 1496 299 1518 1.
321 1484 438 1518 Ethic.
462 1485 550 1530 (cap.
572 1485 645 1528 4.),·
670 1483 764 1516 unde
786 1483 816 1516 si
840 1483 925 1516 vitia
948 1483 1011 1526 rei,
1041 1494 1132 1528 quae
1161 1483 1351 1517 vendenda
1381 1483 1604 1529 proponitur,
1627 1483 1697 1517 sint
1718 1494 1775 1517 oc-

211 1538 318 1580 culta,
349 1538 417 1572 nisi
447 1549 510 1584 per
537 1537 766 1571 venditorem
788 1535 1073 1578 manifestentur,
1095 1547 1169 1570 non
1200 1535 1418 1570 sufficienter
1440 1536 1678 1570 committitur
1703 1547 1776 1570 em-

210 1592 303 1638 ptori
324 1591 516 1637 judicium:
539 1602 642 1624 secus
665 1598 786 1624 autem
809 1597 913 1631 esset,
933 1589 962 1624 si
982 1598 1100 1624 essent
1120 1590 1207 1623 vitia
1229 1589 1428 1623 manifesta.

282 1645 341 1678 An
365 1654 572 1678 SECUNDUM
596 1644 802 1684 dicendum,
825 1643 921 1689 quod
943 1654 1017 1677 non
1040 1651 1182 1689 oportet
1205 1643 1300 1688 quod
1324 1642 1451 1689 aliquis
1469 1654 1533 1689 per
1554 1653 1774 1689 praeconem

211 1698 337 1732 vitium
360 1697 409 1731 rei
432 1696 644 1731 vendendae
667 1697 910 1742 praenuntiet:
941 1697 1025 1742 quia
1054 1696 1083 1730 si
1104 1696 1327 1742 praediceret
1347 1696 1488 1738 vitium,
1515 1704 1775 1731 exterrerentur

212 1759 394 1797 emptores
418 1751 458 1784 ab
483 1750 650 1792 emendo,
674 1750 759 1783 dum
782 1749 989 1795 ignorarent
1012 1749 1099 1783 alias
1119 1749 1346 1783 conditiones
1371 1749 1434 1791 rei,
1461 1749 1660 1784 secundum
1687 1760 1774 1795 quas

213 1813 265 1838 est
285 1805 392 1845 bona,
416 1812 450 1838 et
471 1803 585 1837 utilis:
610 1802 671 1837 sed
693 1802 922 1848 singulariter
944 1811 996 1836 est
1014 1803 1208 1837 dicendum
1230 1802 1357 1836 vitium
1380 1803 1432 1837 rei
1449 1803 1492 1844 ei,
1509 1803 1569 1849 qui
1585 1803 1627 1836 ad
1656 1814 1776 1837 ernen-

213 1858 299 1891 dum
331 1857 480 1898 accedit,
509 1857 569 1903 qui
599 1864 717 1902 potest
747 1855 855 1890 simul
885 1867 1012 1890 omnes
1044 1856 1270 1890 conditiones
1302 1856 1526 1890 adinvicem
1549 1867 1774 1902 comparare,

212 1911 336 1952 bonas,
360 1919 393 1945 et
415 1910 548 1944 malas:
571 1909 662 1943 nihil
684 1909 781 1943 enim
802 1909 980 1955 prohibet,
1002 1920 1079 1943 rem
1101 1910 1137 1943 in
1157 1909 1277 1955 aliquo
1291 1909 1472 1951 vitiosam,
1494 1909 1530 1943 in
1548 1909 1669 1944 multis
1697 1909 1775 1944 aliis

214 1963 338 1997 utilem
362 1974 449 1998 esse.

284 2018 343 2051 AD
374 2027 545 2052 TERTmM
576 2017 780 2058 dicendum,
808 2016 905 2063 quod
935 2017 1099 2062 quamvis
1128 2016 1243 2050 homo
1272 2027 1345 2049 non
1379 2023 1542 2050 teneatur
1563 2015 1776 2062 simpliciter

215 2072 315 2105 omni
344 2065 485 2105 liomini
516 2071 634 2104 dicere
664 2071 854 2104 veritatem
883 2070 925 2104 de
947 2070 1014 2111 his,
1044 2080 1134 2115 quae
1164 2069 1344 2114 pertinent
1373 2069 1415 2103 ad
1445 2069 1605 2111 virtutes,
1635 2077 1776 2103 tenetur

213 2134 336 2158 tamen
358 2125 394 2158 in
414 2135 498 2158 casu
518 2123 579 2158 illo
603 2124 646 2157 de
667 2124 724 2158 his
746 2124 864 2158 dicere
885 2124 1086 2164 veritatem,
1109 2122 1252 2168 quando
1275 2134 1317 2156 ex
1339 2123 1415 2168 ejus
1436 2122 1532 2156 facto
1560 2122 1662 2156 alteri
1687 2122 1776 2169 peri·
1820 2163 1822 2165 Ι
1858 2147 1859 2171 1

216 2178 338 2212 culum
360 2178 567 2212 immineret
593 2178 629 2211 in
656 2178 912 2212 detrimentum
937 2177 1088 2218 virtutis,
1114 2176 1182 2210 nisi
1204 2176 1338 2210 diceret
1359 2176 1564 2210 veritatem:
1589 2183 1623 2210 et
1645 2176 1695 2210 sic
1723 2183 1775 2210 est

216 2233 250 2266 in
272 2231 470 2278 proposito.

287 2286 346 2319 AD
370 2294 557 2323 QUARTUM
583 2284 786 2325 dicendum,
818 2283 914 2329 quod
936 2283 1063 2316 vitium
1085 2282 1135 2316 rei
1156 2282 1242 2316 facit
1263 2294 1339 2316 rem
1361 2282 1397 2316 in
1419 2282 1599 2327 praesenti
1614 2293 1691 2316 esse
1713 2281 1776 2316 mi-
1820 2279 1821 2282 ’
1855 2282 1859 2299 ”

216 2339 313 2372 noris
334 2337 479 2379 valoris,
502 2348 611 2382 quam
632 2337 812 2370 videatur:
835 2336 896 2370 sed
918 2336 953 2369 in
977 2347 1060 2370 casu
1076 2336 1287 2382 praemisso,
1307 2336 1341 2369 in
1358 2335 1517 2369 futurum
1543 2346 1598 2369 res
1614 2343 1776 2381 expecta-

215 2401 272 2426 tur
302 2402 378 2426 esse
407 2390 558 2425 minoris
586 2389 718 2423 valoris
746 2400 809 2435 per
837 2397 1093 2435 superventum
1114 2389 1397 2434 negotiatorum,
1421 2389 1481 2434 qui
1503 2388 1545 2422 ab
1573 2388 1774 2423 ementibus

216 2446 419 2491 ignoratum
450 2443 544 2477 unde
573 2443 751 2484 venditor,
780 2442 839 2488 qui
865 2442 986 2476 vendit
1007 2454 1084 2476 rem
1106 2443 1304 2476 secundum
1326 2442 1480 2488 pretium
1504 2442 1600 2487 quod
1627 2442 1774 2483 invenit,
1812 2479 1814 2482 ¹

216 2510 289 2532 non
307 2498 446 2532 videtur
469 2505 594 2530 contra
615 2496 787 2541 justitiam
808 2494 937 2537 facere,
960 2496 989 2529 si
1010 2495 1106 2542 quod
1128 2495 1286 2529 futurum
1309 2503 1362 2529 est
1379 2506 1452 2529 non
1475 2503 1645 2541 exponat:
1673 2495 1702 2530 si
1727 2503 1775 2529 ta-

217 2563 299 2586 men
316 2557 520 2597 exponeret,
534 2549 591 2584 vel
606 2550 648 2583 de
667 2549 780 2595 pretio
796 2549 1030 2591 subtraheret,
1047 2549 1315 2583 abundantioris
1330 2556 1421 2583 esset
1437 2549 1592 2584 virtutis:
1609 2548 1774 2595 quamvis
1813 2581 1818 2595 Ι,

218 2606 259 2638 ad
281 2605 351 2638 hoc
372 2615 444 2638 non
467 2604 630 2638 videatur
649 2603 760 2637 teneri
784 2613 825 2636 ex
851 2602 1005 2648 justitiae
1027 2602 1158 2636 debito.
