<?xml version="1.0" encoding="UTF-8"?>
<!DOCTYPE html PUBLIC "-//W3C//DTD XHTML 1.0 Transitional//EN"
    "http://www.w3.org/TR/xhtml1/DTD/xhtml1-transitional.dtd">
<html xmlns="http://www.w3.org/1999/xhtml" xml:lang="en" lang="en">
 <head>
  <title>
</title>
<meta http-equiv="Content-Type" content="text/html;charset=utf-8" />
  <meta name='ocr-system' content='tesseract 3.04.00' />
  <meta name='ocr-capabilities' content='ocr_page ocr_carea ocr_par ocr_line ocrx_word'/>
</head>
<body>
  <div class='ocr_page' id='page_1' title='image "./divithomaeaquina03thomuoft_0617.png"; bbox 0 0 1859 3122; ppageno 0'>
   <div class='ocr_carea' id='block_1_1' title="bbox 500 138 1664 192">
    <p class='ocr_par' dir='ltr' id='par_1_1' title="bbox 500 138 1664 192">
     <span class='ocr_line' id='line_1_1' title="bbox 500 138 1664 192; baseline -0.003 -10"><span class='ocrx_word' id='word_1_1' title='bbox 500 151 721 188; x_wconf 73' lang='lat' dir='ltr'>QUAEsrto</span> <span class='ocrx_word' id='word_1_2' title='bbox 755 151 930 182; x_wconf 78' lang='lat' dir='ltr'>LXXXVI.</span> <span class='ocrx_word' id='word_1_3' title='bbox 963 150 1207 182; x_wconf 83' lang='lat' dir='ltr'><strong>ARTICULUS</strong></span> <span class='ocrx_word' id='word_1_4' title='bbox 1240 150 1268 179; x_wconf 89' lang='lat'>1.</span> <span class='ocrx_word' id='word_1_5' title='bbox 1583 138 1664 192; x_wconf 85' lang='lat'>609</span> 
     </span>
    </p>
   </div>
   <div class='ocr_carea' id='block_1_2' title="bbox 112 234 1668 377">
    <p class='ocr_par' dir='ltr' id='par_1_2' title="bbox 112 234 1668 377">
     <span class='ocr_line' id='line_1_2' title="bbox 184 234 951 281; baseline -0.001 -12"><span class='ocrx_word' id='word_1_6' title='bbox 184 234 320 269; x_wconf 87' lang='lat' dir='ltr'>Tertio.</span> <span class='ocrx_word' id='word_1_7' title='bbox 339 234 395 269; x_wconf 89' lang='lat' dir='ltr'>De</span> <span class='ocrx_word' id='word_1_8' title='bbox 417 234 544 281; x_wconf 90' lang='lat' dir='ltr'>quibus</span> <span class='ocrx_word' id='word_1_9' title='bbox 565 234 669 269; x_wconf 91' lang='lat' dir='ltr'>rebus</span> <span class='ocrx_word' id='word_1_10' title='bbox 691 234 766 269; x_wconf 84' lang='lat' dir='ltr'>fieri</span> <span class='ocrx_word' id='word_1_11' title='bbox 789 234 951 269; x_wconf 88' lang='lat' dir='ltr'>debeant.</span> 
     </span>
     <span class='ocr_line' id='line_1_3' title="bbox 185 284 1668 335; baseline -0.003 -12"><span class='ocrx_word' id='word_1_12' title='bbox 185 288 326 329; x_wconf 79' lang='lat' dir='ltr'>Quarto</span> <span class='ocrx_word' id='word_1_13' title='bbox 347 287 548 335; x_wconf 80' lang='lat' dir='ltr'>specialiter</span> <span class='ocrx_word' id='word_1_14' title='bbox 569 288 612 323; x_wconf 88' lang='lat' dir='ltr'>de</span> <span class='ocrx_word' id='word_1_15' title='bbox 634 287 876 323; x_wconf 77' lang='lat' dir='ltr'>oblationibus</span> <span class='ocrx_word' id='word_1_16' title='bbox 897 287 1152 334; x_wconf 84' lang='lat' dir='ltr'>primitiarum:</span> <span class='ocrx_word' id='word_1_17' title='bbox 1173 294 1292 321; x_wconf 87' lang='lat' dir='ltr'>utrum</span> <span class='ocrx_word' id='word_1_18' title='bbox 1312 286 1354 320; x_wconf 88' lang='lat' dir='ltr'>ad</span> <span class='ocrx_word' id='word_1_19' title='bbox 1369 296 1429 320; x_wconf 86' lang='lat' dir='ltr'>eas</span> <span class='ocrx_word' id='word_1_20' title='bbox 1442 284 1612 320; x_wconf 88' lang='lat' dir='ltr'>homines</span> <span class='ocrx_word' id='word_1_21' title='bbox 1627 296 1668 318; x_wconf 74' lang='lat' dir='ltr'>cx</span> 
     </span>
     <span class='ocr_line' id='line_1_4' title="bbox 112 348 544 377; baseline 0 -1"><span class='ocrx_word' id='word_1_22' title='bbox 112 349 322 377; x_wconf 78' lang='lat' dir='ltr'>necessitate</span> <span class='ocrx_word' id='word_1_23' title='bbox 343 348 544 377; x_wconf 82' lang='lat' dir='ltr'>teneantur.</span> 
     </span>
    </p>
   </div>
   <div class='ocr_carea' id='block_1_3' title="bbox 699 460 1667 512">
    <p class='ocr_par' dir='ltr' id='par_1_3' title="bbox 699 460 1667 512">
     <span class='ocr_line' id='line_1_5' title="bbox 699 460 1667 512; baseline -0.003 -7"><span class='ocrx_word' id='word_1_24' title='bbox 699 460 1043 505; x_wconf 87' lang='lat' dir='ltr'><strong>ARTICULUS</strong></span> <span class='ocrx_word' id='word_1_25' title='bbox 1079 460 1113 502; x_wconf 92' lang='grc' dir='ltr'>Ι.</span> <span class='ocrx_word' id='word_1_26' title='bbox 1600 467 1667 512; x_wconf 82' lang='lat'>462</span> 
     </span>
    </p>
   </div>
   <div class='ocr_carea' id='block_1_4' title="bbox 360 561 1432 659">
    <p class='ocr_par' dir='ltr' id='par_1_4' title="bbox 360 561 1432 659">
     <span class='ocr_line' id='line_1_6' title="bbox 360 561 1432 594; baseline -0.004 -1"><span class='ocrx_word' id='word_1_27' title='bbox 360 563 512 593; x_wconf 80' lang='lat' dir='ltr'><strong>UTRUM</strong></span> <span class='ocrx_word' id='word_1_28' title='bbox 546 563 739 594; x_wconf 78' lang='lat' dir='ltr'>HOMINES</span> <span class='ocrx_word' id='word_1_29' title='bbox 773 564 1036 593; x_wconf 75' lang='lat' dir='ltr'>TENEANTUR</span> <span class='ocrx_word' id='word_1_30' title='bbox 1068 562 1125 591; x_wconf 88' lang='lat' dir='ltr'>AD</span> <span class='ocrx_word' id='word_1_31' title='bbox 1161 561 1432 591; x_wconf 79' lang='lat' dir='ltr'>OBLATIONES</span> 
     </span>
     <span class='ocr_line' id='line_1_7' title="bbox 555 627 1220 659; baseline -0.005 -1"><span class='ocrx_word' id='word_1_32' title='bbox 555 629 610 658; x_wconf 90' lang='lat' dir='ltr'>EX</span> <span class='ocrx_word' id='word_1_33' title='bbox 641 629 936 659; x_wconf 77' lang='lat' dir='ltr'>NECESSITATE</span> <span class='ocrx_word' id='word_1_34' title='bbox 968 627 1220 657; x_wconf 82' lang='lat' dir='ltr'>PRAECEPTI.</span> 
     </span>
    </p>
   </div>
   <div class='ocr_carea' id='block_1_5' title="bbox 111 709 1674 2900">
    <p class='ocr_par' dir='ltr' id='par_1_5' title="bbox 112 709 1671 1083">
     <span class='ocr_line' id='line_1_8' title="bbox 183 709 1671 760; baseline -0.003 -11"><span class='ocrx_word' id='word_1_35' title='bbox 183 714 243 748; x_wconf 88' lang='lat' dir='ltr'>AD</span> <span class='ocrx_word' id='word_1_36' title='bbox 264 725 412 749; x_wconf 66' lang='lat' dir='ltr'>muitum</span> <span class='ocrx_word' id='word_1_37' title='bbox 434 715 483 749; x_wconf 89' lang='lat' dir='ltr'>sic</span> <span class='ocrx_word' id='word_1_38' title='bbox 505 715 719 760; x_wconf 79' lang='lat' dir='ltr'><strong>proceditur.</strong></span> <span class='ocrx_word' id='word_1_39' title='bbox 742 714 903 756; x_wconf 84' lang='lat' dir='ltr'>Videtur,</span> <span class='ocrx_word' id='word_1_40' title='bbox 927 713 1023 759; x_wconf 87' lang='lat' dir='ltr'>quod</span> <span class='ocrx_word' id='word_1_41' title='bbox 1041 713 1209 747; x_wconf 85' lang='lat' dir='ltr'>homines</span> <span class='ocrx_word' id='word_1_42' title='bbox 1224 723 1298 746; x_wconf 91' lang='lat' dir='ltr'>non</span> <span class='ocrx_word' id='word_1_43' title='bbox 1313 719 1501 746; x_wconf 86' lang='lat' dir='ltr'>teneantur</span> <span class='ocrx_word' id='word_1_44' title='bbox 1516 710 1559 744; x_wconf 91' lang='lat' dir='ltr'>ad</span> <span class='ocrx_word' id='word_1_45' title='bbox 1574 709 1671 744; x_wconf 90' lang='lat' dir='ltr'>obla-</span> 
     </span>
     <span class='ocr_line' id='line_1_9' title="bbox 113 763 1671 815; baseline -0.004 -13"><span class='ocrx_word' id='word_1_46' title='bbox 113 767 230 802; x_wconf 82' lang='lat' dir='ltr'><strong>tiones</strong></span> <span class='ocrx_word' id='word_1_47' title='bbox 252 780 292 803; x_wconf 79' lang='lat' dir='ltr'>ex</span> <span class='ocrx_word' id='word_1_48' title='bbox 314 769 527 803; x_wconf 83' lang='lat' dir='ltr'>necessitate</span> <span class='ocrx_word' id='word_1_49' title='bbox 557 768 756 815; x_wconf 80' lang='lat' dir='ltr'>praecepti:</span> <span class='ocrx_word' id='word_1_50' title='bbox 787 779 861 802; x_wconf 90' lang='lat' dir='ltr'>non</span> <span class='ocrx_word' id='word_1_51' title='bbox 892 768 989 802; x_wconf 89' lang='lat' dir='ltr'>enim</span> <span class='ocrx_word' id='word_1_52' title='bbox 1020 767 1188 800; x_wconf 85' lang='lat' dir='ltr'>homines</span> <span class='ocrx_word' id='word_1_53' title='bbox 1217 773 1381 811; x_wconf 87' lang='lat' dir='ltr'>tempore</span> <span class='ocrx_word' id='word_1_54' title='bbox 1411 763 1598 810; x_wconf 82' lang='lat' dir='ltr'>Evangelii</span> <span class='ocrx_word' id='word_1_55' title='bbox 1623 771 1671 797; x_wconf 92' lang='lat' dir='ltr'>te-</span> 
     </span>
     <span class='ocr_line' id='line_1_10' title="bbox 112 817 1670 867; baseline -0.004 -10"><span class='ocrx_word' id='word_1_56' title='bbox 112 830 242 856; x_wconf 81' lang='lat' dir='ltr'>nentur</span> <span class='ocrx_word' id='word_1_57' title='bbox 261 823 303 856; x_wconf 87' lang='lat' dir='ltr'>ad</span> <span class='ocrx_word' id='word_1_58' title='bbox 327 823 551 857; x_wconf 81' lang='lat' dir='ltr'>observanda</span> <span class='ocrx_word' id='word_1_59' title='bbox 573 821 853 856; x_wconf 79' lang='lat' dir='ltr'>caeremonialia</span> <span class='ocrx_word' id='word_1_60' title='bbox 865 828 1057 867; x_wconf 85' lang='lat' dir='ltr'>praecepta</span> <span class='ocrx_word' id='word_1_61' title='bbox 1071 819 1201 854; x_wconf 81' lang='lat' dir='ltr'>veteris</span> <span class='ocrx_word' id='word_1_62' title='bbox 1216 819 1316 864; x_wconf 83' lang='lat' dir='ltr'>legis,</span> <span class='ocrx_word' id='word_1_63' title='bbox 1332 826 1370 852; x_wconf 89' lang='lat' dir='ltr'>ut</span> <span class='ocrx_word' id='word_1_64' title='bbox 1387 829 1493 864; x_wconf 87' lang='lat' dir='ltr'>supra</span> <span class='ocrx_word' id='word_1_65' title='bbox 1506 817 1670 851; x_wconf 87' lang='lat' dir='ltr'>habitum</span> 
     </span>
     <span class='ocr_line' id='line_1_11' title="bbox 114 870 1670 923; baseline -0.004 -12"><span class='ocrx_word' id='word_1_66' title='bbox 114 884 167 910; x_wconf 89' lang='lat' dir='ltr'>est</span> <span class='ocrx_word' id='word_1_67' title='bbox 187 878 262 920; x_wconf 83' lang='lat'><em>(1-2.</em></span> <span class='ocrx_word' id='word_1_68' title='bbox 281 888 311 922; x_wconf 79' lang='lat' dir='ltr'>q.</span> <span class='ocrx_word' id='word_1_69' title='bbox 337 887 405 922; x_wconf 77' lang='lat'><em>103.</em></span> <span class='ocrx_word' id='word_1_70' title='bbox 428 881 492 911; x_wconf 79' lang='lat' dir='ltr'>art.</span> <span class='ocrx_word' id='word_1_71' title='bbox 506 889 534 923; x_wconf 88' lang='grc'><em>3.</em></span> <span class='ocrx_word' id='word_1_72' title='bbox 557 881 584 910; x_wconf 77' lang='lat' dir='ltr'>ct</span> <span class='ocrx_word' id='word_1_73' title='bbox 601 877 674 920; x_wconf 77' lang='lat'><em>4.):</em></span> <span class='ocrx_word' id='word_1_74' title='bbox 694 875 755 910; x_wconf 90' lang='lat' dir='ltr'>sed</span> <span class='ocrx_word' id='word_1_75' title='bbox 769 874 970 909; x_wconf 86' lang='lat' dir='ltr'>oblationes</span> <span class='ocrx_word' id='word_1_76' title='bbox 985 873 1113 908; x_wconf 81' lang='lat' dir='ltr'>offerre</span> <span class='ocrx_word' id='word_1_77' title='bbox 1128 872 1272 918; x_wconf 89' lang='lat' dir='ltr'>ponitur</span> <span class='ocrx_word' id='word_1_78' title='bbox 1285 872 1377 906; x_wconf 90' lang='lat' dir='ltr'>inter</span> <span class='ocrx_word' id='word_1_79' title='bbox 1392 870 1670 906; x_wconf 77' lang='lat' dir='ltr'>caeremonialia</span> 
     </span>
     <span class='ocr_line' id='line_1_12' title="bbox 113 925 1671 976; baseline -0.003 -13"><span class='ocrx_word' id='word_1_80' title='bbox 113 937 303 976; x_wconf 88' lang='lat' dir='ltr'>praecepta</span> <span class='ocrx_word' id='word_1_81' title='bbox 324 930 454 964; x_wconf 87' lang='lat' dir='ltr'>veteris</span> <span class='ocrx_word' id='word_1_82' title='bbox 475 929 583 976; x_wconf 86' lang='lat' dir='ltr'>legis:</span> <span class='ocrx_word' id='word_1_83' title='bbox 611 929 738 963; x_wconf 87' lang='lat' dir='ltr'>dicitur</span> <span class='ocrx_word' id='word_1_84' title='bbox 765 930 861 963; x_wconf 90' lang='lat' dir='ltr'>enim</span> <span class='ocrx_word' id='word_1_85' title='bbox 889 927 1003 963; x_wconf 77' lang='lat' dir='ltr'>Exod.</span> <span class='ocrx_word' id='word_1_86' title='bbox 1034 937 1107 973; x_wconf 82' lang='lat'>23.:</span> <span class='ocrx_word' id='word_1_87' title='bbox 1141 927 1262 961; x_wconf 77' lang='lat' dir='ltr'>Tribus</span> <span class='ocrx_word' id='word_1_88' title='bbox 1290 926 1417 961; x_wconf 78' lang='lat' dir='ltr'>vicibus</span> <span class='ocrx_word' id='word_1_89' title='bbox 1441 931 1504 972; x_wconf 69' lang='lat' dir='ltr'>per</span> <span class='ocrx_word' id='word_1_90' title='bbox 1529 925 1671 970; x_wconf 78' lang='lat' dir='ltr'>singulos</span> 
     </span>
     <span class='ocr_line' id='line_1_13' title="bbox 113 980 1668 1029; baseline -0.003 -13"><span class='ocrx_word' id='word_1_91' title='bbox 113 994 215 1018; x_wconf 78' lang='lat' dir='ltr'>annos</span> <span class='ocrx_word' id='word_1_92' title='bbox 237 984 416 1029; x_wconf 66' lang='lat' dir='ltr'>mihisasta</span> <span class='ocrx_word' id='word_1_93' title='bbox 434 983 653 1024; x_wconf 48' lang='lat' dir='ltr'>celebrabili&amp;</span> <span class='ocrx_word' id='word_1_94' title='bbox 677 991 712 1017; x_wconf 88' lang='lat' dir='ltr'>et</span> <span class='ocrx_word' id='word_1_95' title='bbox 732 990 859 1029; x_wconf 86' lang='lat' dir='ltr'>postea</span> <span class='ocrx_word' id='word_1_96' title='bbox 879 981 1058 1016; x_wconf 82' lang='lat' dir='ltr'>subditur:</span> <span class='ocrx_word' id='word_1_97' title='bbox 1081 980 1158 1015; x_wconf 72' lang='lat' dir='ltr'>Non</span> <span class='ocrx_word' id='word_1_98' title='bbox 1178 980 1352 1027; x_wconf 67' lang='lat' dir='ltr'>apparebis</span> <span class='ocrx_word' id='word_1_99' title='bbox 1364 980 1401 1013; x_wconf 79' lang='lat' dir='ltr'>in</span> <span class='ocrx_word' id='word_1_100' title='bbox 1416 983 1585 1025; x_wconf 76' lang='lat' dir='ltr'>conspectu</span> <span class='ocrx_word' id='word_1_101' title='bbox 1599 989 1668 1012; x_wconf 74' lang='lat' dir='ltr'>mco</span> 
     </span>
     <span class='ocr_line' id='line_1_14' title="bbox 112 1032 1669 1083; baseline -0.004 -12"><span class='ocrx_word' id='word_1_102' title='bbox 112 1048 250 1078; x_wconf 44' lang='lat' dir='ltr'>vacuus</span> <span class='ocrx_word' id='word_1_103' title='bbox 264 1048 349 1083; x_wconf 83' lang='lat' dir='ltr'>ergo</span> <span class='ocrx_word' id='word_1_104' title='bbox 366 1037 408 1071; x_wconf 85' lang='lat' dir='ltr'>ad</span> <span class='ocrx_word' id='word_1_105' title='bbox 420 1036 621 1071; x_wconf 88' lang='lat' dir='ltr'>oblationes</span> <span class='ocrx_word' id='word_1_106' title='bbox 636 1048 710 1072; x_wconf 92' lang='lat' dir='ltr'>non</span> <span class='ocrx_word' id='word_1_107' title='bbox 724 1044 890 1071; x_wconf 86' lang='lat' dir='ltr'>tenentur</span> <span class='ocrx_word' id='word_1_108' title='bbox 904 1047 999 1070; x_wconf 90' lang='lat' dir='ltr'>nunc</span> <span class='ocrx_word' id='word_1_109' title='bbox 1014 1034 1181 1069; x_wconf 81' lang='lat' dir='ltr'>homines</span> <span class='ocrx_word' id='word_1_110' title='bbox 1195 1046 1236 1068; x_wconf 78' lang='lat' dir='ltr'>ex</span> <span class='ocrx_word' id='word_1_111' title='bbox 1250 1033 1461 1068; x_wconf 77' lang='lat' dir='ltr'>necessitate</span> <span class='ocrx_word' id='word_1_112' title='bbox 1477 1032 1669 1078; x_wconf 81' lang='lat' dir='ltr'>praecepti.</span> 
     </span>
    </p>

    <p class='ocr_par' dir='ltr' id='par_1_6' title="bbox 111 1085 1671 1352">
     <span class='ocr_line' id='line_1_15' title="bbox 183 1085 1671 1136; baseline -0.004 -12"><span class='ocrx_word' id='word_1_113' title='bbox 183 1100 215 1124; x_wconf 89' lang='lat'>2.</span> <span class='ocrx_word' id='word_1_114' title='bbox 237 1090 472 1126; x_wconf 76' lang='lat' dir='ltr'>PRAETEREA.</span> <span class='ocrx_word' id='word_1_115' title='bbox 497 1090 724 1132; x_wconf 78' lang='lat' dir='ltr'>Oblationes,</span> <span class='ocrx_word' id='word_1_116' title='bbox 751 1098 944 1136; x_wconf 82' lang='lat' dir='ltr'>antequam</span> <span class='ocrx_word' id='word_1_117' title='bbox 971 1088 1068 1130; x_wconf 84' lang='lat' dir='ltr'>fiant,</span> <span class='ocrx_word' id='word_1_118' title='bbox 1094 1089 1130 1121; x_wconf 88' lang='lat' dir='ltr'>in</span> <span class='ocrx_word' id='word_1_119' title='bbox 1157 1087 1342 1121; x_wconf 86' lang='lat' dir='ltr'>voluntate</span> <span class='ocrx_word' id='word_1_120' title='bbox 1368 1086 1528 1121; x_wconf 85' lang='lat' dir='ltr'>hominis</span> <span class='ocrx_word' id='word_1_121' title='bbox 1556 1085 1671 1119; x_wconf 87' lang='lat' dir='ltr'>consi-</span> 
     </span>
     <span class='ocr_line' id='line_1_16' title="bbox 112 1140 1670 1190; baseline -0.004 -12"><span class='ocrx_word' id='word_1_122' title='bbox 112 1151 227 1186; x_wconf 80' lang='lat' dir='ltr'>stunt3</span> <span class='ocrx_word' id='word_1_123' title='bbox 248 1151 286 1177; x_wconf 85' lang='lat' dir='ltr'>ut</span> <span class='ocrx_word' id='word_1_124' title='bbox 306 1143 447 1178; x_wconf 82' lang='lat' dir='ltr'>videtur</span> <span class='ocrx_word' id='word_1_125' title='bbox 467 1155 530 1190; x_wconf 86' lang='lat' dir='ltr'>per</span> <span class='ocrx_word' id='word_1_126' title='bbox 549 1144 621 1178; x_wconf 90' lang='lat' dir='ltr'>hoc</span> <span class='ocrx_word' id='word_1_127' title='bbox 644 1144 740 1190; x_wconf 87' lang='lat' dir='ltr'>quod</span> <span class='ocrx_word' id='word_1_128' title='bbox 762 1144 942 1178; x_wconf 88' lang='lat' dir='ltr'>Dominus</span> <span class='ocrx_word' id='word_1_129' title='bbox 958 1142 1053 1183; x_wconf 89' lang='lat' dir='ltr'>dicit,</span> <span class='ocrx_word' id='word_1_130' title='bbox 1076 1142 1202 1175; x_wconf 75' lang='lat' dir='ltr'>Matth.</span> <span class='ocrx_word' id='word_1_131' title='bbox 1228 1152 1273 1186; x_wconf 79' lang='lat'>5.:</span> <span class='ocrx_word' id='word_1_132' title='bbox 1293 1141 1328 1175; x_wconf 73' lang='lat' dir='ltr'>Si</span> <span class='ocrx_word' id='word_1_133' title='bbox 1342 1140 1434 1186; x_wconf 71' lang='lat' dir='ltr'>offers</span> <span class='ocrx_word' id='word_1_134' title='bbox 1447 1151 1564 1174; x_wconf 73' lang='lat' dir='ltr'>munus</span> <span class='ocrx_word' id='word_1_135' title='bbox 1579 1144 1670 1173; x_wconf 74' lang='lat' dir='ltr'>tuum</span> 
     </span>
     <span class='ocr_line' id='line_1_17' title="bbox 111 1192 1671 1243; baseline -0.003 -12"><span class='ocrx_word' id='word_1_136' title='bbox 111 1196 154 1231; x_wconf 82' lang='lat' dir='ltr'>ad</span> <span class='ocrx_word' id='word_1_137' title='bbox 174 1197 288 1239; x_wconf 75' lang='lat' dir='ltr'>altare,</span> <span class='ocrx_word' id='word_1_138' title='bbox 311 1197 413 1243; x_wconf 82' lang='lat' dir='ltr'>quasi</span> <span class='ocrx_word' id='word_1_139' title='bbox 434 1197 504 1231; x_wconf 92' lang='lat' dir='ltr'>hoc</span> <span class='ocrx_word' id='word_1_140' title='bbox 528 1198 672 1232; x_wconf 86' lang='lat' dir='ltr'>arbitrio</span> <span class='ocrx_word' id='word_1_141' title='bbox 696 1197 926 1232; x_wconf 86' lang='lat' dir='ltr'>offerentium</span> <span class='ocrx_word' id='word_1_142' title='bbox 947 1195 1186 1241; x_wconf 82' lang='lat' dir='ltr'>relinquatur:</span> <span class='ocrx_word' id='word_1_143' title='bbox 1210 1202 1403 1241; x_wconf 82' lang='lat' dir='ltr'>postquam</span> <span class='ocrx_word' id='word_1_144' title='bbox 1423 1201 1543 1228; x_wconf 88' lang='lat' dir='ltr'>autem</span> <span class='ocrx_word' id='word_1_145' title='bbox 1572 1192 1671 1226; x_wconf 84' lang='lat' dir='ltr'>obla-</span> 
     </span>
     <span class='ocr_line' id='line_1_18' title="bbox 113 1246 1670 1294; baseline -0.003 -10"><span class='ocrx_word' id='word_1_146' title='bbox 113 1250 227 1285; x_wconf 88' lang='lat' dir='ltr'>tiones</span> <span class='ocrx_word' id='word_1_147' title='bbox 249 1258 330 1285; x_wconf 84' lang='lat' dir='ltr'>sunt</span> <span class='ocrx_word' id='word_1_148' title='bbox 350 1250 477 1293; x_wconf 90' lang='lat' dir='ltr'>factae,</span> <span class='ocrx_word' id='word_1_149' title='bbox 499 1263 573 1285; x_wconf 91' lang='lat' dir='ltr'>non</span> <span class='ocrx_word' id='word_1_150' title='bbox 595 1260 704 1286; x_wconf 88' lang='lat' dir='ltr'>restat</span> <span class='ocrx_word' id='word_1_151' title='bbox 724 1251 826 1286; x_wconf 88' lang='lat' dir='ltr'>locus</span> <span class='ocrx_word' id='word_1_152' title='bbox 848 1253 976 1286; x_wconf 82' lang='lat' dir='ltr'>iterato</span> <span class='ocrx_word' id='word_1_153' title='bbox 1005 1249 1180 1284; x_wconf 85' lang='lat' dir='ltr'>offerendi</span> <span class='ocrx_word' id='word_1_154' title='bbox 1205 1260 1285 1291; x_wconf 88' lang='lat' dir='ltr'>eas;</span> <span class='ocrx_word' id='word_1_155' title='bbox 1316 1260 1402 1294; x_wconf 83' lang='lat' dir='ltr'>ergo</span> <span class='ocrx_word' id='word_1_156' title='bbox 1431 1247 1532 1282; x_wconf 86' lang='lat' dir='ltr'>nullo</span> <span class='ocrx_word' id='word_1_157' title='bbox 1559 1246 1670 1281; x_wconf 86' lang='lat' dir='ltr'>modo</span> 
     </span>
     <span class='ocr_line' id='line_1_19' title="bbox 113 1303 1201 1352; baseline -0.002 -14"><span class='ocrx_word' id='word_1_158' title='bbox 113 1303 240 1350; x_wconf 89' lang='lat' dir='ltr'>aliquis</span> <span class='ocrx_word' id='word_1_159' title='bbox 262 1315 304 1338; x_wconf 80' lang='lat' dir='ltr'>ex</span> <span class='ocrx_word' id='word_1_160' title='bbox 325 1305 538 1340; x_wconf 81' lang='lat' dir='ltr'>necessitate</span> <span class='ocrx_word' id='word_1_161' title='bbox 560 1305 741 1352; x_wconf 83' lang='lat' dir='ltr'>praecepti</span> <span class='ocrx_word' id='word_1_162' title='bbox 764 1305 806 1339; x_wconf 88' lang='lat' dir='ltr'>ad</span> <span class='ocrx_word' id='word_1_163' title='bbox 826 1305 1029 1339; x_wconf 89' lang='lat' dir='ltr'>oblationes</span> <span class='ocrx_word' id='word_1_164' title='bbox 1051 1311 1201 1337; x_wconf 89' lang='lat' dir='ltr'>tenetur.</span> 
     </span>
    </p>

    <p class='ocr_par' dir='ltr' id='par_1_7' title="bbox 111 1354 1673 1768">
     <span class='ocr_line' id='line_1_20' title="bbox 186 1354 1670 1405; baseline -0.002 -14"><span class='ocrx_word' id='word_1_165' title='bbox 186 1369 215 1404; x_wconf 80' lang='lat'>3.</span> <span class='ocrx_word' id='word_1_166' title='bbox 230 1358 464 1393; x_wconf 72' lang='lat' dir='ltr'>PRAETEREA.</span> <span class='ocrx_word' id='word_1_167' title='bbox 481 1358 714 1405; x_wconf 84' lang='lat' dir='ltr'>Quicumque</span> <span class='ocrx_word' id='word_1_168' title='bbox 730 1359 863 1404; x_wconf 86' lang='lat' dir='ltr'>aliquid</span> <span class='ocrx_word' id='word_1_169' title='bbox 876 1366 1018 1393; x_wconf 87' lang='lat' dir='ltr'>tenetur</span> <span class='ocrx_word' id='word_1_170' title='bbox 1032 1357 1180 1391; x_wconf 81' lang='lat' dir='ltr'>reddere</span> <span class='ocrx_word' id='word_1_171' title='bbox 1195 1355 1390 1398; x_wconf 85' lang='lat' dir='ltr'>Ecclesiae,</span> <span class='ocrx_word' id='word_1_172' title='bbox 1406 1355 1435 1389; x_wconf 93' lang='lat' dir='ltr'>si</span> <span class='ocrx_word' id='word_1_173' title='bbox 1449 1366 1522 1388; x_wconf 90' lang='lat' dir='ltr'>non</span> <span class='ocrx_word' id='word_1_174' title='bbox 1536 1354 1670 1396; x_wconf 86' lang='lat' dir='ltr'>reddat,</span> 
     </span>
     <span class='ocr_line' id='line_1_21' title="bbox 114 1410 1670 1458; baseline -0.002 -13"><span class='ocrx_word' id='word_1_175' title='bbox 114 1419 233 1457; x_wconf 91' lang='lat' dir='ltr'>potest</span> <span class='ocrx_word' id='word_1_176' title='bbox 254 1411 296 1445; x_wconf 84' lang='lat' dir='ltr'>ad</span> <span class='ocrx_word' id='word_1_177' title='bbox 318 1412 354 1445; x_wconf 88' lang='lat' dir='ltr'>id</span> <span class='ocrx_word' id='word_1_178' title='bbox 377 1412 549 1458; x_wconf 88' lang='lat' dir='ltr'>compelli</span> <span class='ocrx_word' id='word_1_179' title='bbox 578 1424 641 1458; x_wconf 87' lang='lat' dir='ltr'>per</span> <span class='ocrx_word' id='word_1_180' title='bbox 667 1413 950 1447; x_wconf 84' lang='lat' dir='ltr'>subtractionem</span> <span class='ocrx_word' id='word_1_181' title='bbox 981 1410 1311 1445; x_wconf 85' lang='lat' dir='ltr'>ecclesiasticorum</span> <span class='ocrx_word' id='word_1_182' title='bbox 1341 1416 1670 1443; x_wconf 85' lang='lat' dir='ltr'>sacramentorum:</span> 
     </span>
     <span class='ocr_line' id='line_1_22' title="bbox 113 1461 1673 1512; baseline -0.002 -14"><span class='ocrx_word' id='word_1_183' title='bbox 113 1465 175 1498; x_wconf 90' lang='lat' dir='ltr'>sed</span> <span class='ocrx_word' id='word_1_184' title='bbox 197 1464 364 1499; x_wconf 86' lang='lat' dir='ltr'>illicitum</span> <span class='ocrx_word' id='word_1_185' title='bbox 386 1465 526 1500; x_wconf 82' lang='lat' dir='ltr'>videtur</span> <span class='ocrx_word' id='word_1_186' title='bbox 551 1466 607 1500; x_wconf 91' lang='lat' dir='ltr'>his</span> <span class='ocrx_word' id='word_1_187' title='bbox 634 1466 695 1512; x_wconf 87' lang='lat' dir='ltr'>qui</span> <span class='ocrx_word' id='word_1_188' title='bbox 721 1465 849 1500; x_wconf 82' lang='lat' dir='ltr'>offerre</span> <span class='ocrx_word' id='word_1_189' title='bbox 875 1464 1067 1505; x_wconf 84' lang='lat' dir='ltr'>noluerint,</span> <span class='ocrx_word' id='word_1_190' title='bbox 1095 1463 1338 1497; x_wconf 83' lang='lat' dir='ltr'>ecclesiastica</span> <span class='ocrx_word' id='word_1_191' title='bbox 1364 1470 1589 1497; x_wconf 85' lang='lat' dir='ltr'>sacramenta</span> <span class='ocrx_word' id='word_1_192' title='bbox 1616 1461 1673 1495; x_wconf 87' lang='lat' dir='ltr'>de-</span> 
     </span>
     <span class='ocr_line' id='line_1_23' title="bbox 111 1516 1672 1564; baseline -0.001 -13"><span class='ocrx_word' id='word_1_193' title='bbox 111 1529 256 1564; x_wconf 86' lang='lat' dir='ltr'>negare,</span> <span class='ocrx_word' id='word_1_194' title='bbox 279 1519 478 1553; x_wconf 86' lang='lat' dir='ltr'>secundum</span> <span class='ocrx_word' id='word_1_195' title='bbox 500 1519 586 1553; x_wconf 85' lang='lat' dir='ltr'>illud</span> <span class='ocrx_word' id='word_1_196' title='bbox 608 1519 806 1557; x_wconf 87' lang='lat' dir='ltr'>Decretum</span> <span class='ocrx_word' id='word_1_197' title='bbox 828 1527 948 1554; x_wconf 74' lang='lat' dir='ltr'>sextae</span> <span class='ocrx_word' id='word_1_198' title='bbox 965 1518 1103 1564; x_wconf 71' lang='lat' dir='ltr'>Synodi</span> <span class='ocrx_word' id='word_1_199' title='bbox 1118 1517 1203 1563; x_wconf 72' lang='lat' dir='ltr'>(scil.</span> <span class='ocrx_word' id='word_1_200' title='bbox 1221 1516 1569 1563; x_wconf 70' lang='lat' dir='ltr'>Comtuntz&#39;nopolit.3.</span> <span class='ocrx_word' id='word_1_201' title='bbox 1589 1519 1672 1549; x_wconf 68' lang='lat' dir='ltr'>etesi</span> 
     </span>
     <span class='ocr_line' id='line_1_24' title="bbox 114 1570 1670 1618; baseline -0.003 -12"><span class='ocrx_word' id='word_1_202' title='bbox 114 1583 187 1606; x_wconf 77' lang='lat' dir='ltr'>can.</span> <span class='ocrx_word' id='word_1_203' title='bbox 209 1584 257 1618; x_wconf 79' lang='lat'>23.</span> <span class='ocrx_word' id='word_1_204' title='bbox 280 1584 318 1606; x_wconf 69' lang='lat' dir='ltr'>ex</span> <span class='ocrx_word' id='word_1_205' title='bbox 339 1572 398 1615; x_wconf 73' lang='lat' dir='ltr'>his,</span> <span class='ocrx_word' id='word_1_206' title='bbox 417 1574 473 1618; x_wconf 77' lang='lat' dir='ltr'>qui</span> <span class='ocrx_word' id='word_1_207' title='bbox 500 1573 654 1607; x_wconf 76' lang='lat' dir='ltr'>Trullani</span> <span class='ocrx_word' id='word_1_208' title='bbox 674 1578 849 1615; x_wconf 64' lang='lat' dir='ltr'>vocantur,</span> <span class='ocrx_word' id='word_1_209' title='bbox 874 1578 952 1607; x_wconf 81' lang='lat' dir='ltr'>tom.</span> <span class='ocrx_word' id='word_1_210' title='bbox 976 1572 1006 1607; x_wconf 83' lang='lat'>6.</span> <span class='ocrx_word' id='word_1_211' title='bbox 1033 1570 1192 1615; x_wconf 55' lang='grc' dir='ltr'>δοκοῦ),</span> <span class='ocrx_word' id='word_1_212' title='bbox 1223 1570 1319 1616; x_wconf 88' lang='lat' dir='ltr'>quod</span> <span class='ocrx_word' id='word_1_213' title='bbox 1346 1570 1498 1604; x_wconf 85' lang='lat' dir='ltr'>habetur</span> <span class='ocrx_word' id='word_1_214' title='bbox 1523 1580 1551 1604; x_wconf 91' lang='lat'>1.</span> <span class='ocrx_word' id='word_1_215' title='bbox 1579 1580 1610 1614; x_wconf 91' lang='lat' dir='ltr'>q.</span> <span class='ocrx_word' id='word_1_216' title='bbox 1642 1579 1670 1602; x_wconf 85' lang='lat'>1.</span> 
     </span>
     <span class='ocr_line' id='line_1_25' title="bbox 114 1624 1673 1672; baseline -0.003 -12"><span class='ocrx_word' id='word_1_217' title='bbox 114 1626 202 1672; x_wconf 83' lang='lat' dir='ltr'>(cap.</span> <span class='ocrx_word' id='word_1_218' title='bbox 224 1627 336 1671; x_wconf 84' lang='lat'><em>100.):</em></span> <span class='ocrx_word' id='word_1_219' title='bbox 362 1638 379 1657; x_wconf 85' lang='lat'>«</span> <span class='ocrx_word' id='word_1_220' title='bbox 400 1625 542 1668; x_wconf 79' lang='lat' dir='ltr'>Nullus,</span> <span class='ocrx_word' id='word_1_221' title='bbox 564 1627 624 1672; x_wconf 91' lang='lat' dir='ltr'>qui</span> <span class='ocrx_word' id='word_1_222' title='bbox 646 1638 787 1661; x_wconf 84' lang='lat' dir='ltr'>sacram</span> <span class='ocrx_word' id='word_1_223' title='bbox 807 1626 1107 1661; x_wconf 87' lang='lat' dir='ltr'>communionem</span> <span class='ocrx_word' id='word_1_224' title='bbox 1125 1624 1316 1670; x_wconf 81' lang='lat' dir='ltr'>dispensat,</span> <span class='ocrx_word' id='word_1_225' title='bbox 1332 1635 1351 1658; x_wconf 88' lang='lat' dir='ltr'>a</span> <span class='ocrx_word' id='word_1_226' title='bbox 1364 1624 1581 1669; x_wconf 88' lang='lat' dir='ltr'>percipiente</span> <span class='ocrx_word' id='word_1_227' title='bbox 1597 1633 1673 1668; x_wconf 80' lang='lat' dir='ltr'>gra-</span> 
     </span>
     <span class='ocr_line' id='line_1_26' title="bbox 116 1675 1672 1726; baseline -0.002 -14"><span class='ocrx_word' id='word_1_228' title='bbox 116 1679 206 1713; x_wconf 88' lang='lat' dir='ltr'>tiam</span> <span class='ocrx_word' id='word_1_229' title='bbox 227 1678 361 1725; x_wconf 89' lang='lat' dir='ltr'>aliquid</span> <span class='ocrx_word' id='word_1_230' title='bbox 376 1679 511 1724; x_wconf 79' lang='lat' dir='ltr'>exigat·</span> <span class='ocrx_word' id='word_1_231' title='bbox 505 1708 512 1722; x_wconf 90' lang='lat'>,</span> <span class='ocrx_word' id='word_1_232' title='bbox 532 1680 561 1714; x_wconf 90' lang='lat' dir='ltr'>si</span> <span class='ocrx_word' id='word_1_233' title='bbox 573 1691 660 1714; x_wconf 88' lang='lat' dir='ltr'>vero</span> <span class='ocrx_word' id='word_1_234' title='bbox 674 1680 841 1726; x_wconf 75' lang='lat' dir='ltr'>exegerit,</span> <span class='ocrx_word' id='word_1_235' title='bbox 857 1680 1056 1726; x_wconf 88' lang='lat' dir='ltr'>deponatur</span> <span class='ocrx_word' id='word_1_236' title='bbox 1073 1691 1090 1710; x_wconf 86' lang='lat'>»</span> <span class='ocrx_word' id='word_1_237' title='bbox 1105 1690 1113 1721; x_wconf 81' lang='lat'><em>3</em></span> <span class='ocrx_word' id='word_1_238' title='bbox 1130 1688 1217 1723; x_wconf 85' lang='lat' dir='ltr'>ergo</span> <span class='ocrx_word' id='word_1_239' title='bbox 1236 1688 1310 1711; x_wconf 90' lang='lat' dir='ltr'>non</span> <span class='ocrx_word' id='word_1_240' title='bbox 1324 1685 1491 1711; x_wconf 90' lang='lat' dir='ltr'>tenentur</span> <span class='ocrx_word' id='word_1_241' title='bbox 1503 1675 1672 1710; x_wconf 86' lang='lat' dir='ltr'>homines</span> 
     </span>
     <span class='ocr_line' id='line_1_27' title="bbox 114 1732 838 1768; baseline 0.001 -1"><span class='ocrx_word' id='word_1_242' title='bbox 114 1733 157 1767; x_wconf 90' lang='lat' dir='ltr'>de</span> <span class='ocrx_word' id='word_1_243' title='bbox 178 1733 392 1768; x_wconf 85' lang='lat' dir='ltr'>necessitate</span> <span class='ocrx_word' id='word_1_244' title='bbox 414 1732 537 1768; x_wconf 87' lang='lat' dir='ltr'>salutis</span> <span class='ocrx_word' id='word_1_245' title='bbox 560 1734 602 1767; x_wconf 86' lang='lat' dir='ltr'>ad</span> <span class='ocrx_word' id='word_1_246' title='bbox 626 1734 838 1768; x_wconf 85' lang='lat' dir='ltr'>oblationes.</span> 
     </span>
    </p>

    <p class='ocr_par' dir='ltr' id='par_1_8' title="bbox 114 1784 1670 1941">
     <span class='ocr_line' id='line_1_28' title="bbox 184 1784 1670 1834; baseline -0.003 -13"><span class='ocrx_word' id='word_1_247' title='bbox 184 1787 258 1821; x_wconf 77' lang='lat' dir='ltr'>SED</span> <span class='ocrx_word' id='word_1_248' title='bbox 285 1797 440 1822; x_wconf 75' lang='lat' dir='ltr'>CONTRA</span> <span class='ocrx_word' id='word_1_249' title='bbox 462 1795 525 1829; x_wconf 90' lang='lat' dir='ltr'>est,</span> <span class='ocrx_word' id='word_1_250' title='bbox 552 1788 648 1834; x_wconf 89' lang='lat' dir='ltr'>quod</span> <span class='ocrx_word' id='word_1_251' title='bbox 676 1788 875 1834; x_wconf 84' lang='lat' dir='ltr'>Gregorius</span> <span class='ocrx_word' id='word_1_252' title='bbox 897 1786 976 1821; x_wconf 86' lang='lat' dir='ltr'><strong>VII.</strong></span> <span class='ocrx_word' id='word_1_253' title='bbox 1001 1785 1084 1820; x_wconf 86' lang='lat' dir='ltr'>dicit</span> <span class='ocrx_word' id='word_1_254' title='bbox 1116 1785 1166 1829; x_wconf 77' lang='lat' dir='ltr'>(in</span> <span class='ocrx_word' id='word_1_255' title='bbox 1197 1784 1323 1820; x_wconf 63' lang='lat' dir='ltr'>Concu.</span> <span class='ocrx_word' id='word_1_256' title='bbox 1353 1785 1447 1820; x_wconf 86' lang='lat' dir='ltr'>Rom.</span> <span class='ocrx_word' id='word_1_257' title='bbox 1472 1795 1502 1830; x_wconf 82' lang='lat'>5.</span> <span class='ocrx_word' id='word_1_258' title='bbox 1525 1795 1598 1818; x_wconf 80' lang='lat' dir='ltr'>can.</span> <span class='ocrx_word' id='word_1_259' title='bbox 1619 1794 1670 1818; x_wconf 82' lang='lat'>12.</span> 
     </span>
     <span class='ocr_line' id='line_1_29' title="bbox 114 1837 1670 1888; baseline -0.003 -12"><span class='ocrx_word' id='word_1_260' title='bbox 114 1845 191 1876; x_wconf 87' lang='lat' dir='ltr'>tom.</span> <span class='ocrx_word' id='word_1_261' title='bbox 213 1852 264 1876; x_wconf 81' lang='lat' dir='ltr'>ro.</span> <span class='ocrx_word' id='word_1_262' title='bbox 289 1840 416 1875; x_wconf 84' lang='lat' dir='ltr'>Concil</span> <span class='ocrx_word' id='word_1_263' title='bbox 438 1846 467 1875; x_wconf 79' lang='lat' dir='ltr'>ct</span> <span class='ocrx_word' id='word_1_264' title='bbox 487 1841 623 1876; x_wconf 62' lang='lat' dir='ltr'>habetur</span> <span class='ocrx_word' id='word_1_265' title='bbox 640 1848 710 1887; x_wconf 76' lang='lat' dir='ltr'>cap</span> <span class='ocrx_word' id='word_1_266' title='bbox 733 1841 790 1888; x_wconf 80' lang='lat'>69.</span> <span class='ocrx_word' id='word_1_267' title='bbox 811 1841 847 1876; x_wconf 78' lang='lat' dir='ltr'>de</span> <span class='ocrx_word' id='word_1_268' title='bbox 866 1840 1059 1885; x_wconf 35' lang='lat' dir='ltr'>Consecrff)</span> <span class='ocrx_word' id='word_1_269' title='bbox 1078 1838 1244 1874; x_wconf 83' lang='lat' dir='ltr'>«Omnis</span> <span class='ocrx_word' id='word_1_270' title='bbox 1260 1837 1475 1872; x_wconf 86' lang='lat' dir='ltr'>christianus</span> <span class='ocrx_word' id='word_1_271' title='bbox 1502 1844 1670 1883; x_wconf 88' lang='lat' dir='ltr'>procuret</span> 
     </span>
     <span class='ocr_line' id='line_1_30' title="bbox 114 1893 1031 1941; baseline -0.002 -14"><span class='ocrx_word' id='word_1_272' title='bbox 114 1893 158 1928; x_wconf 86' lang='lat' dir='ltr'>ad</span> <span class='ocrx_word' id='word_1_273' title='bbox 178 1893 372 1928; x_wconf 86' lang='lat' dir='ltr'>Missarum</span> <span class='ocrx_word' id='word_1_274' title='bbox 391 1893 567 1928; x_wconf 87' lang='lat' dir='ltr'>solemnia</span> <span class='ocrx_word' id='word_1_275' title='bbox 589 1894 722 1941; x_wconf 84' lang='lat' dir='ltr'>aliquid</span> <span class='ocrx_word' id='word_1_276' title='bbox 746 1895 826 1929; x_wconf 92' lang='lat' dir='ltr'>Deo</span> <span class='ocrx_word' id='word_1_277' title='bbox 850 1893 977 1928; x_wconf 84' lang='lat' dir='ltr'>offerre</span> <span class='ocrx_word' id='word_1_278' title='bbox 999 1907 1031 1927; x_wconf 84' lang='lat'>».</span> 
     </span>
    </p>

    <p class='ocr_par' dir='ltr' id='par_1_9' title="bbox 112 1944 1674 2900">
     <span class='ocr_line' id='line_1_31' title="bbox 184 1944 1668 1994; baseline -0.003 -12"><span class='ocrx_word' id='word_1_279' title='bbox 184 1947 413 1982; x_wconf 77' lang='lat' dir='ltr'>RESPONDEo</span> <span class='ocrx_word' id='word_1_280' title='bbox 433 1947 636 1990; x_wconf 86' lang='lat' dir='ltr'>dicendum,</span> <span class='ocrx_word' id='word_1_281' title='bbox 659 1948 767 1994; x_wconf 86' lang='lat' dir='ltr'>quod,</span> <span class='ocrx_word' id='word_1_282' title='bbox 790 1948 881 1982; x_wconf 88' lang='lat' dir='ltr'>sicut</span> <span class='ocrx_word' id='word_1_283' title='bbox 902 1947 1038 1982; x_wconf 88' lang='lat' dir='ltr'>dictum</span> <span class='ocrx_word' id='word_1_284' title='bbox 1061 1954 1113 1980; x_wconf 89' lang='lat' dir='ltr'>est</span> <span class='ocrx_word' id='word_1_285' title='bbox 1133 1946 1178 1992; x_wconf 79' lang='lat' dir='ltr'>(q.</span> <span class='ocrx_word' id='word_1_286' title='bbox 1194 1951 1309 1992; x_wconf 65' lang='lat' dir='ltr'>pictae.</span> <span class='ocrx_word' id='word_1_287' title='bbox 1332 1950 1396 1980; x_wconf 53' lang='lat' dir='ltr'>aiut</span> <span class='ocrx_word' id='word_1_288' title='bbox 1414 1957 1442 1991; x_wconf 96' lang='grc'>3.</span> <span class='ocrx_word' id='word_1_289' title='bbox 1465 1944 1508 1978; x_wconf 79' lang='lat' dir='ltr'>ad</span> <span class='ocrx_word' id='word_1_290' title='bbox 1524 1944 1583 1990; x_wconf 81' lang='lat'>3.),</span> <span class='ocrx_word' id='word_1_291' title='bbox 1606 1955 1668 1978; x_wconf 92' lang='lat' dir='ltr'>no-</span> 
     </span>
     <span class='ocr_line' id='line_1_32' title="bbox 113 1998 1670 2046; baseline -0.002 -12"><span class='ocrx_word' id='word_1_292' title='bbox 113 2010 197 2034; x_wconf 88' lang='lat' dir='ltr'>men</span> <span class='ocrx_word' id='word_1_293' title='bbox 220 2000 413 2035; x_wconf 88' lang='lat' dir='ltr'>oblationis</span> <span class='ocrx_word' id='word_1_294' title='bbox 435 2012 630 2036; x_wconf 90' lang='lat' dir='ltr'>commune</span> <span class='ocrx_word' id='word_1_295' title='bbox 652 2010 705 2036; x_wconf 91' lang='lat' dir='ltr'>est</span> <span class='ocrx_word' id='word_1_296' title='bbox 726 2001 770 2035; x_wconf 90' lang='lat' dir='ltr'>ad</span> <span class='ocrx_word' id='word_1_297' title='bbox 792 2012 920 2036; x_wconf 89' lang='lat' dir='ltr'>omnes</span> <span class='ocrx_word' id='word_1_298' title='bbox 940 2012 1007 2043; x_wconf 89' lang='lat' dir='ltr'>res,</span> <span class='ocrx_word' id='word_1_299' title='bbox 1030 2011 1121 2046; x_wconf 90' lang='lat' dir='ltr'>quae</span> <span class='ocrx_word' id='word_1_300' title='bbox 1142 1999 1179 2033; x_wconf 88' lang='lat' dir='ltr'>in</span> <span class='ocrx_word' id='word_1_301' title='bbox 1198 1998 1335 2032; x_wconf 90' lang='lat' dir='ltr'>cultum</span> <span class='ocrx_word' id='word_1_302' title='bbox 1356 1999 1426 2032; x_wconf 91' lang='lat' dir='ltr'>Dei</span> <span class='ocrx_word' id='word_1_303' title='bbox 1440 1998 1670 2032; x_wconf 82' lang='lat' dir='ltr'>exhibentur:</span> 
     </span>
     <span class='ocr_line' id='line_1_33' title="bbox 112 2051 1670 2100; baseline -0.002 -13"><span class='ocrx_word' id='word_1_304' title='bbox 112 2054 162 2088; x_wconf 90' lang='lat' dir='ltr'>ita</span> <span class='ocrx_word' id='word_1_305' title='bbox 183 2054 279 2100; x_wconf 91' lang='lat' dir='ltr'>quod</span> <span class='ocrx_word' id='word_1_306' title='bbox 301 2054 330 2088; x_wconf 90' lang='lat' dir='ltr'>si</span> <span class='ocrx_word' id='word_1_307' title='bbox 351 2053 484 2100; x_wconf 86' lang='lat' dir='ltr'>aliquid</span> <span class='ocrx_word' id='word_1_308' title='bbox 502 2055 710 2090; x_wconf 80' lang='lat' dir='ltr'>exhibeatur</span> <span class='ocrx_word' id='word_1_309' title='bbox 731 2057 766 2090; x_wconf 85' lang='lat' dir='ltr'>in</span> <span class='ocrx_word' id='word_1_310' title='bbox 789 2054 926 2090; x_wconf 84' lang='lat' dir='ltr'>cultum</span> <span class='ocrx_word' id='word_1_311' title='bbox 949 2054 1123 2095; x_wconf 89' lang='lat' dir='ltr'>divinum,</span> <span class='ocrx_word' id='word_1_312' title='bbox 1151 2053 1253 2099; x_wconf 88' lang='lat' dir='ltr'>quasi</span> <span class='ocrx_word' id='word_1_313' title='bbox 1278 2052 1315 2086; x_wconf 89' lang='lat' dir='ltr'>in</span> <span class='ocrx_word' id='word_1_314' title='bbox 1342 2051 1487 2098; x_wconf 85' lang='lat' dir='ltr'>aliquod</span> <span class='ocrx_word' id='word_1_315' title='bbox 1514 2062 1670 2092; x_wconf 85' lang='lat' dir='ltr'>sacrum,</span> 
     </span>
     <span class='ocr_line' id='line_1_34' title="bbox 113 2104 1670 2153; baseline -0.001 -13"><span class='ocrx_word' id='word_1_316' title='bbox 113 2107 210 2153; x_wconf 90' lang='lat' dir='ltr'>quod</span> <span class='ocrx_word' id='word_1_317' title='bbox 227 2107 310 2141; x_wconf 90' lang='lat' dir='ltr'>inde</span> <span class='ocrx_word' id='word_1_318' title='bbox 328 2106 404 2141; x_wconf 86' lang='lat' dir='ltr'>fieri</span> <span class='ocrx_word' id='word_1_319' title='bbox 418 2107 546 2142; x_wconf 86' lang='lat' dir='ltr'>debeat</span> <span class='ocrx_word' id='word_1_320' title='bbox 560 2108 859 2151; x_wconf 87' lang='lat' dir='ltr'>consumendum,</span> <span class='ocrx_word' id='word_1_321' title='bbox 872 2116 906 2142; x_wconf 89' lang='lat' dir='ltr'>et</span> <span class='ocrx_word' id='word_1_322' title='bbox 915 2107 1050 2142; x_wconf 87' lang='lat' dir='ltr'>oblatio</span> <span class='ocrx_word' id='word_1_323' title='bbox 1062 2115 1125 2149; x_wconf 89' lang='lat' dir='ltr'>est,</span> <span class='ocrx_word' id='word_1_324' title='bbox 1137 2114 1170 2140; x_wconf 89' lang='lat' dir='ltr'>et</span> <span class='ocrx_word' id='word_1_325' title='bbox 1184 2105 1419 2147; x_wconf 75' lang='lat' dir='ltr'>sacrificium3</span> <span class='ocrx_word' id='word_1_326' title='bbox 1434 2104 1527 2139; x_wconf 89' lang='lat' dir='ltr'>unde</span> <span class='ocrx_word' id='word_1_327' title='bbox 1540 2104 1603 2138; x_wconf 79' lang='lat' dir='ltr'>Ex.</span> <span class='ocrx_word' id='word_1_328' title='bbox 1615 2114 1670 2150; x_wconf 82' lang='lat'>29.</span> 
     </span>
     <span class='ocr_line' id='line_1_35' title="bbox 113 2157 1670 2208; baseline -0.002 -14"><span class='ocrx_word' id='word_1_329' title='bbox 113 2160 259 2194; x_wconf 89' lang='lat' dir='ltr'>dicitur:</span> <span class='ocrx_word' id='word_1_330' title='bbox 281 2160 403 2206; x_wconf 60' lang='lat' dir='ltr'>Offmes</span> <span class='ocrx_word' id='word_1_331' title='bbox 424 2166 526 2196; x_wconf 77' lang='lat' dir='ltr'>totum</span> <span class='ocrx_word' id='word_1_332' title='bbox 544 2163 680 2197; x_wconf 70' lang='lat' dir='ltr'>arietem</span> <span class='ocrx_word' id='word_1_333' title='bbox 697 2163 731 2196; x_wconf 76' lang='lat' dir='ltr'>in</span> <span class='ocrx_word' id='word_1_334' title='bbox 752 2163 919 2197; x_wconf 68' lang='lat' dir='ltr'>incensum</span> <span class='ocrx_word' id='word_1_335' title='bbox 941 2168 1036 2208; x_wconf 69' lang='lat' dir='ltr'>super</span> <span class='ocrx_word' id='word_1_336' title='bbox 1057 2161 1174 2195; x_wconf 68' lang='lat' dir='ltr'>altura.</span> <span class='ocrx_word' id='word_1_337' title='bbox 1172 2159 1338 2194; x_wconf 75' lang='lat' dir='ltr'>Oblatio</span> <span class='ocrx_word' id='word_1_338' title='bbox 1358 2163 1400 2193; x_wconf 72' lang='lat' dir='ltr'>est</span> <span class='ocrx_word' id='word_1_339' title='bbox 1414 2159 1574 2200; x_wconf 83' lang='lat' dir='ltr'>Domino,</span> <span class='ocrx_word' id='word_1_340' title='bbox 1590 2157 1670 2192; x_wconf 75' lang='lat' dir='ltr'>odor</span> 
     </span>
     <span class='ocr_line' id='line_1_36' title="bbox 112 2212 1666 2256; baseline -0.002 -9"><span class='ocrx_word' id='word_1_341' title='bbox 112 2215 324 2248; x_wconf 74' lang='lat' dir='ltr'>suavisszmzcs</span> <span class='ocrx_word' id='word_1_342' title='bbox 343 2215 498 2249; x_wconf 59' lang='lat' dir='ltr'>victimae</span> <span class='ocrx_word' id='word_1_343' title='bbox 518 2215 570 2248; x_wconf 62' lang='lat' dir='ltr'>Da</span> <span class='ocrx_word' id='word_1_344' title='bbox 563 2216 605 2256; x_wconf 78' lang='lat' dir='ltr'>i;</span> <span class='ocrx_word' id='word_1_345' title='bbox 629 2222 662 2250; x_wconf 89' lang='lat' dir='ltr'>et</span> <span class='ocrx_word' id='word_1_346' title='bbox 684 2215 797 2249; x_wconf 90' lang='lat' dir='ltr'>Levit.</span> <span class='ocrx_word' id='word_1_347' title='bbox 821 2225 852 2249; x_wconf 87' lang='lat'>2.</span> <span class='ocrx_word' id='word_1_348' title='bbox 875 2214 1022 2249; x_wconf 88' lang='lat' dir='ltr'>dicitur:</span> <span class='ocrx_word' id='word_1_349' title='bbox 1046 2214 1175 2249; x_wconf 77' lang='lat' dir='ltr'>Anima</span> <span class='ocrx_word' id='word_1_350' title='bbox 1196 2225 1270 2248; x_wconf 81' lang='lat' dir='ltr'>cum</span> <span class='ocrx_word' id='word_1_351' title='bbox 1293 2212 1443 2246; x_wconf 66' lang='lat' dir='ltr'>obtulerit</span> <span class='ocrx_word' id='word_1_352' title='bbox 1469 2212 1666 2246; x_wconf 67' lang='lat' dir='ltr'>oblationem</span> 
     </span>
     <span class='ocr_line' id='line_1_37' title="bbox 113 2265 1672 2314; baseline -0.003 -13"><span class='ocrx_word' id='word_1_353' title='bbox 113 2267 270 2313; x_wconf 76' lang='lat' dir='ltr'>sacrzficii</span> <span class='ocrx_word' id='word_1_354' title='bbox 291 2268 376 2309; x_wconf 69' lang='lat' dir='ltr'>Deo,</span> <span class='ocrx_word' id='word_1_355' title='bbox 395 2267 506 2302; x_wconf 79' lang='lat' dir='ltr'>simila</span> <span class='ocrx_word' id='word_1_356' title='bbox 523 2269 586 2302; x_wconf 82' lang='lat' dir='ltr'>erit</span> <span class='ocrx_word' id='word_1_357' title='bbox 598 2270 665 2314; x_wconf 79' lang='lat' dir='ltr'>ejus</span> <span class='ocrx_word' id='word_1_358' title='bbox 679 2269 822 2303; x_wconf 78' lang='lat' dir='ltr'>oblatio.-</span> <span class='ocrx_word' id='word_1_359' title='bbox 839 2269 966 2303; x_wconf 86' lang='lat' dir='ltr'>sivero</span> <span class='ocrx_word' id='word_1_360' title='bbox 982 2268 1031 2302; x_wconf 89' lang='lat' dir='ltr'>sic</span> <span class='ocrx_word' id='word_1_361' title='bbox 1047 2267 1266 2308; x_wconf 79' lang='lat' dir='ltr'>exhibeatur,</span> <span class='ocrx_word' id='word_1_362' title='bbox 1281 2273 1319 2300; x_wconf 88' lang='lat' dir='ltr'>ut</span> <span class='ocrx_word' id='word_1_363' title='bbox 1332 2265 1512 2311; x_wconf 81' lang='lat' dir='ltr'>integrum</span> <span class='ocrx_word' id='word_1_364' title='bbox 1527 2272 1672 2298; x_wconf 87' lang='lat' dir='ltr'>maneat</span> 
     </span>
     <span class='ocr_line' id='line_1_38' title="bbox 114 2317 1671 2366; baseline -0.002 -13"><span class='ocrx_word' id='word_1_365' title='bbox 114 2320 235 2354; x_wconf 86' lang='lat' dir='ltr'>divino</span> <span class='ocrx_word' id='word_1_366' title='bbox 259 2319 370 2354; x_wconf 87' lang='lat' dir='ltr'>cultui</span> <span class='ocrx_word' id='word_1_367' title='bbox 387 2320 642 2366; x_wconf 89' lang='lat' dir='ltr'>deputandum,</span> <span class='ocrx_word' id='word_1_368' title='bbox 656 2321 714 2355; x_wconf 89' lang='lat' dir='ltr'>vel</span> <span class='ocrx_word' id='word_1_369' title='bbox 730 2321 767 2355; x_wconf 90' lang='lat' dir='ltr'>in</span> <span class='ocrx_word' id='word_1_370' title='bbox 781 2333 864 2356; x_wconf 90' lang='lat' dir='ltr'>usus</span> <span class='ocrx_word' id='word_1_371' title='bbox 880 2321 1127 2355; x_wconf 89' lang='lat' dir='ltr'>ministrorum</span> <span class='ocrx_word' id='word_1_372' title='bbox 1141 2318 1428 2366; x_wconf 82' lang='lat' dir='ltr'>expendendum,</span> <span class='ocrx_word' id='word_1_373' title='bbox 1444 2318 1509 2352; x_wconf 89' lang='lat' dir='ltr'>erit</span> <span class='ocrx_word' id='word_1_374' title='bbox 1524 2317 1671 2357; x_wconf 88' lang='lat' dir='ltr'>oblatio,</span> 
     </span>
     <span class='ocr_line' id='line_1_39' title="bbox 115 2370 1672 2421; baseline -0.003 -13"><span class='ocrx_word' id='word_1_375' title='bbox 115 2382 150 2408; x_wconf 93' lang='lat' dir='ltr'>et</span> <span class='ocrx_word' id='word_1_376' title='bbox 169 2385 243 2408; x_wconf 92' lang='lat' dir='ltr'>non</span> <span class='ocrx_word' id='word_1_377' title='bbox 265 2374 501 2417; x_wconf 79' lang='lat' dir='ltr'>sacrificium3</span> <span class='ocrx_word' id='word_1_378' title='bbox 522 2375 731 2420; x_wconf 81' lang='lat' dir='ltr'>hujusmodi</span> <span class='ocrx_word' id='word_1_379' title='bbox 750 2387 836 2421; x_wconf 81' lang='lat' dir='ltr'>ergo</span> <span class='ocrx_word' id='word_1_380' title='bbox 859 2375 1061 2409; x_wconf 84' lang='lat' dir='ltr'>oblationes</span> <span class='ocrx_word' id='word_1_381' title='bbox 1089 2374 1132 2408; x_wconf 91' lang='lat' dir='ltr'>de</span> <span class='ocrx_word' id='word_1_382' title='bbox 1155 2375 1209 2408; x_wconf 89' lang='lat' dir='ltr'>sui</span> <span class='ocrx_word' id='word_1_383' title='bbox 1237 2373 1376 2407; x_wconf 86' lang='lat' dir='ltr'>ratione</span> <span class='ocrx_word' id='word_1_384' title='bbox 1406 2372 1548 2412; x_wconf 82' lang='lat' dir='ltr'>habent,</span> <span class='ocrx_word' id='word_1_385' title='bbox 1576 2370 1672 2416; x_wconf 90' lang='lat' dir='ltr'>quod</span> 
     </span>
     <span class='ocr_line' id='line_1_40' title="bbox 114 2425 1673 2473; baseline -0.003 -11"><span class='ocrx_word' id='word_1_386' title='bbox 114 2428 316 2463; x_wconf 84' lang='lat' dir='ltr'>voluntarie</span> <span class='ocrx_word' id='word_1_387' title='bbox 344 2427 551 2470; x_wconf 80' lang='lat' dir='ltr'>offerantur,</span> <span class='ocrx_word' id='word_1_388' title='bbox 586 2429 785 2463; x_wconf 89' lang='lat' dir='ltr'>secundum</span> <span class='ocrx_word' id='word_1_389' title='bbox 814 2429 901 2463; x_wconf 86' lang='lat' dir='ltr'>illud</span> <span class='ocrx_word' id='word_1_390' title='bbox 930 2429 992 2463; x_wconf 80' lang='lat' dir='ltr'>Ex.</span> <span class='ocrx_word' id='word_1_391' title='bbox 1024 2439 1097 2473; x_wconf 80' lang='lat'>25.:</span> <span class='ocrx_word' id='word_1_392' title='bbox 1128 2429 1180 2462; x_wconf 67' lang='lat' dir='ltr'>Ab</span> <span class='ocrx_word' id='word_1_393' title='bbox 1208 2428 1349 2470; x_wconf 72' lang='lat' dir='ltr'>homine,</span> <span class='ocrx_word' id='word_1_394' title='bbox 1376 2427 1432 2471; x_wconf 73' lang='lat' dir='ltr'>qui</span> <span class='ocrx_word' id='word_1_395' title='bbox 1458 2425 1549 2470; x_wconf 67' lang='lat' dir='ltr'>offert</span> <span class='ocrx_word' id='word_1_396' title='bbox 1573 2425 1673 2459; x_wconf 78' lang='lat' dir='ltr'>ultro-</span> 
     </span>
     <span class='ocr_line' id='line_1_41' title="bbox 113 2478 1673 2528; baseline -0.003 -12"><span class='ocrx_word' id='word_1_397' title='bbox 113 2494 201 2524; x_wconf 77' lang='lat' dir='ltr'>neus,</span> <span class='ocrx_word' id='word_1_398' title='bbox 229 2484 395 2528; x_wconf 54' lang='lat' dir='ltr'>accipietis</span> <span class='ocrx_word' id='word_1_399' title='bbox 421 2494 482 2517; x_wconf 74' lang='lat' dir='ltr'>eas.</span> <span class='ocrx_word' id='word_1_400' title='bbox 509 2482 632 2516; x_wconf 85' lang='lat' dir='ltr'>Potest</span> <span class='ocrx_word' id='word_1_401' title='bbox 659 2490 782 2517; x_wconf 89' lang='lat' dir='ltr'>tamen</span> <span class='ocrx_word' id='word_1_402' title='bbox 810 2483 1020 2527; x_wconf 81' lang='lat' dir='ltr'>contingere</span> <span class='ocrx_word' id='word_1_403' title='bbox 1047 2481 1142 2527; x_wconf 87' lang='lat' dir='ltr'>quod</span> <span class='ocrx_word' id='word_1_404' title='bbox 1172 2480 1298 2526; x_wconf 87' lang='lat' dir='ltr'>aliquis</span> <span class='ocrx_word' id='word_1_405' title='bbox 1326 2479 1369 2513; x_wconf 86' lang='lat' dir='ltr'>ad</span> <span class='ocrx_word' id='word_1_406' title='bbox 1398 2478 1598 2513; x_wconf 86' lang='lat' dir='ltr'>oblationes</span> <span class='ocrx_word' id='word_1_407' title='bbox 1625 2485 1673 2511; x_wconf 89' lang='lat' dir='ltr'>te-</span> 
     </span>
     <span class='ocr_line' id='line_1_42' title="bbox 114 2532 1673 2582; baseline -0.004 -13"><span class='ocrx_word' id='word_1_408' title='bbox 114 2543 241 2569; x_wconf 88' lang='lat' dir='ltr'>neatur</span> <span class='ocrx_word' id='word_1_409' title='bbox 263 2535 486 2581; x_wconf 85' lang='lat' dir='ltr'>quadruplici</span> <span class='ocrx_word' id='word_1_410' title='bbox 508 2535 790 2581; x_wconf 80' lang='lat' dir='ltr'>ratione:primo</span> <span class='ocrx_word' id='word_1_411' title='bbox 813 2536 959 2582; x_wconf 88' lang='lat' dir='ltr'>quidem</span> <span class='ocrx_word' id='word_1_412' title='bbox 982 2546 1023 2568; x_wconf 80' lang='lat' dir='ltr'>ex</span> <span class='ocrx_word' id='word_1_413' title='bbox 1044 2534 1272 2581; x_wconf 86' lang='lat' dir='ltr'>praecedenti</span> <span class='ocrx_word' id='word_1_414' title='bbox 1295 2532 1554 2566; x_wconf 63' lang='lat' dir='ltr'>conventione:</span> <span class='ocrx_word' id='word_1_415' title='bbox 1582 2532 1673 2564; x_wconf 90' lang='lat' dir='ltr'>sicut</span> 
     </span>
     <span class='ocr_line' id='line_1_43' title="bbox 116 2585 1672 2634; baseline -0.003 -12"><span class='ocrx_word' id='word_1_416' title='bbox 116 2599 199 2622; x_wconf 88' lang='lat' dir='ltr'>cum</span> <span class='ocrx_word' id='word_1_417' title='bbox 221 2588 328 2622; x_wconf 89' lang='lat' dir='ltr'>alicui</span> <span class='ocrx_word' id='word_1_418' title='bbox 347 2589 557 2623; x_wconf 85' lang='lat' dir='ltr'>conceditur</span> <span class='ocrx_word' id='word_1_419' title='bbox 584 2588 709 2634; x_wconf 84' lang='lat' dir='ltr'>aliquis</span> <span class='ocrx_word' id='word_1_420' title='bbox 739 2588 868 2623; x_wconf 88' lang='lat' dir='ltr'>fundus</span> <span class='ocrx_word' id='word_1_421' title='bbox 890 2588 1085 2630; x_wconf 88' lang='lat' dir='ltr'>Ecclesiae,</span> <span class='ocrx_word' id='word_1_422' title='bbox 1115 2596 1153 2621; x_wconf 87' lang='lat' dir='ltr'>ut</span> <span class='ocrx_word' id='word_1_423' title='bbox 1181 2587 1284 2620; x_wconf 82' lang='lat' dir='ltr'>certis</span> <span class='ocrx_word' id='word_1_424' title='bbox 1309 2585 1530 2631; x_wconf 87' lang='lat' dir='ltr'>temporibus</span> <span class='ocrx_word' id='word_1_425' title='bbox 1557 2592 1672 2618; x_wconf 83' lang='lat' dir='ltr'>certas</span> 
     </span>
     <span class='ocr_line' id='line_1_44' title="bbox 117 2638 1673 2687; baseline -0.003 -13"><span class='ocrx_word' id='word_1_426' title='bbox 117 2641 317 2676; x_wconf 86' lang='lat' dir='ltr'>oblationes</span> <span class='ocrx_word' id='word_1_427' title='bbox 338 2641 464 2684; x_wconf 80' lang='lat' dir='ltr'>faciat3</span> <span class='ocrx_word' id='word_1_428' title='bbox 487 2641 583 2687; x_wconf 90' lang='lat' dir='ltr'>quod</span> <span class='ocrx_word' id='word_1_429' title='bbox 604 2649 725 2675; x_wconf 87' lang='lat' dir='ltr'>tamen</span> <span class='ocrx_word' id='word_1_430' title='bbox 746 2642 854 2676; x_wconf 83' lang='lat' dir='ltr'>habet</span> <span class='ocrx_word' id='word_1_431' title='bbox 878 2642 1058 2676; x_wconf 88' lang='lat' dir='ltr'>rationem</span> <span class='ocrx_word' id='word_1_432' title='bbox 1081 2652 1226 2675; x_wconf 87' lang='lat' dir='ltr'>census:</span> <span class='ocrx_word' id='word_1_433' title='bbox 1248 2638 1383 2674; x_wconf 60' lang='lat' dir='ltr'>secundo</span> <span class='ocrx_word' id='word_1_434' title='bbox 1410 2645 1556 2684; x_wconf 88' lang='lat' dir='ltr'>propter</span> <span class='ocrx_word' id='word_1_435' title='bbox 1576 2648 1673 2683; x_wconf 89' lang='lat' dir='ltr'>prae-</span> 
     </span>
     <span class='ocr_line' id='line_1_45' title="bbox 118 2690 1674 2741; baseline -0.003 -13"><span class='ocrx_word' id='word_1_436' title='bbox 118 2694 305 2728; x_wconf 89' lang='lat' dir='ltr'>cedentem</span> <span class='ocrx_word' id='word_1_437' title='bbox 329 2695 612 2741; x_wconf 85' lang='lat' dir='ltr'>deputationem,</span> <span class='ocrx_word' id='word_1_438' title='bbox 635 2695 708 2728; x_wconf 85' lang='lat' dir='ltr'>sive</span> <span class='ocrx_word' id='word_1_439' title='bbox 731 2695 1028 2740; x_wconf 85' lang='lat' dir='ltr'>promissionem:</span> <span class='ocrx_word' id='word_1_440' title='bbox 1056 2694 1148 2728; x_wconf 88' lang='lat' dir='ltr'>sicut</span> <span class='ocrx_word' id='word_1_441' title='bbox 1174 2705 1255 2727; x_wconf 84' lang='lat' dir='ltr'>cum</span> <span class='ocrx_word' id='word_1_442' title='bbox 1284 2691 1410 2738; x_wconf 86' lang='lat' dir='ltr'>aliquis</span> <span class='ocrx_word' id='word_1_443' title='bbox 1437 2690 1541 2724; x_wconf 85' lang='lat' dir='ltr'>offert</span> <span class='ocrx_word' id='word_1_444' title='bbox 1566 2691 1674 2724; x_wconf 85' lang='lat' dir='ltr'>dona-</span> 
     </span>
     <span class='ocr_line' id='line_1_46' title="bbox 115 2744 1671 2794; baseline -0.004 -12"><span class='ocrx_word' id='word_1_445' title='bbox 115 2747 254 2782; x_wconf 89' lang='lat' dir='ltr'>tionem</span> <span class='ocrx_word' id='word_1_446' title='bbox 274 2748 366 2782; x_wconf 90' lang='lat' dir='ltr'>inter</span> <span class='ocrx_word' id='word_1_447' title='bbox 385 2749 499 2790; x_wconf 87' lang='lat' dir='ltr'>vivos,</span> <span class='ocrx_word' id='word_1_448' title='bbox 520 2747 578 2782; x_wconf 92' lang='lat' dir='ltr'>vel</span> <span class='ocrx_word' id='word_1_449' title='bbox 600 2759 683 2782; x_wconf 91' lang='lat' dir='ltr'>cum</span> <span class='ocrx_word' id='word_1_450' title='bbox 704 2748 872 2794; x_wconf 87' lang='lat' dir='ltr'>relinquit</span> <span class='ocrx_word' id='word_1_451' title='bbox 891 2749 928 2782; x_wconf 91' lang='lat' dir='ltr'>in</span> <span class='ocrx_word' id='word_1_452' title='bbox 949 2755 1166 2782; x_wconf 84' lang='lat' dir='ltr'>testamento</span> <span class='ocrx_word' id='word_1_453' title='bbox 1196 2745 1380 2779; x_wconf 86' lang='lat' dir='ltr'>Ecclesiae</span> <span class='ocrx_word' id='word_1_454' title='bbox 1412 2744 1569 2790; x_wconf 88' lang='lat' dir='ltr'>aliquam</span> <span class='ocrx_word' id='word_1_455' title='bbox 1595 2754 1671 2777; x_wconf 91' lang='lat' dir='ltr'>rem</span> 
     </span>
     <span class='ocr_line' id='line_1_47' title="bbox 118 2796 1673 2847; baseline -0.003 -13"><span class='ocrx_word' id='word_1_456' title='bbox 118 2800 304 2843; x_wconf 86' lang='lat' dir='ltr'>mobilem,</span> <span class='ocrx_word' id='word_1_457' title='bbox 324 2801 383 2835; x_wconf 87' lang='lat' dir='ltr'>vel</span> <span class='ocrx_word' id='word_1_458' title='bbox 403 2801 632 2835; x_wconf 88' lang='lat' dir='ltr'>immobilem</span> <span class='ocrx_word' id='word_1_459' title='bbox 656 2801 693 2835; x_wconf 89' lang='lat' dir='ltr'>in</span> <span class='ocrx_word' id='word_1_460' title='bbox 719 2809 903 2847; x_wconf 88' lang='lat' dir='ltr'>posterum</span> <span class='ocrx_word' id='word_1_461' title='bbox 935 2800 1167 2836; x_wconf 87' lang='lat' dir='ltr'>solvendam:</span> <span class='ocrx_word' id='word_1_462' title='bbox 1198 2800 1290 2834; x_wconf 74' lang='lat' dir='ltr'>tertio</span> <span class='ocrx_word' id='word_1_463' title='bbox 1312 2797 1406 2832; x_wconf 79' lang='lat' dir='ltr'>modo</span> <span class='ocrx_word' id='word_1_464' title='bbox 1435 2804 1581 2844; x_wconf 90' lang='lat' dir='ltr'>propter</span> <span class='ocrx_word' id='word_1_465' title='bbox 1610 2796 1673 2830; x_wconf 91' lang='lat' dir='ltr'>Ec-</span> 
     </span>
     <span class='ocr_line' id='line_1_48' title="bbox 119 2851 1673 2900; baseline -0.002 -13"><span class='ocrx_word' id='word_1_466' title='bbox 119 2852 248 2889; x_wconf 87' lang='lat' dir='ltr'>clesiae</span> <span class='ocrx_word' id='word_1_467' title='bbox 269 2855 540 2889; x_wconf 86' lang='lat' dir='ltr'>necessitatem:</span> <span class='ocrx_word' id='word_1_468' title='bbox 562 2862 646 2900; x_wconf 87' lang='lat' dir='ltr'>puta</span> <span class='ocrx_word' id='word_1_469' title='bbox 667 2854 695 2889; x_wconf 86' lang='lat' dir='ltr'>si</span> <span class='ocrx_word' id='word_1_470' title='bbox 717 2854 871 2889; x_wconf 89' lang='lat' dir='ltr'>ministri</span> <span class='ocrx_word' id='word_1_471' title='bbox 892 2853 1075 2889; x_wconf 88' lang='lat' dir='ltr'>Ecclesiae</span> <span class='ocrx_word' id='word_1_472' title='bbox 1096 2863 1170 2887; x_wconf 91' lang='lat' dir='ltr'>non</span> <span class='ocrx_word' id='word_1_473' title='bbox 1191 2852 1365 2886; x_wconf 89' lang='lat' dir='ltr'>haberent</span> <span class='ocrx_word' id='word_1_474' title='bbox 1385 2851 1479 2885; x_wconf 88' lang='lat' dir='ltr'>unde</span> <span class='ocrx_word' id='word_1_475' title='bbox 1501 2858 1673 2885; x_wconf 84' lang='lat' dir='ltr'>sustenta-</span> 
     </span>
    </p>
   </div>
  </div>
 </body>
</html>
