1859 3122
197 186 276 228 130
615 184 832 219 QUAESTIO
865 184 935 214 XV.
969 185 1212 214 ARTICULUS
1246 185 1289 214 11.

191 266 382 307 audiendo,
405 264 463 299 vel
485 264 710 299 olfaciendo:
734 273 769 300 et
790 277 808 300 e
832 263 1013 300 contrario
1036 266 1164 300 dicitur
1182 277 1289 300 sensu
1309 266 1482 308 hebetari,
1505 267 1658 312 quinon
1676 278 1750 312 per-

191 319 287 364 cipit,
308 319 376 352 nisi
399 330 439 352 ex
460 318 677 364 propinquo,
697 326 732 352 et
753 330 887 365 magna
908 318 1100 353 sensibilia.
1124 319 1181 353 Ad
1200 318 1473 353 similitudinem
1489 328 1610 354 autern
1626 331 1752 366 corpo-

190 371 274 405 ralis
295 383 420 405 sensus
443 372 571 405 dicitur
593 372 703 406 etiam
726 372 821 406 circa
841 373 1119 418 intelligentiam
1141 384 1218 407 esse
1242 372 1369 418 aliquis
1392 385 1528 415 sensus,
1543 374 1604 419 qui
1626 382 1679 408 est
1692 374 1752 408 ali-

190 436 345 470 quorum
374 425 587 469 primorum,
622 433 656 458 et
684 433 941 468 extremorum,
969 434 1007 460 ut
1037 426 1166 460 dicitur
1186 426 1223 459 in
1246 424 1277 460 6.
1300 426 1416 460 Ethic.
1446 426 1534 473 (cap.
1556 427 1631 471 8.):
1659 427 1752 462 sicut

191 478 300 512 etiam
323 489 446 512 sensus
469 485 522 511 est
544 479 814 523 cognoscitivus
836 479 1072 521 sensibilium,
1094 479 1195 525 quasi
1223 480 1465 525 quorumdam
1491 480 1750 526 principiorum

191 530 428 575 cognitionis:
451 531 510 564 hic
530 539 652 564 autem
670 542 807 573 sensus,
830 532 891 577 qui
909 540 962 566 est
981 533 1076 566 circa
1091 532 1380 578 intelligentiam,
1394 544 1468 566 non
1483 533 1633 579 percipit
1644 545 1750 568 suum

191 584 375 628 objectum
398 595 460 629 per
482 584 644 618 medium
676 585 864 618 distantiae
893 585 1103 631 corporalis,
1131 585 1192 619 sed
1222 597 1285 631 per
1312 586 1490 631 quaedam
1517 586 1586 620 alia
1611 587 1750 630 media3

191 637 283 670 sicut
305 649 386 670 cum
410 648 472 683 per
493 638 751 683 proprietatem
774 638 825 672 rei
846 639 997 684 percipit
1019 640 1093 684 ejus
1117 639 1321 680 essentiam,
1345 647 1379 673 et
1399 650 1462 685 per
1484 638 1654 673 effectum
1675 651 1752 686 per-

191 690 277 735 cipit
298 702 465 732 causam3
488 691 548 725 ille
572 702 659 736 ergo
683 692 810 725 dicitur
832 703 909 726 esse
929 693 1025 726 acuti
1046 703 1170 726 sensus
1186 693 1281 726 circa
1294 692 1588 738 intelligentiam,
1611 694 1671 739 qui
1683 702 1751 728 sta-

190 744 255 777 tim
279 744 321 777 ad
345 744 674 789 apprehensionem
696 745 923 790 proprietatis
945 746 1006 787 rei,
1025 745 1083 779 vel
1106 746 1214 779 etiarn
1235 745 1395 788 effectus,
1410 754 1576 780 naturam
1590 747 1641 780 rei
1654 758 1751 780 com-

190 797 392 843 prehendit,
416 806 450 831 et
472 798 533 843 qui
554 809 666 843 usque
690 798 733 831 ad
755 799 925 832 minimas
949 799 1176 832 conditiones
1196 799 1248 833 rei
1270 799 1547 833 considerandas
1564 800 1749 846 pertingit:

190 850 250 884 ille
274 859 395 884 autem
418 851 546 885 dicitur
568 852 676 885 hebes
700 852 795 885 circa
816 851 1103 897 intelligentiam,
1122 852 1182 898 qui
1196 853 1240 886 ad
1255 852 1548 898 cognoscendam
1562 853 1750 887 veritatem

191 904 241 937 rei
263 904 465 949 pertingere
487 915 562 938 non
584 912 713 950 potest,
736 905 803 938 nisi
826 916 888 950 per
910 905 1023 938 multa
1044 906 1076 939 ei
1098 906 1279 950 exposita3
1302 914 1336 939 et
1356 914 1441 939 tunc
1465 906 1573 939 etiam
1595 918 1669 940 non
1691 918 1753 952 po-

189 965 258 990 test
280 957 482 1002 pertingere
506 958 548 990 ad
572 956 728 1003 perfecte
752 958 1055 991 considerandum
1080 959 1214 1000 omnia,
1237 970 1328 1004 quae
1350 959 1528 1003 pertinent
1557 960 1600 993 ad
1629 960 1680 993 rei
1701 971 1752 994 ra-

190 1011 347 1052 tionem;
379 1011 427 1044 sic
463 1021 549 1056 ergo
571 1011 755 1044 hebetudo
778 1022 903 1045 sensus
931 1012 1026 1045 circa
1050 1011 1328 1057 intelligentiam
1357 1012 1529 1058 importat
1555 1013 1751 1058 quamdam

191 1063 412 1097 debilitatem
429 1065 558 1098 mentis
574 1064 669 1097 circa
689 1065 1018 1099 considerationem
1041 1065 1280 1111 spiritualium
1301 1065 1501 1099 bonorum:
1525 1066 1678 1100 caecitas
1694 1078 1752 1101 au—

190 1125 264 1151 tem
281 1117 410 1151 mentis
426 1118 597 1163 importat
612 1118 866 1152 omnimodam
881 1118 1120 1164 privationem
1138 1119 1356 1163 cognitionis
1370 1119 1533 1164 ipsorum
1548 1132 1554 1154 :
1571 1128 1606 1153 et
1619 1128 1751 1153 utrum-

190 1182 259 1216 que
283 1171 476 1216 opponitur
498 1172 594 1205 dono
618 1171 834 1213 intellectus,
857 1183 920 1217 per
950 1173 1045 1217 quod
1074 1172 1188 1205 hoino
1216 1172 1413 1217 spiritualia
1439 1173 1535 1206 bona
1557 1173 1752 1219 apprehen-

190 1224 309 1258 dendo
333 1224 533 1270 cognoscit,
557 1233 591 1258 et
613 1225 655 1258 ad
684 1236 810 1258 eorum
834 1225 960 1259 intima
990 1225 1164 1259 subtiliter
1194 1233 1374 1271 penetrat:
1406 1226 1513 1259 habet
1544 1234 1664 1260 autem
1692 1227 1752 1261 he-

190 1277 323 1311 betudo
346 1278 525 1311 rationem
547 1278 698 1323 peccati,
721 1278 813 1312 sicut
835 1286 869 1312 et
891 1279 1044 1312 caecitas
1068 1279 1209 1320 mentis,
1231 1279 1444 1324 inquantum
1467 1279 1604 1313 scilicet
1619 1288 1672 1314 est
1691 1291 1752 1314 vo-

191 1330 363 1373 luntaria,
387 1339 423 1364 ut
445 1339 542 1376 patet
563 1331 598 1364 in
622 1342 676 1372 eo,
700 1331 760 1376 qui
783 1331 932 1365 affectus
955 1332 1049 1365 circa
1073 1331 1242 1374 carnalia,
1257 1332 1300 1365 de
1319 1332 1561 1377 spiritualibus
1576 1333 1750 1368 subtiliter

191 1384 368 1418 discutere
390 1383 534 1425 fastidit,
556 1384 613 1418 vel
634 1384 796 1430 negligit.

263 1437 307 1471 Et
327 1449 389 1483 per
415 1438 484 1471 hoc
509 1445 604 1483 patet
626 1438 814 1484 responsio
837 1449 887 1472 AD
911 1449 1086 1483 OBJECTA.

745 1560 1094 1604 ARTICULUS
1130 1561 1208 1603 ΠΙ.
1706 1582 1750 1620 79

406 1663 559 1692 UTRUM
583 1663 795 1692 CAECITAS
819 1663 992 1703 MENTIS,
1023 1664 1078 1692 ET
1106 1663 1344 1692 HEBETUDO
1375 1663 1532 1692 SENSUS

553 1722 777 1752 ORIANTUR
803 1723 859 1751 Ex
882 1722 1092 1752 PECCATIS
1122 1722 1403 1752 CARNALIBUS.

262 1809 322 1843 AD
345 1819 518 1843 TERTIUM
539 1810 588 1843 sic
611 1810 828 1856 proceditur.
855 1809 1018 1852 Videtur,
1046 1810 1142 1856 quod
1170 1810 1324 1844 caecitas
1351 1810 1492 1852 mentis,
1514 1818 1550 1844 et
1568 1809 1750 1844 hebetudo

190 1873 314 1897 sensus
340 1874 413 1896 non
442 1863 603 1897 oriantur
633 1874 675 1896 ex
708 1863 801 1897 vitiis
829 1863 1047 1897 carnalibus:
1084 1864 1236 1909 August.
1265 1863 1363 1896 enim
1389 1865 1424 1896 in
1451 1863 1510 1896 lib.
1539 1874 1565 1897 1.
1593 1863 1750 1897 Retract.

192 1917 280 1962 (cap.
299 1917 347 1960 4.)
366 1925 562 1950 retractans
583 1916 683 1959 illud,
705 1917 802 1962 quod
824 1917 961 1951 dixerat
981 1917 1017 1950 in
1041 1916 1142 1950 Solil.
1168 1917 1242 1960 (lili.
1264 1929 1291 1951 Ι.
1311 1923 1382 1962 cap.
1405 1918 1463 1961 1.).·
1486 1917 1577 1950 Deus
1603 1918 1659 1961 qni
1684 1927 1750 1950 non

190 1971 254 2003 nisi
275 1970 408 2004 mundos
429 1982 544 2004 verum
566 1972 647 2004 ςῑῐνύ
667 1970 813 2012 inlusisti,
838 1970 933 2011 dicit,
957 1970 1053 2015 quod
1077 1970 1264 2016 responderi
1282 1975 1399 2016 potast,
1426 1970 1546 2004 multos
1571 1971 1670 2004 etiam
1691 1971 1752 2003 im-

190 2022 326 2056 mundos
348 2023 447 2057 multa
473 2035 554 2058 vcra
574 2025 677 2058 scire:
699 2023 759 2057 sed
782 2023 950 2057 homines
973 2023 1129 2057 maxime
1152 2022 1354 2057 efficiuntur
1383 2023 1562 2056 immundi
1582 2033 1644 2069 per
1664 2022 1751 2056 vitia

191 2075 364 2118 carnalia3
388 2088 474 2122 ergo
498 2077 652 2111 caecitas
675 2076 817 2118 mentis,
833 2084 867 2110 et
881 2076 1063 2110 hebetudo
1082 2087 1207 2110 sensus
1225 2087 1299 2110 non
1316 2084 1508 2110 causantur
1530 2087 1549 2110 a
1570 2076 1664 2110 vitiis
1679 2086 1752 2109 car-

190 2129 341 2163 nalibus.

262 2193 292 2216 2.
312 2183 548 2217 PRAETEREA.
573 2183 740 2217 Caecitas
763 2183 905 2225 mentis,
921 2194 956 2217 et
976 2183 1157 2217 hebetudo
1181 2194 1306 2216 sensus
1323 2191 1404 2217 sunt
1423 2182 1582 2216 defectus
1604 2181 1750 2228 quidam

191 2235 287 2269 circa
308 2244 446 2281 partem
474 2237 616 2270 animae
649 2236 926 2271 intellectivam:
957 2237 1043 2270 vitia
1074 2244 1194 2270 autem
1225 2236 1382 2270 carnalia
1409 2236 1587 2281 pertinent
1609 2235 1652 2269 ad
1675 2246 1750 2269 cor-

190 2290 395 2335 ruptionem
418 2292 551 2323 carnis:
575 2290 635 2324 sed
660 2301 743 2323 caro
762 2302 835 2324 non
856 2290 928 2335 agit
946 2290 981 2323 in
1001 2290 1172 2331 animam,
1192 2289 1252 2323 sed
1271 2289 1389 2335 potius
1405 2300 1422 2322 e
1438 2289 1642 2331 contrario;
1662 2300 1750 2335 ergo

190 2343 274 2376 vitia
297 2342 454 2376 carnalia
482 2354 555 2376 non
579 2352 728 2377 causant
750 2343 964 2377 caecitatem
986 2343 1128 2384 mentis,
1151 2351 1185 2376 et
1205 2342 1462 2376 hebetudinem
1484 2353 1619 2376 sensus.

265 2407 294 2442 3.
316 2395 551 2430 PRAETEREA.
580 2396 874 2442 Unumquodque
902 2397 1017 2441 magis
1045 2396 1176 2442 patitur
1204 2407 1222 2428 a
1249 2395 1496 2441 propinquori,
1518 2406 1627 2441 quam
1654 2406 1674 2428 a
1699 2406 1751 2430 re-

190 2449 360 2483 motiori:
383 2449 443 2482 sed
465 2449 722 2494 propinquiora
743 2458 826 2483 sunt
846 2450 958 2483 menti
979 2450 1065 2483 vitia
1086 2447 1293 2495 spiritualia,
1320 2459 1428 2494 quam
1456 2448 1636 2490 carnalia;
1663 2459 1750 2494 ergo

191 2502 344 2536 caecitas
368 2502 509 2543 mentis,
532 2510 566 2536 et
586 2503 767 2536 hebetudo
795 2514 919 2536 sensus
947 2503 1062 2548 magis
1090 2509 1281 2536 causantur
1308 2513 1349 2535 ex
1375 2501 1468 2536 vitiis
1495 2500 1749 2547 spiritualibus,

191 2567 301 2602 quarn
323 2567 365 2589 ex
386 2556 480 2589 vitiis
503 2555 717 2589 carnalibus.

263 2609 336 2643 SED
360 2619 513 2643 CONTRA
537 2617 600 2650 est,
623 2609 719 2654 quod
744 2609 943 2654 Gregorius
974 2619 1025 2654 31.
1053 2607 1181 2642 Moral.
1205 2608 1291 2654 (cap.
1314 2607 1382 2653 17.)
1405 2608 1500 2650 dicit,
1528 2607 1623 2654 quod
1645 2607 1750 2642 hebe-

190 2662 277 2697 tudo
305 2674 430 2696 sensus
457 2662 552 2696 circa
578 2661 855 2707 intelligentiam
882 2662 994 2696 oritur
1019 2674 1060 2695 ex
1091 2661 1186 2707 gula,
1221 2661 1375 2694 caecitas
1403 2669 1524 2695 autem
1551 2662 1681 2695 mentis
1708 2671 1749 2694 ex

192 2716 342 2749 luxuria.

263 2768 491 2803 Rizspoxnro
510 2768 715 2810 dicendum,
737 2768 833 2813 quod
855 2767 1026 2814 perfectio
1042 2766 1293 2801 intellectualis
1309 2767 1527 2813 operationis
1546 2767 1581 2800 in
1599 2766 1749 2800 homine

192 2822 355 2855 consistit
368 2822 402 2855 in
420 2821 576 2867 quadam
591 2821 831 2855 abstractione
847 2832 865 2854 a
880 2820 1102 2855 sensibilium
1117 2821 1446 2866 phantasmatibus;
1468 2828 1502 2854 et
1519 2819 1600 2853 ideo
1614 2827 1748 2865 quanto

191 2874 393 2909 intellectus
414 2875 574 2909 hominis
601 2875 716 2921 magis
743 2874 848 2908 fuerit
876 2874 965 2908 liber
993 2874 1034 2907 ab
1063 2874 1273 2920 hujusmodi
1302 2873 1625 2920 phantasmatibus,
1646 2880 1748 2907 tanto
