1859 3122
475 204 696 239 QUAESTIO
731 204 888 234 CLXXV.
923 204 1167 234 ARTICULUS
1200 205 1259 234 111.
1554 207 1657 250 1141

177 284 251 320 SED
279 295 433 319 CONTRA
462 294 526 327 est,
548 285 644 331 quod
672 286 765 331 Aug.
789 286 1004 320 determinat
1031 286 1067 319 in
1093 286 1152 320 lib.
1175 286 1218 320 de
1245 285 1326 320 Vid.
1350 286 1471 321 Deum
1499 287 1542 321 ad
1577 288 1666 322 Pau-

105 338 214 372 linam
243 340 300 383 (sc.
322 345 369 384 cp.
398 351 464 374 112.
488 340 651 385 cap.13.),
681 339 776 385 quod
801 354 819 371 «
842 340 917 386 ipsa
945 340 1012 373 Dei
1042 340 1238 374 substantia
1270 351 1288 373 a
1311 340 1523 386 quibusdam
1551 341 1664 375 videri

101 392 218 438 potuit
239 392 274 425 in
297 392 365 425 hac
389 393 460 426 vita
484 392 628 437 positis;
651 393 742 426 sicut
769 404 788 426 a
815 393 955 439 Moyse,
971 400 1005 426 et
1027 393 1153 435 Paulo,
1187 393 1247 439 qui
1278 402 1398 439 raptus
1421 393 1556 428 audivit
1581 393 1666 428 inef-

103 445 224 480 fabilia
250 446 369 485 verba,
397 457 488 491 quae
515 457 588 480 non
610 446 694 480 licet
716 446 858 480 homini
883 446 1029 492 loqui».

172 498 402 534 RESPONDEO
434 500 639 541 dicendum,
662 499 758 545 quod
781 500 926 545 quidam
951 500 1125 542 dixerunt,
1148 499 1303 534 Paulum
1326 502 1360 534 in
1389 509 1491 546 raptu
1523 512 1596 535 non
1618 501 1666 534 vi-

102 552 196 587 disse
219 553 334 598 ipsam
357 553 423 586 Dei
447 553 652 594 essentiam,
671 553 732 587 sed
756 553 952 598 quamdam
971 553 1224 599 refulgentiam
1247 553 1418 588 claritatis
1446 554 1577 600 ipsius:
1601 554 1664 589 sed

85 607 323 654 ‘contrarium
350 605 538 640 manifeste
573 606 726 651 August.
750 607 975 648 determinat,
998 618 1070 640 non
1099 606 1219 640 solum
1241 609 1275 640 in
1307 606 1399 641 libro
1427 607 1469 640 de
1496 608 1665 642 Videndo

101 659 223 693 Deum
249 660 326 703 (loc.
350 660 433 704 cit),
452 659 513 693 sed
537 660 644 693 etiam
672 669 721 693 12.
745 671 851 705 super
874 660 1005 694 Genes.
1028 660 1071 694 ad
1098 660 1148 694 lit.
1177 660 1266 706 (cap.
1289 661 1373 704 28),
1405 669 1439 694 et
1458 661 1608 695 habetur
1630 661 1666 694 in

104 711 223 746 Gloss.
251 713 355 759 (ord.)
385 724 460 759 sup.
482 712 588 746 illud:
623 714 726 759 Usque
741 713 782 746 ad
801 714 934 748 tertium
961 714 1096 754 coelam,
1121 723 1151 747 2.
1180 714 1221 747 ad
1255 713 1420 748 Corinth.
1452 724 1515 756 12.,
1536 722 1570 748 et
1595 715 1666 749 hoc

103 766 211 799 etiam
233 767 307 812 ipsa
330 768 437 800 verba
456 766 623 812 Apostoli
643 767 850 812 designant:
875 767 960 800 dicit
983 769 1090 808 enirn,
1111 779 1142 801 se
1163 767 1324 801 audivisse
1344 767 1523 813 ineffabilia
1549 769 1664 809 verba,

102 830 184 864 quae
210 831 275 853 non
302 820 374 854 licet
400 820 525 853 homini
552 820 650 865 loqui.
680 820 897 865 Hujusmodi
920 828 1040 854 autem
1067 820 1232 854 videntur
1247 832 1288 854 ea
1315 832 1406 866 quae
1422 821 1599 867 pertinent
1621 821 1665 855 ad

104 872 282 907 visionem
297 873 497 914 beatorum,
517 884 607 919 quae
627 874 767 907 excedit
782 882 913 907 statum
931 874 1022 915 viae,
1037 874 1238 908 secundum
1260 873 1347 908 illud
1372 875 1438 908 Isa.
1455 873 1516 917 64:
1543 875 1666 909 Oculus

103 937 168 959 non
189 926 284 966 vidit,
310 927 412 968 Deus,
429 927 545 972 absque
561 931 598 968 te,
621 938 702 972 quae
719 928 931 972 praeparasti
945 927 1153 972 diligentibus
1168 932 1212 968 teu·
1237 936 1271 961 et
1290 928 1370 962 ideo
1393 928 1666 962 convenientius

103 979 232 1013 dicitur
247 979 343 1025 quod
365 980 486 1013 Deum
504 991 566 1026 per
592 980 783 1014 essentiam
806 981 902 1014 vidit.

175 1033 234 1066 AD
253 1043 403 1067 PRIMUM
426 1044 512 1078 ergo
535 1033 739 1073 dicendum,
761 1034 857 1078 quod
881 1044 982 1067 mens
998 1033 1158 1066 humana
1181 1034 1348 1068 divinitus
1371 1034 1502 1080 rapitur
1523 1034 1565 1068 ad
1585 1045 1668 1068 con-

103 1085 350 1132 templandam
376 1086 565 1120 veritatem
592 1086 750 1119 divinam
779 1086 975 1132 tripliciter:
1003 1098 1066 1120 nno
1094 1087 1199 1128 modo,
1228 1095 1265 1120 ut
1292 1087 1559 1133 contempletur
1586 1099 1666 1121 eam

104 1151 166 1186 per
188 1139 439 1173 similitudines
462 1139 636 1184 quasdam
658 1139 910 1184 imaginarias;
934 1147 968 1172 et
988 1139 1068 1173 talis
1090 1139 1155 1173 fuit
1177 1151 1342 1174 excessus
1365 1141 1506 1183 mentis,
1529 1141 1589 1186 qui
1616 1152 1669 1174 ce-

105 1193 190 1227 cidit
215 1204 320 1238 supra
348 1192 513 1225 Petrum:
541 1192 606 1226 alio
635 1192 739 1234 modo,
770 1200 806 1225 ut
834 1192 1099 1238 contempletur
1125 1193 1313 1226 veritatem
1341 1193 1499 1227 divinam
1526 1205 1588 1239 per
1614 1194 1668 1227 in-

103 1245 309 1292 telligibiles
333 1244 497 1279 effectus:
519 1245 612 1279 sicut
632 1244 697 1279 fuit
719 1257 884 1279 excessus
901 1246 1018 1279 David
1041 1246 1192 1280 dicentis
1215 1247 1319 1291 (Psal.
1340 1248 1440 1292 115.):
1460 1247 1529 1292 Ego
1544 1247 1615 1280 dixi
1634 1249 1667 1280 in

103 1311 229 1334 excessu
254 1310 345 1332 meo:
376 1298 494 1333 Omnis
520 1298 614 1332 homo
642 1299 804 1333 mendax:
834 1301 929 1333 tatto
948 1299 1054 1341 modo,
1082 1307 1120 1333 ut
1152 1299 1416 1344 contempletur
1443 1311 1523 1334 eam
1546 1300 1581 1333 in
1604 1311 1667 1334 sua

104 1351 275 1386 essentia:
300 1359 335 1385 et
354 1351 435 1385 talis
450 1350 515 1385 fuit
530 1360 650 1397 raptus
664 1351 778 1391 Pauli,
801 1361 835 1386 et
850 1353 958 1386 etiam
977 1352 1134 1399 Moysis;
1150 1361 1185 1387 et
1205 1353 1290 1387 satis
1305 1361 1546 1398 congruenter
1561 1365 1567 1386 :
1583 1365 1669 1386 narn

106 1405 197 1439 sicut
219 1405 366 1451 Moyses
388 1404 454 1438 fuit
479 1405 615 1451 primus
637 1405 778 1439 Doctor
794 1405 1027 1450 Judaeorum,
1048 1406 1098 1440 ita
1119 1406 1252 1440 Paulus
1279 1405 1345 1440 fuit
1365 1406 1501 1451 primus
1528 1407 1668 1441 Doctor

108 1458 292 1493 Gentium.

179 1513 238 1547 AD
258 1524 464 1547 SECUNDUM
480 1513 683 1555 dicendum,
707 1513 803 1559 quod
822 1513 942 1547 divina
969 1514 1123 1547 essentia
1144 1513 1256 1548 videri
1279 1514 1320 1547 ab
1339 1513 1523 1548 intellectu
1546 1522 1666 1547 creato

108 1577 181 1600 non
204 1575 332 1612 potest,
354 1567 422 1600 nisi
448 1578 511 1612 per
531 1566 654 1600 lumen
682 1566 830 1612 gloriae,
861 1567 903 1600 de
938 1578 1008 1612 quo
1037 1567 1164 1601 dicitur
1190 1567 1225 1600 in
1252 1566 1346 1601 Psal.
1379 1578 1449 1613 35.:
1477 1567 1517 1601 In
1545 1567 1667 1601 lamina:

106 1625 160 1654 tuo
179 1619 361 1654 videbimus
382 1620 516 1660 lumem·
540 1621 636 1665 quod
658 1628 781 1654 tamen
809 1620 983 1666 dupliciter
1009 1621 1214 1666 participari
1235 1628 1370 1666 potest:
1398 1633 1462 1655 zano
1489 1621 1585 1654 modo
1608 1632 1669 1666 per

106 1673 259 1707 modurn
281 1672 419 1706 formae
438 1673 689 1714 immanentis3
717 1681 750 1707 et
768 1673 817 1706 sic
840 1673 966 1708 beatos
993 1673 1076 1707 facit
1104 1682 1248 1708 sanctos
1271 1674 1306 1707 in
1321 1674 1455 1719 patria:
1483 1674 1548 1708 alio
1574 1674 1668 1708 mocio

104 1737 168 1772 per
189 1726 341 1760 modum
363 1727 551 1772 cujusdam
573 1727 751 1772 passionis
771 1727 999 1768 transeuntis,
1022 1727 1113 1760 sicut
1134 1727 1268 1760 dictum
1298 1735 1350 1761 est
1373 1727 1418 1772 (q.
1440 1739 1508 1773 171.
1535 1731 1598 1761 art.
1621 1729 1668 1771 2.)

107 1780 149 1813 de
164 1779 301 1813 lumine
324 1779 549 1825 prophetiae:
579 1788 612 1813 et
630 1779 701 1813 hoc
724 1780 835 1813 modo
850 1779 973 1813 lumen
993 1779 1079 1813 illud
1102 1779 1168 1814 fuit
1185 1781 1221 1813 in
1243 1779 1369 1823 Paulo,
1385 1781 1529 1826 quando
1549 1789 1668 1826 raptus

103 1832 189 1875 fuit3
212 1841 246 1866 et
267 1833 348 1867 ideo
372 1844 413 1867 ex
434 1833 497 1867 tali
518 1834 657 1867 visione
684 1845 757 1868 non
779 1833 845 1868 fuit
865 1834 1078 1880 simpliciter
1091 1834 1227 1876 beatus,
1250 1843 1288 1869 ut
1309 1835 1410 1869 fieret
1432 1835 1669 1870 redundantia

106 1887 150 1920 ad
173 1897 315 1932 corpus,
338 1887 400 1920 sed
423 1886 541 1920 solum
569 1887 769 1921 secundum
789 1887 892 1933 quid3
920 1895 954 1922 et
980 1888 1062 1922 ideo
1083 1887 1164 1922 talis
1191 1897 1312 1934 raptus
1340 1888 1461 1934 aliquo
1489 1890 1599 1923 modo
1627 1889 1670 1922 ad

105 1939 334 1985 prophetiam
361 1940 523 1985 pertinet.

175 1993 235 2027 AD
255 2003 427 2027 TERTIUM
448 1993 653 2035 dicendum,
676 1993 772 2039 quod
795 1994 877 2040 quia
899 1993 1033 2028 Paulus
1054 1994 1090 2028 in
1111 2002 1214 2040 raptu
1240 2006 1314 2029 non
1336 1994 1402 2029 fuit
1422 1996 1546 2029 beatus
1567 1995 1666 2029 habi-

103 2045 257 2087 tualiter,
280 2046 341 2079 sed
363 2045 483 2079 solum
504 2046 628 2080 habuit
652 2055 772 2081 actum
787 2047 989 2089 beatorum,
1012 2059 1238 2094 consequens
1257 2057 1320 2090 est,
1343 2057 1381 2082 ut
1402 2048 1510 2082 simul
1525 2057 1608 2082 tunc
1631 2048 1667 2081 in

105 2110 148 2132 eo
171 2110 245 2132 non
266 2098 372 2133 fuerit
394 2107 493 2133 aetus
515 2099 616 2133 fidei:
639 2098 704 2133 fuit
725 2108 847 2134 tamen
869 2100 977 2134 simul
998 2109 1083 2134 tunc
1105 2101 1141 2135 in
1165 2112 1207 2135 eo
1230 2101 1313 2135 fidei
1334 2101 1488 2135 habitus.

177 2152 237 2186 AD
253 2162 442 2191 QUARTUM
456 2152 661 2195 dicendum,
677 2153 773 2198 quod
787 2154 937 2187 nomine
958 2154 1052 2187 tertii
1068 2153 1162 2188 coeli
1183 2162 1300 2200 potest
1322 2167 1386 2189 uno
1401 2148 1500 2189 modo*
1517 2154 1671 2200 intelligi

107 2204 241 2251 aliquid
263 2216 500 2251 corporeum,
530 2214 564 2239 et
585 2206 634 2239 sic
656 2206 803 2240 tertium
830 2206 974 2240 coelum
994 2207 1121 2241 dicitur
1144 2207 1289 2242 coelum
1311 2219 1548 2254 ·empyreum,
1571 2207 1667 2253 quod

107 2259 234 2293 dicitur
254 2259 400 2292 tertium
419 2267 582 2304 respectu
602 2258 695 2293 coeli
716 2260 822 2301 aerei,
838 2268 872 2294 et
893 2260 987 2294 coeli
1005 2261 1144 2302 siderei,
1166 2261 1225 2296 vel
1246 2262 1364 2307 potius
1386 2270 1550 2307 respectu
1573 2261 1664 2295 coeli

108 2312 223 2358 aquei,
245 2312 319 2345 sive
343 2312 584 2358 chrystallini3
608 2320 641 2346 et
656 2313 783 2347 dicitur
797 2321 917 2359 raptus
939 2314 983 2348 ad
1004 2315 1151 2348 tertium
1174 2315 1331 2356 coelum,
1353 2326 1428 2348 non
1443 2316 1525 2360 quia
1548 2323 1669 2360 raptus

107 2365 151 2399 sit
174 2365 217 2398 ad
238 2365 433 2399 videndum
455 2365 730 2399 similitudinem
753 2366 902 2412 alicujus
923 2367 975 2401 rei
997 2378 1206 2413 corporeae,
1229 2368 1290 2401 sed
1312 2376 1458 2414 propter
1478 2368 1550 2401 hoc
1574 2367 1670 2413 quod

107 2418 210 2452 locus
239 2417 299 2452 ille
330 2426 383 2452 est
408 2419 726 2465 contemplationis
754 2420 963 2462 beatorum3
994 2420 1088 2454 unde
1121 2419 1239 2455 Gloss.
1269 2421 1338 2465 (cit.
1367 2422 1401 2454 in
1423 2422 1534 2467 princ.
1563 2421 1669 2466 corp.)

109 2471 194 2505 dicit
215 2482 246 2505 2.
269 2471 313 2505 ad
336 2471 502 2506 Corinth.
528 2482 580 2505 12.
599 2472 696 2518 quod
721 2485 738 2504 ι(
753 2472 897 2506 coelum
919 2474 1065 2507 tertium
1087 2481 1140 2507 est
1158 2473 1340 2518 spirituale
1360 2473 1515 2515 coelum,
1539 2473 1599 2507 ubi
1613 2485 1676 2507 an-

109 2524 191 2569 geli,
211 2532 245 2558 et
266 2533 411 2558 sanctae
434 2525 576 2558 animae
594 2524 757 2559 fruuntur
770 2526 839 2560 Dei
861 2525 1169 2572 contemplatione
1181 2538 1220 2559 ›>:
1241 2527 1284 2560 ad
1307 2527 1403 2572 quod
1426 2537 1509 2560 cum
1531 2526 1616 2560 dicit
1634 2537 1672 2560 se

109 2585 263 2623 raptum,
285 2577 404 2623 signat
417 2578 514 2623 quod
534 2578 634 2612 Deus
657 2579 813 2613 ostendit
827 2579 859 2613 ei
876 2579 999 2619 vitam,
1014 2579 1050 2612 in
1069 2590 1138 2625 qua
1155 2579 1330 2613 videndus
1346 2587 1398 2613 est
1412 2579 1447 2612 in
1471 2588 1669 2613 aeternum:

111 2631 175 2664 alio
202 2629 296 2664 modo
331 2642 395 2676 per
427 2631 572 2664 tertium
604 2631 748 2665 coelum
770 2640 888 2676 potest
914 2632 1067 2677 intelligi
1093 2632 1211 2678 aliqua
1240 2633 1331 2666 visio
1358 2632 1672 2678 supermundana3

111 2693 202 2729 quae
224 2691 341 2728 potest
362 2683 433 2717 dici
453 2684 599 2717 tertiUm
618 2684 763 2718 coelum
781 2685 906 2730 triplici
920 2686 1059 2719 rationi.
1089 2686 1159 2719 Uno
1174 2685 1270 2719 modo
1285 2685 1482 2719 secundum
1507 2685 1674 2719 ordinem

111 2736 355 2782 potentiarum
377 2737 726 2782 cognoscitivarum;
746 2746 783 2771 ut
792 2740 945 2784 primum
961 2738 1102 2772 coelum
1121 2738 1258 2772 dicatur
1273 2739 1363 2772 visio
1382 2738 1674 2784 supermundana

113 2789 322 2835 corporalis,
349 2801 440 2835 quae
467 2789 506 2823 fit
531 2801 594 2836 per
619 2802 781 2824 sensum:
812 2791 903 2825 sicut
929 2792 1005 2825 visa
1034 2800 1086 2825 est
1112 2803 1240 2825 manus
1262 2792 1447 2826 scribentis
1470 2792 1505 2825 in
1527 2791 1675 2838 pariete,

113 2841 246 2876 Daniel
263 2853 301 2886 5.:
317 2843 490 2877 secundum
506 2852 627 2877 autem
643 2843 787 2877 coelum
805 2844 849 2878 sit
862 2845 953 2878 visio
975 2845 1209 2889 imaginaria3
1225 2854 1309 2890 puta
1324 2856 1433 2890 quam
1447 2845 1535 2878 vidit
1552 2845 1675 2886 Isaias,

114 2904 148 2930 et
161 2896 318 2941 Joannes
339 2896 377 2930 in
398 2896 637 2943 Apocalypsi:
661 2898 793 2932 tertium
812 2909 899 2932 vero
923 2897 1068 2932 coelum
1086 2897 1224 2932 dicatur
1245 2898 1335 2932 visio
1357 2897 1623 2939 intellectualis,
1637 2905 1676 2931 ut

262 2976 290 3004 S.
313 2977 436 3003 Tuosne
458 2977 562 3003 summa
583 2977 743 3013 Theologica.
765 2978 829 3004 vol.
852 2978 904 3005 111.
1501 2988 1532 3014 73
