1859 3122
1503 105 1521 114 ρ

439 176 658 212 QUAESTIO
694 176 841 205 CXVIII.
875 175 1117 205 ARTICULUS
1151 174 1210 204 111.
1523 161 1604 215 805

126 258 186 292 Ao
209 267 413 292 SECUNDUM
435 257 639 298 dicendum,
661 256 756 302 quod
782 256 916 302 justitia
938 255 1080 302 proprie
1103 255 1223 289 statuit
1252 265 1461 288 mensuram
1487 254 1523 287 in
1554 265 1611 288 ac-

58 311 292 358 ceptionibus,
307 318 342 344 et
355 310 686 344 conservationibus
703 309 906 343 divitiarum
922 309 1120 343 secundum
1139 308 1316 342 rationem
1337 307 1445 341 debiti
1462 306 1608 352 legalis:

56 373 94 399 ut
114 364 252 399 scilicet
277 364 390 397 horno
408 374 482 397 non
501 363 663 409 accipiat,
685 374 750 396 nec
773 363 923 396 retineat
945 361 1120 396 alienum:
1138 361 1199 395 sed
1214 360 1407 394 liberalitas
1425 360 1610 394 constituit

57 428 264 452 mensuram
286 417 444 458 rationis,
467 416 709 462 principaliter
727 415 872 461 quidem
891 415 926 449 in
944 415 1171 449 interioribus
1199 413 1458 455 affectionibus,
1489 421 1523 447 et
1549 424 1612 459 per

57 481 283 516 consequens
306 471 340 503 in
363 470 529 504 exteriori
552 469 774 515 acceptione,
805 476 839 502 et
869 468 1142 502 conservatione
1170 467 1416 513 pecuniarum,
1445 474 1480 500 et
1509 466 1612 501 ernis-

57 524 158 558 sione
180 534 315 565 earum,
337 523 536 556 secundum
559 522 654 568 quod
682 533 724 556 ex
750 521 910 555 interiori
937 520 1127 554 affectione
1149 520 1360 566 procedunt,
1390 531 1463 553 non
1494 519 1613 553 obser-

58 576 174 610 vando
201 576 379 610 rationem
407 575 515 609 debiti
533 575 669 621 legalis,
691 575 753 609 sed
775 574 883 608 debiti
902 573 1061 615 moralis,
1084 573 1180 620 quod
1203 573 1394 607 attenditur
1413 572 1612 607 secundum

58 629 222 676 regulam
243 629 402 662 rationis.

128 683 187 716 An
211 692 380 717 TERTIUM
402 682 606 723 dicendum,
635 681 730 727 quod
757 680 916 722 avaritia,
943 680 1141 714 secundum
1172 680 1268 726 quod
1300 679 1494 725 opponitur
1518 678 1614 724 justi-

57 735 138 777 tiae,
165 746 238 769 non
264 735 372 768 habet
397 735 525 768 vitium
560 734 785 780 oppositum:
808 733 890 779 quia
913 733 1061 767 avaritia
1088 734 1251 767 consistit
1271 733 1308 766 in
1330 732 1409 779 plus
1430 732 1612 773 habendo,

59 799 167 834 quam
189 788 316 822 debeat
338 788 537 822 secundum
559 787 749 833 justitiam;
765 794 800 820 et
812 786 896 820 huic
919 786 1112 832 opponitur
1131 786 1248 820 minus
1264 786 1407 828 habere,
1425 785 1520 831 quod
1538 795 1612 818 non

57 841 166 875 habet
185 841 364 875 rationem
391 840 530 885 culpae,
552 841 613 874 sed
630 850 788 886 poenae:
811 839 873 873 sed
897 839 1054 880 avaritia,
1081 839 1279 873 secundum
1302 838 1397 885 quod
1421 838 1613 884 opponitur

59 894 272 935 liberalitati,
293 894 401 928 habet
421 894 547 928 vitium
568 892 838 939 prodiligalitati
860 892 1077 938 oppositum.

606 1033 948 1078 ARTICULUS
984 1033 1060 1077 tv.
1551 1054 1613 1090 ,99

237 1141 389 1171 UTRUM
421 1141 626 1170 AVARITIA
654 1141 815 1170 SEMPER
850 1141 916 1169 SIT
950 1140 1186 1170 PECCATUM
1216 1139 1438 1170 MORTALE.

646 1228 749 1272 (Mal.
771 1241 800 1274 q.
823 1240 866 1274 13.
889 1234 954 1263 art.
976 1230 1037 1274 2.).

131 1317 191 1351 AD
218 1327 405 1356 QUARTUM
427 1317 475 1351 sic
498 1317 714 1363 proceditur.
736 1316 898 1359 Videtur,
917 1317 1013 1363 quod
1035 1317 1183 1351 avaritia
1204 1328 1346 1362 semper
1367 1317 1411 1351 sit
1428 1325 1618 1363 peccatum

61 1369 231 1404 mortale:
247 1369 365 1404 nullus
392 1370 489 1404 enim
511 1378 563 1404 est
577 1370 705 1416 dignus
726 1378 855 1412 morte,
876 1370 944 1404 nisi
965 1382 1030 1416 pro
1046 1378 1196 1417 peccato
1211 1370 1374 1406 mortali:
1390 1371 1452 1405 sed
1473 1378 1619 1417 propter

61 1422 251 1457 avaritiam
265 1423 433 1457 homines
447 1423 546 1468 digni
564 1432 646 1457 sunt
660 1432 788 1466 morte,
819 1435 902 1457 curn
917 1424 1013 1457 enim
1028 1424 1227 1470 Apostolus
1242 1424 1285 1458 ad
1300 1425 1407 1458 Rom.
1427 1435 1454 1457 1.
1469 1425 1620 1470 praemi-

62 1476 182 1511 sisset:
202 1476 346 1522 Replatos
359 1478 450 1510 omni
463 1478 649 1522 iniquitate,
659 1477 895 1522 fornicatione,
908 1478 1070 1519 avaritia,
1087 1484 1152 1511 etc.
1168 1477 1304 1511 subdit:
1321 1478 1392 1522 Qui
1405 1477 1486 1512 talia
1504 1482 1617 1523 agunt,

62 1529 152 1575 digni
171 1534 246 1564 sunt
265 1535 390 1570 γωνία,-
413 1541 500 1575 ergo
523 1530 671 1564 avaritia
692 1538 745 1564 est
765 1538 955 1576 peccatum
977 1530 1141 1564 mortale.

133 1592 165 1617 2.
187 1582 422 1617 PRAETfflffl.
443 1583 638 1616 Minimum
658 1584 695 1617 in
717 1583 865 1617 avaritia
887 1590 950 1624 est,
977 1583 1073 1628 quod
1101 1583 1228 1629 aliquis
1249 1583 1452 1618 inordinate
1470 1583 1620 1618 retineat

63 1646 142 1670 sua:
165 1635 227 1669 sed
248 1635 319 1669 hoc
340 1635 480 1669 videtur
501 1646 578 1670 esse
599 1643 790 1682 peccatum
812 1635 984 1669 mortale:
1007 1636 1093 1670 dicit
1114 1636 1210 1670 enim
1228 1636 1336 1670 Basil.
1353 1636 1401 1680 (in
1415 1648 1510 1671 serm.
1525 1643 1620 1683 super

63 1688 166 1724 illud:
188 1689 370 1723 Destruam
395 1689 515 1723 horrea
532 1690 643 1733 mea).·
669 1702 686 1720 «
707 1688 770 1723 Est
789 1688 890 1734 panis
911 1688 1080 1730 famelici,
1108 1701 1217 1735 quem
1243 1697 1281 1724 tu
1306 1697 1424 1732 tenes;
1453 1689 1541 1723 nudi
1570 1697 1620 1723 tu-

61 1742 156 1783 nica,
177 1752 288 1787 quarn
309 1752 520 1784 conservas3
542 1742 734 1788 indigentis
756 1751 956 1787 argentum,
979 1741 1075 1787 quod
1097 1742 1275 1788 possides:
1303 1743 1473 1788 quocirca
1498 1750 1553 1776 tot
1572 1742 1623 1776 'm-

63 1795 215 1841 juriaris,
236 1802 324 1841 quot
346 1795 512 1829 exhibere
533 1794 670 1829 valeres
693 1807 728 1829 »z
763 1795 825 1828 sed
853 1795 1000 1840 injurati
1029 1795 1131 1829 alteri
1152 1803 1205 1829 est
1233 1803 1425 1841 peccatum
1451 1795 1621 1839 mortale3

65 1848 147 1894 quia
169 1847 407 1882 contrariatur
429 1847 613 1882 dilectioni
633 1848 807 1894 proximi3
838 1859 924 1893 ergo
955 1847 1070 1882 multo
1098 1849 1214 1894 magis
1245 1849 1364 1882 omnis
1391 1849 1539 1883 avaritia
1570 1857 1623 1884 est

66 1909 258 1948 peccatum
280 1900 445 1935 mortale.

139 1965 168 2000 3.
189 1953 425 1988 PRAETEREA.
446 1953 577 1988 Nullus
599 1962 812 1988 excaecatur
831 1953 1005 1999 spirituali
1027 1954 1212 1996 caecitate,
1240 1954 1309 1989 nisi
1337 1965 1399 2000 per
1431 1963 1623 2001 peccatum

65 2006 230 2048 mortale,
252 2006 348 2053 quod
370 2007 530 2041 animam
552 2007 667 2053 privat
687 2006 823 2040 lumine
845 2006 997 2052 gratiae:
1017 2007 1091 2049 sed,
1110 2007 1310 2041 secundum
1330 2008 1460 2054 Chrys.
1480 2009 1622 2055 (implic.

66 2061 151 2095 bom.
176 2069 222 2106 15.
238 2061 273 2093 in
288 2067 338 2105 op.
353 2061 512 2106 imperf),
528 2060 675 2094 tenebra
697 2060 838 2093 animae
858 2067 911 2093 est
927 2060 1163 2105 pecuniarum
1186 2061 1335 2107 cupido;
1358 2071 1444 2107 ergo
1463 2061 1623 2103 avaritia,

67 2124 158 2160 quae
180 2120 235 2147 est
255 2113 489 2158 pecuniarum
511 2113 654 2159 cupido,
676 2121 729 2147 est
749 2121 938 2158 peccatum
961 2112 1125 2147 mortale.

139 2166 214 2200 SED
237 2175 392 2200 CONTRA
411 2174 474 2207 est,
501 2166 596 2211 quod
622 2176 649 2201 1.
673 2166 716 2199 ad
740 2165 824 2200 Cor.
850 2177 878 2211 3.
901 2176 1008 2211 super
1026 2165 1134 2199 illud:
1149 2166 1270 2212 Siquis
1287 2166 1509 2212 aedificaverit
1525 2174 1624 2214 super

68 2219 126 2254 hoc
141 2218 404 2264 fundamentum,
427 2227 494 2253 etc.
516 2219 602 2253 dicit
624 2218 744 2253 Gloss.
766 2219 871 2264 (Aug.
895 2219 950 2252 lib.
972 2218 1008 2252 de
1028 2219 1124 2261 Fida,
1155 2225 1184 2254 et
1208 2219 1309 2266 Oper.
1336 2227 1409 2266 cap.
1435 2220 1503 2265 16.)
1527 2219 1623 2266 quod

71 2284 89 2303 ‹<
114 2271 266 2318 lignum,
292 2271 452 2306 foenum:
480 2280 514 2306 et
539 2271 707 2318 stipulam
735 2271 1008 2318 superaedificat
1031 2271 1093 2306 ille
1121 2273 1182 2318 qui
1212 2273 1347 2319 cogitat
1375 2284 1466 2319 quae
1499 2273 1625 2306 mundi

69 2333 161 2366 sunt,
183 2324 369 2370 quomodo
391 2324 531 2370 placeat
552 2325 688 2358 mundo
709 2337 750 2366 »3
773 2324 868 2370 quod
890 2325 1045 2370 pertinet
1066 2325 1109 2358 ad
1130 2334 1322 2371 peccatum
1348 2326 1535 2360 avaritiae:
1563 2325 1624 2359 ille

9 2385 17 2390 ·
70 2386 191 2412 autern
213 2378 274 2423 qui
296 2377 459 2411 aedificat
479 2377 630 2423 lignum,
651 2377 810 2419 foenum,
838 2385 872 2412 et
897 2376 1078 2423 stipulam,
1097 2389 1171 2412 non
1189 2387 1316 2423 peccat
1333 2379 1543 2420 mortaliter,
1562 2379 1623 2412 sed

69 2430 275 2473 venialiter;
297 2430 340 2464 de
363 2441 406 2464 eo
429 2431 526 2464 enim
547 2431 686 2472 dicitur,
709 2431 806 2476 quod
822 2430 931 2464 salvus
949 2432 1012 2465 erit
1030 2432 1076 2466 sic
1094 2433 1188 2476 quasi
1203 2437 1265 2477 per
1286 2433 1392 2477 ignem
1404 2445 1416 2472 ,·
1441 2442 1528 2477 ergo
1547 2442 1626 2465 ava-

70 2484 150 2518 ritia
176 2483 392 2529 quandoque
420 2491 472 2517 est
497 2483 637 2517 veniale
662 2491 864 2529 peccatum.

141 2536 369 2570 RESPONDEO
392 2536 596 2578 dicendum,
618 2536 726 2582 quod,
759 2536 851 2570 sicut
877 2536 1012 2571 dictum
1040 2544 1093 2570 est
1123 2537 1203 2580 (art.
1224 2538 1368 2583 praec),
1398 2537 1547 2570 avaritia
1572 2537 1628 2570 du-

66 2588 200 2635 pliciter
220 2589 367 2630 dicitur3
389 2600 452 2622 uno
474 2589 581 2630 modo,
604 2589 804 2623 secundum
826 2589 922 2634 quod
945 2589 1138 2635 opponitur
1154 2590 1329 2635 justitiae3
1358 2598 1391 2624 et
1417 2590 1488 2623 hoc
1515 2589 1626 2623 modo

74 2652 116 2676 ex
138 2652 268 2687 genere
289 2652 356 2675 suo
378 2649 431 2675 est
452 2649 641 2687 peccatum
664 2641 834 2684 mortale;
857 2642 907 2676 sic
931 2642 1028 2676 enim
1058 2643 1102 2676 ad
1133 2643 1320 2676 avaritiam
1342 2643 1504 2688 pertinet,
1531 2642 1628 2688 quod

75 2693 202 2740 aliquis
222 2694 350 2738 injuste
373 2694 534 2740 accipiat,
564 2693 621 2728 Vel
643 2695 793 2728 retineat
812 2705 868 2728 res
895 2694 1040 2736 alienas,
1071 2695 1166 2740 quod
1196 2695 1351 2740 pertinet
1379 2695 1423 2728 ad
1453 2694 1628 2741 rapinam,

74 2746 132 2780 vel
151 2745 296 2787 furtum,
318 2757 408 2792 quae
430 2755 512 2781 sunt
532 2756 679 2793 peccata
700 2747 880 2789 mortalia,
903 2756 940 2781 ut
963 2759 1068 2793 supra
1089 2748 1252 2782 habitum
1275 2756 1327 2781 est
1349 2747 1395 2794 (q.
1425 2748 1482 2783 66.
1508 2753 1572 2782 art.
1595 2748 1628 2782 6.

75 2803 104 2833 et
128 2800 199 2844 8).-
225 2811 243 2831 ((
265 2799 455 2844 Contingit
474 2808 596 2834 tamen
618 2800 655 2833 in
675 2800 747 2834 hoc
769 2811 901 2846 genere
925 2801 1093 2834 avaritiae
1117 2800 1249 2846 aliquid
1269 2811 1345 2835 esse
1364 2809 1554 2846 peccatum
1573 2811 1630 2834 ve-

75 2851 170 2886 niale
191 2860 337 2898 propter
360 2852 673 2898 imperfectionem
695 2861 794 2887 actus
816 2866 848 2894 >>,
871 2853 962 2887 sicut
993 2864 1098 2899 supra
1120 2853 1255 2887 dictum
1278 2862 1331 2887 est
1352 2854 1398 2899 (q.
1427 2854 1483 2889 66.
1505 2859 1568 2889 art.
1596 2854 1629 2889 6.

219 2932 247 2960 S.
267 2932 389 2959 ΤΗοΜΔΕ
411 2933 515 2959 Summa
541 2933 700 2969 Theologica.
721 2934 785 2960 Vol.
808 2933 861 2961 ΙΙΙ.
1456 2943 1486 2968 52
