1859 3122
143 203 253 245 1034
528 197 746 233 QUAESTIO
781 195 926 225 CLVIII.
960 193 1203 224 ARTICULUS
1235 193 1292 222 IV.

133 284 210 318 lum
232 281 397 329 proximi,
420 287 504 326 puta
526 291 608 313 curn
630 278 775 320 invidia,
798 285 832 312 et
853 277 956 312 odio:
979 277 1041 311 sed
1064 276 1189 310 odium
1211 274 1344 321 appetit
1364 273 1526 309 absolute
1547 272 1686 307 malum

136 336 289 377 alterius,
312 335 526 380 inquantum
543 331 771 377 hujusmodi:
786 331 927 365 invidus
943 338 1063 364 autern
1085 329 1218 376 appetit
1231 328 1369 362 malum
1385 327 1527 362 alterius
1542 334 1686 374 propter

137 389 331 435 appetitum
362 386 526 432 propriae
557 385 713 431 gloriae:
736 385 796 418 sed
828 384 937 418 iratus
961 383 1093 429 appetit
1124 382 1261 416 malum
1290 380 1433 415 alterius
1454 381 1517 415 sub
1548 380 1686 414 ratione

133 444 247 488 justae
268 440 465 481 vindictae;
489 451 531 472 ex
552 450 623 484 quo
645 445 752 484 patet,
776 437 871 483 quod
895 437 1019 471 odium
1042 444 1095 470 est
1120 435 1263 481 gravius
1286 446 1394 480 quam
1421 433 1566 476 invidia,
1585 440 1619 468 et
1639 433 1689 466 in-

133 495 228 528 vidia
251 505 358 540 quam
379 493 448 527 ira:
471 492 553 538 quia
575 493 675 537 pejus
699 499 751 525 est
776 498 942 537 appetere
966 489 1102 523 malum
1125 488 1188 522 sub
1212 487 1350 522 ratione
1373 486 1471 529 mali,
1494 497 1603 533 quam
1624 485 1686 520 sub

135 549 273 582 ratione
295 546 399 588 boni;
422 553 456 580 et
476 546 576 590 pejus
600 553 652 578 est
674 552 842 590 appetere
864 542 1002 577 malum
1024 542 1087 576 sub
1110 541 1248 575 ratione
1268 540 1355 574 boni
1377 540 1571 582 exterioris,
1593 539 1689 585 quod

137 610 188 635 est
209 601 339 641 honor,
369 599 427 633 vel
448 599 574 644 gloria,
598 609 706 644 quam
733 597 796 631 sub
824 597 962 631 ratione
992 595 1212 630 rectitudinis
1241 594 1413 640 justitiae:
1437 593 1498 627 sed
1524 604 1565 627 ex
1590 599 1690 639 parte

136 654 233 696 boni,
256 654 318 688 sub
343 654 442 698 cujus
464 652 602 686 ratione
624 651 733 685 iratus
752 651 885 697 appetit
907 649 1056 691 malum,
1076 648 1244 682 convenit
1264 648 1317 682 ira
1339 659 1421 681 curn
1435 654 1585 694 peccato
1609 657 1691 680 con-

138 707 390 753 cupiscentiae,
413 706 509 751 quod
531 705 643 739 tendit
664 705 699 737 in
723 704 868 749 aliquod
889 704 1045 745 bonum;
1069 711 1103 737 et
1118 710 1290 748 quantum
1313 702 1356 735 ad
1370 701 1441 735 hoc
1461 701 1570 734 etiam
1591 699 1692 734 abso-

136 761 209 795 lute
221 760 402 806 loquendo
416 767 605 805 peccatum
619 758 692 792 irae
707 758 846 792 videtur
857 768 933 791 esse
948 757 1078 797 minus,
1093 767 1201 802 quam
1216 754 1541 801 concupiscentiae,
1556 760 1690 799 quanto

139 814 267 848 melius
290 822 342 848 est
355 813 492 846 bonum
506 811 672 857 justitiae,
696 811 791 856 quod
814 810 947 856 appetit
969 811 1089 851 iratus,
1112 820 1221 855 quam
1241 808 1379 842 bonurn
1394 805 1616 848 delectabile,
1633 804 1693 840 vel

139 867 234 909 utile,
251 866 347 913 quod
370 867 502 911 appetit
525 865 802 910 concupiscens;
825 863 919 897 unde
940 862 1076 897 Philos.
1099 862 1185 896 dicit
1205 862 1241 895 in
1260 873 1290 907 7.
1307 861 1519 895 Ethicorum
1537 860 1626 906 (cap.
1641 859 1692 904 6.)

141 920 237 967 quod
263 933 280 951 ‹<
302 919 529 953 incontinens
552 917 866 964 concupiscentiae
888 925 941 951 est
960 916 1108 962 turpior,
1124 926 1232 961 quam
1246 915 1475 949 incontinens
1489 914 1562 948 irae
1579 924 1612 946 »z
1627 912 1690 946 sed

141 982 317 1021 quantum
341 973 383 1007 ad
404 972 722 1013 inordinationem,
745 982 835 1017 quae
851 978 903 1005 est
917 970 1118 1005 secundum
1137 970 1289 1003 modum
1311 968 1498 1011 irascendi,
1517 968 1569 1001 ira
1585 967 1695 1001 habet

140 1027 335 1074 quamdam
359 1025 607 1060 excellentiam
629 1033 774 1071 propter
794 1024 1075 1066 vehementiam,
1107 1031 1142 1058 et
1161 1022 1392 1057 velocitatem
1414 1022 1469 1056 sui
1489 1028 1622 1063 motus,
1643 1031 1694 1055 se-

140 1082 298 1116 cundum
319 1079 407 1114 illud
428 1079 598 1113 Proverb.
618 1089 692 1124 27.:
715 1078 774 1113 Ira
795 1090 860 1112 non
886 1078 981 1112 habet
1005 1076 1279 1119 misericordiam,
1307 1088 1362 1111 nec
1387 1081 1557 1122 erumpens
1569 1074 1692 1120 furor:

140 1141 167 1171 et
191 1137 343 1181 impetum
365 1134 519 1168 concitati
539 1133 671 1179 spiritus
689 1132 777 1178 serre
798 1133 869 1178 quis
884 1132 1031 1178 poterit?
1050 1130 1155 1165 Unde
1176 1130 1328 1176 Gregor.
1348 1129 1434 1163 dicit
1454 1129 1490 1162 in
1515 1139 1543 1174 5.
1565 1126 1693 1162 Moral.

141 1189 227 1235 (cap.
246 1189 316 1234 30.)
335 1201 344 1222 :
370 1201 387 1220 «
409 1187 487 1221 Irae
509 1197 594 1221 suae
616 1185 768 1220 stimulis
787 1196 981 1219 accensum
1004 1195 1066 1218 cor
1087 1183 1246 1230 palpitat,
1269 1194 1399 1228 corpus
1421 1182 1553 1224 tremit,
1572 1181 1695 1227 lingua

143 1254 180 1277 se
214 1241 405 1288 praepedit,
439 1239 548 1274 facies
577 1239 740 1285 ignescit,
770 1246 1024 1284 exasperantur
1052 1236 1159 1279 oculi,
1194 1245 1228 1271 et
1263 1247 1493 1282 nequaquam
1523 1245 1697 1280 recogno-

142 1303 289 1330 scuntur
315 1294 408 1328 noti:
439 1293 561 1339 lingua
589 1292 734 1338 quidem
765 1291 964 1326 clamorem
996 1289 1140 1332 format,
1170 1289 1232 1324 sed
1261 1301 1386 1324 sensus
1416 1288 1499 1335 quid
1528 1287 1696 1333 loquatur

142 1350 287 1394 ignorat
307 1362 340 1382 ».

214 1402 273 1436 AD
296 1411 443 1435 PRIMUM
459 1411 544 1445 ergo
561 1398 765 1440 dicendum,
788 1397 885 1444 quod
905 1397 1094 1443 Chrysost.
1113 1396 1271 1442 loquitur
1293 1396 1335 1430 de
1356 1394 1574 1441 turpitudine
1589 1405 1697 1440 quan-

142 1464 219 1490 tum
238 1455 280 1488 ad
303 1462 423 1500 gestus
442 1453 646 1494 exteriores,
670 1452 730 1498 qui
751 1451 967 1498 proveniunt
985 1462 1027 1484 ex
1048 1450 1185 1496 impetu
1207 1450 1292 1483 irae.

214 1510 273 1542 AD
292 1517 497 1542 SECUNDUM
520 1506 724 1547 dicendum,
747 1505 840 1551 quod
862 1505 951 1538 ratio
974 1503 1035 1538 illa
1049 1503 1213 1549 procedit
1234 1502 1433 1537 secundum
1453 1500 1698 1535 inordinatum

146 1571 286 1596 motum
309 1561 393 1602 irae,
416 1560 476 1606 qui
497 1559 661 1606 provenit
683 1570 724 1593 ex
747 1560 821 1603 ejus
843 1558 991 1604 impetn,
1014 1565 1052 1591 ut
1073 1557 1209 1591 dictum
1231 1564 1283 1590 est
1304 1557 1354 1600 (in
1376 1561 1463 1601 corp.
1486 1555 1578 1600 art).

216 1616 275 1649 AD
299 1625 469 1649 TER'HUM
489 1613 692 1654 dicendum,
715 1612 811 1658 quod
837 1611 1079 1645 homicidium
1105 1622 1179 1644 non
1201 1610 1319 1644 minus
1342 1609 1507 1655 provenit
1532 1620 1575 1642 ex
1601 1607 1698 1649 odio,

143 1669 201 1704 vel
222 1669 366 1710 invidia,
389 1679 495 1714 quam
520 1679 561 1701 ex
582 1667 652 1700 ira:
675 1666 726 1699 ira
748 1673 871 1699 tamen
892 1664 1007 1699 levior
1029 1672 1092 1707 est,
1114 1666 1328 1710 inquantum
1351 1662 1500 1697 attendit
1520 1661 1698 1696 rationem

145 1722 312 1770 justitiae,
332 1730 370 1756 ut
390 1722 526 1756 dictum
549 1728 601 1755 est
623 1720 674 1765 (in
696 1720 812 1765 corp).

640 1841 1098 1888 ARTICULUS
1149 1841 1202 1884 V.
1633 1858 1701 1894 770

688 1951 841 1980 UTRUM
866 1949 1161 1980 PHILOSOPHUS

239 2012 575 2042 CONVENIENTER
609 2011 889 2039 DETERMINET
924 2009 1093 2038 SPECIES
1127 2007 1407 2045 IRACUNDIAE,
1441 2005 1613 2044 DICENS,

418 2071 542 2106 QUOD
577 2069 896 2099 IRACUNDORUM
930 2068 1103 2103 QUIDAM
1135 2067 1247 2096 SUNT
1280 2066 1430 2104 ACUTI,

471 2129 645 2164 QUIDAM
672 2128 817 2167 AMARI,
846 2129 901 2157 ET
929 2127 1103 2163 QUIDAM
1129 2125 1382 2155 DIFFICILES.

559 2216 635 2255 (1-2.
660 2222 688 2255 q.
711 2222 760 2255 45.
784 2215 845 2243 ml.
869 2221 898 2244 2.
923 2214 949 2243 αἱ
970 2220 1002 2253 4.
1026 2208 1102 2243 Eth.
1125 2208 1194 2242 lact.
1216 2208 1291 2253 13).

222 2301 282 2334 AD
305 2310 483 2339 QUINTUM
505 2300 553 2333 sic
577 2299 791 2345 proceditur.
811 2298 972 2339 Videtur,
995 2297 1090 2343 quod
1112 2295 1408 2330 inconvenienter
1422 2293 1702 2328 determinentur

151 2354 287 2400 species
315 2353 521 2387 iracundiae
545 2364 563 2386 a
590 2351 725 2386 Philos.
748 2352 783 2384 in
805 2362 836 2393 4.
865 2351 978 2384 Ethic.
1007 2351 1094 2396 (cup.
1117 2350 1177 2395 5),
1200 2349 1259 2383 ubi
1285 2348 1381 2390 dicit,
1408 2347 1503 2394 quod
1528 2360 1545 2379 «
1567 2347 1704 2381 iracun-

151 2408 279 2441 dorum
303 2407 449 2453 quidam
476 2414 556 2440 sunt
583 2405 688 2446 acuti,
717 2405 863 2450 quidam
892 2405 1015 2445 amari,
1044 2403 1188 2449 quidam
1211 2401 1385 2443 difficiles,
1412 2401 1486 2435 sive
1513 2411 1640 2447 graves
1661 2413 1702 2444 »3

150 2462 232 2506 quia
255 2460 453 2494 secundum
477 2460 594 2505 ipsun]
617 2458 728 2492 amari
745 2458 908 2491 dicuntur
927 2470 943 2489 ‹<
963 2468 1117 2503 quorum
1132 2456 1183 2489 ira
1197 2454 1340 2488 difficile
1362 2454 1522 2496 solvitur,
1541 2461 1575 2488 et
1587 2454 1702 2488 multo

149 2522 314 2560 tempore
342 2521 463 2547 manet
490 2526 526 2547 »z
555 2512 614 2546 sed
641 2512 711 2546 hoc
739 2511 876 2544 videtur
906 2512 1081 2556 pertinere
1109 2510 1151 2543 ad
1180 2508 1487 2542 circumstantiam
1512 2508 1702 2553 temporis;

150 2579 236 2612 ergo
257 2567 405 2609 videtur,
427 2566 523 2612 quod
547 2565 655 2599 etiam
676 2564 875 2598 secundum
898 2563 983 2597 alias
1007 2562 1291 2597 circumstantias
1312 2561 1451 2607 possint
1472 2560 1587 2606 accipi
1613 2560 1703 2595 aliae

153 2621 288 2666 species
310 2621 394 2654 irae.

221 2684 250 2707 2.
279 2674 512 2708 Pam-mm.
536 2671 704 2718 Difficiles,
727 2671 800 2704 sive
821 2682 949 2715 graves,
978 2670 1062 2703 dicit
1085 2669 1197 2713 (ibid.)
1213 2679 1302 2710 esse,
1331 2681 1348 2699 «
1371 2678 1525 2713 quorum
1552 2667 1601 2700 ira
1627 2677 1702 2700 non

153 2734 396 2760 commutatur
418 2728 492 2760 sine
516 2725 688 2766 cruciatu,
709 2723 766 2758 vel
787 2723 973 2769 punitione
996 2734 1035 2755 »ι
1059 2723 1119 2756 scd
1141 2722 1212 2755 hoc
1232 2722 1339 2755 etiam
1362 2720 1515 2767 pertinet
1541 2719 1584 2754 ad
1609 2719 1704 2754 inso-

150 2780 362 2814 lubilitatem
385 2780 477 2821 irae3
499 2789 585 2824 ergo
607 2778 757 2819 videtur,
779 2776 875 2823 quod
895 2775 1001 2809 iidem
1021 2775 1090 2809 sint
1111 2774 1284 2815 difficiles,
1306 2782 1340 2808 et
1361 2773 1484 2807 amari.

227 2845 253 2878 3.
277 2834 511 2867 PRALTEREA.
534 2831 728 2875 Dominus,
750 2830 876 2864 Matth.
896 2840 936 2874 5.,
953 2828 1053 2875 ponit
1075 2833 1138 2862 tres
1159 2827 1288 2873 gradus
1310 2827 1395 2868 irae,
1418 2837 1501 2860 cum
1519 2825 1625 2860 dicit:
1648 2827 1704 2871 qui

153 2888 307 2920 1'1·a.<r1'tnr
320 2887 431 2932 fratri
451 2898 527 2925 surm·
550 2893 599 2919 et:
623 2886 679 2930 qui
700 2885 818 2919 dixerit
832 2883 942 2929 fratri
961 2894 1039 2916 5110:
1065 2881 1197 2921 Racha;
1222 2888 1272 2914 et:
1296 2881 1352 2925 qui
1372 2879 1492 2913 dixerit
1510 2879 1614 2923 fratri
1626 2890 1702 2913 suo:
