1859 3122
523 156 742 192 QUAESTIO
777 155 847 184 XV.
882 154 1125 184 ARTICULUS
1160 154 1186 183 Ι.
1557 152 1635 195 Ι29

77 240 166 273 cavit
185 239 254 272 illos
273 238 400 271 mulitia
427 247 560 272 eornm:
582 238 713 271 tarnum
735 235 951 281 principium
974 235 1122 268 visionis
1143 233 1395 268 intellectualis
1418 241 1471 268 est
1492 232 1638 279 aliquod

77 291 299 337 intelligibile
322 291 548 336 principium,
571 302 632 336 per
654 289 750 335 quod
772 289 886 322 homo
909 288 1076 333 intelligit
1098 288 1186 321 alia:
1215 288 1271 321 cui
1294 287 1439 333 quidem
1462 286 1638 332 principio

77 344 293 389 intelligibili
315 355 416 378 mens
435 344 593 377 hominis
612 351 729 389 potest
747 342 943 383 intendere,
958 341 1015 375 vel
1030 353 1103 375 non
1126 341 1328 375 intendere:
1353 348 1387 374 et
1401 339 1498 385 quod
1514 339 1546 372 ei
1564 350 1639 373 non

77 398 247 439 intendat,
270 397 446 443 contingit
467 397 659 443 dupliciter:
687 395 880 441 quandoque
907 395 1052 440 quidem
1075 407 1117 428 ex
1143 395 1226 436 hoc,
1254 394 1348 440 quod
1375 393 1484 427 habet
1510 392 1638 426 volun-

77 460 188 486 tatem
215 459 411 496 spontanee
434 462 470 484 se
499 457 719 484 avertentem
747 460 766 482 a
793 448 1082 482 consideratione
1116 447 1196 482 talis
1230 447 1406 493 principii,
1441 446 1641 480 secundum

78 505 164 538 illud
188 504 280 538 Psal.
308 515 379 549 35.:
403 504 519 538 Noluit
538 503 724 548 intelligam,
748 508 783 536 ut
806 503 881 536 bene
902 507 1029 546 ageret:
1057 502 1122 535 alio
1151 501 1244 535 modo
1272 513 1334 547 per
1361 500 1641 546 occupationem

78 558 208 592 mentis
232 558 326 591 circa
354 557 434 598 alia,
462 568 552 602 quae
580 556 696 601 magis
724 555 849 601 diligit,
871 556 998 602 quibus
1026 555 1067 588 ab
1097 555 1320 600 inspectione
1347 555 1453 599 hujus
1477 553 1642 600 principii

79 622 181 645 mens
209 611 389 652 avertitur,
416 610 614 644 secundum
642 609 729 643 illud
755 609 848 643 Psal.
882 620 951 654 57.:
971 608 1195 654 Supercecidit
1222 609 1317 653 ignis,
1346 607 1484 641 scilicet
1512 618 1643 640 concu-

78 664 286 710 piscentiae,
307 668 335 697 ct
356 675 420 697 non
445 663 600 697 viderunt
624 663 743 696 solam:
767 670 802 696 et
823 671 975 708 utroque
1002 661 1114 695 modo
1143 662 1298 695 caecitas
1325 661 1454 694 mentis
1484 669 1537 694 est
1563 671 1642 706 pec-

80 725 211 752 catum.
652 723 655 726 ⁴

150 771 209 804 AD
231 780 379 804 PRIMUM
407 780 494 814 ergo
516 768 721 810 dicendum,
749 768 845 814 quod
868 768 1035 809 caecitas,
1063 778 1153 813 quae
1181 774 1327 801 excusat
1353 778 1372 800 a
1400 774 1563 812 peccato,
1591 774 1644 800 est

80 834 171 869 quae
193 823 370 867 contingit
391 834 433 856 ex
454 821 608 856 naturali
630 821 771 856 defectu
793 833 867 855 non
889 821 1045 867 potentis
1067 820 1200 855 videre.

151 877 211 910 AD
230 886 437 910 SECUNDUM
462 876 668 916 dicendum,
692 875 789 920 quod
810 875 902 908 ratio
924 874 985 908 illa
1007 874 1170 920 procedit
1192 873 1235 907 de
1266 873 1424 907 secunda
1455 872 1642 914 caecitate,

80 941 172 976 quae
200 938 252 964 est
278 940 406 975 poena.
1385 935 1392 938 ·

151 983 210 1016 AD
234 993 404 1017 TERTIUM
427 982 632 1023 dicendum,
656 981 752 1027 quod
774 980 975 1025 intelligere
999 981 1186 1014 veritatem
1210 979 1355 1014 cuilibet
1373 987 1425 1013 est
1444 979 1643 1013 secundum

81 1047 118 1070 se
140 1036 306 1076 amabile,
328 1044 446 1081 potest
466 1044 589 1069 tamen
611 1047 673 1080 per
695 1035 863 1068 accidens
885 1045 962 1068 esse
985 1034 1091 1068 alicui
1114 1033 1257 1075 odibile,
1272 1034 1487 1079 inquantum
1506 1032 1644 1066 scilicet

84 1101 146 1136 per
164 1091 233 1124 hoc
256 1090 371 1123 homo
394 1089 586 1134 impeditur
609 1089 650 1122 ab
674 1088 762 1130 aliis,
785 1099 876 1134 quae
899 1088 1016 1133 magis
1039 1095 1147 1121 amat.

641 1211 986 1255 ARTICULUS
1017 1211 1072 1253 ΙΙ.
1599 1221 1642 1266 78

284 1314 434 1344 UTRUM
467 1314 707 1343 HEBETUDO
741 1314 897 1343 SENSUS
932 1313 998 1342 SIT
1032 1313 1166 1342 ALIUD
1201 1312 1440 1342 PECCATUM

603 1373 629 1401 A
663 1373 912 1402 CAECITATE
946 1373 1119 1403 MENTIS.

155 1459 214 1493 AD
237 1470 443 1494 SECUNDUM
465 1459 514 1493 sic
534 1459 751 1505 proceditur.
773 1459 937 1501 Videtur,
950 1459 1047 1505 quod
1061 1459 1242 1493 hebetudo
1258 1470 1383 1493 sensus
1398 1469 1472 1491 non
1489 1458 1532 1492 sit
1548 1456 1643 1491 aliud

87 1524 106 1546 a
129 1513 300 1546 caecitate
322 1513 472 1547 mentis:
496 1524 608 1546 unum
631 1513 728 1547 enim
750 1513 812 1546 uni
835 1521 888 1547 est
910 1513 1150 1547 contrarium:
1174 1512 1235 1546 sed
1251 1513 1347 1546 dono
1366 1511 1569 1545 intellectus
1585 1522 1646 1557 op-

86 1566 230 1610 ponitur
250 1566 445 1607 hebetudo,
467 1574 505 1599 ut
526 1573 623 1611 patet
644 1577 706 1611 per
729 1565 883 1611 Gregor.
905 1566 941 1599 in
969 1576 1000 1599 2.
1023 1565 1152 1599 Moral.
1177 1565 1364 1611 (cap.26.),
1389 1565 1445 1598 cui
1461 1565 1569 1598 etiam
1586 1575 1644 1609 op-

86 1619 230 1664 ponitur
252 1619 406 1653 caecitas
433 1619 579 1660 mentis;
608 1629 651 1652 eo
679 1619 776 1664 quod
801 1618 1006 1653 intellectus
1034 1618 1251 1664 principium
1278 1618 1462 1663 quoddam
1487 1617 1643 1651 visivum

87 1671 267 1717 designat3
291 1683 377 1717 ergo
399 1671 580 1705 hebetudo
603 1683 727 1705 sensus
750 1680 802 1706 est
822 1672 932 1713 idem,
954 1672 1051 1717 quod
1074 1672 1229 1706 caecitas
1252 1671 1396 1704 mentis.

158 1735 189 1758 2.
212 1725 447 1759 PRAETEREA.
472 1725 670 1770 Gregorius
692 1725 728 1758 in
754 1736 805 1770 31.
830 1725 959 1758 Moral.
983 1726 1073 1773 (cap.
1096 1726 1161 1771 17.)
1186 1725 1229 1758 de
1251 1724 1467 1758 hebetudine
1482 1723 1645 1770 loquens,

86 1779 253 1812 nominat
275 1789 354 1811 eam
377 1778 601 1812 hebetudinum
621 1790 727 1812 sensus
749 1779 838 1812 circa
856 1779 1126 1823 intelligentiam:
1146 1778 1208 1812 sed
1230 1778 1392 1811 hebetari
1417 1788 1524 1811 sensu
1552 1777 1646 1810 circa

86 1830 363 1876 intelligentiam
384 1830 475 1864 nihil
497 1831 592 1864 aliud
615 1842 691 1865 esse
713 1831 864 1873 videtur,
883 1843 992 1876 quam
1007 1831 1243 1876 intelligendo
1266 1830 1439 1872 deficere;
1463 1830 1558 1875 quod
1574 1841 1648 1876 per-

86 1884 175 1918 tinet
197 1884 239 1917 ad
262 1884 392 1918 mentis
415 1884 646 1925 caecitatem;
674 1895 761 1930 ergo
783 1884 964 1918 hebetudo
992 1895 1118 1918 sensus
1146 1883 1244 1917 idem
1274 1891 1337 1925 est,
1367 1883 1465 1929 quod
1493 1884 1647 1917 caecitas

87 1945 228 1971 mentis.

161 2002 189 2036 3.
212 1990 447 2024 PRAETEREA.
471 1990 510 2024 Si
530 1990 567 2023 in
590 1989 710 2036 aliquo
738 1989 917 2031 differunt,
944 1990 1103 2023 maxime
1133 1989 1299 2023 videntur
1328 1989 1364 2022 in
1394 1989 1465 2022 hoc
1494 1987 1647 2029 differre,

88 2044 184 2089 quod
206 2044 360 2077 caecitas
381 2044 511 2077 mentis
534 2052 587 2077 est
605 2043 820 2085 voluntaria,
844 2052 882 2077 ut
904 2055 1010 2089 supra
1032 2043 1170 2076 dictum
1192 2051 1245 2076 est
1267 2043 1349 2087 (art.
1367 2042 1520 2088 praec.);
1544 2041 1649 2075 hebe-

87 2097 174 2130 tudo
197 2105 316 2130 autem
339 2108 462 2130 sensus
486 2104 539 2131 est
558 2096 730 2130 naturalis
754 2096 932 2130 defectus:
957 2096 1018 2130 sed
1041 2095 1202 2130 defectus
1217 2095 1389 2129 naturalis
1405 2106 1478 2129 non
1501 2103 1553 2129 est
1570 2105 1649 2140 pec-

90 2157 230 2192 catum3
252 2161 338 2195 ergo
361 2150 560 2184 secundum
581 2150 652 2183 hoc
674 2150 856 2184 hebetudo
879 2161 1005 2183 sensus
1026 2160 1101 2182 non
1124 2157 1216 2183 esset
1236 2157 1440 2195 peccatum,
1472 2148 1568 2194 quod
1596 2155 1648 2181 est

90 2211 213 2237 contra
250 2203 402 2249 Gregor.
433 2203 512 2248 (loc.
534 2203 619 2248 cit),
651 2203 712 2249 qui
746 2211 985 2236 connumerat
1019 2214 1100 2236 eam
1133 2202 1223 2236 inter
1256 2202 1354 2243 vitia,
1376 2212 1467 2247 quae
1495 2213 1537 2235 ex
1564 2200 1648 2247 gula

90 2263 262 2290 orluntur.

161 2309 234 2343 SED
257 2320 412 2344 CONTRA
435 2317 498 2351 est,
521 2309 617 2355 quod
647 2309 868 2343 diversarum
895 2320 1085 2342 causarum
1115 2316 1197 2342 sunt
1226 2308 1357 2342 diversi
1389 2307 1554 2341 effectus:
1586 2306 1647 2340 sed

95 2361 247 2408 Gregor.
274 2374 325 2408 31.
344 2362 472 2397 Moral.
498 2363 607 2406 (ibid.)
631 2363 727 2404 dicit,
747 2362 843 2408 quod
862 2362 1043 2396 hebetudo
1059 2373 1183 2396 sensus
1199 2361 1311 2395 oritur
1326 2372 1367 2395 ex
1383 2360 1478 2407 gula,
1494 2360 1647 2394 caecitas

95 2423 215 2449 autem
236 2416 366 2449 mentis
389 2427 431 2449 ex
451 2415 610 2449 luxuria:
633 2416 723 2449 haec
746 2423 867 2449 autem
889 2423 972 2449 sunt
993 2415 1132 2449 diversa
1161 2415 1264 2456 vitia3
1291 2425 1377 2460 ergo
1406 2422 1440 2448 et
1464 2414 1541 2459 ipsa
1567 2419 1649 2446 sunt

92 2467 231 2502 diversa
253 2468 349 2503 vitia.

162 2522 390 2556 RESPONDEO
413 2522 618 2564 dicendum,
645 2521 741 2568 quod
767 2521 878 2556 hebes
905 2530 1011 2556 acuto
1039 2523 1251 2567 opponitur:
1281 2529 1427 2554 acutum
1454 2527 1574 2553 autem
1601 2518 1649 2552 di-

93 2574 184 2608 citur
206 2574 338 2620 aliquid
361 2586 402 2608 ex
422 2575 505 2617 hoc,
528 2575 625 2620 quod
648 2583 700 2609 est
720 2575 1001 2620 penetrativum3
1024 2575 1118 2608 unde
1134 2582 1168 2608 et
1188 2574 1299 2608 hebes
1314 2574 1442 2607 dicitur
1457 2572 1590 2618 aliquid
1607 2583 1647 2606 ex

91 2627 175 2670 hoc,
198 2628 294 2674 quod
317 2636 369 2662 est
390 2629 571 2670 obtusum,
593 2636 779 2675 penetrare
801 2639 875 2662 non
897 2627 1040 2663 valens:
1062 2639 1186 2662 sensus
1215 2636 1335 2661 autem
1362 2625 1559 2671 corporalis
1586 2637 1649 2669 per

93 2681 288 2726 quamdam
311 2681 583 2715 similitudinem
605 2689 791 2727 penetrare
815 2681 944 2714 dicitur
966 2681 1138 2723 medium,
1161 2682 1374 2726 inquantum
1397 2691 1439 2713 ex
1462 2678 1579 2724 aliqua
1602 2679 1649 2712 di-

93 2734 223 2768 stantia
244 2745 349 2767 suum
372 2734 553 2779 objectum
575 2735 744 2780 percipit;
765 2733 823 2767 vel
844 2734 1057 2779 inquantum
1081 2742 1198 2779 potest
1219 2732 1321 2778 quasi
1341 2732 1563 2778 penetrando
1586 2732 1649 2765 mi-

93 2787 203 2831 nima,
224 2787 282 2820 vel
295 2787 421 2821 intima
440 2787 705 2833 reipercipere3
727 2787 821 2820 unde
843 2787 879 2820 in
902 2786 1148 2832 corporalibus
1164 2786 1292 2819 dicitur
1306 2784 1434 2830 aliquis
1456 2796 1533 2818 esse
1553 2784 1649 2818 acuti

93 2851 229 2882 sensus,
251 2840 312 2886 qui
332 2847 450 2885 potest
469 2840 651 2886 percipere
679 2839 846 2874 sensibile
873 2839 1019 2885 aliquod
1047 2851 1089 2873 ex
1118 2838 1279 2880 remotis,
1309 2837 1367 2872 vel
1395 2838 1564 2879 videndo,
1589 2837 1648 2872 vel
