<?xml version="1.0" encoding="UTF-8"?>
<!DOCTYPE html PUBLIC "-//W3C//DTD XHTML 1.0 Transitional//EN"
    "http://www.w3.org/TR/xhtml1/DTD/xhtml1-transitional.dtd">
<html xmlns="http://www.w3.org/1999/xhtml" xml:lang="en" lang="en">
 <head>
  <title>
</title>
<meta http-equiv="Content-Type" content="text/html;charset=utf-8" />
  <meta name='ocr-system' content='tesseract 3.04.00' />
  <meta name='ocr-capabilities' content='ocr_page ocr_carea ocr_par ocr_line ocrx_word'/>
</head>
<body>
  <div class='ocr_page' id='page_1' title='image "./divithomaeaquina03thomuoft_0794.png"; bbox 0 0 1859 3122; ppageno 0'>
   <div class='ocr_carea' id='block_1_1' title="bbox 225 138 1357 192">
    <p class='ocr_par' dir='ltr' id='par_1_1' title="bbox 225 138 1357 192">
     <span class='ocr_line' id='line_1_1' title="bbox 225 138 1357 192; baseline -0.002 -13"><span class='ocrx_word' id='word_1_1' title='bbox 225 138 310 192; x_wconf 87' lang='lat'><strong>786</strong></span> <span class='ocrx_word' id='word_1_2' title='bbox 627 148 848 183; x_wconf 65' lang='lat' dir='ltr'><strong>Qum-:sno</strong></span> <span class='ocrx_word' id='word_1_3' title='bbox 883 148 1002 178; x_wconf 79' lang='lat' dir='ltr'><strong>cxffl.</strong></span> <span class='ocrx_word' id='word_1_4' title='bbox 1035 147 1280 178; x_wconf 80' lang='lat' dir='ltr'><strong>ART1cULus</strong></span> <span class='ocrx_word' id='word_1_5' title='bbox 1314 148 1357 177; x_wconf 90' lang='lat'><strong>11.</strong></span> 
     </span>
    </p>
   </div>
   <div class='ocr_carea' id='block_1_2' title="bbox 221 227 1782 1284">
    <p class='ocr_par' dir='ltr' id='par_1_2' title="bbox 223 227 1781 328">
     <span class='ocr_line' id='line_1_2' title="bbox 223 227 1781 275; baseline 0 -11"><span class='ocrx_word' id='word_1_6' title='bbox 223 241 261 264; x_wconf 89' lang='lat' dir='ltr'><strong>se</strong></span> <span class='ocrx_word' id='word_1_7' title='bbox 279 229 381 275; x_wconf 84' lang='lat' dir='ltr'><strong>fingit</strong></span> <span class='ocrx_word' id='word_1_8' title='bbox 403 240 445 263; x_wconf 79' lang='lat' dir='ltr'><strong>ex</strong></span> <span class='ocrx_word' id='word_1_9' title='bbox 467 228 587 274; x_wconf 89' lang='lat' dir='ltr'><strong>aliquo</strong></span> <span class='ocrx_word' id='word_1_10' title='bbox 611 228 682 262; x_wconf 87' lang='lat' dir='ltr'><strong>alio</strong></span> <span class='ocrx_word' id='word_1_11' title='bbox 705 228 866 270; x_wconf 75' lang='lat' dir='ltr'><strong>motiv03</strong></span> <span class='ocrx_word' id='word_1_12' title='bbox 889 235 974 273; x_wconf 87' lang='lat' dir='ltr'><strong>puta</strong></span> <span class='ocrx_word' id='word_1_13' title='bbox 996 227 1040 261; x_wconf 88' lang='lat' dir='ltr'><strong>ad</strong></span> <span class='ocrx_word' id='word_1_14' title='bbox 1062 227 1188 262; x_wconf 84' lang='lat' dir='ltr'><strong>dolose</strong></span> <span class='ocrx_word' id='word_1_15' title='bbox 1209 227 1481 274; x_wconf 83' lang='lat' dir='ltr'><strong>decipiendum3</strong></span> <span class='ocrx_word' id='word_1_16' title='bbox 1504 236 1538 264; x_wconf 89' lang='lat' dir='ltr'><strong>et</strong></span> <span class='ocrx_word' id='word_1_17' title='bbox 1558 236 1643 264; x_wconf 88' lang='lat' dir='ltr'><strong>tunc</strong></span> <span class='ocrx_word' id='word_1_18' title='bbox 1664 229 1781 263; x_wconf 81' lang='lat' dir='ltr'><strong>ironia</strong></span> 
     </span>
     <span class='ocr_line' id='line_1_3' title="bbox 224 282 451 328; baseline -0.009 -11"><span class='ocrx_word' id='word_1_19' title='bbox 224 291 276 317; x_wconf 89' lang='lat' dir='ltr'><strong>est</strong></span> <span class='ocrx_word' id='word_1_20' title='bbox 297 282 451 328; x_wconf 85' lang='lat' dir='ltr'><strong>gravior.</strong></span> 
     </span>
    </p>

    <p class='ocr_par' dir='ltr' id='par_1_3' title="bbox 221 333 1780 486">
     <span class='ocr_line' id='line_1_4' title="bbox 291 333 1780 381; baseline 0.001 -12"><span class='ocrx_word' id='word_1_21' title='bbox 291 336 351 369; x_wconf 85' lang='lat' dir='ltr'><strong>AD</strong></span> <span class='ocrx_word' id='word_1_22' title='bbox 373 345 521 369; x_wconf 79' lang='lat' dir='ltr'>PRIMUM</span> <span class='ocrx_word' id='word_1_23' title='bbox 544 345 630 380; x_wconf 84' lang='lat' dir='ltr'><strong>ergo</strong></span> <span class='ocrx_word' id='word_1_24' title='bbox 653 334 859 375; x_wconf 88' lang='lat' dir='ltr'><strong>dicendum,</strong></span> <span class='ocrx_word' id='word_1_25' title='bbox 875 333 971 380; x_wconf 89' lang='lat' dir='ltr'><strong>quod</strong></span> <span class='ocrx_word' id='word_1_26' title='bbox 986 335 1076 368; x_wconf 85' lang='lat' dir='ltr'><strong>ratio</strong></span> <span class='ocrx_word' id='word_1_27' title='bbox 1089 333 1151 368; x_wconf 84' lang='lat' dir='ltr'><strong>illa</strong></span> <span class='ocrx_word' id='word_1_28' title='bbox 1166 334 1330 380; x_wconf 84' lang='lat' dir='ltr'><strong>procedit</strong></span> <span class='ocrx_word' id='word_1_29' title='bbox 1345 333 1388 368; x_wconf 88' lang='lat' dir='ltr'><strong>de</strong></span> <span class='ocrx_word' id='word_1_30' title='bbox 1406 334 1532 377; x_wconf 86' lang='lat' dir='ltr'><strong>ironia,</strong></span> <span class='ocrx_word' id='word_1_31' title='bbox 1549 343 1584 370; x_wconf 89' lang='lat' dir='ltr'><strong>et</strong></span> <span class='ocrx_word' id='word_1_32' title='bbox 1597 335 1780 381; x_wconf 85' lang='lat' dir='ltr'><strong>jactantia,</strong></span> 
     </span>
     <span class='ocr_line' id='line_1_5' title="bbox 221 386 1778 434; baseline 0 -12"><span class='ocrx_word' id='word_1_33' title='bbox 221 388 419 422; x_wconf 87' lang='lat' dir='ltr'><strong>secundum</strong></span> <span class='ocrx_word' id='word_1_34' title='bbox 443 387 539 433; x_wconf 88' lang='lat' dir='ltr'><strong>quod</strong></span> <span class='ocrx_word' id='word_1_35' title='bbox 555 387 735 421; x_wconf 86' lang='lat' dir='ltr'><strong>mendacii</strong></span> <span class='ocrx_word' id='word_1_36' title='bbox 750 387 904 432; x_wconf 84' lang='lat' dir='ltr'><strong>gravitas</strong></span> <span class='ocrx_word' id='word_1_37' title='bbox 921 387 1167 421; x_wconf 81' lang='lat' dir='ltr'>consideratur</span> <span class='ocrx_word' id='word_1_38' title='bbox 1182 398 1224 421; x_wconf 78' lang='lat' dir='ltr'><strong>ex</strong></span> <span class='ocrx_word' id='word_1_39' title='bbox 1237 387 1368 433; x_wconf 86' lang='lat' dir='ltr'><strong>seipso,</strong></span> <span class='ocrx_word' id='word_1_40' title='bbox 1383 386 1442 421; x_wconf 89' lang='lat' dir='ltr'><strong>vel</strong></span> <span class='ocrx_word' id='word_1_41' title='bbox 1456 398 1498 422; x_wconf 85' lang='lat' dir='ltr'><strong>ex</strong></span> <span class='ocrx_word' id='word_1_42' title='bbox 1518 389 1669 423; x_wconf 88' lang='lat' dir='ltr'><strong>materia</strong></span> <span class='ocrx_word' id='word_1_43' title='bbox 1683 389 1778 434; x_wconf 80' lang='lat' dir='ltr'><strong>ejus:</strong></span> 
     </span>
     <span class='ocr_line' id='line_1_6' title="bbox 221 439 1201 486; baseline 0.001 -12"><span class='ocrx_word' id='word_1_44' title='bbox 221 443 271 475; x_wconf 77' lang='lat' dir='ltr'><strong>sic</strong></span> <span class='ocrx_word' id='word_1_45' title='bbox 294 441 391 475; x_wconf 86' lang='lat' dir='ltr'><strong>enim</strong></span> <span class='ocrx_word' id='word_1_46' title='bbox 413 441 550 474; x_wconf 85' lang='lat' dir='ltr'><strong>dictum</strong></span> <span class='ocrx_word' id='word_1_47' title='bbox 572 448 635 481; x_wconf 81' lang='lat' dir='ltr'><strong>est,</strong></span> <span class='ocrx_word' id='word_1_48' title='bbox 658 441 755 486; x_wconf 90' lang='lat' dir='ltr'><strong>quod</strong></span> <span class='ocrx_word' id='word_1_49' title='bbox 778 439 1037 485; x_wconf 84' lang='lat' dir='ltr'><strong>aequalitatem</strong></span> <span class='ocrx_word' id='word_1_50' title='bbox 1057 440 1201 475; x_wconf 84' lang='lat' dir='ltr'><strong>habent.</strong></span> 
     </span>
    </p>

    <p class='ocr_par' dir='ltr' id='par_1_4' title="bbox 221 493 1782 1124">
     <span class='ocr_line' id='line_1_7' title="bbox 291 493 1782 539; baseline 0 -11"><span class='ocrx_word' id='word_1_51' title='bbox 291 494 350 528; x_wconf 85' lang='lat' dir='ltr'><strong>AD</strong></span> <span class='ocrx_word' id='word_1_52' title='bbox 366 504 572 528; x_wconf 71' lang='lat' dir='ltr'>SECUNDUM</span> <span class='ocrx_word' id='word_1_53' title='bbox 587 493 792 534; x_wconf 88' lang='lat' dir='ltr'><strong>dicendum,</strong></span> <span class='ocrx_word' id='word_1_54' title='bbox 809 493 904 539; x_wconf 91' lang='lat' dir='ltr'><strong>quod</strong></span> <span class='ocrx_word' id='word_1_55' title='bbox 923 493 1040 539; x_wconf 62' lang='lat' dir='ltr'><strong>duplex</strong></span> <span class='ocrx_word' id='word_1_56' title='bbox 1059 501 1110 527; x_wconf 85' lang='lat' dir='ltr'><strong>est</strong></span> <span class='ocrx_word' id='word_1_57' title='bbox 1133 493 1364 528; x_wconf 81' lang='lat' dir='ltr'><strong>excellentia:</strong></span> <span class='ocrx_word' id='word_1_58' title='bbox 1387 505 1455 528; x_wconf 83' lang='lat' dir='ltr'><strong>una</strong></span> <span class='ocrx_word' id='word_1_59' title='bbox 1476 493 1623 539; x_wconf 85' lang='lat' dir='ltr'><strong>quidem</strong></span> <span class='ocrx_word' id='word_1_60' title='bbox 1641 494 1677 528; x_wconf 89' lang='lat' dir='ltr'><strong>in</strong></span> <span class='ocrx_word' id='word_1_61' title='bbox 1694 503 1782 529; x_wconf 91' lang='lat' dir='ltr'><strong>tem-</strong></span> 
     </span>
     <span class='ocr_line' id='line_1_8' title="bbox 222 546 1781 593; baseline 0.001 -13"><span class='ocrx_word' id='word_1_62' title='bbox 222 547 403 593; x_wconf 82' lang='lat' dir='ltr'><strong>poralibus</strong></span> <span class='ocrx_word' id='word_1_63' title='bbox 426 547 547 582; x_wconf 86' lang='lat' dir='ltr'><strong>rebus:</strong></span> <span class='ocrx_word' id='word_1_64' title='bbox 571 547 639 581; x_wconf 76' lang='lat' dir='ltr'><strong>alia</strong></span> <span class='ocrx_word' id='word_1_65' title='bbox 657 558 744 580; x_wconf 82' lang='lat' dir='ltr'><strong>vero</strong></span> <span class='ocrx_word' id='word_1_66' title='bbox 767 547 803 579; x_wconf 93' lang='lat' dir='ltr'><strong>in</strong></span> <span class='ocrx_word' id='word_1_67' title='bbox 822 546 1080 592; x_wconf 79' lang='lat' dir='ltr'>spiritualibus:</span> <span class='ocrx_word' id='word_1_68' title='bbox 1104 547 1282 593; x_wconf 83' lang='lat' dir='ltr'><strong>contingit</strong></span> <span class='ocrx_word' id='word_1_69' title='bbox 1301 555 1421 581; x_wconf 86' lang='lat' dir='ltr'><strong>autem</strong></span> <span class='ocrx_word' id='word_1_70' title='bbox 1440 547 1669 593; x_wconf 86' lang='lat' dir='ltr'><strong>quandoque,</strong></span> <span class='ocrx_word' id='word_1_71' title='bbox 1684 549 1781 593; x_wconf 88' lang='lat' dir='ltr'><strong>quod</strong></span> 
     </span>
     <span class='ocr_line' id='line_1_9' title="bbox 223 599 1782 646; baseline 0.001 -13"><span class='ocrx_word' id='word_1_72' title='bbox 223 600 349 646; x_wconf 82' lang='lat' dir='ltr'><strong>aliquis</strong></span> <span class='ocrx_word' id='word_1_73' title='bbox 372 612 433 645; x_wconf 88' lang='lat' dir='ltr'><strong>per</strong></span> <span class='ocrx_word' id='word_1_74' title='bbox 455 601 563 634; x_wconf 79' lang='lat' dir='ltr'><strong>verba</strong></span> <span class='ocrx_word' id='word_1_75' title='bbox 585 600 774 640; x_wconf 75' lang='lat' dir='ltr'><strong>exteriora,</strong></span> <span class='ocrx_word' id='word_1_76' title='bbox 795 599 853 633; x_wconf 87' lang='lat' dir='ltr'><strong>vel</strong></span> <span class='ocrx_word' id='word_1_77' title='bbox 875 601 977 644; x_wconf 81' lang='lat' dir='ltr'><strong>signa</strong></span> <span class='ocrx_word' id='word_1_78' title='bbox 999 600 1200 644; x_wconf 84' lang='lat' dir='ltr'><strong>praetendit</strong></span> <span class='ocrx_word' id='word_1_79' title='bbox 1221 600 1365 646; x_wconf 89' lang='lat' dir='ltr'><strong>quidem</strong></span> <span class='ocrx_word' id='word_1_80' title='bbox 1385 599 1565 634; x_wconf 84' lang='lat' dir='ltr'><strong>defectum</strong></span> <span class='ocrx_word' id='word_1_81' title='bbox 1582 600 1619 634; x_wconf 93' lang='lat' dir='ltr'><strong>in</strong></span> <span class='ocrx_word' id='word_1_82' title='bbox 1634 601 1782 635; x_wconf 84' lang='lat' dir='ltr'><strong>exterio-</strong></span> 
     </span>
     <span class='ocr_line' id='line_1_10' title="bbox 222 652 1777 699; baseline 0.001 -12"><span class='ocrx_word' id='word_1_83' title='bbox 222 654 316 687; x_wconf 84' lang='lat' dir='ltr'>ribus</span> <span class='ocrx_word' id='word_1_84' title='bbox 338 654 455 695; x_wconf 80' lang='lat' dir='ltr'><strong>rebus,</strong></span> <span class='ocrx_word' id='word_1_85' title='bbox 478 662 561 699; x_wconf 88' lang='lat' dir='ltr'><strong>puta</strong></span> <span class='ocrx_word' id='word_1_86' title='bbox 584 665 646 699; x_wconf 91' lang='lat' dir='ltr'><strong>per</strong></span> <span class='ocrx_word' id='word_1_87' title='bbox 668 653 827 698; x_wconf 83' lang='lat' dir='ltr'><strong>aliquam</strong></span> <span class='ocrx_word' id='word_1_88' title='bbox 850 661 988 686; x_wconf 78' lang='lat' dir='ltr'><strong>vestem</strong></span> <span class='ocrx_word' id='word_1_89' title='bbox 1011 653 1200 698; x_wconf 81' lang='lat' dir='ltr'><strong>abjectam,</strong></span> <span class='ocrx_word' id='word_1_90' title='bbox 1223 661 1284 687; x_wconf 83' lang='lat' dir='ltr'><strong>aut</strong></span> <span class='ocrx_word' id='word_1_91' title='bbox 1309 664 1371 699; x_wconf 92' lang='lat' dir='ltr'><strong>per</strong></span> <span class='ocrx_word' id='word_1_92' title='bbox 1397 652 1530 698; x_wconf 90' lang='lat' dir='ltr'><strong>aliquid</strong></span> <span class='ocrx_word' id='word_1_93' title='bbox 1556 653 1777 698; x_wconf 86' lang='lat' dir='ltr'><strong>hujusmodi,</strong></span> 
     </span>
     <span class='ocr_line' id='line_1_11' title="bbox 223 705 1781 752; baseline 0.001 -12"><span class='ocrx_word' id='word_1_94' title='bbox 223 715 257 740; x_wconf 78' lang='lat' dir='ltr'><strong>et</strong></span> <span class='ocrx_word' id='word_1_95' title='bbox 277 718 340 752; x_wconf 88' lang='lat' dir='ltr'><strong>per</strong></span> <span class='ocrx_word' id='word_1_96' title='bbox 360 707 430 740; x_wconf 89' lang='lat' dir='ltr'><strong>hoc</strong></span> <span class='ocrx_word' id='word_1_97' title='bbox 452 707 571 752; x_wconf 92' lang='lat' dir='ltr'><strong>ipsum</strong></span> <span class='ocrx_word' id='word_1_98' title='bbox 592 706 744 740; x_wconf 84' lang='lat' dir='ltr'><strong>intendit</strong></span> <span class='ocrx_word' id='word_1_99' title='bbox 766 706 957 740; x_wconf 83' lang='lat' dir='ltr'><strong>ostendere</strong></span> <span class='ocrx_word' id='word_1_100' title='bbox 980 705 1138 751; x_wconf 84' lang='lat' dir='ltr'><strong>aliquam</strong></span> <span class='ocrx_word' id='word_1_101' title='bbox 1160 705 1411 740; x_wconf 80' lang='lat' dir='ltr'><strong>excellentiam</strong></span> <span class='ocrx_word' id='word_1_102' title='bbox 1432 705 1673 751; x_wconf 88' lang='lat' dir='ltr'><strong>spiritualem:</strong></span> <span class='ocrx_word' id='word_1_103' title='bbox 1689 708 1781 741; x_wconf 81' lang='lat' dir='ltr'><strong>sicut</strong></span> 
     </span>
     <span class='ocr_line' id='line_1_12' title="bbox 221 757 1782 806; baseline 0 -12"><span class='ocrx_word' id='word_1_104' title='bbox 221 760 402 794; x_wconf 84' lang='lat' dir='ltr'><strong>Dominus</strong></span> <span class='ocrx_word' id='word_1_105' title='bbox 426 760 467 793; x_wconf 87' lang='lat' dir='ltr'><strong>de</strong></span> <span class='ocrx_word' id='word_1_106' title='bbox 490 759 705 805; x_wconf 83' lang='lat' dir='ltr'><strong>quibusdam</strong></span> <span class='ocrx_word' id='word_1_107' title='bbox 727 759 823 800; x_wconf 81' lang='lat' dir='ltr'><strong>dicit,</strong></span> <span class='ocrx_word' id='word_1_108' title='bbox 844 758 972 792; x_wconf 87' lang='lat' dir='ltr'><strong>Matth.</strong></span> <span class='ocrx_word' id='word_1_109' title='bbox 995 757 1038 801; x_wconf 85' lang='grc'><strong>6.,</strong></span> <span class='ocrx_word' id='word_1_110' title='bbox 1061 759 1157 804; x_wconf 88' lang='lat' dir='ltr'><strong>quod</strong></span> <span class='ocrx_word' id='word_1_111' title='bbox 1176 760 1397 794; x_wconf 67' lang='lat' dir='ltr'><strong>exterminant</strong></span> <span class='ocrx_word' id='word_1_112' title='bbox 1409 760 1514 805; x_wconf 76' lang='lat' dir='ltr'><strong>facies</strong></span> <span class='ocrx_word' id='word_1_113' title='bbox 1527 771 1612 802; x_wconf 81' lang='lat' dir='ltr'><strong>suas,</strong></span> <span class='ocrx_word' id='word_1_114' title='bbox 1629 765 1666 794; x_wconf 83' lang='lat' dir='ltr'><strong>ut</strong></span> <span class='ocrx_word' id='word_1_115' title='bbox 1683 765 1782 806; x_wconf 84' lang='lat' dir='ltr'><strong>appa-</strong></span> 
     </span>
     <span class='ocr_line' id='line_1_13' title="bbox 223 812 1782 858; baseline 0 -11"><span class='ocrx_word' id='word_1_116' title='bbox 223 819 317 848; x_wconf 65' lang='lat' dir='ltr'><strong>reant</strong></span> <span class='ocrx_word' id='word_1_117' title='bbox 337 814 522 847; x_wconf 79' lang='lat' dir='ltr'><strong>hominibus</strong></span> <span class='ocrx_word' id='word_1_118' title='bbox 539 814 746 858; x_wconf 62' lang='lat' dir='ltr'><strong>jejunantes:</strong></span> <span class='ocrx_word' id='word_1_119' title='bbox 771 812 864 846; x_wconf 87' lang='lat' dir='ltr'><strong>unde</strong></span> <span class='ocrx_word' id='word_1_120' title='bbox 883 812 941 846; x_wconf 86' lang='lat' dir='ltr'><strong>isti</strong></span> <span class='ocrx_word' id='word_1_121' title='bbox 955 812 1063 846; x_wconf 83' lang='lat' dir='ltr'><strong>simul</strong></span> <span class='ocrx_word' id='word_1_122' title='bbox 1078 812 1266 846; x_wconf 88' lang='lat' dir='ltr'><strong>incurrunt</strong></span> <span class='ocrx_word' id='word_1_123' title='bbox 1278 812 1405 846; x_wconf 86' lang='lat' dir='ltr'><strong>vitium</strong></span> <span class='ocrx_word' id='word_1_124' title='bbox 1426 812 1576 855; x_wconf 84' lang='lat' dir='ltr'><strong>ironiae,</strong></span> <span class='ocrx_word' id='word_1_125' title='bbox 1599 821 1634 847; x_wconf 92' lang='lat' dir='ltr'><strong>et</strong></span> <span class='ocrx_word' id='word_1_126' title='bbox 1650 814 1782 858; x_wconf 83' lang='lat' dir='ltr'><strong>jactan-</strong></span> 
     </span>
     <span class='ocr_line' id='line_1_14' title="bbox 221 865 1781 912; baseline 0.001 -12"><span class='ocrx_word' id='word_1_127' title='bbox 221 867 310 901; x_wconf 84' lang='lat' dir='ltr'><strong>tiae:</strong></span> <span class='ocrx_word' id='word_1_128' title='bbox 340 875 464 900; x_wconf 86' lang='lat' dir='ltr'><strong>tamen</strong></span> <span class='ocrx_word' id='word_1_129' title='bbox 493 866 694 900; x_wconf 85' lang='lat' dir='ltr'><strong>secundum</strong></span> <span class='ocrx_word' id='word_1_130' title='bbox 724 865 883 908; x_wconf 77' lang='lat' dir='ltr'><strong>diversa3</strong></span> <span class='ocrx_word' id='word_1_131' title='bbox 915 873 949 899; x_wconf 90' lang='lat' dir='ltr'><strong>et</strong></span> <span class='ocrx_word' id='word_1_132' title='bbox 978 873 1124 911; x_wconf 87' lang='lat' dir='ltr'><strong>propter</strong></span> <span class='ocrx_word' id='word_1_133' title='bbox 1152 865 1223 899; x_wconf 90' lang='lat' dir='ltr'><strong>hoc</strong></span> <span class='ocrx_word' id='word_1_134' title='bbox 1252 865 1395 911; x_wconf 84' lang='lat' dir='ltr'><strong>gravius</strong></span> <span class='ocrx_word' id='word_1_135' title='bbox 1425 874 1596 912; x_wconf 87' lang='lat' dir='ltr'><strong>peccant;</strong></span> <span class='ocrx_word' id='word_1_136' title='bbox 1625 866 1720 901; x_wconf 88' lang='lat' dir='ltr'><strong>unde</strong></span> <span class='ocrx_word' id='word_1_137' title='bbox 1746 874 1781 901; x_wconf 89' lang='lat' dir='ltr'><strong>et</strong></span> 
     </span>
     <span class='ocr_line' id='line_1_15' title="bbox 222 918 1782 964; baseline 0 -11"><span class='ocrx_word' id='word_1_138' title='bbox 222 919 356 954; x_wconf 87' lang='lat' dir='ltr'><strong>Philos.</strong></span> <span class='ocrx_word' id='word_1_139' title='bbox 386 919 471 952; x_wconf 88' lang='lat' dir='ltr'><strong>dicit</strong></span> <span class='ocrx_word' id='word_1_140' title='bbox 496 919 531 952; x_wconf 89' lang='lat' dir='ltr'><strong>in</strong></span> <span class='ocrx_word' id='word_1_141' title='bbox 557 929 590 961; x_wconf 80' lang='lat'><strong>4.</strong></span> <span class='ocrx_word' id='word_1_142' title='bbox 622 919 737 953; x_wconf 86' lang='lat' dir='ltr'><strong>Ethic.</strong></span> <span class='ocrx_word' id='word_1_143' title='bbox 767 918 853 964; x_wconf 74' lang='lat' dir='ltr'><strong>(cap.</strong></span> <span class='ocrx_word' id='word_1_144' title='bbox 886 920 945 964; x_wconf 86' lang='lat'><em>7.)‚</em></span> <span class='ocrx_word' id='word_1_145' title='bbox 975 918 1072 964; x_wconf 92' lang='lat' dir='ltr'><strong>quod</strong></span> <span class='ocrx_word' id='word_1_146' title='bbox 1097 927 1166 952; x_wconf 83' lang='lat' dir='ltr'><strong>«et</strong></span> <span class='ocrx_word' id='word_1_147' title='bbox 1186 918 1521 964; x_wconf 83' lang='lat' dir='ltr'><strong>superabundantia,</strong></span> <span class='ocrx_word' id='word_1_148' title='bbox 1544 926 1578 953; x_wconf 88' lang='lat' dir='ltr'><strong>et</strong></span> <span class='ocrx_word' id='word_1_149' title='bbox 1598 919 1702 953; x_wconf 89' lang='lat' dir='ltr'><strong>valde</strong></span> <span class='ocrx_word' id='word_1_150' title='bbox 1724 919 1782 954; x_wconf 91' lang='lat' dir='ltr'><strong>de-</strong></span> 
     </span>
     <span class='ocr_line' id='line_1_16' title="bbox 222 971 1780 1018; baseline 0.001 -12"><span class='ocrx_word' id='word_1_151' title='bbox 222 972 334 1006; x_wconf 78' lang='lat' dir='ltr'><strong>sectus</strong></span> <span class='ocrx_word' id='word_1_152' title='bbox 361 972 573 1018; x_wconf 77' lang='lat' dir='ltr'><strong>jactantium</strong></span> <span class='ocrx_word' id='word_1_153' title='bbox 597 980 649 1006; x_wconf 88' lang='lat' dir='ltr'><strong>est</strong></span> <span class='ocrx_word' id='word_1_154' title='bbox 666 984 708 1014; x_wconf 82' lang='lat'><strong>»3</strong></span> <span class='ocrx_word' id='word_1_155' title='bbox 735 980 880 1018; x_wconf 87' lang='lat' dir='ltr'><strong>propter</strong></span> <span class='ocrx_word' id='word_1_156' title='bbox 907 971 1002 1017; x_wconf 91' lang='lat' dir='ltr'><strong>quod</strong></span> <span class='ocrx_word' id='word_1_157' title='bbox 1025 979 1060 1005; x_wconf 89' lang='lat' dir='ltr'><strong>et</strong></span> <span class='ocrx_word' id='word_1_158' title='bbox 1093 972 1135 1005; x_wconf 88' lang='lat' dir='ltr'><strong>de</strong></span> <span class='ocrx_word' id='word_1_159' title='bbox 1162 972 1314 1017; x_wconf 83' lang='lat' dir='ltr'><strong>August.</strong></span> <span class='ocrx_word' id='word_1_160' title='bbox 1342 971 1472 1017; x_wconf 84' lang='lat' dir='ltr'><strong>legitur</strong></span> <span class='ocrx_word' id='word_1_161' title='bbox 1493 972 1630 1016; x_wconf 81' lang='lat' dir='ltr'><strong>(Possid.</strong></span> <span class='ocrx_word' id='word_1_162' title='bbox 1651 973 1688 1006; x_wconf 89' lang='lat' dir='ltr'><strong>in</strong></span> <span class='ocrx_word' id='word_1_163' title='bbox 1713 974 1780 1018; x_wconf 81' lang='lat' dir='ltr'><strong>ejus</strong></span> 
     </span>
     <span class='ocr_line' id='line_1_17' title="bbox 221 1025 1781 1071; baseline -0.001 -11"><span class='ocrx_word' id='word_1_164' title='bbox 221 1027 293 1060; x_wconf 55' lang='lat' dir='ltr'><strong>‘vitu</strong></span> <span class='ocrx_word' id='word_1_165' title='bbox 320 1033 392 1071; x_wconf 77' lang='lat' dir='ltr'><strong>cap.</strong></span> <span class='ocrx_word' id='word_1_166' title='bbox 420 1027 502 1070; x_wconf 89' lang='lat'><em>22.)‚</em></span> <span class='ocrx_word' id='word_1_167' title='bbox 533 1026 630 1071; x_wconf 90' lang='lat' dir='ltr'><strong>quod</strong></span> <span class='ocrx_word' id='word_1_168' title='bbox 652 1036 770 1070; x_wconf 87' lang='lat' dir='ltr'><strong>neque</strong></span> <span class='ocrx_word' id='word_1_169' title='bbox 790 1032 907 1059; x_wconf 89' lang='lat' dir='ltr'><strong>vestes</strong></span> <span class='ocrx_word' id='word_1_170' title='bbox 934 1025 1042 1059; x_wconf 89' lang='lat' dir='ltr'><strong>nimis</strong></span> <span class='ocrx_word' id='word_1_171' title='bbox 1068 1025 1254 1070; x_wconf 81' lang='lat' dir='ltr'><strong>pretiosas,</strong></span> <span class='ocrx_word' id='word_1_172' title='bbox 1275 1036 1392 1071; x_wconf 89' lang='lat' dir='ltr'><strong>neque</strong></span> <span class='ocrx_word' id='word_1_173' title='bbox 1412 1025 1520 1059; x_wconf 88' lang='lat' dir='ltr'><strong>nimis</strong></span> <span class='ocrx_word' id='word_1_174' title='bbox 1543 1025 1700 1071; x_wconf 66' lang='lat' dir='ltr'><strong>abiectas</strong></span> <span class='ocrx_word' id='word_1_175' title='bbox 1720 1025 1781 1060; x_wconf 87' lang='lat' dir='ltr'><strong>ha-</strong></span> 
     </span>
     <span class='ocr_line' id='line_1_18' title="bbox 221 1077 1531 1124; baseline 0 -12"><span class='ocrx_word' id='word_1_176' title='bbox 221 1080 304 1113; x_wconf 87' lang='lat' dir='ltr'><strong>bere</strong></span> <span class='ocrx_word' id='word_1_177' title='bbox 326 1079 490 1120; x_wconf 75' lang='lat' dir='ltr'><strong>volebat3</strong></span> <span class='ocrx_word' id='word_1_178' title='bbox 513 1079 597 1124; x_wconf 89' lang='lat' dir='ltr'><strong>quia</strong></span> <span class='ocrx_word' id='word_1_179' title='bbox 618 1079 654 1112; x_wconf 92' lang='lat' dir='ltr'><strong>in</strong></span> <span class='ocrx_word' id='word_1_180' title='bbox 677 1087 829 1124; x_wconf 88' lang='lat' dir='ltr'><strong>utroque</strong></span> <span class='ocrx_word' id='word_1_181' title='bbox 852 1078 1020 1112; x_wconf 87' lang='lat' dir='ltr'><strong>homines</strong></span> <span class='ocrx_word' id='word_1_182' title='bbox 1042 1089 1145 1111; x_wconf 90' lang='lat' dir='ltr'><strong>suam</strong></span> <span class='ocrx_word' id='word_1_183' title='bbox 1167 1077 1322 1123; x_wconf 84' lang='lat' dir='ltr'><strong>gloriam</strong></span> <span class='ocrx_word' id='word_1_184' title='bbox 1345 1087 1531 1124; x_wconf 88' lang='lat' dir='ltr'><strong>quaerunt.</strong></span> 
     </span>
    </p>

    <p class='ocr_par' dir='ltr' id='par_1_5' title="bbox 221 1131 1780 1284">
     <span class='ocr_line' id='line_1_19' title="bbox 294 1131 1780 1178; baseline 0.001 -12"><span class='ocrx_word' id='word_1_185' title='bbox 294 1133 354 1166; x_wconf 86' lang='lat' dir='ltr'><strong>AD</strong></span> <span class='ocrx_word' id='word_1_186' title='bbox 377 1142 549 1166; x_wconf 75' lang='lat' dir='ltr'>TERTIUM</span> <span class='ocrx_word' id='word_1_187' title='bbox 572 1132 777 1172; x_wconf 85' lang='lat' dir='ltr'><strong>dicendum,</strong></span> <span class='ocrx_word' id='word_1_188' title='bbox 800 1132 909 1177; x_wconf 86' lang='lat' dir='ltr'><strong>quod,</strong></span> <span class='ocrx_word' id='word_1_189' title='bbox 931 1131 1023 1165; x_wconf 85' lang='lat' dir='ltr'><strong>sicut</strong></span> <span class='ocrx_word' id='word_1_190' title='bbox 1045 1131 1184 1173; x_wconf 85' lang='lat' dir='ltr'><strong>dicitur,</strong></span> <span class='ocrx_word' id='word_1_191' title='bbox 1207 1131 1317 1165; x_wconf 89' lang='lat' dir='ltr'><strong>Eccli.</strong></span> <span class='ocrx_word' id='word_1_192' title='bbox 1344 1142 1415 1178; x_wconf 82' lang='lat'>19.:</span> <span class='ocrx_word' id='word_1_193' title='bbox 1437 1133 1496 1166; x_wconf 76' lang='lat' dir='ltr'><strong>Est</strong></span> <span class='ocrx_word' id='word_1_194' title='bbox 1513 1133 1570 1177; x_wconf 82' lang='lat' dir='ltr'><strong>qui</strong></span> <span class='ocrx_word' id='word_1_195' title='bbox 1589 1133 1735 1178; x_wconf 76' lang='lat' dir='ltr'><strong>nequiter</strong></span> <span class='ocrx_word' id='word_1_196' title='bbox 1750 1144 1780 1167; x_wconf 80' lang='lat' dir='ltr'><strong>se</strong></span> 
     </span>
     <span class='ocr_line' id='line_1_20' title="bbox 222 1184 1777 1231; baseline 0 -12"><span class='ocrx_word' id='word_1_197' title='bbox 222 1186 387 1227; x_wconf 72' lang='lat' dir='ltr'><strong>lmmilizzt,</strong></span> <span class='ocrx_word' id='word_1_198' title='bbox 411 1191 438 1219; x_wconf 66' lang='lat' dir='ltr'><strong>ct</strong></span> <span class='ocrx_word' id='word_1_199' title='bbox 461 1186 620 1219; x_wconf 52' lang='lat' dir='ltr'><strong>interiora</strong></span> <span class='ocrx_word' id='word_1_200' title='bbox 642 1187 709 1230; x_wconf 74' lang='lat' dir='ltr'><strong>ejus</strong></span> <span class='ocrx_word' id='word_1_201' title='bbox 724 1185 823 1230; x_wconf 61' lang='lat' dir='ltr'><strong>plena</strong></span> <span class='ocrx_word' id='word_1_202' title='bbox 844 1189 919 1218; x_wconf 75' lang='lat' dir='ltr'><strong>sunt</strong></span> <span class='ocrx_word' id='word_1_203' title='bbox 940 1184 1034 1224; x_wconf 78' lang='lat' dir='ltr'><strong>dolo;</strong></span> <span class='ocrx_word' id='word_1_204' title='bbox 1056 1192 1090 1218; x_wconf 88' lang='lat' dir='ltr'><strong>et</strong></span> <span class='ocrx_word' id='word_1_205' title='bbox 1111 1184 1311 1218; x_wconf 83' lang='lat' dir='ltr'><strong>secundum</strong></span> <span class='ocrx_word' id='word_1_206' title='bbox 1332 1185 1403 1218; x_wconf 91' lang='lat' dir='ltr'><strong>hoc</strong></span> <span class='ocrx_word' id='word_1_207' title='bbox 1427 1184 1605 1219; x_wconf 81' lang='lat' dir='ltr'><strong>Salomon</strong></span> <span class='ocrx_word' id='word_1_208' title='bbox 1619 1185 1777 1231; x_wconf 90' lang='lat' dir='ltr'><strong>loquitur</strong></span> 
     </span>
     <span class='ocr_line' id='line_1_21' title="bbox 221 1237 1542 1284; baseline 0 -12"><span class='ocrx_word' id='word_1_209' title='bbox 221 1239 264 1272; x_wconf 84' lang='lat' dir='ltr'><strong>de</strong></span> <span class='ocrx_word' id='word_1_210' title='bbox 287 1249 342 1280; x_wconf 89' lang='lat' dir='ltr'><strong>eo,</strong></span> <span class='ocrx_word' id='word_1_211' title='bbox 365 1238 426 1284; x_wconf 90' lang='lat' dir='ltr'><strong>qui</strong></span> <span class='ocrx_word' id='word_1_212' title='bbox 448 1250 489 1272; x_wconf 75' lang='lat' dir='ltr'><strong>ex</strong></span> <span class='ocrx_word' id='word_1_213' title='bbox 513 1237 641 1272; x_wconf 83' lang='lat' dir='ltr'><strong>dolosa</strong></span> <span class='ocrx_word' id='word_1_214' title='bbox 663 1237 866 1271; x_wconf 82' lang='lat' dir='ltr'><strong>humilitate</strong></span> <span class='ocrx_word' id='word_1_215' title='bbox 890 1237 1053 1282; x_wconf 89' lang='lat' dir='ltr'><strong>nequiter</strong></span> <span class='ocrx_word' id='word_1_216' title='bbox 1074 1248 1204 1271; x_wconf 79' lang='lat' dir='ltr'><strong>vocem</strong></span> <span class='ocrx_word' id='word_1_217' title='bbox 1226 1248 1329 1271; x_wconf 86' lang='lat' dir='ltr'><strong>suam</strong></span> <span class='ocrx_word' id='word_1_218' title='bbox 1357 1238 1542 1272; x_wconf 81' lang='lat' dir='ltr'><strong>submittit.</strong></span> 
     </span>
    </p>
   </div>
   <div class='ocr_carea' id='block_1_3' title="bbox 704 1538 1292 1600">
    <p class='ocr_par' dir='ltr' id='par_1_6' title="bbox 704 1538 1292 1600">
     <span class='ocr_line' id='line_1_22' title="bbox 704 1538 1292 1600; baseline 0 -14"><span class='ocrx_word' id='word_1_219' title='bbox 704 1538 1058 1600; x_wconf 75' lang='lat' dir='ltr'>QUAESTIO</span> <span class='ocrx_word' id='word_1_220' title='bbox 1113 1538 1292 1586; x_wconf 85' lang='lat' dir='ltr'>CXIV.</span> 
     </span>
    </p>
   </div>
   <div class='ocr_carea' id='block_1_4' title="bbox 483 1661 1525 1765">
    <p class='ocr_par' dir='ltr' id='par_1_7' title="bbox 483 1661 1525 1765">
     <span class='ocr_line' id='line_1_23' title="bbox 483 1661 1525 1702; baseline -0.001 -8"><span class='ocrx_word' id='word_1_221' title='bbox 483 1665 544 1695; x_wconf 86' lang='lat' dir='ltr'><strong>DE</strong></span> <span class='ocrx_word' id='word_1_222' title='bbox 570 1663 801 1701; x_wconf 83' lang='lat' dir='ltr'>AMICITIA,</span> <span class='ocrx_word' id='word_1_223' title='bbox 832 1662 962 1702; x_wconf 84' lang='lat' dir='ltr'><strong>QUAE</strong></span> <span class='ocrx_word' id='word_1_224' title='bbox 987 1661 1292 1693; x_wconf 80' lang='lat' dir='ltr'>AFFABILITAS</span> <span class='ocrx_word' id='word_1_225' title='bbox 1317 1661 1525 1701; x_wconf 91' lang='lat' dir='ltr'>DICITUR,</span> 
     </span>
     <span class='ocr_line' id='line_1_24' title="bbox 654 1731 1346 1765; baseline -0.003 -1"><span class='ocrx_word' id='word_1_226' title='bbox 654 1734 705 1764; x_wconf 89' lang='lat' dir='ltr'><strong>IN</strong></span> <span class='ocrx_word' id='word_1_227' title='bbox 731 1733 856 1765; x_wconf 80' lang='lat' dir='ltr'><strong>DUOS</strong></span> <span class='ocrx_word' id='word_1_228' title='bbox 883 1731 1145 1764; x_wconf 90' lang='lat' dir='ltr'>ARTICULOS</span> <span class='ocrx_word' id='word_1_229' title='bbox 1172 1732 1346 1764; x_wconf 87' lang='lat' dir='ltr'>DIVISA.</span> 
     </span>
    </p>
   </div>
   <div class='ocr_carea' id='block_1_5' title="bbox 221 1871 1776 1978">
    <p class='ocr_par' dir='ltr' id='par_1_8' title="bbox 221 1871 1776 1978">
     <span class='ocr_line' id='line_1_25' title="bbox 290 1871 1776 1919; baseline -0.002 -8"><span class='ocrx_word' id='word_1_230' title='bbox 290 1878 431 1912; x_wconf 86' lang='lat' dir='ltr'><strong>Deinde</strong></span> <span class='ocrx_word' id='word_1_231' title='bbox 454 1876 757 1911; x_wconf 82' lang='lat' dir='ltr'><strong>considerandum</strong></span> <span class='ocrx_word' id='word_1_232' title='bbox 781 1883 832 1909; x_wconf 88' lang='lat' dir='ltr'><strong>est</strong></span> <span class='ocrx_word' id='word_1_233' title='bbox 854 1875 897 1908; x_wconf 85' lang='lat' dir='ltr'><strong>de</strong></span> <span class='ocrx_word' id='word_1_234' title='bbox 914 1873 1084 1915; x_wconf 85' lang='lat' dir='ltr'><strong>amicitia,</strong></span> <span class='ocrx_word' id='word_1_235' title='bbox 1100 1883 1192 1919; x_wconf 84' lang='lat' dir='ltr'><strong>quae</strong></span> <span class='ocrx_word' id='word_1_236' title='bbox 1208 1871 1396 1907; x_wconf 86' lang='lat' dir='ltr'><strong>affabilitas</strong></span> <span class='ocrx_word' id='word_1_237' title='bbox 1411 1873 1550 1915; x_wconf 90' lang='lat' dir='ltr'><strong>dicitur,</strong></span> <span class='ocrx_word' id='word_1_238' title='bbox 1569 1881 1605 1908; x_wconf 86' lang='lat' dir='ltr'><strong>et</strong></span> <span class='ocrx_word' id='word_1_239' title='bbox 1622 1873 1666 1908; x_wconf 91' lang='lat' dir='ltr'><strong>de</strong></span> <span class='ocrx_word' id='word_1_240' title='bbox 1683 1873 1776 1908; x_wconf 84' lang='lat' dir='ltr'><strong>vitiis</strong></span> 
     </span>
     <span class='ocr_line' id='line_1_26' title="bbox 221 1927 1066 1978; baseline -0.006 -13"><span class='ocrx_word' id='word_1_241' title='bbox 221 1931 407 1978; x_wconf 80' lang='lat' dir='ltr'><strong>oppositis,</strong></span> <span class='ocrx_word' id='word_1_242' title='bbox 430 1941 521 1976; x_wconf 85' lang='lat' dir='ltr'><strong>quae</strong></span> <span class='ocrx_word' id='word_1_243' title='bbox 543 1938 625 1963; x_wconf 91' lang='lat' dir='ltr'><strong>sunt</strong></span> <span class='ocrx_word' id='word_1_244' title='bbox 651 1928 821 1970; x_wconf 84' lang='lat' dir='ltr'><strong>adulatio,</strong></span> <span class='ocrx_word' id='word_1_245' title='bbox 844 1936 878 1962; x_wconf 89' lang='lat' dir='ltr'><strong>et</strong></span> <span class='ocrx_word' id='word_1_246' title='bbox 899 1927 1066 1972; x_wconf 85' lang='lat' dir='ltr'><strong>ligitium.</strong></span> 
     </span>
    </p>
   </div>
   <div class='ocr_carea' id='block_1_6' title="bbox 454 2015 1548 2062">
    <p class='ocr_par' dir='ltr' id='par_1_9' title="bbox 454 2015 1548 2062">
     <span class='ocr_line' id='line_1_27' title="bbox 454 2015 1548 2062; baseline -0.005 -8"><span class='ocrx_word' id='word_1_247' title='bbox 454 2020 555 2054; x_wconf 71' lang='lat' dir='ltr'><strong>Circa</strong></span> <span class='ocrx_word' id='word_1_248' title='bbox 577 2020 761 2053; x_wconf 73' lang='lat' dir='ltr'><strong>amicitiam</strong></span> <span class='ocrx_word' id='word_1_249' title='bbox 783 2023 905 2059; x_wconf 63' lang='lat' dir='ltr'><strong>aniane,</strong></span> <span class='ocrx_word' id='word_1_250' title='bbox 926 2029 979 2052; x_wconf 74' lang='lat' dir='ltr'><strong>sen</strong></span> <span class='ocrx_word' id='word_1_251' title='bbox 1001 2015 1228 2062; x_wconf 62' lang='lat' dir='ltr'><strong>affabilitatem</strong></span> <span class='ocrx_word' id='word_1_252' title='bbox 1250 2020 1454 2061; x_wconf 67' lang='lat' dir='ltr'><strong>quaeruntur</strong></span> <span class='ocrx_word' id='word_1_253' title='bbox 1475 2015 1548 2050; x_wconf 78' lang='grc' dir='ltr'><em>ιῖιιο.</em></span> 
     </span>
    </p>
   </div>
   <div class='ocr_carea' id='block_1_7' title="bbox 291 2088 985 2188">
    <p class='ocr_par' dir='ltr' id='par_1_10' title="bbox 291 2088 985 2188">
     <span class='ocr_line' id='line_1_28' title="bbox 291 2088 972 2134; baseline -0.006 -9"><span class='ocrx_word' id='word_1_254' title='bbox 291 2092 426 2125; x_wconf 88' lang='lat' dir='ltr'><strong>Primo.</strong></span> <span class='ocrx_word' id='word_1_255' title='bbox 450 2091 581 2125; x_wconf 83' lang='lat' dir='ltr'><strong>Utrum</strong></span> <span class='ocrx_word' id='word_1_256' title='bbox 603 2090 647 2124; x_wconf 91' lang='lat' dir='ltr'><strong>sit</strong></span> <span class='ocrx_word' id='word_1_257' title='bbox 664 2088 829 2134; x_wconf 88' lang='lat' dir='ltr'><strong>specialis</strong></span> <span class='ocrx_word' id='word_1_258' title='bbox 850 2088 972 2122; x_wconf 88' lang='lat' dir='ltr'><strong>virtus.</strong></span> 
     </span>
     <span class='ocr_line' id='line_1_29' title="bbox 294 2141 985 2188; baseline -0.007 -9"><span class='ocrx_word' id='word_1_259' title='bbox 294 2144 474 2179; x_wconf 86' lang='lat' dir='ltr'><strong>Secundo.</strong></span> <span class='ocrx_word' id='word_1_260' title='bbox 498 2144 630 2178; x_wconf 87' lang='lat' dir='ltr'><strong>Utrum</strong></span> <span class='ocrx_word' id='word_1_261' title='bbox 653 2142 697 2177; x_wconf 88' lang='lat' dir='ltr'><strong>sit</strong></span> <span class='ocrx_word' id='word_1_262' title='bbox 718 2153 798 2188; x_wconf 85' lang='lat' dir='ltr'><strong>pars</strong></span> <span class='ocrx_word' id='word_1_263' title='bbox 819 2141 985 2186; x_wconf 83' lang='lat' dir='ltr'><strong>justitiae.</strong></span> 
     </span>
    </p>
   </div>
   <div class='ocr_carea' id='block_1_8' title="bbox 547 2281 1775 2421">
    <p class='ocr_par' dir='ltr' id='par_1_11' title="bbox 547 2281 1775 2421">
     <span class='ocr_line' id='line_1_30' title="bbox 786 2281 1775 2338; baseline 0.002 -13"><span class='ocrx_word' id='word_1_264' title='bbox 786 2281 1130 2327; x_wconf 82' lang='lat' dir='ltr'>ARTICULUS</span> <span class='ocrx_word' id='word_1_265' title='bbox 1163 2282 1196 2324; x_wconf 88' lang='lat'><strong>1.</strong></span> <span class='ocrx_word' id='word_1_266' title='bbox 1711 2292 1775 2338; x_wconf 74' lang='lat'><strong>584</strong></span> 
     </span>
     <span class='ocr_line' id='line_1_31' title="bbox 547 2390 1455 2421; baseline -0.002 0"><span class='ocrx_word' id='word_1_267' title='bbox 547 2392 699 2421; x_wconf 75' lang='lat' dir='ltr'>UTRUM</span> <span class='ocrx_word' id='word_1_268' title='bbox 723 2391 924 2421; x_wconf 76' lang='lat' dir='ltr'>AMICITIA</span> <span class='ocrx_word' id='word_1_269' title='bbox 951 2391 1018 2420; x_wconf 88' lang='lat' dir='ltr'><strong>SIT</strong></span> <span class='ocrx_word' id='word_1_270' title='bbox 1043 2390 1258 2420; x_wconf 83' lang='lat' dir='ltr'>SPECIALIS</span> <span class='ocrx_word' id='word_1_271' title='bbox 1285 2390 1455 2420; x_wconf 85' lang='lat' dir='ltr'>VIRTUS.</span> 
     </span>
    </p>
   </div>
   <div class='ocr_carea' id='block_1_9' title="bbox 423 2477 1574 2576">
    <p class='ocr_par' dir='ltr' id='par_1_12' title="bbox 423 2477 1574 2576">
     <span class='ocr_line' id='line_1_32' title="bbox 423 2477 1574 2525; baseline -0.003 -11"><span class='ocrx_word' id='word_1_272' title='bbox 423 2479 536 2525; x_wconf 79' lang='lat' dir='ltr'><strong>(Supr.</strong></span> <span class='ocrx_word' id='word_1_273' title='bbox 560 2491 589 2524; x_wconf 80' lang='lat' dir='ltr'><strong>q.</strong></span> <span class='ocrx_word' id='word_1_274' title='bbox 612 2490 665 2513; x_wconf 87' lang='lat'><strong>22.</strong></span> <span class='ocrx_word' id='word_1_275' title='bbox 688 2484 752 2512; x_wconf 75' lang='lat' dir='ltr'><strong>art.</strong></span> <span class='ocrx_word' id='word_1_276' title='bbox 773 2490 799 2523; x_wconf 76' lang='lat'><strong>3.</strong></span> <span class='ocrx_word' id='word_1_277' title='bbox 823 2477 865 2511; x_wconf 77' lang='grc' dir='ltr'><strong>ικῑ</strong></span> <span class='ocrx_word' id='word_1_278' title='bbox 888 2489 915 2523; x_wconf 77' lang='lat'><strong>7.</strong></span> <span class='ocrx_word' id='word_1_279' title='bbox 939 2483 967 2512; x_wconf 62' lang='lat' dir='ltr'><strong>ct</strong></span> <span class='ocrx_word' id='word_1_280' title='bbox 989 2489 1017 2524; x_wconf 79' lang='lat'><strong>3.</strong></span> <span class='ocrx_word' id='word_1_281' title='bbox 1041 2478 1126 2512; x_wconf 79' lang='lat' dir='ltr'><strong>Dist.</strong></span> <span class='ocrx_word' id='word_1_282' title='bbox 1149 2489 1202 2523; x_wconf 86' lang='lat'><strong>27.</strong></span> <span class='ocrx_word' id='word_1_283' title='bbox 1224 2489 1253 2522; x_wconf 82' lang='lat' dir='ltr'><strong>q.</strong></span> <span class='ocrx_word' id='word_1_284' title='bbox 1281 2489 1312 2512; x_wconf 90' lang='lat'><strong>2.</strong></span> <span class='ocrx_word' id='word_1_285' title='bbox 1340 2483 1404 2512; x_wconf 83' lang='lat' dir='ltr'><strong>art.</strong></span> <span class='ocrx_word' id='word_1_286' title='bbox 1427 2489 1457 2512; x_wconf 88' lang='lat'><strong>2.</strong></span> <span class='ocrx_word' id='word_1_287' title='bbox 1480 2477 1522 2511; x_wconf 82' lang='lat' dir='ltr'><strong>ad</strong></span> <span class='ocrx_word' id='word_1_288' title='bbox 1547 2489 1574 2512; x_wconf 87' lang='grc' dir='ltr'><strong>ι.</strong></span> 
     </span>
     <span class='ocr_line' id='line_1_33' title="bbox 742 2530 1253 2576; baseline -0.004 -11"><span class='ocrx_word' id='word_1_289' title='bbox 742 2536 770 2565; x_wconf 72' lang='lat' dir='ltr'><strong>et</strong></span> <span class='ocrx_word' id='word_1_290' title='bbox 799 2531 879 2564; x_wconf 47' lang='lat' dir='ltr'><strong>ls&#39;irt.</strong></span> <span class='ocrx_word' id='word_1_291' title='bbox 904 2543 932 2575; x_wconf 62' lang='grc' dir='ltr'><strong>ῃ.</strong></span> <span class='ocrx_word' id='word_1_292' title='bbox 952 2542 979 2576; x_wconf 82' lang='lat'><strong>3.</strong></span> <span class='ocrx_word' id='word_1_293' title='bbox 1002 2535 1065 2564; x_wconf 75' lang='lat' dir='ltr'><strong>art.</strong></span> <span class='ocrx_word' id='word_1_294' title='bbox 1090 2543 1117 2575; x_wconf 83' lang='lat'><strong>5.</strong></span> <span class='ocrx_word' id='word_1_295' title='bbox 1137 2530 1253 2576; x_wconf 67' lang='lat'><strong>(1115).</strong></span> 
     </span>
    </p>
   </div>
   <div class='ocr_carea' id='block_1_10' title="bbox 222 2617 1775 2880">
    <p class='ocr_par' dir='ltr' id='par_1_13' title="bbox 222 2617 1775 2880">
     <span class='ocr_line' id='line_1_34' title="bbox 293 2617 1772 2665; baseline -0.003 -9"><span class='ocrx_word' id='word_1_296' title='bbox 293 2622 351 2655; x_wconf 76' lang='lat' dir='ltr'><strong>AD</strong></span> <span class='ocrx_word' id='word_1_297' title='bbox 368 2631 515 2655; x_wconf 76' lang='lat' dir='ltr'>PR1MUM</span> <span class='ocrx_word' id='word_1_298' title='bbox 531 2621 581 2654; x_wconf 87' lang='lat' dir='ltr'><strong>sic</strong></span> <span class='ocrx_word' id='word_1_299' title='bbox 605 2618 820 2665; x_wconf 85' lang='lat' dir='ltr'><strong>proceditur.</strong></span> <span class='ocrx_word' id='word_1_300' title='bbox 844 2618 1004 2660; x_wconf 81' lang='lat' dir='ltr'><strong>Videtur,</strong></span> <span class='ocrx_word' id='word_1_301' title='bbox 1020 2619 1117 2664; x_wconf 90' lang='lat' dir='ltr'><strong>quod</strong></span> <span class='ocrx_word' id='word_1_302' title='bbox 1139 2618 1297 2652; x_wconf 84' lang='lat' dir='ltr'><strong>amicitia</strong></span> <span class='ocrx_word' id='word_1_303' title='bbox 1311 2629 1385 2652; x_wconf 89' lang='lat' dir='ltr'><strong>non</strong></span> <span class='ocrx_word' id='word_1_304' title='bbox 1400 2618 1445 2652; x_wconf 92' lang='lat' dir='ltr'><strong>sit</strong></span> <span class='ocrx_word' id='word_1_305' title='bbox 1465 2617 1628 2663; x_wconf 87' lang='lat' dir='ltr'><strong>specialis</strong></span> <span class='ocrx_word' id='word_1_306' title='bbox 1644 2617 1772 2652; x_wconf 86' lang='lat' dir='ltr'><strong>virtus:</strong></span> 
     </span>
     <span class='ocr_line' id='line_1_35' title="bbox 222 2671 1775 2717; baseline -0.002 -9"><span class='ocrx_word' id='word_1_307' title='bbox 222 2675 307 2708; x_wconf 89' lang='lat' dir='ltr'><strong>dicit</strong></span> <span class='ocrx_word' id='word_1_308' title='bbox 329 2675 424 2708; x_wconf 79' lang='lat' dir='ltr'><strong>enim</strong></span> <span class='ocrx_word' id='word_1_309' title='bbox 447 2674 582 2707; x_wconf 90' lang='lat' dir='ltr'><strong>Philos.</strong></span> <span class='ocrx_word' id='word_1_310' title='bbox 606 2674 641 2707; x_wconf 89' lang='lat' dir='ltr'><strong>in</strong></span> <span class='ocrx_word' id='word_1_311' title='bbox 664 2673 696 2709; x_wconf 85' lang='lat'><strong>8.</strong></span> <span class='ocrx_word' id='word_1_312' title='bbox 719 2672 834 2706; x_wconf 89' lang='lat' dir='ltr'><strong>Ethic.</strong></span> <span class='ocrx_word' id='word_1_313' title='bbox 860 2678 946 2717; x_wconf 77' lang='lat' dir='ltr'><strong>(cap.</strong></span> <span class='ocrx_word' id='word_1_314' title='bbox 961 2673 1019 2717; x_wconf 81' lang='lat'><strong>3.),</strong></span> <span class='ocrx_word' id='word_1_315' title='bbox 1043 2672 1139 2717; x_wconf 89' lang='lat' dir='ltr'><strong>quod</strong></span> <span class='ocrx_word' id='word_1_316' title='bbox 1163 2671 1320 2705; x_wconf 88' lang='lat' dir='ltr'><strong>amicitia</strong></span> <span class='ocrx_word' id='word_1_317' title='bbox 1345 2671 1502 2717; x_wconf 86' lang='lat' dir='ltr'><strong>perfecta</strong></span> <span class='ocrx_word' id='word_1_318' title='bbox 1524 2679 1587 2713; x_wconf 89' lang='lat' dir='ltr'><strong>est,</strong></span> <span class='ocrx_word' id='word_1_319' title='bbox 1609 2682 1700 2717; x_wconf 85' lang='lat' dir='ltr'><strong>quae</strong></span> <span class='ocrx_word' id='word_1_320' title='bbox 1722 2679 1775 2706; x_wconf 86' lang='lat' dir='ltr'><strong>cst</strong></span> 
     </span>
     <span class='ocr_line' id='line_1_36' title="bbox 222 2724 1771 2774; baseline -0.003 -12"><span class='ocrx_word' id='word_1_321' title='bbox 222 2737 366 2774; x_wconf 86' lang='lat' dir='ltr'><strong>propter</strong></span> <span class='ocrx_word' id='word_1_322' title='bbox 387 2728 573 2761; x_wconf 76' lang='lat' dir='ltr'><strong>virtutem:</strong></span> <span class='ocrx_word' id='word_1_323' title='bbox 602 2725 780 2772; x_wconf 84' lang='lat' dir='ltr'><strong>quaelibet</strong></span> <span class='ocrx_word' id='word_1_324' title='bbox 806 2733 926 2759; x_wconf 84' lang='lat' dir='ltr'><strong>autem</strong></span> <span class='ocrx_word' id='word_1_325' title='bbox 953 2725 1063 2759; x_wconf 87' lang='lat' dir='ltr'><strong>virtus</strong></span> <span class='ocrx_word' id='word_1_326' title='bbox 1094 2734 1146 2759; x_wconf 87' lang='lat' dir='ltr'><strong>est</strong></span> <span class='ocrx_word' id='word_1_327' title='bbox 1172 2725 1350 2759; x_wconf 84' lang='lat' dir='ltr'><strong>amicitiae</strong></span> <span class='ocrx_word' id='word_1_328' title='bbox 1378 2736 1501 2759; x_wconf 86' lang='lat' dir='ltr'><strong>causa:</strong></span> <span class='ocrx_word' id='word_1_329' title='bbox 1529 2725 1611 2770; x_wconf 87' lang='lat' dir='ltr'><strong>quia</strong></span> <span class='ocrx_word' id='word_1_330' title='bbox 1636 2724 1771 2758; x_wconf 89' lang='lat' dir='ltr'><strong>bonum</strong></span> 
     </span>
     <span class='ocr_line' id='line_1_37' title="bbox 224 2778 1771 2824; baseline -0.003 -9"><span class='ocrx_word' id='word_1_331' title='bbox 224 2782 391 2816; x_wconf 87' lang='lat' dir='ltr'><strong>omnibus</strong></span> <span class='ocrx_word' id='word_1_332' title='bbox 413 2789 465 2815; x_wconf 87' lang='lat' dir='ltr'><strong>est</strong></span> <span class='ocrx_word' id='word_1_333' title='bbox 488 2779 654 2821; x_wconf 80' lang='lat' dir='ltr'><strong>amabile,</strong></span> <span class='ocrx_word' id='word_1_334' title='bbox 669 2788 707 2813; x_wconf 89' lang='lat' dir='ltr'><strong>ut</strong></span> <span class='ocrx_word' id='word_1_335' title='bbox 719 2779 872 2824; x_wconf 80' lang='lat' dir='ltr'><strong>Dionys.</strong></span> <span class='ocrx_word' id='word_1_336' title='bbox 889 2779 973 2812; x_wconf 84' lang='lat' dir='ltr'><strong>dicit</strong></span> <span class='ocrx_word' id='word_1_337' title='bbox 986 2778 1022 2811; x_wconf 91' lang='lat' dir='ltr'><strong>in</strong></span> <span class='ocrx_word' id='word_1_338' title='bbox 1037 2789 1069 2820; x_wconf 73' lang='lat'><strong>4.</strong></span> <span class='ocrx_word' id='word_1_339' title='bbox 1086 2789 1162 2824; x_wconf 85' lang='lat' dir='ltr'><strong>cap.</strong></span> <span class='ocrx_word' id='word_1_340' title='bbox 1184 2779 1227 2812; x_wconf 87' lang='lat' dir='ltr'><strong>de</strong></span> <span class='ocrx_word' id='word_1_341' title='bbox 1242 2778 1324 2812; x_wconf 93' lang='lat' dir='ltr'><strong>Div.</strong></span> <span class='ocrx_word' id='word_1_342' title='bbox 1339 2778 1448 2812; x_wconf 88' lang='lat' dir='ltr'><strong>Nom.</strong></span> <span class='ocrx_word' id='word_1_343' title='bbox 1465 2778 1565 2824; x_wconf 75' lang='lat' dir='ltr'><strong>(part.</strong></span> <span class='ocrx_word' id='word_1_344' title='bbox 1576 2790 1604 2824; x_wconf 81' lang='lat'><strong>3.</strong></span> <span class='ocrx_word' id='word_1_345' title='bbox 1619 2778 1687 2812; x_wconf 78' lang='lat' dir='ltr'><strong>lect.</strong></span> <span class='ocrx_word' id='word_1_346' title='bbox 1702 2778 1771 2823; x_wconf 83' lang='grc'><strong><em>9.),-</em></strong></span> 
     </span>
     <span class='ocr_line' id='line_1_38' title="bbox 224 2831 1678 2880; baseline -0.003 -11"><span class='ocrx_word' id='word_1_347' title='bbox 224 2846 310 2880; x_wconf 82' lang='lat' dir='ltr'><strong>ergo</strong></span> <span class='ocrx_word' id='word_1_348' title='bbox 333 2834 491 2868; x_wconf 86' lang='lat' dir='ltr'><strong>amicitia</strong></span> <span class='ocrx_word' id='word_1_349' title='bbox 512 2845 585 2867; x_wconf 88' lang='lat' dir='ltr'><strong>non</strong></span> <span class='ocrx_word' id='word_1_350' title='bbox 609 2841 660 2867; x_wconf 79' lang='lat' dir='ltr'><strong>cst</strong></span> <span class='ocrx_word' id='word_1_351' title='bbox 681 2831 846 2879; x_wconf 85' lang='lat' dir='ltr'><strong>specialis</strong></span> <span class='ocrx_word' id='word_1_352' title='bbox 867 2832 988 2871; x_wconf 84' lang='lat' dir='ltr'><strong>virtus,</strong></span> <span class='ocrx_word' id='word_1_353' title='bbox 1011 2831 1071 2865; x_wconf 84' lang='lat' dir='ltr'><strong>sed</strong></span> <span class='ocrx_word' id='word_1_354' title='bbox 1095 2842 1318 2877; x_wconf 89' lang='lat' dir='ltr'><strong>consequens</strong></span> <span class='ocrx_word' id='word_1_355' title='bbox 1335 2842 1481 2865; x_wconf 80' lang='lat' dir='ltr'><strong>omnem</strong></span> <span class='ocrx_word' id='word_1_356' title='bbox 1499 2831 1678 2865; x_wconf 79' lang='lat' dir='ltr'><strong>virtutem.</strong></span> 
     </span>
    </p>
   </div>
  </div>
 </body>
</html>
