1859 3122
446 193 665 228 QUAESTIO
699 193 815 223 XXVI.
850 193 1092 224 ARTICULUS
1126 194 1152 224 Ι.
1498 195 1580 238 215

102 275 240 310 Tertio.
264 276 394 310 Utrum
417 275 508 321 plus,
531 287 637 321 quam
661 276 829 322 scipsum.

102 329 255 370 Quarto.
280 330 408 364 Utrum
431 341 468 364 se
490 329 580 376 plus,
602 341 709 375 quam
732 329 948 375 proximum.

103 382 253 424 Quinto.
278 383 408 417 Utrum
430 383 544 417 horno
575 383 702 418 debeat
719 382 798 429 plus
817 383 964 429 diligere
983 384 1200 430 proximum,
1220 396 1327 431 quam
1350 396 1479 430 corpus
1508 397 1586 432 pro—

31 448 161 484 prium.

101 490 223 524 Sexto.
248 490 377 524 Utrum
400 502 512 524 unum
534 490 738 536 proximum
762 490 852 536 plus,
874 502 983 536 quam
1006 491 1169 525 alterum.

101 542 276 589 Septimo.
301 544 430 577 Utrum
452 544 530 589 plus
552 545 756 589 proximum
779 544 980 585 meliorem,
1002 544 1059 578 vel
1081 545 1147 578 sibi
1174 545 1290 588 magis
1317 545 1574 590 conjunctum..

102 596 257 631 Octavo.
286 597 416 631 Utrum
436 596 513 642 plus
532 597 766 641 conjunctum
785 597 851 631 sibi
869 598 1068 632 secundum
1090 598 1204 631 carnis
1224 597 1445 640 affinitatem,
1463 598 1520 632 vel
1538 609 1588 631 se-

31 650 189 684 cundum
212 650 298 684 alias
319 650 611 684 necessitudines

102 703 222 737 Nono.
246 704 377 738 Utrum
400 715 442 738 ex
465 704 636 737 charitate
658 703 737 749 plus
761 703 888 737 debeat
909 703 1056 749 diligere
1079 703 1204 746 filium,
1227 715 1334 750 quam
1359 713 1507 751 patrem.

101 757 268 791 Decimo.
292 757 423 791 Utrum
444 757 522 803 plus
543 757 670 791 debeat
691 757 839 803 diligere
862 766 1029 799 matrem,
1052 769 1160 803 quam
1183 765 1331 803 patrem.

105 810 319 844 Undecimo.
343 811 473 845 Utrum
495 809 574 856 plus
595 822 758 852 uxorem,
781 822 889 856 quam
911 819 1062 856 patrem,
1084 810 1142 845 vel
1165 819 1330 845 matrem.

101 864 342 898 Duodecimo.
365 864 495 898 Utrum
517 864 632 909 magis
654 863 934 906 benefactorem,
957 875 1066 910 quam
1088 864 1353 898 beneficiatum.

103 917 376 952 Decimotertio.
400 918 531 952 Utrum
553 917 642 951 ordo
665 917 848 951 charitatis
871 925 1015 952 maneat
1036 918 1071 951 in
1093 918 1218 963 patria.

607 1058 952 1102 ARTICULUS
993 1059 1025 1101 Ι.
1527 1072 1589 1112 148

430 1166 581 1196 UTRUM
607 1166 650 1196 IN
679 1167 929 1196 CHARITATE
957 1167 1023 1196 SIT
1053 1167 1189 1196 ORDO.

331 1252 372 1298 (3.
399 1253 487 1287 Dist.
514 1265 568 1299 29.
597 1265 627 1299 q.
659 1263 687 1287 Ι.
715 1259 779 1289 art.
806 1266 833 1289 1.
860 1258 888 1288 et
921 1254 1004 1288 Virt.
1032 1265 1060 1299 q.
1088 1265 1119 1288 2.
1147 1259 1210 1288 art.
1239 1254 1300 1300 9.).

106 1342 166 1376 AD
180 1352 329 1377 PRIMUM
347 1342 398 1376 sic
417 1343 632 1387 proceditur.
648 1342 799 1377 Videtur
814 1343 910 1389 quod
928 1343 964 1376 in
979 1342 1152 1376 charitate
1167 1353 1240 1376 non
1267 1342 1311 1376 sit
1338 1341 1464 1387 aliquis
1480 1342 1588 1376 ordo:

36 1395 190 1430 charitas
213 1396 309 1429 enim
331 1396 507 1441 quaedam
528 1397 657 1430 virtus:
682 1397 741 1430 sed
765 1397 800 1430 in
823 1395 901 1429 aliis
921 1396 1109 1430 virtutibus
1130 1407 1204 1430 non
1233 1395 1433 1442 assignatur
1464 1395 1590 1441 aliquis

35 1449 146 1490 ordo;
168 1460 254 1493 ergo
275 1460 392 1494 neque
413 1449 449 1482 in
472 1449 644 1483 charitate
667 1449 793 1495 aliquis
817 1449 906 1483 ordo
930 1450 1103 1495 assignari
1125 1449 1239 1483 debet.

106 1512 136 1535 2.
159 1502 393 1536 PRAETEREA.
422 1502 523 1536 Sicut
543 1502 625 1536 fidei
647 1503 830 1548 objectum
852 1510 905 1536 est
925 1503 1041 1548 prima
1061 1503 1203 1543 veritas,
1225 1502 1274 1536 ita
1296 1502 1479 1536 charitatis
1498 1502 1592 1546 obje-

36 1563 134 1588 ctum
156 1563 208 1589 est
229 1566 371 1589 summa
392 1555 551 1597 bonitas;
578 1556 639 1589 sed
665 1556 701 1589 in
727 1555 796 1589 fide
821 1566 895 1589 non
922 1556 1066 1601 ponitur
1092 1555 1218 1601 aliquis
1249 1555 1350 1596 ordo,
1380 1555 1441 1589 sed
1468 1555 1590 1589 onmia

37 1607 232 1654 aequaliter
253 1609 461 1649 creduntur3
484 1619 570 1653 ergo
592 1619 659 1642 nec
681 1608 717 1642 in
740 1608 913 1642 charitate
936 1609 1040 1642 debet
1061 1609 1146 1654 poni
1169 1608 1295 1654 aliquis
1317 1608 1418 1642 ordo.

109 1672 137 1706 3.
160 1662 394 1695 PRAETEREA.
423 1661 590 1695 Charitas
612 1662 648 1694 in
668 1661 854 1695 voluntate
878 1668 948 1696 est:
971 1661 1136 1695 ordinare
1159 1669 1280 1695 autern
1301 1673 1375 1695 non
1394 1669 1446 1695 est
1466 1661 1591 1695 volun-

35 1714 128 1756 tatis,
151 1714 212 1748 sed
234 1715 402 1757 rationis,
425 1725 512 1760 ergo
535 1714 624 1748 ordo
645 1726 719 1748 non
741 1714 844 1748 debet
867 1714 1008 1748 attribui
1030 1714 1205 1748 charitati.

107 1767 181 1801 SED
212 1778 365 1802 CONTRA
394 1775 455 1811 est,
478 1767 573 1813 quod
597 1768 724 1801 dicitur
752 1767 857 1802 Cant.
888 1777 941 1800 2.:
964 1768 1156 1802 Introduxit
1181 1779 1230 1802 me
1255 1779 1314 1802 rex
1338 1769 1373 1802 in
1400 1768 1514 1802 cellam
1543 1769 1593 1802 vi-

34 1822 180 1863 nariam,
203 1820 371 1855 ordinavit
393 1822 426 1854 in
447 1833 496 1854 me
516 1821 717 1855 [karitatem.

106 1873 333 1908 RESPONDEO
361 1873 564 1916 dicendum,
587 1874 695 1919 quod,
717 1873 809 1907 sicut
830 1873 965 1907 Philos.
989 1874 1075 1908 dicit
1095 1874 1131 1908 in
1165 1884 1192 1919 5.
1221 1874 1380 1920 Metaph.
1405 1874 1482 1918 (tex.
1509 1875 1592 1919 16),

30 1928 136 1973 prins,
160 1931 188 1961 et
208 1929 369 1973 posterius
395 1927 524 1960 dicitur
545 1927 745 1961 secundum
766 1926 981 1961 relationem
1009 1928 1051 1961 ad
1074 1927 1220 1973 aliquod
1243 1928 1479 1974 principium:
1502 1928 1592 1962 ordo

36 1987 155 2014 autern
175 1979 326 2014 includit
350 1981 385 2013 in
413 1991 450 2014 se
477 1979 635 2026 aliquem
662 1980 813 2014 modum
840 1980 979 2025 prioris,
1007 1988 1042 2014 et
1067 1981 1293 2026 posterioris3
1321 1981 1414 2015 unde
1441 1989 1593 2027 oportet,

35 2033 132 2079 quod
145 2033 361 2079 ubicumque
376 2041 428 2067 est
447 2033 590 2079 aliquod
610 2034 837 2079 principium,
856 2034 900 2067 sit
918 2034 1028 2068 etiam
1048 2033 1174 2080 aliquis
1188 2034 1296 2068 ordo:
1318 2035 1453 2068 dictum
1473 2043 1593 2068 autem

36 2094 89 2120 est
109 2080 212 2132 supra
231 2087 278 2132 (q.
299 2094 412 2133 praec.
439 2092 501 2121 art.
528 2099 578 2121 12.
601 2091 629 2121 et
649 2099 679 2132 q.
701 2099 747 2132 23.
767 2092 830 2121 art.
854 2087 912 2131 L),
935 2087 1032 2133 quod
1055 2087 1200 2121 dilectio
1223 2088 1406 2121 charitatis
1427 2088 1540 2122 tendit
1558 2088 1593 2121 in

35 2139 167 2181 Deum,
193 2140 284 2174 sicut
304 2140 341 2174 in
362 2140 578 2186 principium
599 2140 839 2182 beatitudinis,
867 2140 903 2173 in
934 2141 1035 2185 cujus
1070 2141 1402 2174 communicatione
1436 2141 1593 2175 amicitia

37 2193 216 2227 charitatis
237 2193 419 2235 fundatur3
442 2201 475 2227 et
497 2193 578 2227 ideo
598 2201 750 2239 oportet,
770 2193 866 2239 quod
885 2194 920 2226 in
939 2193 1005 2235 his,
1025 2205 1116 2239 quae
1135 2205 1177 2228 ex
1196 2194 1368 2228 charitate
1387 2194 1592 2239 diliguntur,

37 2246 237 2280 attendatur
259 2246 384 2292 aliquis
407 2246 496 2280 ordo
523 2246 723 2280 secundum
749 2246 965 2281 relationem
992 2247 1035 2280 ad
1062 2247 1219 2292 primum
1246 2247 1461 2293 principium
1488 2248 1592 2292 hujus

36 2298 248 2341 dilectionis,
270 2300 366 2345 quod
387 2308 440 2334 est
460 2300 571 2333 Deus.

106 2353 165 2386 AD
184 2363 332 2388 PRIMUM
359 2364 445 2399 ergo
467 2353 671 2395 dicendum,
693 2353 789 2399 quod
817 2353 971 2387 charitas
998 2354 1110 2388 tendit
1135 2354 1171 2387 in
1198 2353 1365 2388 ultimum
1392 2353 1502 2387 finem
1529 2353 1591 2387 sub

0 2415 1 2418 ’
36 2405 174 2440 ratione
194 2405 273 2440 finis
291 2405 427 2448 ultimi;
450 2406 547 2452 quod
565 2417 639 2440 non
662 2406 831 2440 convenit
853 2406 960 2440 alicui
979 2406 1039 2440 alii
1056 2407 1187 2448 virtuti,
1206 2415 1244 2441 ut
1262 2418 1368 2452 supra
1386 2407 1521 2440 dictum
1541 2414 1595 2440 est

36 2459 80 2504 (q.
103 2470 150 2504 23.
171 2464 235 2494 art.
258 2459 326 2505 7.):
353 2459 432 2493 finis
456 2467 577 2493 autem
602 2459 709 2494 habet
738 2459 917 2493 rationem
947 2459 1112 2506 principii
1139 2460 1175 2493 in
1206 2459 1467 2506 appetibilibus,
1499 2467 1532 2493 et
1557 2459 1592 2492 in

37 2512 195 2557 agendis,
216 2520 255 2546 ut
276 2524 318 2546 ex
339 2523 445 2558 supra
467 2513 568 2547 dictis
590 2521 687 2558 patet
710 2513 754 2558 (q.
773 2524 820 2559 23.
839 2518 902 2547 art.
926 2524 954 2559 7.
978 2513 1019 2547 acl
1040 2524 1071 2547 2.
1093 2518 1122 2548 ct
1143 2525 1204 2548 1-2.
1227 2525 1256 2558 q.
1284 2523 1312 2546 1.
1331 2518 1396 2547 art.
1415 2525 1442 2547 1.
1465 2512 1506 2546 ad
1527 2513 1569 2555 1.)
1581 2525 1593 2552 ,-

37 2573 72 2599 et
91 2565 172 2600 ideo
195 2565 349 2600 charitas
371 2566 529 2599 maxime
546 2566 719 2612 importat
737 2566 1049 2612 comparationem
1068 2566 1111 2600 ad
1131 2566 1288 2612 primum
1307 2565 1541 2611 principium3
1561 2573 1595 2599 et

36 2617 117 2652 ideo
138 2618 175 2651 in
197 2629 239 2653 ea
260 2618 418 2652 maxime
440 2619 686 2653 consideratur
705 2619 794 2653 ordo
814 2620 1015 2654 secundum
1033 2619 1247 2654 relationem
1267 2619 1310 2652 ad
1329 2619 1484 2664 primum
1503 2619 1594 2664 prin-

37 2671 183 2717 cipium.

107 2725 167 2759 AD
182 2735 387 2759 SECUNDUM
402 2725 595 2759 dicendum
617 2725 712 2771 quod
734 2725 820 2760 fides
841 2726 994 2771 pertinet
1012 2726 1054 2759 ad
1074 2726 1148 2759 vim
1169 2724 1473 2770 cognoscitivarm
1494 2725 1593 2770 cujus

30 2778 199 2823 operatio
215 2786 278 2819 est,
293 2778 489 2812 secundum
512 2778 607 2823 quod
621 2789 676 2812 res
692 2779 858 2824 cognitae
874 2779 1004 2812 suntin
1021 2786 1285 2822 cognoscente:
1301 2778 1454 2811 charitas
1473 2786 1594 2812 autem

39 2838 91 2864 est
111 2832 147 2864 in
166 2831 202 2864 vi
224 2830 406 2873 affectiva3
429 2831 528 2875 cujus
550 2832 710 2876 operatio
728 2832 890 2866 consistit
911 2833 945 2865 in
964 2832 1047 2872 hoc,
1064 2831 1159 2876 quod
1178 2831 1298 2864 anima
1316 2831 1428 2864 tendit
1443 2831 1481 2864 in
1498 2831 1593 2877 ipsas

38 2894 112 2918 res:
135 2883 224 2918 ordo
247 2892 367 2918 autem
388 2883 616 2930 principalius
638 2884 816 2918 invenitur
837 2885 872 2918 in
894 2885 978 2930 ipsis
1000 2885 1115 2925 rebuS,
1138 2892 1172 2918 et
1198 2895 1240 2917 ex
1267 2884 1317 2918 eis
1344 2884 1523 2918 derivatur
1548 2885 1591 2919 ad
