1859 3122
230 141 314 184 422
657 138 875 174 QUAESTIO
906 138 1008 168 LVII.
1042 137 1285 168 ARTICULUS
1317 137 1374 168 IV.

297 222 357 256 AD
383 231 532 256 PRIMUM
554 231 639 266 ergo
662 220 866 262 dicendum,
889 220 985 266 quod
1000 220 1042 254 ad
1063 219 1235 265 justitiam
1255 219 1409 266 pertinet
1428 220 1576 255 reddere
1597 221 1652 266 jus
1673 232 1780 255 suum

229 275 431 321 unicuique,
454 275 639 320 supposita
659 282 782 308 tamen
813 273 1017 308 diversitate
1039 273 1144 307 unius
1171 273 1215 307 ad
1238 273 1408 307 alterum:
1436 273 1466 308 si
1486 274 1564 320 quis
1597 274 1695 308 enim
1715 275 1782 308 sibi

227 330 286 363 det
304 329 399 375 quod
421 328 487 363 sibi
508 328 666 369 debetur,
683 339 757 361 non
779 328 921 374 proprie
942 335 1093 361 vocatur
1106 327 1176 361 hoc
1194 329 1344 372 justum
1362 334 1396 361 et
1417 327 1500 373 quia
1518 327 1613 373 quod
1637 335 1690 362 est
1705 327 1780 370 filii,

227 391 279 417 est
299 384 418 428 patris,
449 391 483 417 et
503 382 599 428 quod
627 389 679 415 est
699 382 803 423 servi,
827 389 879 416 est
900 381 1049 422 domini,
1070 381 1152 415 ideo
1178 391 1253 414 non
1281 388 1335 414 est
1354 381 1496 427 proprie
1518 381 1650 426 justitia
1671 382 1781 427 patris

227 437 269 470 ad
292 436 416 477 filium,
438 435 496 469 vel
517 436 654 469 domini
677 436 720 469 ad
741 446 895 469 servum.

296 490 355 523 AD
371 500 577 524 SECUNDUM
599 489 804 530 dicendum,
827 489 922 534 quod
943 488 1048 529 filius,
1070 488 1285 534 inquantum
1306 486 1410 529 filius,
1425 495 1478 521 est
1498 487 1631 534 aliquid
1652 489 1781 534 patris3

226 551 260 577 ct
289 542 455 576 similiter
476 554 610 584 servus,
639 543 853 588 inquantum
884 553 1017 583 servus,
1049 549 1101 575 est
1131 540 1263 586 aliquid
1286 541 1442 575 domini:
1476 548 1625 586 uterque
1645 549 1780 583 tamen,

224 604 329 642 prout
360 596 606 630 consideratur
627 604 665 629 ut
698 596 843 642 quidam
865 596 991 636 homo,
1013 603 1066 629 est
1087 594 1219 641 ahquid
1242 594 1441 628 secundum
1463 605 1499 628 se
1520 594 1716 628 subsistens
1738 595 1779 628 ab

225 650 301 683 aliis
324 650 548 683 distinctum:
570 658 603 683 et
624 649 718 690 ideo,
740 651 953 695 inquantum
975 657 1122 694 uterque
1145 656 1197 683 est
1217 648 1344 689 horno,
1378 647 1498 693 aliquo
1520 648 1632 681 modo
1655 648 1697 681 ad
1717 658 1780 682 eos

224 712 276 737 est
297 703 447 747 justitia:
471 711 505 737 et
519 711 664 749 propter
681 703 752 736 hoc
775 703 885 736 etiam
908 702 1048 748 aliquae
1063 701 1160 747 leges
1183 702 1311 735 dantur
1325 701 1367 734 de
1389 701 1445 734 his
1467 711 1558 746 quae
1573 708 1654 734 sunt
1671 701 1779 747 patris

225 757 268 791 ad
290 756 413 798 filium,
434 756 493 790 vei
514 756 653 790 domini
676 756 718 789 ad
734 767 895 790 servum:
916 756 977 790 sed
998 756 1212 801 inquantum
1230 763 1378 800 uterque
1400 762 1454 788 est
1473 753 1606 800 aliquid
1623 754 1779 797 alterius,

223 810 422 844 secundum
443 810 514 843 hoc
538 809 658 843 deficit
678 809 725 843 ibi
746 808 903 855 perfecta
924 809 1015 843 ratio
1034 810 1126 854 jutti,
1149 808 1207 842 vel
1223 809 1322 854 juris.

290 864 348 897 AD
371 873 542 897 TERTmM
566 862 769 904 dicendum,
792 863 887 908 quod
911 874 1037 896 onmes
1060 862 1150 896 aliae
1169 861 1390 895 diversitates
1412 871 1660 907 personarum,
1687 873 1778 907 quae

222 925 303 951 sunt
324 917 360 950 in
383 917 536 958 civitate,
558 917 691 950 habent
711 916 960 950 immediatam
987 915 1201 950 relationem
1228 915 1271 949 ad
1294 915 1593 949 communitatem
1615 915 1778 957 civitatis,

223 978 257 1004 et
278 971 321 1004 ad
342 970 541 1016 principem
563 970 686 1016 ipsius,
714 978 748 1004 et
768 969 850 1004 ideo
874 969 917 1003 ad
939 980 1001 1003 eos
1023 978 1076 1003 est
1092 971 1216 1014 justum
1237 969 1436 1002 secundum
1458 967 1653 1014 perfectam
1674 969 1779 1003 ratio-

221 1036 305 1058 nem
327 1024 499 1070 justitiae:
519 1024 748 1069 distinguitur
762 1032 883 1058 tamen
903 1023 995 1057 istud
1009 1025 1131 1069 justum
1147 1023 1347 1057 secundum
1369 1022 1508 1056 diversa
1530 1021 1666 1064 officia;
1683 1023 1778 1057 unde

221 1078 349 1112 dicitur
365 1080 420 1123 jus
435 1078 590 1121 militare,
612 1077 670 1111 vel
679 1080 735 1124 jus
752 1079 1019 1123 magistratuum,
1036 1084 1095 1110 aut
1114 1076 1330 1118 sacerdotmn,
1345 1087 1419 1110 non
1433 1082 1579 1122 propter
1597 1075 1777 1110 defectum

221 1143 240 1165 a
261 1131 453 1178 §Implicilcr
468 1134 569 1177 justo,
592 1132 685 1165 sicut
706 1131 833 1165 dicitur
850 1133 905 1176 jus
919 1136 1111 1176 paternum,
1129 1138 1163 1164 et
1183 1129 1439 1171 dominativum,
1462 1129 1524 1163 sed
1542 1137 1688 1175 propter
1705 1129 1776 1163 hoc

221 1185 316 1230 quod
331 1185 524 1230 unicuique
543 1185 742 1219 conditioni
755 1195 930 1231 personae
945 1183 1144 1218 secundum
1158 1183 1345 1229 proprium
1364 1182 1524 1217 officium
1545 1181 1678 1229 aliquid
1700 1194 1778 1229 pro-

221 1238 339 1283 prium
360 1238 517 1272 debetur.

711 1505 1065 1566 QUAESTIO
1107 1503 1275 1551 LVIII.

422 1630 484 1660 DE
510 1629 733 1670 JUSTITIA,
756 1628 807 1658 IN
834 1627 1085 1659 DUODECIM
1112 1627 1374 1658 ARTICULOS
1395 1626 1568 1658 DIVISA.

286 1769 426 1803 Deinde
448 1768 750 1803 considerandum
773 1775 825 1802 est
846 1767 888 1802 de
909 1767 1052 1813 justitia.

670 1857 772 1892 Circa
793 1869 893 1904 quam
913 1862 1120 1904 quaeruntur
1140 1855 1318 1892 duodecim.

284 1930 419 1963 Primo.
442 1929 540 1970 Quid
561 1929 607 1964 sit
626 1929 770 1975 justitia.

285 1983 465 2017 Secundo.
489 1983 619 2017 Utrum
640 1983 775 2028 justitia
796 1993 937 2028 semper
955 1983 999 2016 sit
1020 1981 1062 2016 ad
1086 1981 1249 2016 alterum.

284 2035 421 2070 Tertio.
449 2037 580 2070 Utrum
602 2037 646 2070 sit
665 2036 787 2070 virtus.

285 2089 437 2130 Quarto.
465 2089 595 2123 Utrum
615 2090 658 2123 sit
678 2090 714 2122 in
736 2088 921 2123 voluntate
942 2088 1034 2122 sicut
1054 2088 1089 2121 in
1112 2088 1284 2133 subjecto.

284 2143 435 2184 Quinto.
458 2143 589 2177 Utrum
611 2143 656 2177 sit
675 2143 786 2176 virtus
808 2141 995 2188 generalis.

282 2197 403 2231 Sexto.
438 2197 569 2230 Utrum
596 2197 795 2231 secundum
829 2196 923 2242 quod
952 2203 1004 2230 est
1030 2194 1218 2241 generalis,
1251 2195 1296 2230 sit
1321 2196 1418 2230 idem
1442 2197 1479 2230 in
1505 2196 1657 2232 essentia
1683 2209 1767 2232 cum

212 2251 313 2285 omni
333 2251 472 2284 virtute.

282 2304 456 2350 Septimo.
480 2303 612 2337 Utrum
634 2303 678 2337 sit
699 2303 818 2349 aliqua
839 2302 971 2348 justitia
994 2302 1228 2348 particularis.

282 2358 436 2392 Octavo.
460 2357 591 2391 Utrum
613 2356 745 2402 justitia
766 2355 989 2402 particularis
1011 2356 1141 2390 habeat
1162 2356 1345 2402 propriam
1367 2357 1567 2391 materiam.

280 2411 400 2444 Nono.
424 2411 555 2444 Utrum
570 2410 613 2444 sit
635 2410 729 2443 circa
748 2410 943 2455 passiones,
966 2409 1023 2443 vel
1046 2410 1138 2444 circa
1162 2411 1389 2455 operationes
1410 2419 1560 2445 tantum.

279 2464 445 2497 Decimo.
470 2464 600 2497 Utrum
622 2463 783 2496 medium
804 2462 956 2507 justitiae
980 2463 1022 2496 sit
1045 2463 1203 2496 medium
1226 2464 1287 2498 rei.

281 2517 496 2551 Undecimo.
521 2517 651 2550 Utrum
679 2525 778 2549 actus
800 2515 954 2559 justitiae
978 2516 1021 2549 sit
1042 2517 1189 2550 reddere
1217 2517 1408 2563 unicuique
1431 2517 1526 2562 quod
1549 2529 1652 2551 suum
1675 2525 1737 2552 est.

278 2571 519 2605 Duodecimo.
543 2571 672 2605 Utrum
694 2570 826 2615 justitia
849 2569 892 2602 sit
911 2570 1102 2616 praecipua
1125 2571 1215 2604 inter
1236 2582 1363 2604 omnes
1385 2571 1531 2605 virtutes
1553 2571 1720 2606 morales.
