1905 3137
483 209 703 246 QUAESTIO
738 209 822 239 CIV.
856 208 1099 238 ARTICULUS
1132 207 1159 236 1.
1515 206 1587 235 121

546 439 899 500 QUAESTIO
941 438 1075 485 XIV.

300 566 361 596 DE
401 562 702 595 BLASPIIEMIA
740 563 790 593 IN
829 561 1048 592 SPIRITUM
1089 560 1324 592 SANCTUM.

426 636 477 666 IN
504 633 731 674 QUATUOR
757 632 1017 664 ARTICULOS
1044 631 1218 662 DIVISA.

108 770 248 805 Deinde
271 769 573 804 considerandum
589 776 642 802 est
658 768 694 801 in
710 766 857 813 speciali
871 767 914 800 de
930 766 1155 811 blasphemia
1169 765 1206 798 in
1221 764 1394 811 Spiritum
1409 763 1593 798 Sanctum.

497 859 540 893 Et
562 859 650 892 circa
674 858 731 892 hoc
754 862 959 903 quaeruntur
980 861 1132 902 quatuor.

106 931 242 965 Primo.
266 931 398 965 Utrum
419 930 655 976 blasphemia,
676 928 734 962 vel
755 936 945 974 peccatum
968 928 1002 961 in
1028 927 1201 974 Spiritum
1225 927 1399 960 Sanctum
1421 925 1466 960 sit
1487 925 1595 966 idem,

34 985 134 1031 quod
156 993 347 1031 peccatum
370 996 411 1018 ex
434 991 529 1017 certa
551 983 699 1016 malitia.

108 1038 288 1072 Secundo.
311 1038 367 1071 De
390 1037 575 1082 speciebus
598 1037 703 1081 hujus
725 1036 875 1081 peccati.

110 1091 248 1125 Tertio.
270 1091 402 1125 Utrum
425 1091 469 1123 sit
490 1089 744 1123 irremissibile.

108 1144 260 1185 Quarto.
284 1144 414 1177 Utrum
445 1143 571 1189 aliquis
594 1153 744 1188 peccare
766 1141 879 1188 possit
900 1141 935 1174 in
959 1140 1134 1187 Spiritum
1171 1140 1346 1174 Sanctum
1369 1151 1388 1173 a
1408 1138 1597 1186 principio,

35 1205 228 1243 antequam
251 1197 319 1230 alia
342 1205 490 1243 peccata
512 1196 727 1230 committat.

619 1324 963 1369 ARTICULUS
994 1324 1027 1367 Ι.
1283 1353 1288 1356 .
1554 1345 1594 1380 73

214 1434 366 1464 UTRUM
394 1434 631 1463 PECCATUM
658 1433 701 1463 IN
729 1433 931 1462 SPIRITUM
959 1432 1166 1462 SANCTUM
1199 1432 1264 1461 SIT
1298 1432 1419 1470 IDEM,

385 1499 510 1534 QUOD
545 1499 782 1528 PECCATUM
809 1499 864 1527 EX
892 1498 1034 1527 CERTA
1061 1498 1255 1526 MALITIA.

40 1585 86 1629 (2.
109 1587 196 1620 Dist.
216 1597 270 1630 42.
294 1591 358 1620 art.
379 1599 406 1620 I.
428 1592 457 1620 et
478 1598 508 1620 2.
531 1591 559 1620 ut
581 1586 663 1620 Mal.
687 1598 715 1631 q.
736 1598 762 1631 3.
786 1591 915 1629 art.14.
932 1585 1098 1629 etQuodl,
1114 1596 1144 1619 2.
1164 1596 1192 1630 q.
1215 1585 1246 1619 8.
1262 1589 1325 1618 art.
1341 1596 1368 1618 1.
1383 1589 1411 1618 et
1429 1585 1523 1619 Rom.
1539 1584 1597 1629 2.).

110 1674 169 1708 AD
190 1685 339 1708 PRIMUM
361 1674 410 1707 sic
433 1674 649 1719 proceditur.
670 1673 833 1715 Videtur,
856 1674 952 1719 quod
974 1681 1165 1719 peccatum
1184 1673 1219 1706 in
1236 1673 1408 1719 Spiritum
1425 1673 1599 1707 Sanctum

38 1737 111 1760 non
134 1727 178 1761 sit
198 1727 306 1769 idem,
329 1727 425 1773 quod
446 1736 635 1773 peccatum
660 1739 701 1761 ex
724 1736 819 1761 certa
838 1727 993 1761 malitia:
1017 1735 1208 1772 peccatum
1235 1727 1332 1760 enim
1363 1728 1397 1760 in
1427 1727 1598 1772 Spiritum

39 1780 213 1814 Sanctum
236 1789 287 1815 est
308 1789 498 1826 peccatum
520 1781 780 1827 blasphemiae,
802 1789 840 1814 ut
860 1788 956 1826 patet
978 1781 1104 1814 Matth.
1132 1791 1200 1814 12.:
1222 1781 1283 1814 sed
1302 1791 1373 1813 non
1395 1791 1503 1814 omne
1522 1791 1601 1826 pec-

39 1842 160 1867 catum
182 1845 223 1868 ex
246 1842 342 1867 certa
364 1834 500 1867 malitia
523 1842 575 1867 est
595 1842 786 1880 peccatum
801 1833 1067 1879 blasphemiae:
1085 1833 1261 1879 contingit
1277 1833 1385 1875 enim,
1400 1833 1512 1867 multa
1532 1833 1600 1867 alia

37 1895 270 1932 peccatorum
293 1898 425 1932 genera
448 1898 490 1920 ex
512 1895 608 1920 certa
631 1886 767 1920 malitia
790 1887 986 1928 committi3
1010 1898 1095 1932 ergo
1130 1895 1322 1932 peccatum
1356 1887 1392 1920 in
1427 1887 1600 1933 Spiritum

38 1939 212 1973 Sanctum
234 1951 308 1973 non
331 1948 384 1974 est
404 1940 512 1982 idem,
536 1940 632 1985 quod
654 1948 844 1985 peccatum
867 1951 909 1973 ex
932 1946 1028 1973 certa
1050 1939 1198 1974 malitia.

107 2003 137 2026 2.
160 1993 395 2028 PRAETEREA.
419 1993 616 2027 Peccatum
639 2004 681 2026 ex
704 2001 799 2027 certa
823 1992 958 2026 malitia
986 1993 1154 2027 dividitur
1188 2001 1312 2027 contra
1346 2002 1536 2039 peccatum
1559 2006 1600 2028 ex

37 2046 252 2092 ignorantia,
275 2054 309 2080 et
331 2054 456 2080 contra
478 2054 669 2092 peccatum
689 2057 730 2079 ex
749 2045 971 2079 infirmitate:
988 2046 1048 2079 sed
1065 2054 1256 2092 peccatum
1272 2047 1306 2080 in
1323 2046 1495 2092 Spiritum
1516 2047 1603 2081 San-

39 2107 136 2133 ctum
159 2099 326 2133 dividitur
348 2108 472 2133 contra
495 2107 685 2145 peccatum
708 2099 743 2132 in
766 2099 896 2133 Filium
918 2099 1089 2140 hominis,
1111 2107 1149 2133 ut
1163 2107 1259 2145 patet
1275 2100 1401 2134 Matth.
1423 2110 1494 2142 12.;
1514 2112 1600 2146 ergo

38 2160 226 2198 peccatum
248 2152 283 2185 in
307 2152 481 2198 Spiritum
505 2152 679 2186 Sanctum
702 2163 775 2186 non
799 2160 851 2186 est
873 2153 981 2194 idem,
1005 2153 1101 2198 quod
1124 2161 1315 2198 peccatum
1340 2164 1380 2187 ex
1404 2162 1500 2187 certa
1530 2165 1603 2187 ma-

38 2205 130 2239 litia:
153 2205 236 2251 quia
258 2217 412 2251 quorum
435 2206 601 2251 opposita
623 2213 704 2239 sunt
726 2205 876 2247 diversa,
899 2206 977 2251 ipsa
999 2217 1143 2251 quoque
1165 2214 1247 2240 sunt
1269 2207 1418 2240 diversa.

112 2269 140 2304 3.
163 2259 399 2293 PRAETEREA.
422 2259 619 2292 Peccatum
642 2260 677 2292 in
701 2258 875 2304 Spiritum
900 2259 1075 2293 Sanctum
1099 2267 1152 2293 est
1173 2260 1356 2304 quoddam
1391 2271 1503 2305 genus
1524 2271 1603 2306 pec-

39 2313 119 2353 cati,
142 2311 198 2345 cui
220 2312 478 2345 determinatae
502 2312 637 2358 species
658 2312 902 2357 assignantur:
919 2312 979 2346 sed
996 2320 1186 2358 peccatum
1204 2324 1244 2346 ex
1261 2321 1356 2346 certa
1372 2313 1509 2346 malitia
1527 2324 1600 2346 non

39 2372 92 2398 est
112 2364 267 2410 speciale
289 2376 401 2410 genus
424 2365 574 2410 peccati,
597 2365 660 2398 sed
683 2372 736 2398 est
757 2365 935 2410 quaedam
959 2365 1132 2407 conditio,
1161 2365 1218 2399 vel
1246 2366 1515 2400 circumstantia
1545 2378 1602 2411 ge-

39 2417 179 2459 neralis,
202 2428 292 2462 quae
315 2425 432 2463 potest
454 2429 530 2451 esse
553 2418 648 2451 circa
671 2418 794 2451 omnia
816 2426 1050 2463 peccatorum
1074 2430 1227 2464 genera;
1251 2430 1338 2464 ergo
1357 2427 1547 2464 peccatum
1565 2419 1601 2452 in

39 2470 209 2516 Spiritum
235 2470 409 2504 Sanctum
430 2482 503 2504 non
527 2479 578 2504 est
600 2471 707 2512 idem,
729 2471 826 2517 quod
848 2479 1039 2516 peccatum
1062 2483 1104 2505 ex
1127 2480 1222 2506 certa
1245 2472 1392 2506 malitia.

110 2524 183 2558 SED
208 2534 361 2558 CONTRA
385 2532 447 2566 est,
470 2524 566 2570 quod
584 2524 757 2568 Magister
772 2524 857 2557 dicit
871 2534 927 2570 43.
944 2525 1021 2558 dist.
1037 2537 1067 2559 2.
1083 2525 1142 2558 lib.
1161 2525 1270 2566 Sent.‚
1287 2525 1382 2570 quod
1399 2525 1458 2558 ille
1477 2532 1602 2570 peccat

38 2578 74 2611 in
97 2577 271 2623 Spiritum
295 2577 479 2618 Sanctum,
503 2577 561 2610 cui
583 2577 719 2611 malitia
742 2585 886 2623 propter
907 2589 944 2610 se
966 2577 1103 2623 placet:
1136 2579 1207 2612 hoc
1231 2587 1353 2612 autem
1377 2586 1429 2611 est
1451 2589 1601 2623 peccare

39 2642 82 2664 ex
103 2638 199 2664 certa
221 2629 378 2671 malitia;
401 2641 487 2675 ergo
511 2630 607 2663 idem
629 2630 769 2664 videtur
792 2641 868 2664 esse
890 2639 1081 2676 peccatum
1116 2643 1157 2665 ex
1192 2639 1287 2665 certa
1322 2631 1470 2672 malitia,
1505 2631 1601 2676 quod

40 2691 229 2729 peccatum
251 2683 286 2716 in
310 2682 484 2728 Spiritum
505 2683 691 2716 Sanctum.

109 2736 338 2770 RESPONDEO
362 2735 566 2776 dicendum,
590 2736 686 2781 quod
709 2736 751 2769 de
773 2744 936 2781 peccato,
952 2748 1013 2770 seu
1029 2737 1254 2781 blasphemia
1270 2737 1305 2770 in
1323 2737 1496 2782 Spiritum
1518 2737 1604 2771 San-

41 2796 139 2822 ctum
163 2789 340 2834 tripliciter
362 2787 471 2833 aliqui
492 2787 698 2833 loquuntur.
721 2789 872 2834 Antiqui
894 2790 991 2823 enim
1014 2790 1205 2831 Doctores,
1227 2789 1366 2823 scilicet
1394 2790 1527 2824 Athan.
1553 2791 1600 2834 (in

41 2847 134 2876 tract.
152 2848 248 2887 super
264 2841 343 2875 illud
358 2841 478 2875 Matth.
494 2853 543 2876 12.
558 2854 566 2875 :
584 2842 793 2887 Quicumque
808 2842 941 2884 dixerit,
960 2844 1045 2887 uta),
1069 2842 1225 2876 Hilarius
1241 2843 1331 2887 (razn.
1348 2855 1396 2877 12.
1412 2845 1446 2876 in
1465 2844 1599 2889 Mami.)

42 2894 256 2928 Ambrosius
292 2894 400 2940 (super
422 2893 502 2927 illud
523 2894 604 2928 Luc.
627 2905 698 2928 12..·
728 2895 935 2940 Quicumque
965 2896 1101 2929 verbum
1125 2897 1159 2928 in
1181 2896 1344 2941 Spiritum
1375 2896 1532 2930 Sanctum
1557 2896 1603 2930 di-
