1859 3122
181 149 266 190 410
610 147 830 182 QUAESTIO
865 148 933 176 LV.
967 147 1212 177 ARTICULUS
1246 147 1302 176 IV.

251 239 282 262 2.
310 228 545 262 PRAETEREA,
578 227 696 262 Dolus
722 228 880 263 maxime
909 228 952 262 ad
973 228 1136 273 linguam
1157 228 1335 274 pertinere
1361 228 1510 270 videtur,
1538 229 1737 264 secundum

179 280 265 315 illud
285 281 378 314 Psal.
402 291 447 325 5.:
470 281 608 326 Linguis
624 282 689 315 sais
709 281 814 316 dolose
832 283 991 327 agebant:
1016 281 1144 316 astutia
1159 289 1291 324 autem,
1309 283 1401 316 sicut
1422 289 1456 316 et
1472 282 1672 328 prudentia,
1686 291 1739 317 est

178 335 215 368 in
230 335 314 380 ipso
337 342 418 368 actu
440 334 606 376 rationi33
629 345 715 380 ergo
739 334 842 369 dolus
863 346 937 368 non
958 335 1112 380 pertinet
1133 334 1176 368 ad
1199 334 1378 368 astutiam.

255 399 282 433 3.
305 387 539 422 PRAETEREA.
563 387 733 422 Proverb.
760 398 811 422 12.
834 388 980 424 dicitur:
1002 388 1108 422 Dolus
1128 389 1162 422 in
1189 388 1283 423 corde
1309 389 1524 433 cogitantium
1542 389 1654 424 mala:
1676 389 1738 424 sed

179 452 253 474 non
272 441 390 474 omnis
413 440 594 474 malorum
618 441 789 487 cogitatio
812 442 964 488 pertinet
985 441 1029 475 ad
1052 441 1239 484 astutiam3
1265 453 1350 488 ergo
1379 441 1482 476 dolus
1504 453 1578 476 non
1599 442 1740 477 videtur

181 494 223 527 ad
247 494 415 528 astutiam
436 494 625 540 pertinere.

249 547 322 581 SED
345 558 499 582 CONTRA
522 556 585 590 est,
604 548 700 594 quod
719 548 846 582 astutia
869 548 912 582 ad
935 548 1293 583 circumveniendum
1315 548 1510 591 ordinatur,
1532 549 1736 584 secundum

178 600 266 634 illud
285 601 411 646 Apost.
435 601 477 635 ad
496 601 585 647 Eph.
607 611 660 644 ,με
682 602 722 636 In
744 603 863 636 astutia
887 602 928 636 ad
950 603 1262 636 circumvmtionem
1281 604 1425 643 erroris;
1447 602 1490 636 ad
1512 603 1608 649 quod
1630 603 1739 638 etiam

180 653 283 688 dolus
306 654 506 696 ordinatum
529 666 615 700 ergo
640 654 743 689 dolus
766 655 918 701 pertinet
944 655 987 688 ad
1010 655 1190 689 astutiam.

251 707 480 742 RESPONDEO
503 708 707 750 dicendum,
731 708 838 754 quod,
861 709 951 742 sicut
972 720 1077 754 supra
1100 708 1236 742 dictum
1255 716 1307 743 est
1321 709 1402 754 (art.
1419 710 1564 756 praec),
1588 709 1631 744 ad
1650 717 1741 744 astu-

179 760 268 794 tiam
289 761 442 806 pertinet
467 773 649 795 assumere
675 762 751 796 vias
772 773 845 795 non
867 773 981 803 veras,
1008 762 1070 796 sed
1097 761 1294 804 simulatas,
1322 770 1357 797 et
1378 771 1589 809 apparentes
1611 763 1654 797 ad
1681 763 1741 797 ali·

181 825 289 860 quem
311 813 419 848 finem
440 814 732 860 prosequendum
753 815 812 849 vel
828 815 976 857 bonum,
998 815 1055 849 vel
1077 815 1232 849 malum:
1256 816 1452 862 assumptio
1469 825 1588 851 autern
1610 817 1740 851 harum

179 867 320 901 viarum
341 876 460 913 potest
485 868 657 914 dupliciter
688 868 925 902 considerari:
948 880 1012 902 uno
1036 869 1181 914 quidem
1203 869 1297 903 modo
1318 869 1355 903 in
1375 869 1453 916 ipsa
1475 870 1740 916 excogitatione

180 920 321 954 viarum
342 921 568 966 hujusmodi:
592 929 627 955 et
647 922 718 955 hoc
741 922 883 968 proprie
905 922 1059 968 pertinet
1080 922 1123 956 ad
1146 924 1331 966 astutiam3
1352 923 1445 957 sicut
1471 924 1580 958 etiam
1601 924 1742 970 excogi-

180 974 268 1008 tatio
291 982 470 1008 rectarum
491 975 631 1008 viarum
654 975 696 1008 ad
720 975 879 1009 debitum
906 975 1014 1009 finem
1041 976 1193 1021 pertinet
1215 976 1257 1009 ad
1279 977 1530 1022 prudentiam:
1551 977 1615 1012 alio
1645 977 1740 1012 modo

180 1034 299 1074 potest
321 1028 541 1062 considerari
562 1027 689 1062 talium
710 1029 851 1062 viarum
879 1029 1076 1075 assumptio
1107 1029 1306 1063 secundum
1329 1031 1581 1065 executionem
1603 1031 1740 1077 operis:

182 1088 217 1115 et
237 1081 435 1114 secundum
450 1081 520 1115 hoc
538 1082 690 1127 pertinet
708 1082 751 1115 ad
774 1081 917 1124 dolum3
933 1090 967 1116 et
986 1082 1069 1116 ideo
1092 1081 1195 1117 dolus
1217 1083 1387 1129 importat
1406 1085 1600 1130 quamdam
1619 1095 1743 1119 execu-

180 1134 319 1168 tionem
341 1135 508 1169 astutiae:
532 1143 566 1169 et
585 1135 760 1169 secundam
782 1136 841 1170 hoc
863 1135 904 1169 ad
921 1137 1075 1170 astutiam
1092 1138 1243 1182 pertinet.

253 1188 313 1222 AD
334 1198 483 1222 PR1MUM
504 1199 590 1234 ergo
614 1189 818 1230 dicendum,
837 1189 933 1235 quod
955 1189 1046 1223 sicut
1068 1190 1197 1223 astutia
1215 1190 1357 1236 proprie
1377 1191 1550 1237 accipitur
1571 1193 1607 1226 in
1629 1191 1741 1235 malo,

186 1241 331 1275 abusive
353 1249 473 1275 autem
495 1242 530 1275 in
552 1242 667 1284 bono;
689 1243 737 1276 ita
760 1242 868 1276 etiam
890 1250 924 1276 et
950 1242 1065 1284 dolus,
1088 1244 1147 1289 qui
1170 1251 1220 1277 est
1244 1244 1393 1278 astutiae
1413 1247 1587 1280 executio.

254 1294 313 1328 AD
335 1305 541 1329 SECUNDUM
569 1295 772 1338 dicendum,
795 1296 891 1341 quod
915 1296 1079 1330 executio
1102 1297 1251 1330 astutiae
1274 1297 1317 1331 ad
1345 1298 1598 1344 decipiendum
1624 1299 1741 1344 primo

184 1347 341 1394 quidem,
364 1356 398 1382 et
419 1348 663 1394 principaliter
688 1348 726 1382 fit
752 1360 814 1394 per
835 1349 954 1390 verba,
981 1360 1072 1394 quae
1094 1350 1328 1395 praecipuum
1354 1351 1479 1384 locum
1504 1360 1626 1386 tenent
1651 1352 1742 1386 inter

183 1401 297 1446 signa,
319 1401 445 1446 quibus
466 1402 581 1435 homo
604 1401 782 1447 significat
801 1402 934 1448 aliquid
956 1402 1069 1444 alteri,
1091 1411 1130 1437 ut
1150 1411 1245 1448 patet
1262 1415 1326 1448 per
1343 1404 1494 1449 August.
1513 1405 1550 1438 in
1570 1404 1629 1439 lib.
1649 1415 1680 1439 2.
1699 1406 1742 1439 de

183 1455 309 1488 Doctr.
325 1454 458 1489 Christ.
483 1455 569 1500 (cap.
584 1455 649 1501 3.);
671 1463 705 1489 et
722 1455 803 1489 ideo
826 1455 930 1489 dolus
951 1457 1109 1489 maxime
1132 1456 1332 1490 attribuitur
1353 1456 1547 1492 locutioni:
1567 1458 1744 1504 contingit

183 1516 316 1553 tamen,
340 1519 416 1542 esse
439 1508 563 1542 dolum
583 1517 617 1542 et
637 1509 673 1542 in
694 1508 808 1550 factis,
831 1509 1030 1542 secundum
1052 1508 1139 1543 illud
1162 1509 1255 1544 Psal.
1282 1520 1375 1553 104:
1398 1511 1442 1546 Et
1462 1511 1574 1546 dolum
1592 1513 1743 1558 fecerunt

184 1563 219 1595 in
236 1573 346 1596 servos
363 1564 452 1607 eju5;
477 1570 529 1595 est
555 1562 664 1596 etiam
688 1562 790 1596 dolus
812 1562 849 1596 in
872 1563 990 1604 corde,
1013 1564 1212 1598 secundum
1238 1563 1326 1598 illud
1347 1564 1457 1599 Eccli.
1485 1576 1556 1613 19.:
1576 1566 1744 1601 Interiora

185 1617 253 1661 ejas
268 1615 369 1661 plena
389 1620 463 1650 sant
489 1615 582 1649 dolo:
605 1616 667 1649 sed
688 1615 759 1649 hoc
783 1624 835 1650 est
861 1616 1060 1650 secundum
1083 1618 1179 1663 quod
1206 1617 1333 1663 aliquis
1355 1617 1459 1653 dolos
1481 1620 1672 1665 excogitat,
1693 1630 1744 1654 se-

186 1670 344 1703 cundum
362 1668 449 1703 illud
467 1669 561 1703 Psal.
588 1680 658 1715 37.:
677 1670 721 1704 Et
743 1669 831 1704 dolos
853 1675 919 1705 tota
941 1670 991 1704 die
1016 1670 1272 1706 meditabantur.

257 1723 316 1756 AD
333 1733 503 1758 TERTIUM
527 1723 732 1765 dicendum,
755 1723 851 1769 quod
873 1723 1090 1770 quicumque
1113 1724 1274 1770 cogitant
1287 1724 1433 1771 aliquod
1455 1725 1593 1760 malum
1613 1725 1743 1768 facere,

185 1787 331 1810 necesse
350 1784 403 1810 est
424 1777 520 1822 quod
543 1776 747 1822 excogitent
769 1776 905 1823 aliquas
932 1776 1007 1812 vias
1027 1778 1070 1811 ad
1096 1778 1167 1812 hoc
1190 1779 1286 1824 quod
1308 1790 1413 1813 suum
1435 1780 1660 1826 propositum
1680 1780 1745 1814 im-

185 1829 325 1876 pleant3
345 1839 379 1864 et
400 1838 438 1864 ut
458 1829 654 1876 plurimum
677 1830 884 1876 excogitant
914 1831 990 1865 vias
1012 1831 1168 1874 dolosas,
1191 1832 1317 1878 quibus
1350 1832 1490 1867 facilius
1517 1833 1744 1880 propositum

187 1892 472 1928 consequantur:
496 1884 660 1929 quamvis
688 1884 875 1930 contingat
896 1885 1112 1931 quandoque
1134 1886 1230 1931 quod
1261 1886 1394 1932 absque
1426 1887 1564 1928 astutia,
1593 1894 1627 1921 et
1658 1885 1743 1921 dolo

186 1935 296 1982 aliqui
318 1944 448 1982 aperte,
471 1945 505 1971 et
525 1948 587 1983 per
607 1937 819 1972 violentiam
838 1938 975 1972 malum
998 1947 1208 1984 operentur:
1231 1939 1293 1973 sed
1311 1939 1382 1974 hoc
1402 1941 1483 1986 quia
1502 1939 1680 1975 difficilius
1694 1939 1743 1982 fit,

186 1989 222 2022 in
243 1990 472 2035 paucioribus
495 1990 634 2025 accidit.

748 2107 1090 2152 ARTICULUS
1116 2109 1169 2152 v.
1678 2121 1742 2168 308

488 2203 640 2233 UTRUM
673 2204 804 2233 FRAL'S
842 2205 900 2233 AD
935 2204 1160 2234 ASTUTIAM
1191 2205 1446 2236 PERTINEAT.

658 2279 772 2325 (Supr.
795 2284 859 2313 art.
881 2290 914 2323 4.
936 2284 963 2312 et
981 2279 1058 2313 locis
1079 2280 1125 2313 ilii
1147 2280 1280 2324 citatis).

259 2361 318 2394 AD
341 2371 519 2400 QUINTUM
542 2361 590 2395 sic
613 2362 827 2407 proceditur.
851 2362 1011 2404 Videtur,
1039 2363 1134 2409 quod
1161 2363 1255 2397 fraus
1284 2364 1326 2397 ad
1350 2364 1516 2397 astutiam
1541 2374 1615 2397 non
1641 2362 1744 2409 perti-

187 2422 288 2448 neat:
311 2425 384 2448 non
408 2415 501 2448 enim
526 2423 576 2449 est
592 2414 779 2456 laudabile,
799 2417 893 2461 quod
914 2416 1040 2461 aliquis
1056 2417 1173 2462 decipi
1191 2428 1227 2451 se
1246 2417 1416 2462 patiatur;
1432 2417 1475 2450 ad
1497 2417 1592 2462 quod
1615 2416 1743 2450 astutia

185 2469 312 2502 tendit:
337 2477 388 2502 est
410 2477 529 2503 autem
552 2468 740 2510 laudabile,
769 2470 863 2514 quod
900 2470 1026 2515 aliquis
1048 2470 1202 2515 patiatur
1235 2470 1409 2512 fraudem,
1431 2470 1630 2504 secundum
1655 2469 1742 2503 illud

192 2532 217 2555 1.
242 2523 284 2555 ad
306 2522 391 2555 Cor.
411 2520 461 2556 6.:
487 2523 600 2567 Quare
623 2535 686 2556 non
705 2524 807 2567 magis
821 2523 974 2567 sramttrm
990 2525 1178 2570 patimim'?
1200 2523 1295 2569 Ergo
1317 2523 1411 2557 fraus
1433 2534 1507 2557 non
1529 2523 1681 2569 pertinet
1699 2522 1742 2556 ad

187 2583 365 2609 astutiam.

256 2638 286 2662 2.
302 2628 536 2664 PRAETEREA.
559 2629 668 2663 Fraus
683 2629 858 2675 pertinere
872 2629 1010 2663 videtur
1030 2630 1071 2663 ad
1087 2629 1250 2664 illicitam
1273 2630 1535 2676 acceptionem,
1550 2628 1607 2663 vel
1629 2637 1741 2663 reten-

183 2681 321 2716 tionem
345 2683 562 2716 exteriorum
584 2694 719 2717 rerum:
736 2683 864 2716 dicitur
886 2683 982 2716 enim
1004 2683 1084 2716 Act.
1108 2695 1136 2726 5.
1160 2683 1256 2729 quod
1277 2685 1333 2718 vir
1351 2683 1484 2729 quidam
1506 2684 1637 2717 nomine
1652 2683 1742 2717 Ana-

182 2737 254 2769 nias
272 2747 345 2770 cum
373 2736 540 2783 Sapphira
562 2748 661 2771 uxore
686 2748 744 2770 sua
770 2736 915 2770 vffldidit
941 2748 1071 2781 agrum,
1103 2742 1130 2771 ct
1148 2737 1324 2782 fraudavit
1350 2737 1386 2771 de
1412 2738 1520 2784 pretio
1548 2738 1645 2782 agri:
1679 2736 1741 2771 sed

182 2788 304 2823 illicite
332 2801 514 2835 usurpare,
540 2790 598 2824 vel
620 2791 769 2824 retinere
797 2801 852 2824 res
875 2790 1067 2824 exteriores
1096 2791 1246 2836 pertinet
1275 2791 1316 2825 ad
1346 2791 1566 2835 injustitiam,
1592 2789 1650 2824 vel
1678 2789 1742 2823 illi-

185 2842 424 2885 beralitate1n3
447 2855 533 2889 ergo
552 2843 646 2877 fraus
662 2854 734 2877 non
754 2843 905 2888 pertinet
927 2844 969 2877 ad
993 2844 1172 2885 astutiam,
1194 2855 1284 2889 quae
1307 2844 1501 2890 opponitur
1515 2843 1737 2890 prudentiae.
