1859 3122
262 193 344 236 502
677 193 898 227 QUAESTIO
931 193 1079 222 LXVIII.
1112 193 1355 223 ARTICULUS
1388 194 1414 223 Ι.

331 275 405 308 SED
429 284 584 308 CONTRA
608 281 670 315 est,
694 274 790 320 quod
813 274 942 308 dicitur
963 274 1075 308 Levit.
1103 285 1148 319 5.:
1175 275 1210 309 Si
1229 276 1416 321 peccaverit
1441 276 1570 318 anima,
1596 281 1623 310 at
1648 276 1812 312 audiverit

257 339 370 376 vocem
388 328 548 372 jurantis,
577 329 722 373 testisque
740 328 844 372 fuerit
865 327 950 373 quod
975 333 1034 362 aut
1053 329 1120 374 ipse
1145 328 1241 370 vidit,
1269 333 1329 363 aut
1354 329 1498 363 conscius
1524 333 1577 371 est,
1600 330 1664 364 nisi
1688 330 1812 366 indica-

256 382 355 422 verit,
377 382 527 426 portabit
546 382 752 426 iniquitatem
773 393 878 415 suam.

329 434 559 468 RESPONDEO
582 434 788 476 dicendum,
811 435 920 480 quod,
942 436 1033 468 sicut
1054 446 1159 480 supra
1182 435 1316 468 dictum
1346 443 1398 469 est
1425 434 1469 481 (q.
1485 447 1529 482 33.
1551 441 1615 471 art.
1639 436 1671 471 6.
1689 442 1718 471 et
1735 447 1764 483 7.
1783 443 1813 472 et

257 495 410 535 apruna
431 493 495 522 art.
515 501 542 534 3.
563 488 605 522 ad
623 489 684 532 2.)‚
707 488 797 522 haec
821 496 873 522 est
895 488 1095 522 differentia
1109 489 1201 522 inter
1219 489 1540 531 denuntiationem,
1559 498 1594 524 et
1615 491 1812 525 accusatio-

257 554 354 583 nem,
383 542 466 588 quia
488 542 524 575 in
546 542 818 576 denuntiatione
842 543 1033 576 attenditur
1055 543 1260 576 emendatio
1282 542 1418 585 fratris3
1444 543 1480 576 in
1503 545 1733 578 accusatione
1755 556 1812 578 au-

255 604 329 630 tem
353 595 545 629 attenditur
566 595 704 641 punitio
733 596 912 637 criminis3
939 607 1078 642 poenae
1106 603 1226 630 autem
1247 596 1444 642 praesentis
1465 597 1559 630 vitae
1586 608 1660 631 non
1685 608 1748 643 per
1773 609 1811 632 se

257 658 480 696 expetuntur,
503 650 585 695 quia
607 661 681 683 non
704 658 756 684 est
778 650 835 683 hic
858 650 1027 684 ultimum
1055 650 1298 684 retributionis
1324 658 1482 695 tempus,
1509 650 1571 684 sed
1598 651 1811 696 inquantum

255 712 337 739 sunt
359 702 605 744 medicinales,
629 703 854 737 conserentes
876 703 934 737 vel
956 703 999 736 ad
1023 704 1316 737 emendationem
1338 714 1513 749 personae
1533 704 1727 750 peccantis,
1753 703 1811 738 vel

255 758 299 792 ad
320 758 458 791 bonum
481 756 710 802 reipublicae,
735 758 834 802 cujus
859 757 958 802 quies
980 765 1193 803 procuratur
1219 767 1282 802 per
1307 757 1534 803 punitionem
1560 759 1808 803 peccantium:

254 822 410 857 quorum
432 809 591 856 primum
613 810 808 844 intenditur
830 810 866 843 in
889 810 1172 852 denuntiatione,
1196 818 1235 844 ut
1256 810 1393 844 dictum
1409 818 1461 844 est
1481 810 1582 856 (q.33.
1602 815 1665 844 art.
1681 811 1738 856 7.),
1761 821 1812 845 se-

255 864 413 898 cundum
437 871 557 896 autem
580 864 723 909 proprie
746 863 900 908 pertinet
921 863 964 897 ad
988 863 1282 905 accusationem3
1318 871 1352 897 et
1377 863 1459 897 ideo
1487 864 1515 897 si
1543 863 1680 897 crimen
1706 863 1812 898 fuerit

254 918 336 960 tale,
361 917 458 963 quod
473 925 599 960 vergat
613 917 648 950 in
664 917 919 951 detrimentum
935 916 1164 962 reipublicae,
1179 925 1319 950 tenetur
1332 917 1446 950 homo
1463 917 1506 950 ad
1521 917 1810 959 accusationem3

254 971 455 1006 dummodo
478 969 696 1004 sufficienter
714 971 828 1016 possit
854 970 1017 1016 probare,
1041 970 1137 1016 quod
1159 970 1313 1016 pertinet
1334 970 1378 1004 ad
1393 969 1555 1004 officium
1572 971 1810 1012 accusatoris,

252 1033 337 1072 puta
361 1036 444 1058 cum
466 1031 657 1069 peccatum
680 1023 830 1069 alicujus
851 1024 967 1069 vergit
988 1023 1024 1057 in
1047 1023 1285 1058 multitudinis
1303 1023 1546 1069 corruptelam
1565 1023 1808 1070 corporalem,

251 1090 314 1113 seu
336 1077 575 1123 spiritualem:
599 1078 628 1111 si
651 1085 773 1111 autem
794 1089 869 1111 non
891 1077 995 1111 fuerit
1024 1076 1094 1111 tale
1121 1085 1324 1123 peccatum,
1354 1077 1450 1123 quod
1478 1077 1515 1110 in
1543 1076 1809 1117 multitudinem

252 1132 437 1174 redundet,
458 1131 516 1165 vel
538 1131 647 1165 etiarn
670 1131 699 1165 si
720 1130 959 1165 sufficientem
981 1130 1235 1177 probationem
1257 1130 1427 1165 adhibere
1450 1142 1524 1165 non
1538 1131 1661 1177 possit,
1675 1142 1750 1165 non
1763 1139 1811 1165 te-

251 1195 355 1221 netur
377 1186 421 1220 ad
442 1185 692 1220 intentandam
715 1185 1004 1227 accusationem;
1027 1184 1110 1230 quia
1133 1184 1176 1218 ad
1198 1184 1270 1218 hoc
1292 1184 1412 1219 nullus
1434 1192 1586 1227 tenetur,
1613 1184 1709 1231 quod
1734 1195 1809 1218 non

251 1248 370 1287 potest
392 1239 511 1274 debito
539 1239 650 1272 modo
673 1238 855 1285 perficere.
1627 1239 1629 1242 ’

320 1294 379 1327 AD
400 1303 550 1328 PRIMUM
572 1303 658 1338 ergo
681 1292 886 1334 dicendum,
908 1291 1003 1338 quod
1026 1290 1116 1325 nihil
1136 1291 1313 1337 prohibet,
1336 1303 1399 1337 per
1419 1298 1610 1337 peccatum
1624 1291 1726 1325 reddi
1747 1291 1809 1325 ali-

249 1359 356 1394 quem
376 1347 614 1393 impotentem
635 1346 679 1380 ad
702 1357 754 1387 ea,
777 1357 868 1392 quae
889 1345 1058 1379 homines
1077 1344 1194 1379 facere
1213 1353 1398 1387 tenentur3
1421 1345 1513 1379 sicut
1531 1345 1575 1378 ad
1593 1344 1806 1379 merendum

248 1402 359 1435 vitam
375 1408 570 1441 aeternam,
593 1407 627 1434 et
648 1399 691 1433 ad
711 1398 968 1433 assumendum
983 1398 1235 1432 Ecclesiastica
1257 1398 1509 1432 Sacramenta:
1531 1409 1599 1432 nec
1619 1406 1742 1432 tamen
1765 1410 1807 1432 ex

248 1455 318 1489 hoc
346 1455 460 1488 homo
487 1461 646 1499 reportat
674 1453 930 1487 commodum:
955 1452 1157 1498 quinimmo
1181 1451 1334 1486 deficere
1354 1452 1396 1485 ab
1417 1453 1478 1493 eis,
1494 1463 1585 1498 quae
1599 1459 1739 1486 tenetur
1759 1451 1808 1485 fa-

249 1521 341 1551 cere,
364 1516 416 1542 est
438 1507 649 1554 gravissima
671 1518 808 1552 poena,
831 1507 913 1553 quia
934 1506 1085 1540 virtuosi
1112 1514 1211 1540 actus
1238 1514 1320 1540 sunt
1345 1506 1525 1552 quaedam
1545 1506 1706 1540 hominis
1732 1516 1807 1552 per·
1858 1525 1859 1529 =

246 1562 432 1597 sectiones.

316 1617 376 1650 AD
399 1625 605 1650 SECUNDUM
627 1613 832 1655 dicendum,
855 1613 952 1659 quod
971 1613 1102 1647 subditi
1120 1612 1300 1659 praelatos
1321 1624 1406 1647 suos
1429 1624 1599 1647 accusare
1617 1612 1807 1659 prohiben-
1853 1643 1854 1649 ,

245 1678 312 1711 tur,
332 1670 392 1716 qui
413 1681 486 1703 non
509 1668 700 1702 affectione
720 1667 943 1709 charitatitis,
966 1667 1028 1701 sed
1051 1678 1114 1700 sua
1136 1667 1310 1713 pravitate
1327 1667 1439 1700 vitam
1458 1677 1585 1700 eorum
1607 1665 1804 1708 diffamare,

246 1732 280 1758 et
299 1723 561 1770 reprehendere
580 1729 772 1768 quaerunt:
795 1721 854 1755 vel
875 1721 984 1755 etiam
1007 1721 1035 1754 si
1057 1721 1188 1754 subditi
1209 1731 1378 1755 accusare
1401 1720 1564 1754 volentes
1586 1719 1717 1754 fuerint
1743 1720 1805 1754 cri-

246 1777 388 1818 minosi,
408 1785 446 1810 ut
466 1776 617 1810 habetur
644 1786 674 1808 2.
703 1787 734 1820 q.
763 1785 793 1820 7.
819 1774 929 1821 (cap.:
959 1774 1118 1816 Clericus,
1145 1779 1175 1808 ct
1198 1775 1289 1819 seq),
1318 1773 1478 1820 alioquin
1505 1774 1535 1808 si
1559 1773 1691 1807 fuerint
1716 1772 1804 1807 alias
1850 1771 1852 1823 J

245 1830 366 1864 idonei
387 1830 430 1863 ad
453 1829 709 1870 accusandum,
731 1828 815 1862 licet
836 1828 984 1862 subditis
1007 1839 1049 1861 ex
1071 1827 1244 1861 charitate
1267 1838 1351 1861 suos
1374 1827 1552 1874 praelatos
1575 1837 1755 1860 accusare.

316 1884 375 1917 AD
403 1893 573 1917 TERTIUM
600 1882 804 1923 dicendum,
833 1881 929 1927 quod
956 1881 1115 1915 revelare
1142 1889 1280 1915 secreta
1306 1881 1341 1914 in
1369 1880 1507 1914 malum
1537 1891 1724 1927 personae,
1752 1887 1803 1913 est

245 1946 370 1971 contra
392 1936 612 1977 fidelitatem,
633 1946 707 1969 non
731 1943 850 1969 autem
871 1935 900 1968 si
918 1933 1121 1968 revelentur
1147 1942 1292 1980 propter
1312 1934 1449 1968 bonum
1477 1945 1684 1975 commune,
1706 1934 1801 1979 quod

243 2002 386 2036 semper
411 1988 686 2036 praeferendum
713 1996 766 2022 est
790 1988 888 2022 bono
914 1987 1073 2034 privatog
1102 1995 1136 2021 et
1160 1987 1242 2021 ideo
1277 1995 1402 2021 contra
1434 1987 1570 2021 bonum
1606 1998 1802 2021 commune
1846 1987 1847 2011 ἶ

243 2043 383 2077 nullum
405 2052 583 2077 secretum
605 2042 690 2076 licet
710 2042 888 2088 recipere:
911 2052 978 2075 nec
1000 2049 1122 2075 tamen
1149 2041 1299 2074 omnino
1328 2049 1380 2075 est
1405 2049 1595 2083 secretum,
1617 2040 1714 2087 quod
1739 2052 1802 2087 per

243 2096 460 2131 sufficientes
482 2104 590 2130 testes
608 2103 724 2142 potest
745 2095 899 2141 probari.

814 2237 1158 2283 ARTICULUS
1192 2237 1246 2280 H.
1735 2247 1797 2293 382

330 2348 486 2378 UTRUM
514 2348 580 2378 SIT
606 2347 905 2377 NECESSARIUM
926 2346 1270 2375 ACCUSATIONEM
1296 2345 1340 2376 IN
1367 2345 1556 2375 SCRIPTIS
1584 2344 1708 2374 FIERI.

675 2434 722 2478 (4.
743 2435 831 2468 Dist.
854 2446 904 2479 19.
928 2445 957 2479 q.
979 2445 1010 2468 2.
1034 2438 1096 2467 art.
1117 2446 1143 2479 3.
1166 2445 1194 2478 q.
1218 2443 1246 2466 Ι.
1270 2432 1311 2466 ad
1332 2443 1364 2476 4.

543 2492 571 2522 ct
598 2488 685 2521 Dist.
709 2499 752 2533 35.
779 2492 841 2520 azrl.
866 2499 893 2532 3.
917 2487 957 2520 ad
984 2488 1015 2521 6.
1043 2492 1071 2520 et
1099 2487 1220 2531 Quodl.
1242 2497 1296 2520 21.
1324 2490 1387 2520 art.
1414 2486 1487 2531 ῃ).

312 2577 370 2611 Ar>
386 2587 592 2611 SECUNDUM
614 2576 663 2609 sic
686 2575 901 2621 proceditur.
924 2574 1085 2615 Videtur,
1109 2575 1204 2620 quod
1223 2585 1296 2608 non
1319 2574 1364 2607 sit
1385 2572 1632 2607 necessarium
1655 2582 1798 2605 accusa-
1832 2595 1834 2598 ⁴

240 2631 376 2664 tionem
400 2631 433 2663 in
457 2630 596 2675 scriptis
623 2629 715 2663 sieri:
744 2628 917 2673 scriptura
945 2628 1038 2661 enim
1069 2628 1259 2662 adinventa
1281 2635 1333 2661 cst
1359 2627 1402 2660 ad
1424 2626 1708 2660 subveniendum
1734 2625 1796 2658 hu-

242 2695 369 2717 manae
396 2683 595 2717 memoriae
623 2683 717 2716 circa
743 2681 950 2727 praeterita:
979 2682 1039 2715 scd
1067 2682 1249 2715 accusatio
1276 2681 1311 2714 in
1338 2680 1518 2726 praesenti
1546 2679 1681 2725 agitur3
1708 2688 1794 2724 ergo
1830 2721 1831 2726 1

241 2737 422 2771 accusatio
445 2737 620 2782 scriptura
642 2747 713 2769 non
737 2735 883 2777 indiget.

311 2800 341 2824 2.
364 2790 599 2824 PRAETEREA.
624 2800 654 2824 2.
678 2801 709 2834 q.
733 2789 764 2822 8.
787 2789 894 2834 (caps
924 2789 986 2822 Per
1006 2789 1143 2833 scripta)
1168 2788 1314 2822 dicitur:
1341 2800 1358 2818 «
1380 2785 1508 2820 Nullus
1538 2785 1664 2819 absens
1692 2795 1793 2818 accu-

239 2855 316 2877 sare
332 2851 459 2889 potest,
478 2855 544 2877 nec
565 2843 606 2876 ab
630 2843 750 2888 aliquo
774 2841 934 2875 accusari
952 2853 983 2874 »ι
1007 2841 1068 2874 sed
1087 2841 1261 2886 scriptura
1285 2841 1326 2874 ad
1349 2840 1419 2873 hoc
1442 2839 1581 2872 videtur
1596 2848 1671 2872 esse
1686 2837 1792 2879 utilis,
1826 2861 1828 2863 >

240 2905 276 2930 ut
299 2897 501 2931 absentibus
524 2896 656 2942 aliquid
679 2894 910 2940 significetur,
938 2902 975 2928 ut
1001 2901 1097 2939 patet
1123 2906 1184 2939 per
1210 2894 1303 2938 Aug,
1336 2903 1386 2927 10.
1414 2893 1457 2926 de
1485 2890 1584 2925 Trin.
1609 2890 1695 2936 (cap.
1722 2889 1790 2934 1.)‚·
