1859 3122
502 168 722 204 QUAESTIO
756 167 856 197 XXV.
890 168 1133 198 ARTICULUS
1165 168 1222 198 IV.
1555 168 1635 210 205

161 260 189 294 3.
211 249 448 284 PRAETEREA.
467 249 570 291 Illud,
593 250 688 296 quod
712 250 754 284 ad
770 249 981 284 charitatem
999 252 1162 296 pertinet,
1184 262 1258 284 non
1280 258 1399 296 potest
1412 260 1489 284 esse
1507 250 1642 295 vitupe-

87 302 215 344 rabile3
238 303 320 348 quia
346 304 488 337 charitas
515 315 579 337 non
601 305 668 348 agit
683 310 872 350 perperam,
895 312 933 337 ut
955 304 1082 338 dicitur
1113 315 1139 338 1.
1164 304 1206 337 ad
1230 303 1316 338 Cor.
1344 315 1406 349 13.:
1430 304 1491 337 sed
1519 315 1640 337 amare

85 356 243 402 seipsum
264 356 500 402 vituperabile
519 365 588 390 est:
612 357 740 390 dicitur
761 357 857 390 enim
880 366 911 390 2.
935 357 977 390 ad
1002 356 1164 391 'l'imoth
1192 368 1238 402 3.:
1262 357 1301 391 In
1324 358 1509 391 novissimis
1529 357 1639 390 diebus

86 410 251 444 instabunt
268 415 416 456 tempora
433 411 632 456 periculosa,
655 415 685 444 et
704 415 799 444 crunt
820 411 964 444 immines
985 416 1131 445 amantes
1154 412 1292 457 scipso&
1317 422 1402 455 ergo
1425 411 1539 444 horno
1565 421 1640 444 non

84 470 201 508 potest
221 463 379 508 seipsum
402 463 550 509 diligere
569 474 611 496 ex
633 463 816 497 charitate.

155 515 230 550 SED
251 526 405 551 CONTRA
420 525 482 558 est,
498 516 594 562 quod
609 517 737 550 dicitur
752 517 864 550 Levit.
880 527 950 563 19.:
966 517 1093 562 Diliges
1107 519 1252 552 amicum
1268 522 1371 559 tuum,
1387 519 1468 552 sicut
1482 519 1616 564 teipsum
1629 530 1639 552 .-

84 569 146 603 sed
169 569 327 603 amicum
349 581 391 604 ex
413 571 586 604 charitate
608 570 812 615 diligimu33
835 581 922 615 ergo
945 578 979 605 et
1000 581 1066 605 nos
1088 571 1185 616 ipsos
1208 570 1380 605 debemus
1399 582 1442 605 ex
1464 571 1636 604 charitate

83 622 243 667 diligere.

154 675 381 712 RESPONDEO
416 676 619 718 dicendum,
644 677 741 722 quod
765 687 848 710 cum
876 677 1030 711 charitas
1060 677 1104 711 sit
1135 677 1313 723 quaedam
1348 677 1517 719 amicitia,
1547 677 1639 712 sicut

83 728 217 763 dictum
241 738 294 764 est
316 731 360 776 (q.
383 742 430 776 23.
452 735 516 765 art.
539 731 594 773 1.),
607 729 780 776 dupliciter
793 741 986 776 possumus
1001 731 1044 764 de
1061 730 1232 764 charitate
1247 729 1357 776 loqui:
1374 742 1438 764 uno
1452 731 1558 772 morlo,
1573 731 1637 765 sub

83 784 271 817 communi
292 785 430 818 ratione
453 784 650 818 amicitiae:
675 792 708 818 et
729 784 928 818 secundum
956 784 1027 818 hoc
1055 784 1248 817 dicendum
1271 792 1333 825 est,
1361 784 1457 829 quod
1480 784 1638 818 amicitia

82 836 224 882 proprie
250 848 324 870 non
352 837 504 871 habetur
525 837 568 870 ad
591 837 759 882 seipsum,
787 837 849 871 sed
872 837 1006 883 aliquid
1028 838 1144 882 majus
1166 837 1343 870 amicitia:
1367 837 1449 882 quia
1479 837 1637 871 amicitia

82 889 256 924 unionem
272 891 471 936 quamdam
488 891 673 936 importat:
688 891 773 924 dicit
787 891 884 925 enim
899 891 1052 937 Dionys.
1068 891 1111 924 de
1126 890 1208 924 Div.
1220 890 1329 925 Nom.
1342 891 1432 936 (cap.
1447 902 1480 935 4.
1492 891 1560 925 lect.
1576 891 1638 937 9.)‚

82 944 177 989 quod
195 955 291 978 amor
311 949 354 978 est
373 945 480 978 virtus
501 945 644 986 unitiva,
668 944 860 989 unicuique
876 952 997 977 autem
1016 944 1059 977 ad
1081 944 1241 989 seipsum
1261 952 1313 978 est
1334 944 1462 985 unitas,
1481 955 1572 990 quae
1587 952 1640 978 est

81 997 200 1043 potior
220 997 354 1031 unione
377 998 420 1031 ad
444 997 573 1039 alium;
595 997 689 1031 unde
712 997 804 1031 sicut
825 997 942 1031 unitas
965 1005 1017 1031 est
1037 997 1255 1043 principium
1272 997 1435 1040 unionis3
1453 997 1502 1031 ita
1524 1008 1638 1039 amor,

81 1061 152 1096 quo
175 1051 252 1097 quis
274 1051 390 1097 diligit
408 1051 578 1097 seipsum,
606 1059 659 1085 est
678 1050 809 1092 forma,
832 1059 866 1085 et
887 1051 985 1085 radix
1012 1051 1212 1086 amicitiae:
1239 1051 1275 1084 in
1302 1051 1372 1084 hoc
1401 1051 1497 1085 enim
1519 1051 1640 1084 amici-

80 1104 166 1138 tiam
188 1104 364 1139 habemus
387 1105 431 1138 ad
454 1104 555 1146 alios,
577 1105 674 1150 quod
697 1105 740 1138 ad
763 1115 825 1138 eos
841 1115 907 1138 nos
922 1104 1110 1146 habemus,
1130 1104 1223 1138 sicut
1237 1104 1280 1138 ad
1302 1104 1495 1150 nosipsos:
1511 1105 1639 1138 dicitur

84 1157 182 1192 enim
203 1158 239 1191 in
258 1169 290 1204 9.
309 1157 426 1192 Ethic.
448 1159 537 1204 (cap.
560 1170 593 1202 4.
617 1163 647 1192 et
667 1158 731 1202 8.),
755 1160 851 1203 quod
874 1157 1089 1199 amicabilia,
1112 1169 1203 1203 quae
1230 1165 1311 1192 sunt
1333 1158 1376 1191 ad
1400 1157 1563 1199 alterum,
1584 1169 1640 1192 ve-

79 1210 181 1245 niunt
209 1222 252 1245 ex
272 1211 328 1245 his
351 1222 442 1257 quae
468 1219 550 1246 sunt
576 1212 619 1245 ad
647 1212 826 1257 seipsum:
861 1211 952 1245 sicut
974 1213 1083 1245 etiam
1114 1211 1157 1245 de
1179 1211 1362 1257 principiis
1383 1222 1458 1245 non
1484 1211 1636 1245 habetur

79 1264 239 1306 scientia,
257 1265 317 1298 sed
340 1264 474 1310 aliquid
496 1266 624 1310 majus,
643 1264 779 1298 scilicet
800 1264 1015 1298 intellectus.
1034 1265 1112 1299 Alio
1139 1264 1234 1298 modo
1256 1276 1449 1310 possumus
1470 1264 1571 1310 loqui
1593 1265 1635 1299 de

80 1317 252 1352 charitate
272 1318 472 1352 secundum
493 1318 676 1364 propriam
694 1318 872 1352 rationem
893 1318 1021 1363 ipsius3
1043 1327 1150 1364 prout
1171 1317 1309 1352 scilicet
1331 1326 1384 1352 est
1398 1318 1556 1352 amicitia
1570 1318 1634 1352 ho-

80 1371 187 1405 minis
222 1371 266 1404 ad
285 1371 406 1405 Deum
427 1371 682 1417 principaliter,
704 1380 739 1406 et
760 1383 802 1405 ex
824 1372 1061 1417 consequenti
1083 1372 1126 1405 ad
1149 1383 1190 1405 ea
1212 1383 1304 1417 quae
1326 1380 1409 1412 sunt
1428 1372 1520 1406 Dei:
1543 1371 1636 1406 inter

80 1434 170 1469 quae
189 1424 297 1458 etiam
319 1433 371 1458 est
390 1425 465 1470 ipse
486 1425 613 1466 homo,
635 1425 695 1471 qui
714 1425 926 1459 charitatem
957 1425 1083 1459 habet:
1112 1434 1146 1459 et
1167 1425 1217 1459 sic
1240 1427 1331 1459 inter
1365 1434 1517 1467 caetera,
1544 1437 1635 1471 quae

80 1488 122 1510 ex
143 1477 314 1511 charitate
336 1477 451 1523 diligit
470 1478 572 1524 quasi
593 1478 636 1512 ad
657 1478 778 1513 Deum
799 1479 1023 1524 pertinentia,
1051 1479 1161 1512 etiam
1188 1479 1347 1524 seipsum
1381 1490 1424 1513 ex
1462 1479 1634 1513 charitate

80 1529 204 1576 diligit.

150 1583 210 1617 AD
236 1594 384 1618 PRIMUM
407 1595 494 1630 ergo
516 1584 721 1626 dicendum,
748 1584 844 1630 quod
857 1584 1056 1630 Gregorius
1077 1584 1236 1631 loquitur
1253 1585 1297 1619 de
1319 1585 1491 1620 charitate
1513 1596 1636 1620 secun-

80 1635 166 1670 dum
188 1648 422 1671 communem
444 1637 623 1671 amicitiae
644 1638 834 1672 rationem.

150 1689 194 1724 Et
213 1690 411 1724 secundum
432 1690 504 1724 hoc
526 1691 634 1725 etiam
651 1691 816 1737 procedit
835 1701 952 1725 RATIO
975 1702 1159 1726 SECUNDA.

149 1743 209 1777 AD
237 1753 407 1778 TERTIUM
429 1744 632 1785 dicendum,
662 1745 758 1790 quod
780 1753 942 1779 amantes
976 1745 1113 1790 seipsos
1138 1745 1398 1791 vituperantur,
1419 1745 1634 1792 inquantum

79 1803 200 1830 amant
221 1808 258 1830 se
277 1797 477 1831 secundum
497 1806 664 1831 naturam
685 1798 904 1840 sensibilem,
926 1798 983 1831 cui
998 1798 1376 1844 obtemperantzquod
1390 1810 1464 1833 non
1479 1807 1533 1833 est
1549 1811 1633 1834 Vere

79 1860 199 1883 amare
217 1850 374 1896 seipsum
397 1851 596 1884 secundum
628 1859 794 1884 naturam
824 1851 1051 1893 rationalem,
1073 1860 1111 1885 ut
1131 1852 1199 1885 sibi
1219 1851 1331 1886 velint
1349 1863 1391 1886 ea
1411 1852 1519 1894 bona,
1542 1864 1633 1898 quae

76 1902 255 1948 pertinent
283 1903 326 1936 ad
347 1903 607 1949 perfectionem
634 1905 793 1939 rationis:
825 1913 859 1939 et
895 1905 966 1939 hoc
995 1905 1106 1940 modo
1135 1906 1326 1952 praecipue
1353 1906 1397 1941 ad
1421 1907 1633 1941 charitatem

77 1957 228 2001 pertinet
248 1956 396 2002 diligere
422 1957 594 2003 seipsum.

636 2118 979 2163 ARTICULUS
1007 2119 1061 2162 V.
1563 2140 1628 2173 140

129 2236 280 2266 UTRUM
306 2237 435 2267 HOMO
463 2238 633 2268 DEBEAT
663 2239 830 2269 CORPUS
858 2239 974 2268 SUUM
1002 2239 1057 2267 EX
1085 2238 1336 2268 CHARITATE
1364 2238 1581 2268 DILIGERE.

287 2337 329 2383 (3.
348 2338 437 2372 Dist.
460 2338 512 2372 23.
533 2343 596 2372 art.
620 2348 649 2384 7.
671 2343 701 2372 et
727 2339 808 2372 Virt.
831 2350 861 2384 q.
883 2349 913 2372 2.
936 2343 1000 2372 art.
1023 2349 1053 2384 7.
1071 2344 1160 2384 corp.
1183 2338 1224 2372 ad
1241 2349 1292 2382 14.
1313 2343 1342 2372 et
1358 2338 1429 2384 15·)·

145 2434 205 2468 AD
227 2445 406 2473 QUINTUM
424 2435 474 2469 sic
495 2436 711 2481 proceditur.
721 2436 882 2478 Videtur,
898 2437 993 2482 quod
1007 2437 1122 2471 horno
1140 2448 1213 2471 non
1229 2437 1358 2471 debeat
1375 2448 1503 2482 corpus
1525 2448 1630 2470 suum

76 2498 118 2522 ex
139 2488 311 2522 charitate
333 2488 496 2534 diligere:
519 2500 594 2523 non
616 2490 713 2523 enirn
735 2490 918 2535 diligimus
932 2490 1046 2532 illum,
1063 2491 1120 2524 cui
1139 2492 1330 2525 convivere
1348 2502 1422 2524 non
1442 2490 1630 2524 volumus:

75 2540 137 2574 sed
157 2541 325 2576 homines
348 2542 561 2576 charitatem
587 2543 760 2577 habentes
793 2543 975 2589 refugiunt
997 2544 1158 2589 corporis
1190 2544 1409 2585 convictum,
1431 2543 1630 2577 secundum

74 2593 161 2627 illud
182 2593 288 2628 Rom.
308 2606 356 2639 7.:
381 2596 465 2639 Quis
477 2608 528 2630 me
549 2596 700 2630 liberabit
721 2597 757 2630 de
779 2603 915 2643 corpora
936 2599 1051 2631 mortis
1072 2598 1195 2642 hujus?
1222 2606 1256 2631 et
1276 2597 1405 2642 Philip.
1423 2607 1466 2630 1.:
1486 2597 1628 2631 Deside-

73 2648 163 2680 rium
188 2647 305 2681 habens
330 2647 475 2690 dissolvi,
501 2654 532 2683 et
552 2661 612 2683 esse
645 2661 718 2684 cum
745 2649 877 2684 Christo
887 2662 899 2690 ;
923 2661 1010 2695 ergo
1040 2661 1169 2696 corpus
1197 2658 1362 2684 nostrum
1394 2660 1469 2683 non
1503 2659 1555 2684 est
1586 2660 1629 2684 ex

75 2700 248 2734 charitate
262 2699 496 2745 diligendum.

143 2763 174 2786 2.
197 2753 432 2788 PRAETEREA.
454 2754 626 2789 Amicitia
644 2755 826 2790 charitatis
840 2756 1006 2791 fundatur
1019 2769 1124 2803 super
1139 2756 1472 2790 communicatione
1486 2756 1628 2791 divinae

72 2804 265 2840 fruitionis:
282 2807 344 2840 sed
365 2807 574 2852 hujusmodi
601 2807 779 2843 fruitionis
808 2821 938 2855 corpus
966 2811 1143 2856 particeps
1173 2821 1250 2844 esse
1278 2821 1352 2843 non
1379 2818 1512 2856 potest;
1540 2821 1627 2856 ergo

75 2869 204 2905 corpus
225 2871 299 2894 non
321 2868 374 2894 est
395 2871 436 2894 ex
451 2861 624 2895 charitate
646 2861 880 2907 diligendum.
