1905 3137
517 144 738 179 QUAESTIO
772 144 864 174 VIII.
898 145 1142 175 ARTICULUS
1176 145 1236 175 111.
1603 134 1652 176 81

95 224 197 258 dictis
219 232 315 270 patet
337 224 414 268 (1-2.
438 236 466 270 ‹J-
486 225 890 271 58.111·t.2.ctq.71.art.
911 226 981 270 6.);
1006 238 1092 271 ergo
1114 226 1329 269 intellectus,
1352 227 1412 273 qui
1435 235 1488 262 est
1510 228 1659 270 donum,

95 288 167 311 non
189 286 242 311 cst
264 277 465 311 intellectus
488 278 677 323 practicus.

165 330 238 364 SED
262 341 417 364 CONTRA
440 339 502 372 est,
526 331 621 376 quod
644 331 680 364 in
702 330 796 364 Psal.
824 342 897 365 110.
921 331 1069 366 dicitur:
1098 333 1280 368 Intellectus
1307 334 1407 368 bonus
1433 335 1583 368 omnibus
1601 335 1659 380 fa-

93 385 251 418 cientibus
278 396 360 417 cutm.

164 436 393 471 Rsssposvmzo
417 437 622 478 dicendum,
650 437 759 482 quod,
782 437 873 471 sicut
895 437 1030 471 dictum
1054 446 1105 472 est
1129 438 1208 482 (art.
1231 441 1375 485 praec),
1400 440 1537 474 donum
1559 439 1659 474 intel-

94 489 205 524 lectus
228 501 301 523 non
321 489 440 523 solum
463 501 499 524 se
522 490 630 524 habet
653 490 695 523 ad
719 501 771 531 ea,
787 502 878 536 quae
893 491 1023 536 primo,
1043 499 1077 524 et
1092 492 1336 537 principaliter
1352 493 1483 527 cadunt
1498 494 1561 527 sub
1578 493 1658 535 fide,

92 543 154 578 sed
176 543 286 577 etiam
314 543 356 577 ad
386 543 520 585 onmia,
548 554 638 590 quae
668 544 711 577 ad
738 543 845 577 fidem
873 544 1104 578 ordinantur:
1133 546 1363 590 operationes
1392 554 1513 580 autem
1540 547 1657 580 bonae

93 596 287 642 quemdam
314 597 478 630 ordinem
507 597 548 630 ad
575 596 684 630 fidem
711 596 863 630 habent:
890 608 976 630 nam
995 598 1076 643 fides
1100 604 1162 643 pur
1188 598 1390 633 dilectionem,
1424 605 1592 645 operatur,
1620 607 1658 633 ut

92 649 217 695 Apost.
241 649 326 683 dicit
349 650 392 683 ad
416 649 496 683 Gal.
524 660 575 694 5.;
599 657 633 683 et
654 650 735 683 ideo
759 650 896 684 donum
915 650 1117 685 intellectus
1133 651 1241 685 etiam
1267 652 1309 685 ad
1333 653 1511 698 quaedam
1535 664 1658 699 opera-

90 702 174 736 bilia
196 713 232 736 se
255 703 423 744 extendit,
438 714 512 736 non
531 703 676 748 quidem
692 711 729 736 ut
744 705 838 736 circa
854 714 894 737 ea
911 703 1156 750 principaliter
1174 713 1346 747 versetur,
1362 705 1423 739 sed
1443 706 1657 751 inquantum

90 755 126 789 in
145 756 293 800 agendis
316 756 524 801 regulamur
537 756 734 790 rationibus
750 757 915 798 aeternis,
930 757 1056 802 quibus
1072 758 1348 804 conspiciendis,
1365 767 1399 792 et
1414 759 1657 801 consulendis,

90 809 289 843 secundum
311 809 464 854 August.
488 809 530 843 de
554 809 682 843 Trinit.
707 810 780 853 (lib.
803 821 852 844 12.
881 816 953 856 cap.
977 810 1036 856 7.),
1059 810 1223 844 inhaeret
1249 812 1413 857 superior
1440 812 1542 853 ratio,
1566 823 1657 857 quae

91 862 188 896 dono
210 861 413 896 intellectus
436 862 627 908 perficitur.

162 916 221 949 An
248 926 396 950 mummi
417 927 503 961 ergo
522 916 727 958 dicendum,
750 917 846 962 quod
869 916 1067 963 operabilia
1089 917 1260 959 humana,
1283 918 1481 952 secundum
1506 918 1602 964 quod
1619 919 1655 952 in

90 980 126 1003 se
150 969 432 1010 considerantur,
448 980 521 1002 non
536 969 670 1003 habent
685 969 842 1015 aliquam
858 969 1091 1005 excellentiae
1107 970 1333 1005 altitudinem
1349 984 1357 1013 ;
1379 972 1442 1006 sed
1455 972 1656 1006 secundum

89 1022 186 1068 quod
212 1021 413 1055 referuntur
439 1022 482 1056 ad
509 1021 672 1068 regulam
699 1022 788 1068 legis
817 1032 972 1065 aeterne,
995 1031 1029 1057 et
1050 1024 1093 1057 ad
1116 1023 1225 1057 finem
1248 1024 1478 1059 beatitudinis
1501 1025 1655 1066 divinae,

90 1075 139 1109 sic
163 1075 389 1109 altitudinem
410 1075 554 1117 habent,
581 1083 618 1109 ut
640 1076 736 1109 circa
757 1088 799 1110 ea
821 1077 934 1122 possit
956 1087 1033 1111 esse
1057 1076 1274 1111 intellectus.
1468 1118 1474 1123 „

160 1129 220 1162 AD
242 1139 449 1163 SECUNDUM
471 1128 675 1171 dicendum,
698 1129 794 1175 quod
821 1130 892 1164 hoc
920 1130 1040 1176 ipsum
1066 1130 1220 1175 pertinet
1247 1130 1290 1163 ad
1318 1130 1531 1176 dignitatem
1558 1131 1657 1172 doni,

90 1182 185 1228 quod
208 1189 260 1215 est
278 1181 491 1223 intellectus,
509 1183 606 1227 quod
626 1183 862 1228 intelligibilia
879 1191 1037 1225 aeterna,
1052 1183 1110 1217 vel
1127 1184 1331 1218 necessaria
1346 1184 1562 1225 considerat,
1580 1196 1655 1218 non

90 1235 210 1270 solum
236 1235 434 1269 secundum
462 1235 558 1281 quod
585 1235 620 1269 in
648 1247 684 1270 se
712 1245 804 1278 sunt,
832 1237 894 1271 sed
921 1237 1030 1270 etiam
1057 1237 1256 1270 secundum
1285 1237 1382 1283 quod
1404 1246 1486 1271 sunt
1508 1237 1655 1283 regulae

90 1289 267 1335 quaedam
294 1289 539 1322 humanorum
567 1297 731 1323 actuum:
755 1290 838 1336 quia
860 1298 994 1336 quanto
1016 1290 1128 1324 virtus
1151 1291 1401 1336 cognoscitiva
1424 1291 1468 1324 ad
1495 1290 1596 1336 plura
1617 1303 1655 1325 se

91 1342 257 1383 extendit,
271 1342 379 1376 'tanto
401 1342 558 1376 nobilior
580 1351 642 1377 est.

161 1396 220 1430 AD
256 1406 426 1429 TERTIUM
458 1396 662 1437 dicendum,
693 1397 790 1442 quod
816 1396 940 1442 regula
966 1396 1212 1430 humanorum
1237 1405 1383 1430 actuum
1406 1405 1458 1431 est
1479 1397 1570 1431 ratio
1593 1397 1656 1430 hu-

90 1460 210 1490 mana,
232 1457 266 1482 et
286 1448 343 1482 lex
366 1457 520 1490 aeterna,
543 1457 580 1482 ut
601 1460 706 1495 supra
729 1449 866 1483 dictum
888 1458 940 1483 est
965 1449 1046 1493 (1-2.
1069 1462 1098 1495 q.
1123 1461 1170 1495 71.
1194 1455 1256 1483 ιιι-ί.
1281 1451 1352 1494 6.).·
1377 1449 1433 1483 lex
1456 1458 1577 1483 autem
1599 1461 1653 1483 ae-

89 1509 190 1535 terna
216 1502 354 1535 excedit
379 1501 580 1536 naturalem
607 1503 805 1544 rationem3
840 1511 874 1536 et
907 1503 988 1536 ideo
1017 1503 1178 1548 cognitio
1212 1503 1458 1536 humanorum
1495 1512 1653 1545 actuum,

91 1555 289 1588 secundum
311 1555 407 1600 quod
429 1555 611 1600 regulatur
633 1567 652 1589 a
673 1555 754 1601 lege
776 1564 932 1597 aeterna,
951 1556 1090 1590 excedit
1110 1555 1313 1590 naturalem
1335 1556 1526 1598 rationem,
1550 1564 1584 1590 et
1604 1556 1657 1590 in-

91 1608 188 1654 diget
209 1608 469 1654 supernaturali
490 1608 627 1642 lumine
650 1609 736 1642 doni
759 1609 910 1654 Spiritus
931 1609 1066 1644 Sancti.

632 1761 976 1806 ARTICULUS
1001 1763 1077 1805 IV.
1599 1784 1643 1817 42

90 1880 240 1909 UTRUM
267 1880 426 1908 noxuu
447 1880 749 1910 INTELLECTUS
777 1881 892 1911 msrT
921 1882 1111 1911 oumssus
1140 1882 1412 1911 HABENTIBUS
1437 1883 1650 1912 GRATIAM.

159 1978 219 2012 AD
241 1988 428 2017 QUARTUM
450 1978 500 2012 sic
522 1979 739 2023 proceditur.
761 1978 924 2021 Videtur,
952 1979 1048 2024 quod
1072 1979 1209 2013 donum
1235 1979 1441 2013 intellectus
1468 1990 1541 2013 non
1569 1980 1653 2014 insit

89 2031 255 2064 omnibus
276 2031 490 2065 habentibus
512 2031 682 2077 gratiam:
706 2031 792 2065 dicit
814 2032 911 2065 enim
936 2032 1044 2078 Greg.
1069 2042 1099 2066 2.
1123 2032 1252 2066 Moral.
1277 2032 1367 2078 (cap.
1381 2033 1468 2077 26),
1485 2033 1582 2078 quod
1597 2033 1652 2066 do-

89 2097 168 2118 num
196 2085 371 2118 intellectus
401 2084 501 2119 ᾱιιΐιιν
525 2090 642 2119 contra
669 2085 893 2119 hebetudinem
917 2087 1054 2119 mentis:
1083 2085 1143 2119 sed
1172 2085 1277 2119 multi
1298 2086 1472 2119 habentes
1495 2087 1649 2131 gratiam

89 2137 205 2170 adhuc
227 2138 409 2183 patiuntur
430 2138 560 2171 mentis
581 2138 856 2180 hebetudinem;
873 2149 959 2184 ergo
980 2139 1117 2172 donum
1132 2138 1336 2172 intellectus
1357 2149 1431 2172 non
1455 2148 1507 2172 est
1524 2139 1560 2172 in
1576 2150 1652 2172 om-

88 2190 190 2224 nibus
212 2191 425 2225 habentibus
452 2191 617 2236 gratiam.

158 2254 189 2278 2.
212 2244 447 2278 PRAETEREA.
464 2245 559 2277 Inter
581 2256 633 2286 ea,
656 2255 747 2290 quae
771 2244 813 2277 ad
838 2245 1087 2289 cognitionem
1109 2245 1299 2290 pertinent,
1314 2244 1393 2278 sola
1408 2244 1495 2278 fides
1510 2245 1653 2279 videtur

89 2307 165 2331 esse
186 2297 390 2331 necessaria
412 2297 454 2330 ad
477 2297 647 2339 salutem3
670 2298 753 2343 quia
779 2310 842 2343 per
858 2298 955 2342 fidum
987 2299 1136 2333 Christus
1163 2298 1329 2332 'inhahitat
1360 2300 1392 2332 in
1419 2298 1570 2332 cordibus
1595 2310 1652 2331 no-

87 2351 170 2392 stris,
194 2358 233 2384 ut
253 2351 382 2384 dicitur
402 2350 533 2396 Ephes.
556 2362 602 2396 3.:
626 2351 687 2384 sed
709 2362 783 2384 non
806 2362 934 2385 omnes
955 2351 1129 2385 habentes
1151 2351 1260 2384 fidem
1280 2351 1415 2385 habent
1437 2352 1574 2384 donum
1599 2351 1651 2384 in-

87 2403 267 2446 tellectus3
290 2404 404 2437 immo
427 2404 488 2449 qui
506 2403 667 2446 credunt,
691 2404 822 2437 debent
843 2415 946 2438 orare
969 2413 1005 2438 ut
1027 2403 1242 2449 intelligant,
1265 2404 1358 2438 sicut
1379 2405 1474 2449 Aug.
1498 2404 1583 2437 dicit
1608 2403 1645 2437 in

87 2455 146 2490 lib.
172 2467 223 2501 15.
246 2458 288 2490 de
309 2456 409 2490 Trin.
433 2457 522 2503 (cap.
545 2458 635 2502 27.);
665 2468 752 2502 ergo
775 2457 913 2491 donum
934 2457 1137 2491 intellectus
1156 2468 1230 2490 non
1253 2467 1306 2491 est
1332 2457 1577 2490 necessarium
1604 2457 1649 2490 ad

88 2509 252 2551 salutem,
274 2521 348 2543 non
367 2521 452 2555 ergo
476 2518 528 2543 est
548 2510 585 2543 in
608 2511 775 2544 omnibus
796 2510 1010 2544 habentibus
1032 2511 1196 2556 gratiam.

162 2574 190 2608 3.
206 2563 440 2597 PRAETEREA.
457 2563 507 2596 Ea
524 2574 614 2608 quae
629 2572 711 2597 sunt
727 2564 937 2597 communia
952 2563 1119 2597 omnibus
1136 2563 1349 2597 habentibus
1367 2562 1531 2608 gratiam,
1547 2574 1650 2596 num-

89 2627 198 2661 quam
220 2616 261 2649 ab
283 2616 495 2650 habentibus
518 2616 671 2661 gratiam
693 2617 970 2650 subtrahuntur:
993 2617 1054 2650 sed
1077 2617 1191 2662 gratia
1213 2615 1427 2656 intellectus,
1443 2623 1478 2648 et
1493 2615 1648 2650 aliorum

89 2669 269 2706 donorum
292 2668 484 2714 aliquando
506 2680 543 2702 se
566 2669 698 2706 utiliter
720 2670 911 2704 subtrahit:
939 2669 1155 2715 quandoque
1179 2669 1275 2702 enim
1298 2669 1384 2701 dum
1411 2668 1579 2702 sublimia
1598 2669 1649 2702 in-

88 2721 284 2767 telligendo
307 2722 342 2754 in
365 2721 559 2755 elationem
582 2733 618 2755 se
641 2724 781 2756 animus
808 2723 922 2768 erigit,
944 2723 980 2756 in
1002 2723 1106 2758 rebus
1128 2722 1220 2763 imis,
1244 2729 1278 2755 et
1302 2721 1431 2755 vilibus
1459 2722 1559 2767 gravi
1588 2723 1649 2756 he-

89 2775 256 2809 betudine
278 2775 457 2820 pigrescit,
479 2783 517 2808 ut
540 2775 650 2820 Greg.
672 2775 758 2809 dicit
779 2777 813 2809 in
837 2786 867 2809 2.
889 2775 1018 2809 Moral.
1044 2775 1130 2821 (cap.
1153 2775 1241 2820 26.),·
1265 2786 1354 2820 ergo
1377 2775 1514 2808 donum
1545 2775 1648 2809 intel-

90 2827 204 2862 lectus
220 2839 295 2862 non
314 2835 366 2862 est
386 2827 422 2861 in
444 2828 610 2862 omnibus
631 2828 844 2865 habentibus
866 2828 1029 2873 gratiam.
