1859 3122
487 190 708 225 QUAESTIO
743 189 856 219 CLXI.
891 190 1134 219 ARTICULUS
1169 190 1224 219 Vl.
1527 191 1632 233 1053

74 279 110 302 se
133 270 373 315 recognoscit,
397 279 431 304 et
453 270 549 304 dona
570 271 651 312 Dei,
674 282 764 316 quae
787 270 822 304 in
846 270 923 304 aliis
946 270 1074 313 latent;
1097 271 1191 305 unde
1215 271 1368 317 August.
1403 271 1489 305 dicit
1514 273 1549 305 in
1576 271 1636 307 lib.

73 322 116 355 de
139 321 306 368 Virginit.
326 324 416 370 (cap.
429 326 495 369 52.)
510 337 519 358 .·
539 324 774 358 «Existimate
798 324 937 370 aliquos
960 324 994 357 in
1012 324 1157 358 occulto
1180 325 1394 370 superiores,
1410 325 1538 371 quibus
1553 325 1637 358 estis

73 374 108 408 in
131 375 323 410 manifesto
346 376 515 411 meliores
538 389 576 410 >›:
600 377 765 412 similiter
783 378 891 412 etiam
915 378 1047 423 absque
1069 377 1222 412 falsitate
1244 387 1362 424 potest
1380 379 1508 424 aliquis
1530 378 1638 413 confi-

71 429 149 470 teri,
172 438 204 463 et
227 430 372 464 credere
395 431 438 464 ad
463 431 585 464 onmia
616 442 653 465 se
687 430 851 464 inutilem
875 442 963 472 esse,
987 438 1021 464 et
1047 431 1239 476 indignum
1262 443 1324 477 per
1345 432 1507 478 proprias
1529 432 1636 473 vires,

71 489 109 515 ut
129 481 380 517 sufficientiam
409 496 512 517 suam
535 492 650 518 totam
677 485 712 517 in
735 484 815 517 Deo
843 483 982 527 referat,
1006 485 1207 518 secundum
1230 484 1317 518 illud
1345 495 1375 518 2.
1400 485 1442 518 ad
1464 484 1551 519 Cor.
1582 496 1635 531 3.:

71 535 147 569 Non
165 536 250 581 quod
269 537 456 583 siz-[ficientes
477 540 577 572 simus
598 537 724 583 aliquid
746 539 888 583 cogitari:
903 549 922 571 α
944 539 1046 579 nohis,
1070 540 1163 583 quami
1184 551 1223 572 cx
1247 540 1350 580 nohis,
1371 539 1422 573 sad
1443 540 1636 585 sufficientia

71 594 183 623 nostra
205 602 243 623 ux
265 591 336 624 Deo
354 597 420 625 est:
442 603 515 625 non
536 600 587 625 est
607 600 726 625 autem
742 591 1013 632 inconveniens,
1025 591 1121 637 quod
1146 603 1187 625 ea
1209 603 1300 637 quae
1317 593 1360 626 ad
1377 592 1465 626 alias
1488 593 1636 626 virtutes

71 643 260 687 pertinent,
283 644 477 678 humilitati
500 645 766 678 adscribantur:
787 645 870 690 quia
888 645 980 678 sicut
998 656 1110 678 unum
1130 645 1257 678 vitium
1272 645 1385 679 oritur
1408 657 1450 680 ex
1473 645 1565 688 alio;
1587 645 1636 679 ita

71 696 225 729 naturali
248 697 373 730 ordine
393 706 492 731 actus
516 698 619 731 unius
642 698 780 732 virtutis
802 698 965 744 procedit
987 709 1028 731 ex
1047 706 1129 732 actu
1151 698 1307 732 alterius.

144 749 204 783 AD
231 760 438 784 SECUNDUM
462 751 668 792 dicendum,
696 751 791 796 quod
814 751 928 784 homo
953 751 995 784 ad
1018 751 1262 786 humilitatem
1285 752 1447 797 pervenit
1467 763 1529 798 per
1550 752 1636 787 duo:

69 803 183 848 primo
207 803 364 848 quidem,
384 812 419 837 et
440 804 684 849 principaliter
711 815 772 849 per
794 804 929 849 gratiae
952 804 1108 838 donum:
1137 812 1171 838 et
1197 813 1372 850 quantum
1396 805 1439 839 ad
1461 806 1532 839 hoc
1551 805 1637 839 inte-

73 855 166 888 riora
195 857 415 900 praecedunt
445 859 643 891 exteriora:
668 857 759 891 aliud
781 865 901 890 autern
931 865 984 891 est
1009 857 1211 891 humanum
1246 859 1416 901 studium,
1450 870 1513 904 per
1539 858 1636 904 quod

69 908 184 942 homo
207 910 303 954 prius
325 911 503 944 exteriora
526 911 682 951 cohibet,
704 910 940 955 postmodum
962 911 1129 955 pertingit
1147 911 1189 944 ad
1219 911 1471 957 extirpandum
1492 912 1637 946 interio-

71 973 147 995 rem
170 963 348 996 radicem:
372 971 405 996 et
427 964 626 997 secundum
642 964 737 996 hunc
751 963 916 996 ordinem
939 963 1166 1007 assignantur
1184 964 1241 997 hic
1262 964 1474 999 humilitatis
1494 965 1636 1010 gradus.

142 1015 202 1049 AD
237 1026 409 1050 TERTIUM
436 1017 641 1057 dicendum,
669 1016 765 1062 quod
794 1027 921 1049 omnes
944 1016 1086 1061 graduS‚
1113 1018 1210 1062 quod
1233 1017 1430 1052 Anselmus
1452 1019 1564 1064 ponit,
1584 1029 1638 1053 re-

72 1068 250 1102 ducuntur
284 1069 327 1102 ad
358 1070 582 1114 opinionem,
605 1077 640 1102 et
673 1068 1014 1110 manifestationem,
1043 1077 1077 1103 et
1097 1069 1323 1104 voluntatem
1358 1072 1523 1116 propriae
1546 1072 1639 1118 abje—

72 1122 225 1156 ctionis:
253 1133 337 1156 nam
362 1124 493 1168 primus
524 1123 654 1167 gradus
676 1122 829 1167 pertinet
851 1123 895 1155 ad
927 1123 1176 1167 cognitionem
1204 1124 1339 1169 proprii
1366 1124 1545 1159 defectus:
1575 1125 1637 1160 sed

72 1175 155 1220 quia
177 1175 412 1221 vituperabile
435 1183 538 1216 esset,
561 1175 589 1209 si
608 1175 686 1221 quis
708 1175 892 1221 proprium
916 1174 1097 1209 defectum
1117 1185 1266 1218 amaret,
1285 1177 1356 1211 hoc
1378 1190 1442 1223 per
1462 1179 1637 1212 secundum

76 1228 228 1273 gradum
251 1228 471 1262 excluditur:
509 1228 571 1262 sed
595 1229 639 1262 ad
661 1227 993 1262 manifestationem
1024 1229 1078 1263 sui
1099 1228 1259 1264 defectus
1280 1231 1433 1276 pertinet
1455 1233 1580 1273 tertius,
1605 1239 1639 1265 et

74 1286 212 1326 quartus
245 1282 386 1327 gradus,
418 1290 456 1315 ut
482 1281 620 1316 scilicet
654 1281 781 1327 aliquis
812 1293 886 1315 non
920 1282 1040 1316 solum
1074 1282 1285 1328 simpliciter
1315 1295 1421 1317 suurn
1455 1284 1637 1319 defectum

74 1334 245 1376 enuntiet,
266 1335 329 1368 sed
351 1335 460 1368 etiam
494 1335 726 1380 persuadeat:
749 1335 808 1368 alii
835 1343 956 1369 autem
980 1340 1042 1370 tres
1076 1336 1207 1381 gradus
1240 1337 1420 1382 pertinent
1442 1338 1485 1371 ad
1507 1338 1638 1384 appeti-

72 1396 161 1428 tum,
184 1387 245 1433 qui
267 1387 519 1422 excellentiam
543 1388 758 1422 exteriorem
781 1399 854 1422 non
882 1389 1030 1434 quaerit,
1058 1389 1119 1423 sed
1142 1390 1357 1423 exteriorem
1381 1391 1635 1435 abjectionem,

71 1440 129 1474 vel
148 1441 410 1487 aequanimiter
424 1442 567 1486 patitur,
582 1442 656 1475 sive
674 1442 710 1475 in
731 1441 860 1483 verbis,
876 1442 950 1475 sive
968 1442 1004 1475 in
1027 1441 1145 1476 factis:
1163 1444 1257 1488 quia,
1273 1443 1365 1476 sicut
1377 1443 1530 1490 Gregor.
1547 1445 1636 1478 dicit

71 1494 106 1527 in
128 1494 217 1540 Reg.
242 1494 317 1537 (lib.
339 1507 370 1529 2.
392 1495 509 1529 Indici.
531 1507 582 1530 ro.
605 1497 694 1541 epist.
714 1495 800 1539 24),
817 1508 835 1526 ((
850 1506 923 1528 non
943 1496 1077 1540 grande
1101 1503 1153 1529 est
1173 1496 1209 1528 in
1231 1496 1273 1530 iis
1288 1507 1355 1530 nos
1371 1508 1448 1530 esse
1467 1497 1636 1539 humiles,

72 1559 91 1580 a
113 1547 240 1593 quibus
262 1548 504 1589 honoramur;
520 1549 603 1594 quia
618 1557 652 1582 et
666 1548 736 1582 hoc
752 1547 954 1582 saeculares
977 1549 1127 1594 quilibet
1144 1548 1296 1584 faciunt:
1312 1550 1373 1584 sed
1388 1549 1457 1584 illis
1479 1551 1635 1585 maxime

72 1600 230 1634 humiles
253 1612 330 1635 esse
353 1601 536 1642 debemus,
559 1613 578 1635 a
602 1601 728 1647 quibus
756 1601 875 1647 aliqua
897 1602 1054 1647 patimur
1072 1614 1110 1636 n:
1135 1610 1167 1636 et
1194 1602 1266 1636 hoc
1289 1603 1442 1648 pertinet
1463 1604 1507 1637 ad
1534 1606 1636 1649 quin-

73 1659 152 1695 tum,
176 1662 210 1688 et
235 1659 357 1688 sextmn
381 1655 550 1700 gradum:
574 1655 631 1689 vel
654 1656 761 1689 etiarn
785 1655 1028 1689 desideranter
1054 1656 1269 1690 exteriorem
1298 1657 1538 1702 abjectionem
1566 1669 1638 1691 arn-

73 1707 256 1753 plectitur:
281 1708 377 1753 quod
400 1709 554 1754 pertinet
575 1709 617 1742 ad
639 1710 811 1755 septimum
836 1708 1008 1753 gradum3
1031 1717 1065 1742 et
1095 1709 1144 1742 sic
1168 1720 1296 1744 omnes
1324 1709 1381 1744 isti
1403 1710 1534 1756 gradus
1555 1722 1637 1745 con-

69 1761 227 1795 tinentur
248 1762 311 1795 sub
333 1767 418 1796 sat-to
438 1771 472 1796 et
492 1764 627 1808 septimo
647 1762 810 1807 superius
833 1763 1062 1796 enumeratis.

143 1815 203 1849 AD
226 1825 414 1853 QUARTUM
437 1816 641 1857 dicendum,
664 1815 760 1861 quod
783 1814 835 1848 illi
861 1823 931 1849 tres
953 1816 1084 1861 gradus
1107 1816 1342 1862 accipiuntur,
1368 1828 1443 1850 non
1470 1829 1512 1851 ex
1538 1826 1637 1862 parte

72 1868 182 1913 ipsius
210 1869 271 1909 rei,
299 1868 391 1902 idest
417 1869 617 1902 secundum
639 1877 805 1902 naturam
836 1868 1060 1910 humilitatis,
1083 1869 1145 1903 sed
1173 1881 1235 1915 per
1257 1871 1570 1915 comparationem
1593 1871 1637 1904 ad

72 1921 225 1966 gradum
247 1921 452 1964 hominum,
474 1923 532 1967 qui
555 1930 637 1956 sunt
658 1921 717 1955 vel
736 1923 904 1966 majores,
922 1921 980 1955 vel
994 1922 1167 1963 minores,
1186 1922 1245 1956 vel
1267 1922 1446 1968 aequales.

144 1974 204 2008 AD
224 1985 405 2013 QUINTUM
428 1975 632 2016 dicendum,
661 1975 755 2020 quod
780 1975 889 2008 etiam
916 1974 976 2008 illa
1003 1975 1093 2009 ratio
1122 1976 1285 2020 procedit
1311 1975 1354 2009 de
1381 1976 1550 2021 gradibus
1572 1977 1638 2011 hu—

72 2027 243 2071 militatis,
266 2039 341 2062 non
374 2029 574 2063 secundum
601 2029 717 2074 ipsam
750 2037 916 2062 naturam
938 2029 1000 2070 rei,
1028 2029 1229 2063 secundum
1263 2041 1373 2075 quam
1408 2030 1638 2076 assignantur

73 2081 261 2126 praemissi
282 2081 425 2127 gradus,
447 2082 509 2116 sed
531 2082 732 2116 secundum
758 2081 916 2116 diversas
942 2082 1137 2116 hominum
1160 2083 1398 2117 conditiones.

559 2313 933 2372 QUAESTto
958 2314 1154 2360 CLXII.

295 2435 358 2465 DE
397 2434 639 2473 SUPERBIA,
681 2436 732 2466 IN
771 2436 893 2467 OCTO
930 2437 1193 2468 ARTICULOS
1231 2437 1405 2467 DIVISA.

145 2556 278 2590 Postea
305 2555 610 2590 considerandum
638 2565 690 2591 est
723 2557 765 2591 de
794 2558 979 2602 superbia3
1006 2566 1041 2592 et
1061 2559 1173 2604 primo
1203 2558 1246 2592 de
1280 2558 1445 2604 superbia
1470 2558 1507 2592 in
1539 2570 1638 2593 com-

76 2609 196 2651 muni;
217 2609 354 2643 secundo
378 2610 420 2643 de
442 2617 592 2655 peccato
615 2610 721 2655 primi
742 2610 914 2653 hominis,
937 2611 1032 2657 quod
1055 2611 1200 2657 ponitur
1227 2623 1303 2645 esse
1326 2611 1503 2657 superbia.

528 2697 629 2732 Circa
645 2699 796 2744 primum
824 2704 1028 2744 quaeruntur
1050 2705 1130 2734 octo.

146 2768 283 2801 Primo.
305 2767 437 2801 Utrum
456 2767 621 2813 superbia
644 2768 687 2802 sit
705 2777 906 2814 peccatum.

148 2820 328 2855 Secundo.
357 2820 487 2854 Utrum
510 2821 554 2854 sit
574 2821 701 2854 vitium
723 2822 890 2867 speciale.

151 2872 288 2907 Tertio.
310 2873 349 2907 In
376 2885 447 2920 quo
475 2874 518 2907 sit
536 2874 625 2908 sicut
648 2874 683 2907 in
705 2876 879 2920 subjecto.
