1859 3122
199 97 284 139 420
611 95 830 130 QUAESTIO
865 95 966 124 LVII.
999 95 1242 124 ARTICULUS
1276 95 1336 124 111.

749 263 1093 308 ARTICULUS
1128 265 1208 307 111.
1608 258 1612 259 ’
1697 278 1762 325 316

359 373 511 403 UTRUM
539 373 610 414 JUS
645 373 843 402 GENTIUM
877 373 943 401 SIT
977 373 1085 402 IDEM
1119 373 1210 402 CUM
1237 372 1340 414 JURE
1372 373 1607 402 NATURALI.

514 460 594 504 (1-2.
616 472 645 505 q.
670 471 718 506 95.
740 465 805 494 art.
825 471 857 504 4.
881 460 922 493 ad
948 472 974 494 Ι.
996 465 1035 494 et.
1058 471 1087 506 5.
1109 460 1184 494 ΕΝ).
1212 460 1281 494 lect.
1303 459 1457 506 12.fin.).

273 551 332 585 AD
361 560 531 584 TERTIUM
566 549 616 583 sic
647 549 863 595 proceditur.
885 548 1049 591 Videtur,
1075 549 1170 595 quod
1204 550 1258 594 jus
1290 550 1451 595 gentium
1479 550 1523 583 sit
1555 549 1652 584 idem
1681 561 1764 584 cum

202 606 277 651 jure
299 603 471 638 naturali:
495 614 568 637 non
592 603 687 636 enirn
708 614 835 636 omnes
857 603 1026 636 homines
1049 602 1281 644 conveniunt,
1303 602 1371 636 nisi
1392 602 1427 636 in
1451 613 1494 636 eo
1518 603 1614 648 quod
1637 611 1689 637 est
1715 603 1765 637 eis

202 657 384 692 naturale:
413 657 474 691 sed
496 657 532 690 in
554 657 628 702 jure
652 657 814 702 gentium
831 656 1138 690 omneshomines
1161 656 1397 690 conveniunt:
1421 655 1506 689 dicit
1527 656 1624 690 enim
1644 656 1764 702 jurisc.

205 712 381 758 Ulpianus
418 711 492 755 (lib.
516 722 547 755 9.
572 710 609 755 ff.
633 709 669 743 de
685 710 768 753 Just.
800 715 829 744 et
851 710 962 754 sure),
998 709 1094 755 quod
1112 711 1167 755 jus
1187 711 1333 755 gentium
1364 714 1417 751 est,
1441 721 1503 755 quo
1531 721 1637 744 omnes
1660 714 1768 756 gentes

204 771 361 806 atuatici-f
386 775 472 809 ergo
495 765 549 809 jus
572 763 734 809 gentium
757 771 810 797 est
830 764 884 809 jus
906 763 1080 797 naturale.

275 830 305 853 2.
328 819 564 853 PRAETEREA.
588 817 748 851 Servitus
777 817 868 850 inter
895 817 1063 851 homines
1086 824 1138 851 est
1167 815 1356 850 naturalis:
1381 816 1528 862 quidam
1556 816 1654 851 enim
1679 824 1762 850 sunt

204 872 413 907 naturaliter
434 871 539 913 servi,
561 878 599 905 ut
620 870 756 904 Philos.
784 870 913 916 probat
937 870 973 904 in
1006 881 1032 904 1.
1055 870 1162 904 Polit.
1191 870 1282 916 (cap.
1307 882 1334 916 3.
1357 875 1388 904 et
1412 871 1486 915 4.):
1509 870 1571 904 sed
1595 871 1769 905 servitutes

202 928 366 974 pertinent
387 924 492 970 adjus
504 925 659 970 gentium,
683 931 720 957 ut
738 923 820 957 Isid.
844 923 930 957 dicit
945 923 1022 968 (lib.
1037 935 1065 969 5.
1088 924 1230 969 Etymol.
1247 929 1318 969 cap.
1333 923 1406 966 6.);
1428 934 1514 969 ergo
1537 925 1590 969 jus
1605 923 1768 970 gentium

206 988 259 1015 est
279 981 333 1026 jus
355 977 529 1012 naturale.

281 1045 309 1079 3.
332 1033 567 1067 PRAETEREA.
586 1031 660 1076 Jus,
676 1038 714 1064 ut
736 1030 872 1065 dictum
894 1038 946 1064 est
970 1031 1049 1074 (art.
1073 1030 1219 1077 praec),
1248 1029 1415 1064 dividitur
1441 1041 1504 1076 per
1529 1030 1582 1076 jus
1604 1030 1768 1073 naturale,

208 1095 242 1121 et
257 1087 460 1133 positivum:
484 1085 545 1118 sed
564 1085 618 1129 jus
641 1084 803 1130 gentium
821 1095 893 1118 non
909 1092 961 1118 est
975 1085 1030 1130 jus
1047 1084 1260 1129 positivum:
1283 1095 1357 1118 non
1380 1084 1478 1118 enim
1497 1094 1624 1118 omnes
1645 1091 1770 1129 gentes

210 1151 371 1186 unquam
394 1146 654 1179 convenerunt,
676 1146 714 1171 ut
736 1149 777 1171 ex
801 1138 988 1171 communi
1011 1137 1180 1171 condicto
1215 1137 1349 1183 aliquid
1371 1145 1586 1180 statuerent;
1609 1148 1696 1183 ergo
1714 1138 1769 1183 jus

209 1193 371 1240 gentium
394 1200 446 1226 est
466 1193 521 1237 jus
544 1191 717 1225 naturale.

283 1246 358 1280 SED
381 1256 536 1280 CONTRA
558 1252 621 1286 est,
648 1244 745 1291 quod
768 1244 849 1278 Isid.
873 1244 958 1278 dicit
981 1244 1054 1287 (lib.
1080 1256 1109 1290 5.
1135 1245 1244 1290 Etym.
1268 1249 1338 1290 cap.
1360 1244 1423 1289 4.)‚
1445 1243 1541 1289 quod
1558 1245 1615 1289 jus
1635 1248 1692 1278 aut
1711 1255 1768 1278 na-

210 1300 315 1336 turale
336 1305 390 1341 est,
414 1304 470 1333 ant
485 1299 591 1340 civile,
615 1299 847 1343 mctgentiztm:
871 1306 905 1331 et
917 1297 965 1331 ita
980 1298 1034 1342 jus
1050 1297 1211 1343 gentium
1231 1297 1458 1342 distinguitur
1480 1308 1499 1330 a
1514 1298 1591 1342 jure
1604 1297 1770 1331 naturali.

281 1354 510 1388 RESPONDEO
530 1352 734 1393 dicendum,
750 1351 857 1396 quod,
873 1351 964 1385 sicut
979 1351 1115 1384 dictum
1130 1359 1182 1384 est
1203 1351 1281 1394 (art.
1293 1350 1437 1396 praga),
1456 1352 1523 1395 jus,
1544 1350 1618 1384 sive
1630 1353 1769 1395 justum,

210 1406 371 1441 naturale
395 1414 457 1447 est,
480 1406 576 1451 quod
592 1416 633 1439 ex
647 1405 702 1438 sui
716 1413 842 1437 natura
864 1412 917 1438 est
939 1404 1193 1449 adaequatum,
1216 1403 1275 1438 vel
1299 1411 1634 1437 commensuratum
1650 1403 1770 1438 alteri:

211 1461 281 1495 hoc
305 1467 425 1494 autem
448 1466 567 1505 potest
594 1458 804 1503 contingere
834 1457 1032 1503 dupliciter:
1063 1469 1127 1491 uno
1154 1457 1248 1491 modo
1271 1456 1470 1490 secundum
1494 1456 1698 1491 absolutam
1718 1457 1773 1491 sui

212 1513 558 1548 considerationem:
581 1512 674 1545 sicut
695 1510 877 1545 masculus
901 1522 942 1544 ex
965 1510 1020 1544 sui
1046 1511 1185 1544 ratione
1212 1511 1322 1544 habet
1351 1510 1774 1545 conmmensurationem

211 1566 255 1600 ad
276 1565 488 1605 foeminam,
510 1572 549 1598 ut
570 1575 612 1598 ex
634 1575 676 1597 ea
698 1571 860 1609 generet3
877 1571 911 1596 et
925 1574 1054 1609 parens
1070 1563 1113 1596 ad
1132 1563 1259 1604 filium,
1275 1570 1312 1596 ut
1331 1574 1415 1596 eum
1429 1563 1578 1598 nutriat:
1598 1563 1662 1597 alio
1677 1562 1772 1597 modo

212 1619 346 1665 aliquid
368 1626 421 1653 est
441 1617 651 1652 naturaliter
673 1617 774 1650 alteri
797 1624 1143 1658 commensuratum,
1166 1627 1240 1650 non
1262 1615 1463 1650 secundum
1490 1615 1692 1650 absolutam
1720 1616 1774 1650 sui

212 1673 402 1714 rationem,
425 1671 486 1706 sed
509 1670 709 1705 secundum
733 1670 878 1716 aliquid,
902 1670 997 1715 quod
1014 1681 1056 1703 ex
1069 1670 1147 1716 ipso
1170 1669 1349 1715 sequitur;
1372 1677 1457 1715 puta
1479 1670 1678 1716 proprietas
1696 1681 1776 1716 pos-

211 1726 436 1761 sessionum:
461 1725 489 1758 si
512 1724 608 1758 enim
631 1724 878 1758 consideretur
904 1723 969 1757 iste
997 1734 1082 1768 ager
1109 1722 1283 1764 absolute,
1305 1734 1380 1756 non
1408 1723 1516 1756 hab'et
1538 1723 1631 1757 unde
1658 1723 1774 1768 magis

212 1781 257 1814 sit
278 1780 395 1825 hujus,
418 1789 527 1824 quam
549 1777 661 1811 illius:
684 1777 744 1811 sed
767 1777 796 1811 si
818 1777 1065 1810 consideretur
1086 1788 1149 1822 per
1171 1784 1375 1822 respectum
1399 1776 1442 1810 ad
1466 1777 1775 1822 opportunitatem

215 1833 369 1874 colendi,
392 1840 426 1866 et
448 1832 491 1865 ad
514 1831 706 1877 pacificum
729 1842 833 1864 usum
850 1830 937 1875 agri,
953 1830 1152 1863 secundum
1164 1830 1233 1863 hoc
1252 1829 1361 1864 habet
1376 1830 1573 1875 quamdam
1593 1840 1776 1864 commen-

215 1886 437 1921 surationem
460 1885 503 1918 ad
525 1885 596 1918 hoc
628 1884 724 1929 quod
752 1883 796 1917 sit
826 1885 940 1924 unius,
964 1891 997 1917 et
1018 1894 1091 1916 non
1123 1883 1283 1925 alteriu33
1307 1891 1344 1916 ut
1370 1890 1466 1928 patet
1492 1894 1554 1928 per
1575 1882 1712 1918 Philos.
1738 1883 1775 1917 in

216 1950 247 1974 2.
270 1938 376 1973 Polit.
401 1938 489 1984 (cap.
508 1938 575 1984 3.):
596 1936 758 1971 absolute
782 1945 902 1970 autem
925 1936 1193 1982 apprehendere
1217 1935 1348 1982 aliquid
1370 1947 1444 1970 non
1463 1935 1584 1969 solum
1607 1936 1777 1970 convenit

215 1993 368 2034 homini,
390 1992 451 2026 sed
475 1992 584 2025 etiam
607 1990 683 2024 aliis
707 1990 940 2032 animalibu83
964 1997 998 2024 et
1018 1990 1100 2023 ideo
1122 1991 1188 2035 jus,
1204 1990 1300 2035 quod
1315 1990 1443 2024 dicitur
1457 1989 1631 2031 naturale,
1653 2001 1777 2024 secun-

217 2047 302 2080 dum
325 2046 483 2092 primum
506 2045 668 2086 modum,
692 2054 887 2078 commune
904 2051 955 2077 est
969 2043 1083 2084 nobis,
1107 2051 1140 2076 et
1159 2043 1236 2077 aliis
1259 2043 1489 2077 animalibus:
1514 2054 1533 2076 a
1554 2044 1631 2088 jure
1654 2051 1775 2077 autem

220 2100 368 2135 naturali
397 2100 441 2133 sic
463 2098 547 2132 dicto
571 2098 687 2132 J'eccdit
703 2100 758 2143 jus
775 2098 929 2141 gentium,
950 2105 987 2130 ut
1003 2096 1129 2141 Jurisc.
1154 2097 1239 2130 dicit
1260 2097 1334 2140 (lib.
1357 2110 1382 2131 1.
1397 2097 1435 2142 ff.
1456 2097 1491 2131 cle
1507 2097 1590 2141 sust.
1609 2102 1640 2131 et
1654 2097 1773 2142 Jure);

217 2154 300 2200 quia
321 2152 408 2186 illud
432 2152 598 2185 omnibus
622 2150 847 2192 animalibus,
869 2150 940 2184 hoc
960 2149 1080 2183 solum
1098 2150 1306 2184 hominibus
1325 2151 1416 2184 inter
1437 2162 1474 2185 se
1494 2161 1689 2184 commune
1712 2158 1774 2184 est.

220 2207 461 2242 Considerare
486 2213 606 2238 autern
629 2204 774 2250 aliquid,
798 2203 1044 2249 comparando
1061 2203 1104 2237 ad
1118 2203 1154 2236 id
1174 2204 1269 2249 quod
1289 2215 1332 2237 ex
1346 2204 1424 2250 ipso
1440 2203 1609 2249 sequitur,
1629 2211 1682 2237 est
1698 2214 1777 2249 pro-

218 2261 337 2306 prium
358 2258 524 2300 rationis;
548 2266 582 2292 et
606 2257 688 2291 ideo
715 2257 786 2291 hoc
813 2257 910 2290 idem
937 2264 990 2290 est
1014 2256 1176 2290 naturale
1203 2257 1345 2290 homini
1370 2257 1570 2291 secundum
1596 2256 1775 2291 rationem

217 2312 430 2354 naturalem,
453 2323 544 2358 quae
558 2312 630 2345 hoc
645 2311 774 2352 dictat3
796 2318 830 2344 et
850 2310 932 2344 ideo
955 2310 1040 2344 dicit
1062 2310 1308 2355 CajusJurisc.
1323 2311 1396 2356 (lib.
1421 2311 1503 2357 9.ff.
1531 2310 1617 2353 cod.)
1646 2310 1776 2356 «quod

220 2366 392 2401 naturalis
414 2366 505 2399 ratio
528 2365 618 2398 inter
637 2375 764 2398 omnes
785 2363 953 2397 homines
977 2364 1171 2405 constituit,
1194 2363 1228 2397 id
1251 2364 1343 2410 apud
1366 2375 1494 2398 omnes
1516 2373 1694 2410 peraeque
1721 2374 1777 2397 cu-

220 2420 383 2461 stoditur,
405 2426 627 2464 vocaturque
650 2419 704 2463 jus
726 2417 888 2462 gentium
907 2431 938 2449 n.

291 2473 334 2506 Et
355 2484 416 2519 per
438 2472 507 2506 hoc
531 2479 627 2517 patet
649 2471 835 2515 responsio
862 2480 911 2503 AD
934 2480 1092 2504 PRIMUM.

290 2526 348 2560 AD
372 2535 578 2559 SECUNDUM
601 2523 806 2564 dicendum,
821 2522 916 2568 quod
932 2523 1026 2556 hunc
1044 2523 1233 2557 hominem
1249 2534 1326 2557 esse
1341 2534 1497 2564 servum,
1514 2521 1676 2556 absolute
1694 2533 1778 2556 con-

221 2579 423 2620 siderando7
447 2578 562 2621 magis
586 2588 693 2623 quam
714 2576 836 2617 alium,
858 2576 1054 2609 nonhabet
1077 2577 1253 2610 rationem
1276 2575 1490 2617 naturalem,
1507 2577 1567 2610 sed
1591 2575 1708 2609 solum
1728 2587 1779 2609 se-

224 2633 381 2666 cundum
413 2631 570 2677 aliquam
598 2630 787 2664 utilitatem
816 2637 1110 2674 consequentem,
1139 2630 1351 2675 inquantum
1380 2629 1464 2662 utile
1492 2637 1544 2663 est
1570 2629 1652 2662 huic
1681 2629 1776 2674 quod

224 2694 368 2730 regatur
384 2696 401 2718 a
418 2684 637 2729 sapientiori,
654 2691 687 2717 et
703 2683 753 2716 illi
768 2682 863 2728 quod
879 2682 920 2715 ab
937 2682 1181 2727 hocjt1vetur3
1198 2691 1234 2716 ut
1249 2683 1376 2716 dicitur
1391 2682 1425 2715 in
1446 2693 1472 2715 1.
1488 2682 1594 2716 Polit.
1617 2682 1775 2728 (c·1zp.5.),'

223 2748 257 2773 et
278 2739 359 2773 ideo
382 2739 531 2772 servitus
554 2738 733 2783 pertinens
761 2737 803 2770 ad
830 2737 884 2781 jus
911 2736 1071 2781 gentium
1099 2744 1151 2770 cst
1177 2736 1348 2771 naturalis
1376 2736 1535 2770 secundo
1563 2735 1686 2777 modo,
1715 2735 1775 2770 sed

223 2804 295 2829 non
319 2793 436 2840 primo
459 2791 582 2825 modo.

1824 185 1826 215 1

1825 223 1827 274 l

1830 438 1832 475 1

1831 499 1833 531 l
