1859 3122
523 171 743 207 QUAESTIO
779 171 876 200 va.
910 170 1157 200 »rancores
1191 169 1235 199 11.
1570 157 1651 212 483

664 363 1010 409 ARTICULUS
1041 364 1096 406 H.
1592 372 1652 418 365

95 485 247 514 UTRL'M
274 484 433 513 LICEAT
461 484 670 514 PATRIBUS
697 485 944 514 VERBERARE
971 483 1126 523 FILIOS,
1156 484 1244 512 AUT
1272 482 1456 512 DOMINIS
1479 481 1655 512 SERVOS.

617 582 718 628 (Infr.
741 594 771 628 q.
795 593 846 628 72.
870 587 932 616 art.
957 594 986 617 2.
1009 582 1051 616 ad
1072 582 1133 626 2.).

165 682 224 716 AD
245 692 452 716 SECUNDUM
467 682 516 715 sic
531 682 747 727 proceditur.
775 682 937 723 Videtur,
953 682 1049 728 quod
1072 693 1146 715 non
1168 681 1275 714 liceat
1296 681 1453 726 patribus
1468 680 1656 714 verberare

94 734 198 776 filios,
222 743 281 768 aut
299 735 457 769 dominis
479 746 617 769 servos:
641 736 727 769 dicit
748 736 845 769 enim
868 736 995 781 Apost.
1020 736 1062 769 ad
1086 735 1217 780 Ephes.
1239 733 1291 768 6.:
1329 734 1389 768 Vos
1418 739 1532 779 putres
1558 733 1656 767 nolite

94 788 135 822 ad
161 788 372 822 iracundiam
394 795 582 834 provocare
601 789 693 835 filios
713 794 855 829 veni-05,-
889 797 923 823 et
953 788 1044 822 infra
1075 788 1209 821 subdit:
1237 788 1279 822 Et
1304 799 1363 820 vos
1392 787 1518 820 domini
1547 786 1654 820 euclem

87 842 191 888 facite
212 843 326 884 ser-vis,
346 843 544 876 remittentes
563 843 691 877 minas:
715 842 776 876 sed
798 851 946 888 propter
966 841 1114 875 verbera
1138 840 1247 886 aliqui
1266 840 1309 874 ad
1331 840 1556 873 iracundiam
1580 849 1657 884 pro-

94 903 281 937 vocantur,
297 903 331 929 et
344 904 426 929 sunt
441 895 550 929 etiam
565 896 671 929 minis
687 896 853 941 graviora
869 909 877 938 3
901 907 987 941 ergo
1002 906 1119 940 neque
1134 903 1251 940 patres
1266 893 1370 934 filios,
1384 904 1501 939 neque
1517 891 1655 926 domini

93 960 216 983 servos
239 949 369 982 debent
387 949 587 982 verberare.

165 1012 195 1035 2.
219 1002 457 1036 PRAETEREA.
485 1001 576 1036 Phil.
606 1002 692 1036 dicit
720 1003 758 1036 in
788 1013 839 1036 10.
862 1002 978 1036 Ethic.
1003 1002 1088 1048 (cap.
1111 1002 1167 1035 ult.
1195 1006 1270 1035 ante
1296 1000 1396 1044 med.)
1416 999 1512 1046 quod
1535 1009 1655 1033 sermo

95 1063 262 1101 paternus
284 1055 392 1088 habet
413 1054 533 1089 solum
555 1055 857 1097 admonitionem,
875 1067 949 1089 non
972 1064 1093 1089 autem
1116 1054 1364 1088 coactionem:
1388 1053 1449 1087 sed
1477 1052 1655 1098 quaedam

95 1110 236 1143 coactio
259 1117 311 1143 est
332 1120 395 1155 per
415 1109 583 1151 verbera3
607 1121 693 1155 ergo
716 1110 921 1155 parentibus
943 1120 1017 1143 non
1039 1108 1124 1143 licet
1144 1108 1238 1142 filios
1265 1108 1466 1142 verberare.

169 1174 196 1208 3.
218 1163 454 1197 PRAETEREA.
483 1162 688 1208 Unicuique
715 1163 799 1197 licet
825 1163 927 1196 alteri
954 1162 1183 1208 disciplinam
1209 1161 1436 1208 impendere:
1460 1160 1530 1193 hoc
1559 1159 1656 1193 enim

95 1216 247 1262 pertinet
274 1216 317 1249 ad
344 1215 596 1261 eleemosynas
623 1216 835 1262 spirituales,
864 1224 901 1250 ut
927 1227 1033 1261 supra
1061 1216 1195 1249 dictum
1220 1223 1272 1249 est
1294 1215 1341 1260 (q.
1360 1226 1410 1260 32.
1439 1218 1501 1247 art.
1525 1213 1598 1258 2.);
1628 1213 1656 1246 si

94 1280 180 1315 ergo
203 1269 409 1315 parentibus
431 1268 516 1303 licet
537 1277 682 1315 propter
704 1269 931 1316 disciplinam
952 1269 1047 1303 filios
1068 1269 1269 1310 verberare,
1296 1268 1373 1314 pari
1394 1267 1532 1300 ratione
1561 1266 1657 1299 cuili-

94 1323 154 1356 bet
174 1321 296 1356 licebit
317 1321 514 1367 quemlibet
534 1323 744 1365 verberare3
767 1323 862 1368 quod
881 1331 979 1369 patet
1004 1334 1081 1356 esse
1103 1322 1254 1363 falsum3
1278 1332 1364 1366 ergo
1389 1328 1423 1354 et
1443 1320 1612 1366 primum.

165 1375 238 1410 SED
262 1385 417 1409 CONTRA
440 1383 503 1417 est,
526 1376 623 1422 quod
645 1377 773 1410 dicitur
792 1376 962 1410 Proverb.
990 1387 1060 1422 13.:
1086 1376 1156 1420 Qui
1170 1376 1286 1421 parcit
1305 1376 1432 1420 virgae,
1462 1373 1655 1418 οαίἰέῄῖιίιιηΥ

92 1441 208 1470 suum,
232 1436 267 1462 et
287 1427 378 1462 infra
400 1439 475 1474 23.:
497 1429 578 1463 Noli
598 1430 787 1464 subtrahere:
809 1441 829 1463 α
845 1437 949 1476 puero
972 1430 1200 1475 disciplinam:
1226 1430 1254 1463 si
1269 1429 1355 1462 enim
1371 1428 1569 1473 percusseris
1582 1439 1655 1460 aum

92 1484 203 1529 virga,
218 1494 282 1516 non
301 1484 482 1517 moriatur:
520 1483 570 1517 Tu
590 1484 689 1529 >virga
708 1485 868 1529 percuties
882 1496 966 1525 eiam,
982 1489 1011 1518 ct
1028 1484 1176 1517 animam
1192 1485 1259 1528 ejus
1277 1482 1313 1516 cie
1328 1482 1457 1525 inferno
1477 1481 1654 1514 liberabis:

93 1544 128 1570 et
148 1536 257 1570 Eccli.
284 1546 335 1579 33.
359 1536 506 1570 dicitur:
528 1537 632 1570 Ser-vo
654 1537 814 1570 malevolo
835 1542 965 1571 tortura
987 1542 1016 1571 et
1038 1536 1210 1582 compedes.

165 1589 394 1624 RESPONDEO
429 1589 634 1632 dicendum,
658 1591 754 1635 quod
781 1601 844 1635 per
869 1590 1159 1623 verberationem
1180 1596 1444 1622 nocumentum
1472 1587 1655 1633 quoddam

92 1642 241 1677 infertur
263 1643 407 1688 corpori
429 1643 516 1687 ejus,
539 1643 599 1688 qui
624 1643 850 1677 verberatur:
879 1643 981 1676 aliter
1007 1651 1141 1684 tamen,
1169 1654 1277 1687 quam
1304 1642 1340 1675 in
1367 1640 1654 1675 mutilationem:

93 1708 179 1730 nam
201 1696 381 1730 mutilatio
403 1695 500 1730 tollit
521 1697 682 1742 corporis
704 1697 967 1742 integritatem,
995 1696 1196 1729 verberatio
1218 1706 1304 1729 vero
1326 1694 1583 1728 tantummodo
1611 1692 1656 1726 af-

94 1749 167 1783 ficit
196 1760 343 1783 sensum
369 1749 514 1792 dolore3
542 1750 636 1783 unde
664 1749 780 1783 multo
808 1750 926 1783 minus
957 1758 1220 1783 nocumentum
1247 1756 1311 1789 est,
1339 1759 1448 1793 quam
1475 1746 1654 1781 mutilatio

94 1803 266 1837 membri:
289 1810 552 1836 nocumentum
571 1811 692 1837 autern
706 1802 837 1836 inferre
857 1803 964 1836 alicui
979 1813 1053 1836 non
1067 1801 1162 1844 licet,
1177 1802 1244 1836 nisi
1259 1812 1322 1848 per
1336 1800 1487 1834 modum
1502 1811 1654 1845 poenae,

95 1863 242 1901 propter
262 1856 451 1901 justitiam:
474 1855 594 1889 nullus
617 1865 737 1889 autem
752 1857 843 1901 juste
858 1856 959 1902 punit
978 1855 1148 1901 aliquem,
1170 1855 1238 1889 nisi
1259 1855 1303 1888 sit
1322 1855 1396 1900 ejus
1418 1853 1657 1899 jurisdictioni

94 1909 294 1954 subjectus3
317 1917 352 1943 et
372 1909 454 1943 ideo
476 1909 664 1943 verberare
684 1910 842 1955 aliquem
864 1920 937 1943 non
965 1909 1060 1950 licet,
1086 1909 1155 1942 nisi
1180 1908 1327 1942 habenti
1353 1915 1571 1954 potestatem
1598 1906 1656 1940 ali-

94 1973 203 2007 quam
226 1973 332 2008 super
353 1962 468 2004 illum,
491 1963 552 2008 qui
572 1962 799 2004 verberatur,
823 1970 857 1996 et
879 1963 961 2008 quia
983 1962 1075 1996 filius
1098 1962 1258 1996 subditur
1280 1961 1448 2007 potestati
1474 1960 1594 2006 patris,
1622 1968 1656 1994 et

94 2026 217 2049 servus
239 2015 410 2061 potestati
431 2016 583 2057 domini,
606 2016 702 2049 licite
725 2024 843 2061 potest
860 2016 1050 2049 verberare
1071 2023 1171 2061 pater
1193 2015 1318 2057 filium,
1341 2023 1376 2049 et
1397 2014 1566 2048 dominus
1587 2025 1656 2048 ser-

95 2079 180 2102 vum
203 2080 310 2102 causa
332 2069 579 2111 correctionis,
601 2077 636 2103 et
656 2069 876 2114 disciplinae.

166 2123 225 2157 AD
240 2133 389 2157 PR1MUM
405 2134 491 2168 ergo
507 2123 713 2165 dicendum,
728 2124 823 2169 quod
840 2135 923 2157 cum
938 2123 990 2156 ira
1004 2123 1048 2156 sit
1062 2123 1238 2169 appetitus
1252 2123 1443 2164 vindictae,
1463 2122 1654 2168 praecipue

97 2176 298 2210 concitatur
326 2176 390 2218 ira,
421 2188 504 2210 cum
534 2176 661 2222 aliquis
689 2188 726 2211 se
754 2185 895 2222 reputat
920 2176 1059 2210 laesum
1081 2178 1222 2221 injuste,
1241 2184 1280 2210 ut
1299 2184 1396 2222 patet
1416 2187 1479 2221 per
1499 2175 1591 2209 Phil.
1620 2176 1654 2209 in

97 2239 127 2262 2.
149 2229 334 2263 Rhetoric.
359 2230 445 2275 (cap.
467 2230 544 2274 2.);
568 2238 602 2264 et
631 2230 714 2264 ideo
745 2242 808 2275 per
833 2230 903 2263 hoc
932 2230 1029 2275 quod
1056 2230 1214 2275 patribus
1244 2229 1467 2263 interdicitur
1488 2240 1533 2262 ne
1560 2228 1652 2262 filios

98 2283 140 2315 ad
161 2282 387 2316 iracundiam
407 2291 620 2328 provocent,
650 2294 724 2317 non
754 2283 963 2328 prohibetur
985 2283 1070 2328 quin
1092 2282 1184 2317 filios
1214 2282 1404 2316 verberent
1426 2293 1533 2316 causa
1556 2282 1656 2315 disci-

96 2335 232 2381 plinae:
255 2336 316 2369 sed
339 2337 436 2382 quod
457 2348 532 2370 non
553 2337 793 2370 immoderate
815 2348 878 2370 eos
901 2336 1063 2381 affligant
1084 2337 1307 2370 verberibus:
1335 2336 1432 2382 quod
1454 2347 1541 2369 vero
1568 2335 1655 2368 indi-

97 2389 187 2422 citur
208 2389 376 2431 dominis,
407 2389 503 2435 quod
534 2390 718 2424 remittant
747 2391 858 2424 servis
889 2390 1016 2431 minas,
1046 2398 1166 2435 potest
1191 2390 1366 2436 dupliciter
1392 2388 1560 2433 intelligi:
1589 2400 1653 2422 imo

96 2442 204 2484 modo,
220 2450 258 2476 ut
270 2442 418 2476 remisse
442 2443 549 2476 minis
570 2450 725 2485 utantur,
749 2443 845 2488 quod
867 2443 1020 2488 pertinet
1042 2443 1085 2476 ad
1108 2443 1400 2476 moderationem
1423 2441 1652 2487 disciplinae:

97 2495 162 2528 alio
183 2495 292 2538 modo,
315 2504 353 2528 ut
374 2495 502 2541 aliquis
523 2507 597 2529 non
612 2507 754 2541 semper
768 2495 918 2541 impleat
940 2496 1036 2542 quod
1052 2497 1295 2530 comminatus
1311 2504 1374 2536 est,
1390 2495 1486 2540 quod
1501 2494 1654 2539 pertinet

97 2548 141 2581 ad
161 2547 245 2589 hoc,
267 2548 364 2593 quod
390 2548 575 2593 judicium,
603 2560 674 2594 quo
702 2549 779 2594 quis
808 2549 1052 2583 comminatus
1079 2557 1131 2583 est
1156 2560 1326 2594 poenam,
1349 2547 1565 2593 quandoque
1591 2559 1654 2593 per

97 2601 318 2635 remissionis
340 2601 628 2635 misericordiam
648 2610 878 2648 temperetur.

168 2654 227 2687 AD
254 2665 460 2688 SECUNDUM
486 2655 680 2689 dicendum
713 2655 810 2700 quod
845 2656 962 2700 major
991 2663 1148 2701 potestas
1182 2656 1359 2699 majorem
1391 2654 1495 2687 debet
1521 2653 1652 2687 habere

99 2707 344 2740 coactionem:
368 2707 459 2742 sicut
481 2716 602 2741 autem
625 2709 750 2741 civitas
772 2716 826 2742 est
846 2707 1003 2754 perfecta
1027 2707 1286 2748 communitas;
1309 2707 1357 2740 ita
1379 2706 1543 2751 princeps
1572 2707 1655 2739 civi-

98 2759 178 2792 tatis
196 2759 305 2793 habet
325 2760 521 2805 perfectam
543 2768 759 2806 potestatem
783 2761 992 2802 coercendi3
1021 2769 1054 2794 et
1080 2760 1162 2794 ideo
1189 2768 1307 2805 potest
1332 2759 1494 2804 infligere
1517 2770 1652 2805 poenas

99 2811 356 2857 irreparabiles,
379 2812 533 2847 scilicet:
557 2813 762 2854 occisionis,
784 2813 842 2847 vel
864 2813 1117 2847 mutilationis:
1141 2821 1241 2858 pater
1263 2821 1395 2853 autem,
1419 2821 1452 2846 et
1470 2812 1652 2854 dominus,

100 2865 159 2909 qui
180 2873 348 2910 praesunt
368 2865 526 2899 familiae
548 2866 782 2908 domesticae,
810 2878 900 2912 quae
928 2875 980 2900 est
1005 2864 1214 2911 imperfecta
1242 2866 1496 2907 communitas,
1519 2865 1653 2900 habent
