1859 3122
242 150 325 192 668
656 161 876 196 QUAESTIO
910 161 1027 190 XCIV.
1060 161 1304 191 ARTICULUS
1338 162 1382 190 ΙΙ.

310 244 370 277 AD
391 252 540 277 PRIMUM
554 253 640 287 ergo
659 242 865 284 dicendum,
884 243 980 288 quod
1001 254 1118 289 neque
1139 243 1175 276 in
1195 243 1325 277 veteris
1346 243 1436 289 legis
1457 242 1703 285 tabernaculo,
1729 254 1794 277 seu

239 295 390 341 templo,
411 307 529 341 neque
552 296 661 329 etiam
683 307 777 329 nunc
799 296 976 341 imagines
1009 296 1044 329 in
1075 295 1239 330 Ecclesia
1264 296 1505 337 instituuntur,
1532 304 1583 330 ut.
1600 296 1650 330 eis
1681 295 1796 330 cultus

238 349 363 382 latriae
387 349 604 390 exhibeatur,
627 349 689 382 sed
711 349 755 382 ad
777 349 973 394 quamdam
995 349 1315 394 significationem3
1343 357 1381 383 ut
1405 361 1468 394 per
1486 349 1695 394 hujusmodi
1711 349 1798 382 ima-

239 404 340 446 gines
362 402 541 436 mentibus
562 402 755 435 hominum
776 402 1015 448 imprimatur,
1038 410 1072 436 et
1095 401 1327 436 confirmetur
1348 402 1434 436 fides
1453 402 1496 436 de
1515 401 1726 436 excellentia
1740 413 1798 435 an-

241 456 419 501 gelorum,
443 464 477 489 et
498 464 727 490 sanctorum:
750 467 853 489 secus
869 464 989 489 autem
1005 464 1057 490 est
1072 455 1114 489 de
1130 455 1288 501 imagine
1311 455 1457 497 Christi,
1480 455 1537 489 cui
1558 455 1695 489 ratione
1714 455 1800 488 divi-

238 509 359 543 nitatis
380 509 482 542 latria
505 509 663 549 debetur,
686 517 724 542 ut
746 509 873 542 dicitur
894 509 931 542 in
955 508 1091 542 Tertio.
1115 509 1162 554 (q.
1185 519 1232 553 25.
1252 514 1318 543 art.
1336 510 1393 553 3.).

309 563 368 597 AD
391 573 610 603 SECUNDUM,
637 570 672 596 et
697 572 868 596 TERTIUM
890 570 987 608 patet
1012 563 1199 608 responsio
1227 574 1289 607 per
1315 573 1368 603 ea,
1396 572 1487 607 quae
1514 561 1607 595 dicta
1633 569 1716 595 sunt
1741 561 1794 606 (in

238 616 359 662 corp).

801 755 1145 801 ARTICULUS
1174 756 1253 799 ΙΙΙ.
1733 777 1794 813 503

400 864 555 894 UTRUM
583 863 888 893 IDOLOLATRIA
916 864 983 893 SIT
1012 863 1305 893 GRAVISSIMUM
1332 863 1642 893 PECCATORUM.

281 950 357 996 (1-2.
379 962 408 997 q.
433 963 504 987 102.
527 956 590 986 art.
608 963 636 998 3.
659 951 701 986 ad
722 962 774 989 ιι.
794 957 822 986 et
843 951 926 985 Mal.
949 963 978 997 q.
1000 963 1031 986 2.
1054 956 1117 985 art.
1140 963 1191 986 10.
1214 957 1304 997 corp.
1326 955 1355 985 et
1374 962 1401 985 Ι.
1424 956 1513 996 corp.
1535 961 1585 985 12.
1607 949 1676 984 lect.
1697 949 1754 994 1.)-

307 1040 367 1074 AD
390 1050 561 1074 TERTIUM
582 1039 632 1073 sic
655 1040 870 1086 proceditur.
886 1039 1046 1081 Videtur,
1064 1039 1159 1085 quod
1174 1038 1379 1072 idololatria
1394 1049 1468 1072 non
1486 1038 1530 1072 sit
1544 1036 1797 1083 gravissimum

237 1101 488 1138 peccatorum:
512 1093 709 1138 pessimum
732 1093 829 1126 enim
852 1093 1045 1138 opponitur
1067 1093 1218 1138 optimo,
1241 1100 1278 1126 ut
1300 1091 1428 1125 dicitur
1449 1091 1480 1125 8.
1503 1091 1619 1124 Ethic.
1644 1089 1730 1136 (cap.
1745 1101 1795 1125 10.

237 1148 298 1180 cir.
323 1146 476 1192 p1·1'nc.).·
504 1146 565 1180 sed
592 1145 708 1180 cultus
734 1146 894 1187 interior,
917 1146 978 1192 qui
1009 1145 1171 1179 consistit
1197 1145 1233 1178 in
1261 1144 1342 1186 fide,
1367 1156 1441 1190 spe,
1470 1152 1504 1178 et
1533 1143 1719 1185 charitate,
1745 1150 1798 1177 est

237 1199 378 1241 melior,
399 1211 507 1245 quam
527 1198 642 1233 cultus
665 1199 842 1241 exteri0r3
864 1210 950 1245 ergo
966 1198 1167 1240 infidelitas,
1183 1198 1398 1244 desperatio,
1421 1205 1454 1231 et
1473 1197 1597 1231 odium
1610 1196 1690 1238 Dei,
1705 1207 1796 1242 quae

237 1260 465 1298 opponuntur
481 1252 593 1286 cultui
607 1253 780 1295 interiori,
801 1261 884 1287 sunt
905 1253 1071 1299 graviora
1092 1259 1252 1298 peccata,
1268 1262 1377 1297 quam
1391 1250 1609 1293 idololatria,
1625 1261 1716 1296 quae
1738 1261 1798 1296 op-

236 1306 382 1352 ponitur
404 1305 515 1339 cultui
536 1305 713 1340 exteriori.

308 1369 339 1392 2.
362 1358 597 1393 PRAETEREA.
623 1358 744 1393 Tanto
771 1358 918 1404 aliquod
939 1366 1130 1405 peccatum
1161 1358 1304 1404 gravius
1336 1365 1399 1399 est,
1429 1365 1564 1403 quanto
1594 1357 1710 1402 magis
1744 1364 1797 1390 est

238 1420 362 1446 contra
383 1412 522 1446 Deum:
546 1412 607 1446 sed
623 1412 790 1446 directius
806 1412 933 1458 aliquis
948 1412 1088 1446 videtur
1102 1419 1227 1445 contra
1241 1412 1363 1445 Deum
1379 1422 1483 1456 agere
1497 1410 1795 1456 blasphemando,

235 1464 294 1499 vel
314 1465 423 1499 fidem
444 1465 705 1511 impugnando,
727 1476 837 1511 quam
864 1464 1001 1499 cultum
1028 1465 1098 1499 Dei
1126 1464 1184 1498 alii
1212 1464 1428 1506 exhibendo,
1455 1463 1551 1510 quod
1577 1463 1730 1509 pertinet
1751 1463 1795 1497 ad

234 1517 498 1560 idololatriam3
521 1529 608 1564 ergo
634 1518 872 1564 blasphemia,
893 1518 950 1553 vel
976 1518 1202 1565 impugnatio
1229 1518 1313 1552 fidei
1339 1526 1391 1552 est
1417 1517 1560 1564 gravius
1591 1525 1796 1563 peccatum,

235 1583 345 1617 quam
365 1570 581 1605 idololatria.

309 1636 337 1670 3.
360 1625 596 1659 PRAETEREA.
615 1625 758 1659 Minora
777 1624 873 1659 mala
895 1625 1091 1671 majoribus
1118 1624 1222 1659 malis
1249 1625 1367 1671 puniri
1391 1624 1575 1659 videntur:
1590 1623 1653 1658 sed
1667 1635 1793 1670 pecca-

235 1686 313 1712 tum
334 1677 562 1712 idololatriae
583 1678 749 1724 punitum
771 1687 824 1712 est
844 1687 994 1724 peccato
1018 1686 1142 1713 contra
1163 1687 1340 1720 naturam,
1368 1685 1405 1712 ut
1427 1678 1554 1711 dicitur
1568 1678 1611 1711 ad
1626 1677 1722 1711 Rom
1748 1688 1796 1720 1.;

236 1742 324 1777 ergo
346 1738 537 1777 peccatum
560 1739 685 1765 contra
705 1739 872 1765 naturam
895 1739 947 1766 est
968 1732 1112 1778 gravius
1133 1739 1285 1778 peccato
1307 1730 1547 1765 idololatriae.

306 1795 339 1827 4.
354 1784 590 1819 PRAETEREA.
606 1785 760 1830 August.
780 1785 865 1819 dicit
880 1795 934 1819 20.
951 1793 1077 1819 contra
1091 1785 1209 1819 Faust.
1226 1785 1313 1830 (cap.
1334 1796 1366 1831 9.
1386 1786 1445 1819 cir.
1457 1784 1583 1830 princ.)
1596 1797 1606 1819 ,·
1629 1796 1646 1815 t<
1667 1783 1795 1829 Neque

235 1847 301 1871 vos
320 1836 474 1882 (scilicet
487 1837 741 1882 Manichaeos)
757 1849 919 1883 paganos
935 1838 1099 1880 dicimus,
1120 1846 1180 1871 aut
1197 1838 1355 1872 schisma
1373 1848 1612 1883 paganorum,
1630 1836 1692 1871 sed
1711 1847 1794 1870 cum

236 1890 286 1924 eis
307 1890 440 1924 habere
462 1890 659 1936 quamdam
673 1890 966 1933 similitudinem3
987 1902 1030 1925 eo
1050 1891 1147 1936 quod
1169 1891 1304 1925 multos
1328 1890 1454 1924 colatis
1469 1890 1574 1933 deos;
1589 1901 1716 1924 verum
1729 1901 1796 1924 vos

236 1944 271 1976 in
292 1943 363 1976 hoc
386 1954 464 1977 esse
492 1943 542 1977 eis
564 1942 673 1989 longe
697 1943 905 1986 deteriores,
924 1944 1021 1990 quod
1040 1943 1091 1977 illi
1107 1955 1148 1978 ea
1163 1943 1297 1985 colunt,
1320 1954 1411 1989 quae
1432 1951 1525 1985 sunt,
1547 1943 1608 1977 sed
1634 1953 1700 1989 pro
1731 1943 1796 1977 diis

237 1995 392 2030 colenda
413 2007 487 2030 non
509 2004 606 2039 sunt;
628 2008 694 2030 vos
716 2005 838 2031 autem
861 2008 903 2031 ea
926 1996 1055 2039 colitis,
1077 2008 1169 2043 quae
1192 1997 1342 2031 omnino
1369 2008 1444 2031 non
1470 2004 1552 2030 sunt
1573 2008 1611 2039 »3
1634 2006 1720 2042 ergo
1747 1995 1795 2030 vi-

235 2049 327 2082 tium
347 2049 553 2083 haereticae
574 2050 758 2095 pravitatis
781 2058 834 2084 est
854 2050 1010 2095 gravius,
1033 2062 1142 2096 quam
1163 2049 1379 2084 idololatria.

310 2113 338 2147 5.
365 2102 601 2137 PRAETEREA.
630 2103 746 2149 Super
765 2102 854 2137 illud
875 2103 920 2137 ad
943 2103 1062 2137 Galat.
1083 2113 1136 2146 4:
1158 2103 1332 2148 Quomodo
1359 2103 1593 2138 convertimini
1612 2103 1732 2137 iterum
1753 2101 1795 2136 ad

234 2155 381 2201 infirma,
404 2160 431 2190 et
451 2167 550 2201 egena
574 2156 756 2190 elementa?
783 2156 868 2190 dicit
895 2155 996 2190 Glos.
1024 2156 1174 2190 Hieron.
1203 2157 1247 2201 (et
1274 2157 1362 2191 Petri
1388 2157 1504 2191 Lomb.
1531 2157 1566 2190 in
1587 2156 1670 2191 hunc
1691 2155 1793 2201 loc.).·

238 2221 255 2240 «
274 2208 382 2253 Legis
402 2208 640 2251 observantia,
668 2209 725 2242 cui
747 2209 857 2243 dediti
877 2217 962 2243 tunc
990 2217 1102 2251 erant,
1124 2217 1200 2243 erat
1220 2218 1411 2256 peccatum
1434 2220 1524 2255 pene
1550 2220 1614 2255 par
1634 2208 1794 2243 servituti

235 2261 428 2304 idolorum,
449 2262 507 2295 cui
529 2270 610 2296 ante
634 2262 909 2296 conversionem
930 2271 1148 2297 vacaverant
1163 2275 1202 2304 »3
1224 2274 1297 2296 non
1321 2274 1407 2308 ergo
1430 2270 1620 2308 peccatum
1645 2261 1796 2296 idolola—

237 2323 325 2349 triae
348 2323 400 2349 est
422 2326 688 2360 gravissimum.

307 2367 381 2402 SED
397 2378 552 2402 CONTRA
568 2376 631 2410 est,
651 2368 746 2414 quod
770 2369 883 2403 Levit.
910 2380 961 2413 15.
984 2381 1090 2415 super
1112 2369 1211 2411 illud,
1234 2370 1330 2416 quod
1353 2370 1482 2404 dicitur
1500 2369 1543 2404 de
1565 2369 1793 2404 immunditia

238 2421 399 2455 mulieris
421 2421 586 2467 patientis
609 2421 743 2455 fluxum
766 2422 950 2467 sanguinis
971 2423 1055 2457 dicit
1083 2423 1184 2457 Glos.
1206 2423 1292 2468 (ord.
1311 2424 1458 2469 Hesich.)
1473 2436 1482 2458 :
1501 2424 1606 2458 Omne
1619 2427 1790 2469 peccatum

237 2479 280 2508 cst
303 2474 514 2508 immunditia
539 2476 683 2516 animae,
701 2474 753 2509 sed
780 2475 969 2510 idololatria
992 2478 1147 2510 maxime.

308 2527 537 2562 Rnspoxnro
560 2528 766 2570 dicendum,
789 2528 885 2573 quod
908 2529 1064 2574 gravitas
1087 2529 1236 2575 alicujus
1255 2530 1393 2576 peccati
1407 2537 1524 2576 potest
1538 2529 1672 2564 attendi
1690 2529 1793 2576 dupli-

234 2581 324 2614 citer.
351 2581 422 2614 Uno
444 2581 538 2615 modo
561 2592 604 2615 ex
623 2589 721 2627 parte
737 2581 846 2627 ipsius
862 2582 1019 2626 peccati3
1043 2591 1077 2616 ct
1090 2584 1134 2617 sic
1144 2588 1315 2629 paccatum
1335 2583 1540 2617 idololatriae
1556 2583 1792 2628 gravissimum

235 2639 298 2668 est:
321 2635 412 2668 sicut
434 2634 531 2668 enim
553 2634 589 2668 in
610 2643 750 2669 terrena
772 2635 955 2681 republica
977 2637 1231 2681 gravissimum
1259 2649 1336 2671 esse
1362 2638 1514 2679 videtur,
1541 2637 1637 2683 quod
1664 2636 1791 2683 aliquis

235 2687 417 2721 honorem
438 2688 579 2733 regium
601 2688 701 2722 alteri
724 2688 920 2734 impendat,
943 2700 1050 2734 quam
1073 2701 1159 2724 vcro
1181 2690 1275 2735 regi3
1299 2690 1381 2736 quia
1403 2698 1577 2736 quantum
1603 2692 1638 2724 in
1664 2701 1702 2724 se
1728 2698 1791 2732 est,

235 2748 353 2774 totum
375 2740 594 2786 reipublicae
609 2741 791 2787 perturbat
805 2741 968 2775 ordinem
983 2754 989 2783 ς
1005 2742 1053 2776 ita
1067 2743 1103 2776 in
1118 2743 1288 2789 peccatis,
1304 2754 1394 2789 quac
1414 2751 1538 2777 contra
1556 2743 1677 2777 Deum
1695 2754 1792 2777 com-

236 2794 436 2836 mittuntur,
459 2805 550 2840 quae
572 2803 694 2829 tamen
716 2803 797 2829 sunt
819 2795 987 2837 maxima,
1010 2796 1264 2840 gravissimum
1284 2807 1360 2831 esse
1378 2796 1528 2838 videtur,
1551 2797 1646 2842 quod
1664 2795 1790 2842 aliquis

234 2846 414 2881 honorem
437 2847 598 2881 divinum
621 2857 806 2882 creaturae
827 2848 1030 2894 impendat,
1057 2849 1139 2894 quia
1162 2858 1335 2895 quantum
1359 2858 1410 2884 cst
1435 2850 1471 2883 in
1493 2861 1542 2891 se,
1569 2848 1653 2883 facit
1679 2849 1788 2883 alium
