1859 3122
227 147 311 188 750
662 146 882 181 QUAEsrro
915 146 1000 174 ew.
1034 145 1277 176 ARTICULUS
1309 147 1349 174 v.

225 227 322 261 cium
343 237 417 260 non
439 227 474 260 in
497 237 541 260 eo
564 227 660 272 quod
680 227 728 269 fit,
752 234 812 261 aut
834 227 946 269 datur,
970 227 1143 270 consistit,
1165 227 1226 261 sed
1248 228 1283 261 in
1305 227 1383 273 ipso
1403 227 1529 270 dantis,
1545 236 1605 262 aut
1617 227 1779 263 facientis

224 291 347 314 ammo
370 293 402 313 ».

293 333 353 367 AD
369 343 575 367 SECUNDUM
596 333 801 375 dicendum,
823 333 919 379 quod
938 333 1052 379 gratia
1074 341 1127 368 est
1147 345 1227 380 pars
1248 333 1415 380 justitiae,
1430 345 1504 368 non
1521 333 1668 379 quidem
1689 334 1781 368 sicut

222 386 359 432 species
382 386 535 431 generis,
558 386 619 420 sed
642 398 705 432 per
726 387 921 432 quamdam
948 387 1199 421 reductionem
1221 387 1264 420 ad
1286 398 1398 432 genus
1424 386 1590 431 justitiae,
1616 395 1655 421 ut
1675 398 1780 433 supra

223 440 358 473 dictum
381 448 434 473 est
457 440 501 485 (q.
524 441 620 485 So.);
645 440 738 474 unde
754 452 827 474 non
843 448 997 486 oportet,
1020 441 1115 486 quod
1132 440 1258 474 eadem
1280 440 1370 474 ratio
1393 440 1502 474 debiti
1524 440 1726 475 attendatur
1742 440 1779 474 in

222 501 371 539 utraque
392 494 532 528 virtute.

292 547 352 581 AD
368 557 538 582 TERTIUM
554 547 758 590 dicendum,
782 548 877 594 quod
901 547 1070 582 affectum
1084 548 1243 582 hominis
1263 559 1325 594 per
1340 559 1376 582 se
1400 547 1546 594 quidem
1568 547 1666 582 solus
1679 547 1779 582 Deus

221 600 338 642 videtg
361 601 422 635 sed
444 602 643 635 secundum
666 602 761 647 quod
780 613 842 648 per
858 601 976 647 aliqua
999 602 1101 646 signa
1116 601 1375 643 manifestatur,
1397 609 1516 648 potest
1531 601 1640 636 etiam
1660 601 1778 647 ipsum

220 654 336 688 homo
359 666 601 700 cognoscere3
624 665 658 689 et
683 656 753 689 hoc
776 655 887 689 modo
916 655 1063 689 affectus
1090 655 1346 689 benefacientis
1373 656 1606 701 cognoscitur
1633 666 1675 688 ex
1699 655 1778 700 ipso

220 709 346 750 modo,
365 719 436 754 quo
451 708 668 743 beneficium
681 709 863 752 tribuitur3
878 717 962 755 puta
978 709 1061 755 quia
1075 709 1283 754 gaudenter,
1299 717 1333 743 et
1347 716 1513 755 prompte
1531 708 1658 755 aliquis
1676 708 1780 743 bene-

222 761 343 796 ficium
366 762 552 808 impendit.

761 892 1104 937 ARTICULUS
1138 893 1214 935 vt.
1714 914 1778 951 559

220 1000 372 1029 UTRUM
401 1000 636 1030 OPORTEAT
665 1000 861 1036 ALIQUEM
886 1001 991 1029 PLUS
1019 1000 1232 1029 EXHIBERE
1259 1000 1303 1029 IN
1334 998 1775 1037 RECOMPENSATIONR,

614 1066 739 1101 QUAM
771 1066 1031 1096 SUSCEPERIT
1065 1067 1109 1096 IN
1142 1066 1387 1095 BENEFICIO.

735 1153 836 1197 (Infr.
858 1165 888 1198 q.
910 1164 982 1199 107.
1005 1158 1070 1188 art.
1092 1165 1123 1188 2.
1147 1152 1266 1200 corp).

288 1242 348 1276 AD
363 1251 515 1276 SEXTUM
530 1243 579 1276 sic
601 1242 818 1288 proceditur.
834 1241 997 1284 Videtur,
1020 1242 1115 1288 quod
1134 1253 1208 1276 non
1223 1250 1390 1288 oporteat
1411 1241 1568 1287 aliquem
1589 1240 1668 1287 plus
1684 1227 1778 1275 exhi-

216 1296 299 1330 bere
314 1296 350 1329 in
365 1296 716 1341 recompensatione,
732 1307 841 1341 quam
859 1295 1056 1341 susceperit
1069 1296 1104 1329 in
1119 1295 1316 1330 beneficio:
1332 1295 1546 1341 quibusdam
1561 1294 1658 1328 enim
1669 1294 1778 1339 (sicut

216 1349 438 1394 parentibus)
461 1360 527 1383 nec
551 1349 660 1383 etiam
683 1349 840 1395 aequalis
864 1349 1156 1395 recompensatio
1178 1349 1256 1382 fieri
1274 1356 1402 1395 potest,
1422 1348 1514 1382 sicut
1533 1347 1669 1382 Philos.
1692 1347 1778 1382 dicit

216 1403 251 1436 in
274 1403 305 1436 8.
329 1402 444 1436 Ethic.
461 1415 469 1445 3
491 1403 552 1436 sed
563 1403 673 1436 virtus
691 1414 766 1437 non
782 1410 933 1436 conatur
952 1402 995 1436 ad
1009 1401 1253 1448 impossibile3
1275 1413 1351 1435 non
1374 1412 1460 1447 ergo
1484 1401 1620 1447 gratiae
1637 1411 1777 1436 recom-

216 1456 308 1490 satio
330 1456 444 1491 tendit
460 1456 503 1490 ad
519 1456 653 1502 aliquid
672 1457 798 1501 majus.

288 1520 319 1543 2.
342 1509 577 1545 PRAETEREA.
601 1509 638 1544 Si
661 1509 789 1556 aliquis
811 1508 890 1556 plus
912 1517 1176 1556 recompensat,
1200 1521 1308 1555 quarn
1330 1509 1366 1542 in
1387 1507 1564 1543 beneficio
1587 1507 1775 1555 acceperit,

216 1574 257 1597 ex
278 1563 349 1597 hoc
381 1563 459 1609 ipso
479 1563 580 1609 quasi
602 1563 735 1609 aliquid
763 1563 805 1597 de
832 1574 929 1597 novo
953 1563 1028 1597 dat:
1056 1563 1118 1597 sed
1144 1562 1188 1597 ad
1213 1562 1431 1597 beneficium
1459 1561 1503 1596 de
1528 1572 1626 1596 novo
1653 1561 1776 1595 datum

215 1625 357 1651 tenetur
377 1617 492 1651 horno
508 1617 661 1662 gratiam
677 1628 974 1663 recompensare3
995 1628 1081 1662 ergo
1097 1615 1157 1650 ille
1174 1616 1234 1662 qui
1251 1616 1369 1662 primo
1383 1615 1600 1649 beneficium
1619 1614 1775 1657 dederat,

214 1670 392 1705 tenebitur
414 1670 549 1717 aliquid
571 1671 686 1716 majus
710 1681 1008 1716 recompensare:
1032 1677 1066 1704 et
1087 1669 1137 1704 sic
1159 1669 1414 1715 procederetur
1434 1669 1471 1702 in
1491 1668 1690 1703 infinitum:
1711 1668 1776 1702 sed

212 1724 324 1758 virtus
345 1735 419 1758 non
442 1732 593 1758 conatur
611 1723 654 1757 ad
680 1723 880 1766 infinitum;
903 1723 985 1769 quia
1007 1723 1187 1757 infinitum
1214 1722 1328 1757 aufert
1353 1730 1519 1756 naturam
1545 1721 1643 1764 boni,
1669 1729 1709 1756 ut
1728 1722 1776 1756 di-

214 1779 304 1812 citur
323 1778 360 1812 in
383 1788 414 1812 2.
436 1778 595 1824 Metaph.
620 1777 696 1822 (tax.
718 1778 791 1823 8.);
815 1787 901 1823 ergo
924 1777 1060 1823 gratiae
1079 1776 1372 1822 recompensatio
1387 1787 1461 1810 non
1476 1775 1582 1810 debet
1602 1774 1774 1810 excedere

213 1840 404 1878 acceptum
424 1831 652 1866 beneficium.

287 1897 315 1931 3.
338 1886 572 1920 PRAETEREA.
591 1884 731 1930 Justitia
752 1886 788 1919 in
810 1883 1024 1930 aequalitate
1048 1884 1226 1919 consistit:
1249 1884 1310 1918 sed
1332 1886 1442 1930 majus
1463 1891 1516 1918 est
1542 1883 1690 1930 quidam
1718 1894 1774 1918 ae-

212 1938 391 1984 qualitatis
413 1949 595 1981 excessus3
619 1949 702 1973 cum
724 1949 811 1984 ergo
834 1939 869 1972 in
891 1937 1049 1984 qualibet
1065 1938 1195 1972 virtute
1218 1949 1384 1972 excessus
1399 1938 1443 1972 sit
1456 1937 1618 1979 vitiosus,
1632 1936 1773 1971 videtur

212 1992 308 2038 quod
330 2003 608 2038 recompensare
630 1991 763 2038 aliquid
784 1991 901 2037 majus
923 1999 1073 2038 accepto
1094 1990 1270 2026 beneficio
1297 1991 1342 2025 sit
1361 1991 1545 2034 vitiosum,
1567 1999 1602 2026 et
1618 1990 1773 2036 justitiae

213 2046 431 2092 oppositum.

284 2099 358 2134 SED
382 2109 535 2134 CONTRA
562 2107 626 2141 est,
648 2099 744 2145 quod
765 2098 902 2133 Philos.
925 2098 1010 2132 dicit
1039 2098 1075 2132 in
1114 2109 1142 2144 ς.
1176 2098 1256 2132 Eth.
1291 2096 1382 2145 (cap.
1405 2099 1475 2145 5.).·
1513 2111 1530 2130 «
1551 2097 1772 2133 Refamulari

212 2160 354 2199 oportet
376 2153 418 2195 ei,
442 2153 502 2199 qui
523 2153 678 2198 gratiam
699 2152 794 2194 fecit,
817 2161 851 2186 et
871 2164 1012 2187 rursum
1034 2152 1153 2198 ipsum
1174 2152 1332 2198 incipere
1355 2163 1394 2186 »z
1430 2151 1526 2198 quod
1550 2151 1693 2198 quidem
1722 2151 1772 2194 fit,

212 2207 298 2240 dum
320 2206 452 2252 aliquid
474 2207 592 2252 majus
614 2206 834 2248 retribuitur;
858 2217 944 2252 ergo
966 2207 1258 2252 recompensatio
1292 2205 1397 2240 debet
1429 2205 1576 2240 tendere
1611 2204 1655 2239 ad
1687 2205 1772 2247 hoc,

211 2260 308 2306 quod
331 2259 463 2305 aliquid
486 2260 601 2304 majus
622 2259 739 2293 faciat.

282 2313 510 2348 RESPONDEO
534 2313 737 2355 dicendum,
757 2313 864 2359 quod,
887 2313 977 2347 sicut
999 2313 1135 2346 dictum
1157 2321 1210 2347 est
1228 2313 1464 2359 (drapum),
1481 2311 1771 2358 recompensatio

211 2367 346 2413 gratiae
368 2366 512 2412 respicit
532 2365 747 2400 beneficium
771 2366 971 2400 secundum
992 2366 1218 2400 voluntatem
1240 2366 1515 2400 benefacientis:
1546 2366 1582 2399 in
1604 2376 1676 2412 quo
1698 2366 1772 2412 qui-

210 2421 294 2455 dem
315 2421 506 2466 praecipue
527 2420 598 2454 hoc
623 2419 913 2454 commendabile
934 2420 1085 2461 videtur,
1108 2419 1204 2466 quod
1228 2420 1337 2464 gratis
1361 2419 1576 2454 beneficium
1608 2418 1770 2461 contulit,

211 2474 254 2507 ad
277 2474 371 2519 quod
395 2485 467 2507 non
490 2473 692 2516 tenebatur3
716 2481 750 2507 et
770 2473 851 2507 ideo
875 2473 933 2519 qui
955 2473 1171 2507 beneficium
1194 2474 1344 2519 accepit,
1367 2473 1411 2506 ad
1433 2473 1503 2507 hoc
1527 2472 1707 2518 obligatur
1728 2482 1770 2506 ex

210 2527 329 2561 debito
351 2527 562 2568 honestatis,
584 2535 622 2560 ut
643 2526 806 2560 similiter
828 2526 960 2572 aliquid
989 2526 1098 2571 gratis
1134 2526 1336 2571 impendat:
1370 2537 1444 2560 non
1479 2534 1600 2560 autem
1631 2525 1771 2560 videtur

211 2581 319 2626 gratis
342 2580 475 2626 aliquid
497 2580 717 2626 impendere,
744 2579 812 2613 nisi
848 2580 996 2614 excedat
1029 2582 1265 2625 quantitatem
1302 2580 1439 2625 accepti
1472 2579 1652 2613 beneficii:
1687 2579 1770 2624 quia

209 2634 380 2680 quamdiu
402 2641 655 2680 recompensat
676 2635 805 2675 minus,
827 2633 884 2666 vel
907 2633 1067 2679 aequale,
1089 2644 1162 2667 non
1184 2633 1325 2667 videtur
1347 2632 1464 2667 facete
1479 2633 1600 2679 gratis,
1615 2632 1677 2666 sed
1695 2632 1771 2666 red-

210 2688 292 2721 dere
314 2687 411 2733 quod
433 2687 589 2733 accepit3
613 2695 648 2722 et
668 2687 749 2721 ideo
772 2686 907 2732 gratiae
929 2689 1220 2733 recompensatio
1243 2698 1387 2733 semper
1407 2687 1532 2729 tendit,
1554 2694 1592 2720 ut
1614 2696 1679 2732 pro
1701 2696 1767 2720 suo

210 2751 315 2786 posse
342 2740 475 2786 aliquid
502 2743 617 2787 majus
645 2741 824 2775 retribuat.

280 2794 339 2828 AD
361 2805 509 2829 PmMUM
532 2805 618 2840 ergo
641 2793 846 2836 dicendum,
868 2794 975 2839 quod,
998 2793 1090 2828 sicut
1111 2794 1246 2828 dictum
1269 2802 1323 2828 est
1345 2794 1424 2839 (art.
1446 2806 1471 2839 3.
1494 2794 1562 2840 huj.
1586 2805 1614 2839 q.
1637 2793 1679 2828 ad
1691 2806 1720 2840 5.
1738 2798 1769 2828 et

210 2852 274 2882 art.
294 2848 435 2893 praec),
458 2847 492 2880 in
516 2846 853 2893 recompensatione
874 2846 1038 2881 beneficii
1063 2847 1178 2893 magis
1206 2855 1257 2881 est
1292 2847 1573 2882 considerandus
1607 2845 1766 2888 affectus,
