1859 3122
178 157 285 198 1162
578 165 798 201 QUAESTIO
833 165 991 195 CLXXX.
1019 164 1263 194 ARTICULUS
1299 164 1343 194 11.

240 250 300 284 AD
322 258 471 283 PRIMUM
494 259 580 293 ergo
603 247 808 289 dicendum,
838 247 947 292 quod,
981 246 1073 281 sicut
1106 257 1214 292 supra
1246 245 1383 280 dictum
1413 253 1466 280 est
1488 246 1566 290 (art.
1584 247 1730 293 praec),

168 303 240 336 vita
263 301 544 347 contemplativa
566 301 675 334 habet
696 300 876 334 motivum
899 311 941 334 ex
959 308 1057 346 parte
1081 299 1251 341 affectus,
1274 308 1308 333 et
1330 300 1529 333 secundum
1550 300 1622 334 hoc
1649 299 1733 334 dile-

171 357 241 389 ctio
263 356 344 396 Dei,
368 362 401 388 et
422 355 577 400 proximi
599 354 788 399 requiritur
810 354 853 387 ad
875 354 986 388 vitam
1006 353 1348 399 contemplativam:
1370 364 1499 388 causae
1519 363 1640 388 autem
1658 365 1734 388 mo-

169 417 293 442 ventes
316 419 390 441 non
412 409 544 441 intrant
565 409 757 441 essentiam
780 407 841 449 rei,
863 408 924 441 sed
947 407 1153 452 disponunt,
1176 415 1210 440 et
1227 406 1415 453 perficiunt
1432 418 1528 449 rem;
1547 408 1640 442 unde
1658 419 1732 442 non

170 463 340 508 sequitur,
363 461 459 507 quod
480 461 628 495 virtutes
650 460 806 495 morales
831 461 1066 495 essentialiter
1087 461 1289 506 pertineant
1310 461 1354 494 ad
1374 461 1488 495 vitam
1510 461 1733 507 contempla-

169 524 292 549 tivam.

241 569 300 602 AD
327 578 534 602 SECUNDUM
561 567 766 610 dicendum,
788 567 884 614 quod
907 567 1158 610 sanctimonia,
1180 568 1271 602 idest
1296 568 1484 611 munditia,
1508 577 1674 603 causatur
1692 580 1734 604 ex

169 622 368 663 virtutibus,
391 632 482 667 quae
504 629 587 655 sunt
619 621 715 655 circa
748 621 935 666 passiones
967 621 1205 667 impedientes
1239 621 1432 666 puritatem
1464 622 1632 658 rationis:
1665 634 1734 669 pax

171 683 292 710 autem
314 683 480 710 causatur
501 686 543 709 ex
563 674 709 721 justitia,
728 686 819 720 quae
835 683 887 709 est
902 675 995 709 circa
1011 675 1248 721 operationes,
1263 675 1462 709 secundum
1475 674 1562 709 illud
1577 675 1644 711 Isa.
1661 685 1733 722 32.:

174 730 265 775 Opus
278 730 525 774 jzcstz'tiaapax;
548 728 763 774 inquantum
782 728 920 762 scilicet
940 728 1000 762 ille
1015 728 1076 774 qui
1091 729 1131 761 ab
1148 728 1284 774 injuriis
1304 728 1458 762 aliorum
1474 729 1639 772 abstinet,
1656 729 1736 763 sub-

170 782 279 816 trahit
299 781 509 827 litigiorum,
532 790 566 816 et
586 781 808 815 tumultuum
831 782 1063 826 occasiones3
1085 790 1119 816 et
1141 782 1191 816 sic
1206 783 1354 817 virtutes
1368 782 1526 816 morales
1540 782 1736 828 disponunt

172 836 215 869 ad
236 835 348 869 vitam
372 834 706 881 contemplativam,
728 836 942 881 inquantum
965 843 1114 869 causant
1135 846 1274 881 pacem,
1297 844 1332 870 et
1353 836 1580 870 munditiam.

242 889 302 923 AD
326 899 497 924 TERTtUM
520 889 725 931 dicendum,
748 889 845 935 quod
867 888 1108 935 pulchritudo,
1131 889 1223 923 sicut
1244 900 1350 934 supra
1373 889 1508 923 dictum
1531 897 1584 924 est
1604 889 1652 935 (q.
1666 900 1734 936 145.

172 947 235 976 art.
251 942 314 986 2.),
328 942 491 976 consistit
511 942 547 975 in
570 942 726 988 quadam
750 942 935 984 charitate,
955 950 989 976 et
1003 943 1120 976 debita
1134 943 1389 988 proportione:
1408 951 1599 989 utrumque
1614 950 1735 977 autem

174 996 307 1030 horum
329 995 532 1030 radicaliter
552 995 588 1029 in
610 996 749 1030 ratione
771 996 968 1030 invenitur:
992 997 1035 1030 ad
1063 1007 1171 1042 quam
1198 996 1352 1042 pertinet
1378 1004 1412 1030 et
1437 995 1562 1030 lumen
1587 995 1736 1030 manife—

172 1057 280 1091 stans,
301 1057 334 1083 et
355 1049 630 1095 proportionem
653 1049 811 1083 debitam
833 1051 868 1082 in
892 1049 969 1083 aliis
992 1049 1175 1092 ordinare3
1199 1058 1232 1083 et
1253 1050 1335 1083 ideo
1358 1051 1394 1083 in
1415 1050 1488 1084 vita
1514 1049 1737 1096 contempla-

171 1103 255 1144 tiva,
278 1114 369 1149 quae
393 1104 555 1137 consistit
575 1103 612 1136 in
631 1111 711 1136 actu
735 1103 894 1144 rationis,
917 1114 978 1147 per
1000 1114 1048 1144 se,
1072 1111 1105 1137 et
1127 1102 1363 1137 essentialiter
1384 1103 1563 1137 invenitur
1583 1102 1738 1150 pulchri-

172 1156 279 1199 tud03
298 1156 393 1190 unde
414 1165 447 1191 et
470 1156 552 1202 Sap.
581 1156 612 1190 8.
643 1156 685 1190 de
715 1156 1023 1201 contemplatione
1053 1157 1251 1202 sapientiae
1282 1156 1426 1191 dicitur:
1460 1157 1606 1192 Amator
1623 1157 1737 1203 factus

172 1210 388 1255 stantformcze
408 1210 519 1244 illius:
539 1210 576 1243 in
597 1209 784 1244 virtutibus
807 1218 929 1244 autem
951 1209 1148 1244 moralibus
1170 1210 1349 1244 invenitur
1375 1210 1606 1256 pulchritudo
1633 1211 1736 1256 parti-

175 1263 339 1309 cipative,
362 1264 574 1309 inquantum
596 1262 733 1297 scilicet
751 1263 965 1308 participant
979 1263 1144 1297 ordinem
1159 1263 1326 1305 rationis;
1346 1271 1380 1297 et
1394 1264 1585 1310 praecipue
1599 1264 1635 1297 in
1649 1272 1737 1298 tem-

172 1317 346 1363 perantia,
366 1328 457 1363 quae
480 1317 642 1362 reprimit
663 1317 974 1362 concupiscentias
997 1318 1154 1351 maxime
1175 1316 1299 1350 lumen
1321 1317 1469 1351 rationis
1485 1317 1735 1359 obscurantes;

173 1379 207 1405 et
227 1371 310 1405 inde
333 1380 395 1413 est,
416 1371 512 1417 quod
534 1371 644 1405 virtus
667 1371 839 1404 castitatis
860 1370 1018 1404 maxime
1040 1370 1155 1404 reddit
1174 1370 1364 1404 hominem
1379 1378 1504 1417 aptum
1518 1370 1562 1404 ad
1577 1378 1736 1405 contem—

173 1424 382 1470 plationem,
405 1425 618 1470 inquantum
641 1423 900 1458 delectationes
921 1435 1096 1458 venereae
1119 1424 1276 1458 maxime
1292 1424 1498 1470 deprimunt
1511 1432 1673 1459 mentem
1692 1425 1735 1459 ad

172 1478 365 1521 sensibilia,
388 1486 425 1512 ut
445 1479 600 1524 August.
623 1478 708 1512 dicit
729 1477 765 1511 in
787 1477 847 1511 lib.
870 1488 898 1512 1.
921 1477 1074 1524 Soliloq.
1099 1477 1186 1524 (cap.
1208 1489 1259 1514 10.
1287 1479 1346 1514 cir.
1367 1478 1479 1523 med).

732 1637 1077 1683 ARTICULUS
1106 1638 1185 1681 HI.
1663 1649 1732 1696 850

196 1760 349 1789 UTRUM
371 1760 429 1789 AD
459 1760 597 1790 VITAM
625 1761 1032 1791 CONTEMPLATIVAM
1057 1760 1332 1790 PERTINEANT
1359 1758 1530 1789 DIVERSI
1552 1759 1709 1789 ACTUS.

351 1862 390 1908 (3.
412 1862 501 1897 Dist.
521 1874 564 1908 35.
587 1874 616 1908 q.
639 1875 666 1897 r.
689 1867 754 1897 art.
776 1874 808 1897 2.
829 1867 858 1897 et
878 1873 912 1907 4.
934 1862 1021 1896 Dist.
1042 1873 1068 1907 5.
1091 1873 1121 1907 q.
1143 1872 1176 1906 4.
1199 1865 1262 1896 art.
1282 1872 1313 1896 2.
1336 1872 1365 1906 q.
1388 1873 1416 1895 1.
1437 1860 1480 1894 ad
1499 1861 1560 1906 2.).

242 1963 301 1997 AD
318 1973 489 1998 TERTIUM
511 1963 561 1997 sic
584 1962 800 2009 proceditur.
823 1963 986 2005 Videtur,
1009 1963 1105 2009 quod
1129 1962 1172 1996 ad
1190 1962 1302 1996 vitam
1325 1960 1646 2008 contemplativam
1660 1972 1736 2007 per-

169 2017 307 2051 tineant
330 2017 460 2051 diversi
482 2025 599 2051 actus:
622 2017 823 2051 Richardus
847 2018 943 2051 enim
963 2017 1005 2051 de
1029 2017 1164 2051 Sancto
1186 2015 1335 2050 Victore
1359 2015 1432 2059 (lib.
1455 2028 1482 2050 I.
1497 2014 1534 2049 de
1552 2014 1733 2061 Contempl.

171 2076 242 2116 cap.
261 2071 305 2117 3.)
326 2070 512 2116 distinguit
538 2071 630 2104 inter
646 2070 1005 2116 contemplationem,
1021 2069 1307 2114 meditationem,
1327 2079 1361 2103 et
1379 2069 1657 2114 cogitationem:
1673 2068 1735 2103 sed

171 2124 294 2157 omnia
316 2124 383 2158 ista
403 2124 569 2157 videntur
592 2124 635 2157 ad
656 2124 768 2157 vitam
792 2124 1111 2170 contemplativam
1135 2123 1329 2170 pertinere;
1352 2133 1438 2168 ergo
1460 2122 1611 2164 videtur,
1637 2121 1734 2168 quod

170 2177 264 2211 vitae
288 2176 592 2223 contemplativae
615 2177 684 2210 sint
706 2177 836 2211 diversi
858 2186 968 2211 actus.

244 2241 274 2264 2.
297 2231 534 2265 PRAETEREA.
557 2230 756 2276 Apostolus
780 2241 810 2264 2.
835 2231 878 2264 ad
902 2231 1067 2265 Corinth.
1094 2242 1122 2277 3.
1145 2230 1247 2265 dicit:
1276 2230 1344 2264 Nos
1373 2241 1451 2264 vero
1480 2228 1626 2264 revelata
1643 2229 1735 2275 facie

170 2285 315 2329 gloriam
343 2286 486 2318 Domini
511 2285 721 2331 speculantes,
746 2285 1029 2330 transformamur
1056 2285 1089 2318 in
1115 2283 1260 2318 eamdem
1279 2283 1483 2323 clczritatenm
1499 2282 1559 2316 sed
1575 2282 1645 2316 hoc
1661 2293 1736 2328 per-

171 2338 259 2371 tinet
282 2338 324 2371 ad
346 2338 458 2372 vitam
482 2337 820 2383 contemplativam3
844 2349 930 2383 ergo
950 2346 1090 2383 praeter
1111 2338 1178 2371 tria
1196 2337 1398 2383 praedicta3
1413 2337 1521 2370 etiam
1536 2335 1733 2381 speculatio

173 2391 216 2424 ad
239 2391 349 2424 vitam
373 2391 695 2437 contemplativam
719 2391 880 2436 pertinet.

246 2456 274 2490 3.
302 2445 537 2479 PRAETEREA.
562 2444 763 2478 Bernardus
785 2444 870 2477 dicit
891 2444 926 2477 in
949 2443 1008 2477 lib.
1040 2455 1066 2489 5.
1087 2444 1130 2478 de
1153 2443 1342 2478 Consider.
1372 2442 1456 2489 (cap.
1483 2442 1538 2476 ult.
1571 2453 1591 2476 α
1619 2441 1733 2486 med),

173 2499 268 2543 quod
291 2499 418 2543 prima,
441 2506 475 2532 et
496 2498 655 2532 maxima
675 2497 933 2542 contemplatio
957 2506 1009 2531 est
1031 2497 1221 2531 admiratio
1237 2496 1451 2541 majestatis:
1467 2495 1528 2530 sed
1545 2495 1733 2529 admiratio

173 2553 371 2585 secundum
393 2552 666 2585 Damascenum
690 2550 763 2595 (lili.
786 2562 816 2585 2.
843 2552 938 2585 Orth.
961 2550 1034 2584 fid.
1058 2557 1128 2597 cap.
1151 2550 1213 2596 15.)
1246 2550 1391 2596 ponitur
1413 2549 1550 2595 species
1577 2548 1734 2590 timoris;

175 2616 261 2649 ergo
284 2605 433 2646 videtur,
457 2605 552 2650 quod
576 2605 693 2650 plures
714 2612 813 2638 actus
833 2604 875 2637 ad
898 2603 1009 2637 vitam
1032 2603 1353 2649 contemplativam
1376 2602 1610 2648 requirantur.

243 2668 275 2700 4.
299 2658 534 2692 PRAETEREA.
558 2658 615 2691 Ad
631 2658 742 2691 vitam
758 2656 1079 2702 contemplativam
1097 2657 1272 2702 pertinere
1292 2656 1457 2690 dicuntur
1471 2655 1599 2696 oratio,
1613 2654 1734 2696 lectio,

175 2719 209 2744 et
231 2712 437 2745 meditatio:
455 2712 607 2757 pertinet
622 2711 730 2745 etiam
747 2710 789 2744 ad
804 2710 915 2744 vitam
931 2710 1251 2755 contemplativam
1270 2710 1428 2743 auditus:
1450 2719 1535 2742 nam
1550 2708 1593 2742 de
1607 2707 1734 2750 Maria,

174 2775 235 2808 per
257 2776 365 2809 quam
387 2765 459 2798 vita
483 2764 764 2810 contemplativa
785 2763 1017 2809 significatur,
1039 2763 1167 2796 dicitur
1185 2763 1305 2796 Lucae
1329 2773 1392 2804 10.,
1414 2761 1510 2808 quod
1523 2761 1629 2796 sedens
1647 2773 1735 2796 secus

167 2817 261 2862 pedes
284 2819 425 2851 Domini
443 2819 595 2852 audiebat
612 2819 750 2852 verbum
773 2817 879 2857 illius;
903 2827 990 2862 ergo
1012 2816 1162 2859 videtur,
1183 2816 1280 2862 quod
1301 2815 1421 2861 plures
1443 2823 1543 2850 actus
1565 2815 1607 2849 ad
1621 2814 1732 2849 vitam

174 2871 493 2917 contemplativam
512 2872 747 2917 requirantur.
