1905 3137
245 157 300 199 94
690 156 910 191 QUAESTIO
945 157 985 185 X.
1021 156 1263 186 ARTICULUS
1297 156 1339 185 11.

317 249 345 284 3.
367 237 603 272 PRAETEREA.
627 247 657 270 2.
681 237 724 271 ad
752 237 838 272 Cor.
865 248 916 272 11.
944 249 1050 284 super
1076 237 1183 272 illud:
1210 237 1282 284 Ipse
1307 237 1445 272 Satanas
1471 237 1684 283 transfigurat
1708 248 1738 272 se
1761 238 1797 271 in

243 291 393 336 angelmn
408 291 499 333 lucis,
515 290 600 324 dicit
622 289 741 325 Gloss.
766 290 852 334 (ord.
874 292 1010 336 August.
1033 292 1068 324 in
1090 290 1262 325 Euchirid.
1284 296 1356 336 cap.
1372 289 1459 334 60),
1482 290 1577 336 quod
1599 290 1630 324 si
1649 290 1797 336 angelus

242 344 358 378 malus
380 355 418 378 se
438 345 576 378 bonurn
597 343 719 389 fingat,
742 344 808 378 etsi
830 344 994 378 credatur
1014 344 1143 386 bonus,
1161 355 1235 377 non
1255 352 1308 377 est
1325 354 1424 377 error
1441 343 1637 386 morbidus,
1655 344 1684 378 si
1701 343 1798 386 facit,

240 397 298 432 vel
319 397 405 431 dicit
425 408 516 443 quae
538 397 642 431 bonis
665 397 802 443 angelis
825 405 1046 443 congruunt:
1071 399 1170 443 cujus
1192 397 1282 431 ratio
1299 407 1375 431 esse
1390 397 1529 431 videtur
1542 405 1687 443 propter
1699 397 1800 432 recti-

240 451 402 484 tudinem
423 450 618 484 voluntatis
641 451 727 496 ejus,
758 451 819 497 qui
840 451 873 485 ei
894 451 1068 493 inhaeret,
1090 450 1279 484 intendens
1307 450 1405 483 bono
1429 449 1560 495 angelo
1583 450 1798 493 adhaerere3

241 515 328 550 ergo
349 512 467 538 totum
481 512 672 550 peccatum
690 503 907 538 infidelitatis
923 515 999 538 esse
1014 503 1154 538 videtur
1167 504 1203 537 in
1217 514 1384 550 perversa
1404 502 1607 546 voluntate3
1621 515 1696 538 non
1711 515 1798 550 ergo

240 565 292 592 est
313 557 349 590 in
370 556 556 591 intellectu
578 557 669 591 sicut
690 557 725 590 in
748 558 921 602 subjecto.

312 610 386 644 SED
401 620 566 645 CONTRA.
583 610 775 644 Contraria
789 618 871 645 sunt
883 611 918 643 in
939 610 1069 644 eodem
1084 610 1264 655 subjecto:
1287 610 1349 644 sed
1368 609 1468 651 fides,
1487 609 1545 643 cui
1563 609 1799 644 contrariatur

239 663 439 705 infidelitas,
452 671 504 698 est
518 663 554 697 in
570 663 752 698 intellectu
769 664 859 698 sicut
874 663 909 697 in
926 663 1106 707 subiect03
1122 674 1210 709 ergo
1225 671 1259 698 et
1273 663 1463 698 infidelitas
1482 663 1518 696 in
1536 663 1720 697 intellectu
1735 671 1798 698 est.

311 716 540 752 RESPONDEO
562 717 767 758 dicendum,
789 717 897 762 quod,
920 716 1011 751 sicut
1025 728 1129 762 supra
1145 717 1281 750 dictum
1297 724 1349 750 est
1360 717 1437 761 (1-2.
1453 729 1482 762 q.
1499 717 1555 760 64.
1571 721 1635 751 art.
1650 729 1677 751 1.
1692 722 1723 751 et
1734 717 1799 762 2.),

240 778 430 816 peccatum
462 770 591 805 dicitur
616 781 694 804 esse
724 772 759 804 in
781 770 842 804 illa
869 770 1040 816 potentia,
1068 781 1158 815 quae
1189 778 1241 804 est
1267 770 1479 816 principium
1511 777 1610 804 actus
1637 769 1798 816 peccati:

241 832 340 858 actus
363 832 482 857 autem
505 823 646 870 peccati
668 831 786 869 potest
806 823 939 857 habere
961 823 1078 869 duplex
1092 823 1326 869 principium:
1350 835 1451 857 unum
1470 823 1615 868 quidem
1629 823 1798 869 primum,

241 885 275 911 et
296 876 508 918 universale,
532 876 627 922 quod
649 877 802 922 imperat
824 887 951 910 omnes
975 884 1074 910 actus
1096 884 1349 922 peccatorum:
1373 884 1407 910 et
1427 876 1498 910 hoc
1517 876 1732 922 principium
1748 883 1800 910 est

239 930 424 972 voluntas;
448 931 529 976 quia
544 941 652 964 omne
667 938 857 976 peccatum
873 938 925 963 est
938 929 1203 963 voluntarium:
1223 929 1315 963 aliud
1334 938 1454 963 autem
1469 929 1684 975 principium
1699 937 1798 963 actus

238 984 378 1030 peccati
400 992 452 1018 est
474 983 671 1030 proprium,
694 991 728 1017 et
748 984 967 1030 proximum,
990 983 1086 1029 quod
1109 982 1206 1017 elicit
1227 983 1367 1029 peccati
1389 990 1527 1017 actum:
1557 983 1649 1016 sicut
1669 993 1800 1016 concu-

238 1037 408 1083 piscibilis
431 1045 482 1071 est
504 1037 720 1083 principium
743 1037 860 1083 gulae,
882 1045 916 1071 et
937 1036 1115 1071 luxuriae:
1141 1044 1174 1070 et
1196 1037 1394 1071 secundum
1409 1037 1480 1070 hoc
1496 1035 1591 1082 gula,
1611 1044 1645 1070 et
1661 1035 1798 1070 luxuria

237 1091 404 1125 dicuntur
425 1102 501 1125 esse
524 1091 559 1124 in
583 1090 871 1137 concupiscibili:
896 1090 1082 1124 dissentire
1105 1098 1237 1132 autem,
1260 1090 1319 1136 qui
1346 1097 1398 1124 est
1418 1090 1583 1136 proprius
1605 1098 1704 1124 actus
1725 1089 1800 1123 infi-

237 1143 402 1186 delitatis,
426 1152 477 1178 est
499 1152 598 1178 actus
619 1143 836 1186 intellectus,
858 1144 919 1178 sed
941 1144 1032 1177 moti
1055 1155 1074 1177 a
1088 1143 1286 1185 voluntate,
1301 1143 1392 1177 sicut
1407 1151 1440 1177 et
1459 1145 1650 1186 assentire3
1669 1150 1704 1177 et
1715 1142 1798 1176 ideo

236 1197 438 1239 infidelitas,
460 1197 552 1231 sicut
574 1205 608 1231 et
629 1197 726 1240 fides,
750 1205 802 1231 est
824 1197 969 1243 quidem
996 1197 1032 1230 in
1054 1196 1238 1231 intellectu
1260 1196 1352 1231 sicut
1372 1197 1408 1230 in
1430 1198 1596 1242 proximo
1624 1196 1797 1241 subject0‚

236 1250 272 1284 in
293 1250 478 1285 voluntate
502 1258 622 1284 autem
645 1251 736 1284 sicut
756 1251 792 1284 in
815 1251 932 1297 primo
959 1251 1116 1293 motivo;
1143 1258 1178 1284 et
1203 1250 1275 1284 hoc
1297 1250 1409 1284 modo
1432 1250 1561 1284 dicitur
1582 1260 1691 1284 omne
1718 1260 1798 1295 pec-

237 1312 357 1338 catum
380 1315 457 1338 esse
480 1304 516 1338 in
538 1303 736 1338 voluntate.

306 1357 412 1392 Unde
435 1365 532 1403 patet
553 1358 741 1404 responsio
763 1368 813 1392 AD
840 1368 1000 1392 PRIMUM.

306 1411 366 1444 AD
389 1421 594 1445 SECUNDUM
621 1411 826 1452 dicendum,
849 1411 945 1457 quod
968 1418 1197 1457 contemptus
1226 1410 1422 1444 voluntatis
1445 1418 1568 1444 causat
1594 1409 1795 1444 dissensum

237 1463 452 1505 intellectus,
473 1464 510 1497 in
532 1475 603 1510 quo
626 1464 808 1510 perficitur
828 1464 918 1497 ratio
938 1463 1172 1498 infidelitatis:
1196 1464 1291 1498 unde
1314 1475 1422 1498 causa
1443 1463 1661 1497 infidelitatis
1683 1471 1735 1497 est
1760 1463 1796 1496 in

236 1517 439 1552 voluntate:
463 1518 524 1551 sed
543 1518 620 1564 ipsa
642 1517 832 1552 infidelitas
856 1526 908 1552 est
929 1517 964 1550 in
987 1517 1181 1552 intellectu.

308 1572 367 1605 AD
390 1581 561 1605 TERTmM
584 1571 788 1612 dicendum,
812 1570 907 1616 quod
930 1570 989 1604 ille
1012 1571 1072 1617 qui
1090 1571 1202 1605 credit
1215 1570 1355 1604 malum
1370 1570 1540 1616 angelum
1556 1581 1633 1604 esse
1648 1570 1796 1612 bonurn,

236 1636 308 1659 non
332 1625 494 1659 dissentit
517 1625 558 1658 ab
583 1636 638 1666 eo,
666 1624 761 1670 quod
784 1632 837 1658 est
858 1624 960 1658 fidei:
983 1624 1065 1670 quia
1087 1635 1211 1658 sensus
1235 1624 1394 1670 corporis
1416 1623 1566 1665 fallitur3
1586 1634 1688 1658 mens
1707 1634 1795 1658 vero

235 1690 309 1712 non
330 1686 537 1712 removetur
560 1690 578 1711 a
599 1689 694 1720 vera,
717 1685 885 1724 rectaque
908 1677 1096 1719 sententia,
1119 1686 1157 1712 ut
1177 1678 1311 1711 ibidem
1333 1677 1419 1711 dicit
1442 1677 1582 1711 Gloss.:
1606 1677 1667 1711 sed
1689 1676 1719 1711 si
1737 1677 1797 1710 ali-

235 1732 313 1778 quis
337 1732 491 1766 Satanae
514 1731 735 1773 adhaereret,
759 1742 841 1764 cum
864 1731 989 1777 incipit
1011 1731 1054 1764 ad
1076 1742 1140 1765 sua
1159 1731 1346 1773 adducere,
1361 1731 1452 1765 idest
1466 1731 1509 1765 ad
1524 1730 1632 1772 mala,
1647 1738 1681 1765 et
1694 1729 1795 1772 falsa,

234 1793 318 1819 tunc
341 1796 413 1819 non
437 1793 535 1819 caret
556 1793 718 1831 peccato,
741 1793 779 1818 ut
799 1784 932 1818 ibidem
956 1784 1093 1818 dicitur.

784 1925 1126 1970 ARTICULUS
1162 1926 1240 1968 ΠΙ.
1752 1947 1790 1983 53

457 2033 608 2063 UTRUM
634 2033 909 2064 INFIDELITAS
938 2034 1005 2063 SIT
1032 2033 1240 2063 MAXIMUM
1263 2033 1574 2063 PECCATORUM.

235 2121 339 2168 (Infr.
354 2133 446 2168 q.39.
461 2127 524 2156 art.
544 2133 574 2156 2.
596 2127 768 2168 πρανὴς.
792 2134 821 2167 q.
841 2133 892 2168 30.
915 2127 977 2156 art.
997 2134 1025 2168 5.
1049 2126 1076 2156 et
1098 2122 1182 2156 Mal.
1204 2134 1234 2167 q.
1257 2133 1288 2156 2.
1310 2127 1375 2157 art.
1397 2133 1448 2156 10.
1470 2125 1497 2155 et
1519 2122 1656 2157 Rom.2.
1675 2120 1744 2156 lect.
1759 2132 1790 2156 2.

824 2180 852 2210 et
872 2175 957 2210 Heln
980 2187 1030 2210 10.
1053 2175 1121 2209 lect.
1141 2175 1198 2221 3.).

306 2265 365 2299 AD
389 2274 559 2299 TERTmM
581 2264 631 2298 sic
653 2263 868 2309 proceditur.
899 2263 1061 2305 Videtur,
1088 2263 1184 2310 quod
1210 2262 1400 2297 infidelitas
1422 2274 1495 2297 non
1521 2263 1566 2297 sit
1591 2263 1790 2297 maximum

234 2327 484 2364 peccatorum:
509 2317 594 2351 dicit
616 2317 713 2351 enim
735 2317 888 2362 August.
912 2314 983 2360 (lib.
1006 2329 1038 2361 4.
1062 2317 1097 2351 de
1119 2318 1279 2363 Baptism.
1301 2322 1414 2351 contra
1436 2317 1601 2351 Donatist.
1624 2323 1697 2363 cap.
1718 2317 1790 2362 20.)

234 2380 268 2406 ct
288 2372 438 2406 habetur
460 2369 491 2405 6.
514 2383 545 2417 q.
573 2381 600 2406 1.
633 2370 719 2416 (cap.
742 2371 828 2414 21.).·
866 2371 983 2404 Utrum
1007 2371 1202 2404 catholicum
1218 2371 1364 2416 pessimis
1388 2371 1535 2404 moribus
1561 2371 1662 2404 alicu-i
1682 2370 1792 2405 haere-

233 2427 308 2468 tico,
332 2426 365 2459 in
387 2427 478 2470 cujus
499 2426 571 2459 vita
588 2429 720 2470 practer
742 2424 774 2457 id
795 2423 879 2469 qnod
901 2424 1078 2458 chzeretisus
1098 2429 1152 2465 est,
1187 2435 1252 2457 non
1279 2425 1451 2457 inveniunt
1471 2424 1614 2458 homines
1635 2423 1720 2470 quod
1744 2436 1792 2458 re-

226 2478 442 2525 prehendant,
458 2483 661 2524 praeponere
683 2477 863 2518 delituimus,
887 2489 950 2510 non
970 2476 1071 2511 audeo
1088 2478 1313 2523 praecipitare
1336 2478 1549 2512 sententiam.-
1581 2477 1642 2511 sed
1667 2477 1791 2512 haere-

231 2532 322 2566 ticus
353 2539 404 2566 est
434 2530 609 2572 infidelis;
638 2541 724 2576 ergo
755 2541 828 2564 non
857 2538 910 2564 est
935 2529 1144 2576 simpliciter
1171 2529 1376 2571 dicendum,
1404 2530 1499 2576 quod
1525 2529 1717 2565 infidelitas
1745 2530 1789 2564 sit

232 2585 431 2619 maximum
454 2592 698 2630 peccatorum.

304 2649 334 2672 2.
356 2639 591 2672 PRAETEREA.
622 2636 713 2671 Illud
741 2637 836 2683 quod
864 2637 1041 2678 diminuit,
1067 2636 1124 2671 vel
1153 2645 1297 2671 excusat
1323 2644 1524 2682 peccatum,
1550 2648 1624 2671 non
1650 2637 1788 2671 videtur

234 2703 310 2726 esse
333 2692 532 2725 maximum
553 2699 805 2738 peccatorum:
829 2691 890 2724 scd
912 2690 1101 2724 infidelitas
1125 2698 1281 2732 excusat,
1305 2690 1361 2724 vel
1391 2691 1557 2724 diminuit
1579 2698 1786 2736 peccatum:

233 2745 319 2779 dicit
341 2745 436 2778 enirn
459 2745 586 2790 Apost.
613 2755 640 2778 1.
665 2743 707 2778 ad
728 2743 890 2778 Timoth.
919 2755 965 2777 1.:
989 2744 1158 2789 Prin-<sui
1181 2743 1393 2790 liltzsplmnns,
1416 2749 1444 2778 ct
1456 2749 1654 2790 persecutor,
1669 2748 1698 2778 et
1712 2755 1787 2778 con-

234 2798 434 2834 tumeliam.-
457 2798 507 2832 st‘d
530 2797 787 2832 miscricordiam
811 2803 994 2832 consecutus
1014 2809 1097 2839 sum,
1125 2798 1203 2842 quia
1222 2798 1376 2843 ignorans
1394 2798 1458 2841 feci
1478 2799 1512 2831 in
1538 2796 1785 2838 incredulitate,-

234 2862 320 2895 ergo
343 2851 531 2886 infidelitas
554 2862 626 2885 non
650 2859 702 2885 est
724 2851 923 2885 maximum
945 2858 1189 2896 peccatorum.
