1859 3122
413 207 633 242 QUAESTIO
669 207 905 236 CLXXXVIII.
940 205 1184 236 ARTICULUS
1217 205 1260 235 11.
1508 186 1611 248 1'253

59 296 95 323 ut
118 299 159 322 ex
177 299 283 334 supra
306 288 409 322 dictis
431 296 526 335 patet
547 288 595 334 (q.
621 288 696 331 184.
720 294 783 323 ιιι-ἰ.
800 288 868 334 5.):
890 287 950 322 sed
966 286 1140 334 perfectio
1155 285 1316 333 religiosi
1331 293 1442 320 status
1459 285 1623 320 consistit

58 342 93 375 in
116 340 424 387 contemplatione
447 342 671 375 divinorum:
688 341 773 375 dicit
787 341 883 375 enirn
900 341 1008 375 Dion.
1025 340 1056 375 6.
1075 351 1151 386 cap.
1167 339 1263 374 Eccl.
1280 339 1376 373 Hier.
1393 339 1484 384 (ante
1507 339 1619 385 med),

58 394 154 440 quod
178 408 196 426 «
219 394 453 429 nominantur
475 406 517 429 ex
538 395 607 428 Dei
629 406 718 441 puro
741 394 898 437 servitio,
921 402 955 428 et
976 393 1163 435 famulatu,
1186 402 1220 428 et
1245 391 1464 434 indivisibili,
1492 400 1527 426 et
1553 392 1621 426 sin-

58 447 173 494 gulari
191 448 264 482 vita
283 448 428 482 uniente
455 459 518 482 eos
540 448 773 482 invisibilium
801 448 934 482 sanctis
961 447 1278 482 convolutionibus
1306 446 1400 490 (idest
1426 446 1622 492 contempla-

59 502 217 546 tionibus)
240 502 282 535 ad
305 501 518 535 deiformem
543 503 729 543 unitatem,
752 509 785 535 et
808 500 1000 535 amabilem
1022 501 1103 535 Deo
1126 499 1386 546 perfectionem
1409 511 1442 542 »3
1465 510 1552 546 ergo
1574 499 1623 533 vi·
1676 505 1677 510 ’

59 555 171 596 detur,
194 554 290 600 quod
309 554 408 588 nulla
430 555 558 600 religio
577 555 712 588 institui
734 555 847 601 possit
867 554 909 588 ad
933 565 1042 600 opera
1063 554 1158 588 vitae
1187 554 1336 588 activae.

129 617 160 641 2.
188 607 423 642 PRAETEREA.
447 608 546 641 Idem
570 608 743 652 judicium
766 608 905 642 videtur
927 618 1004 642 esse
1027 608 1068 641 de
1091 607 1293 651 monachis,
1317 615 1352 641 et
1374 607 1559 641 canonicis
1573 616 1624 640 re-

59 660 252 707 gularibus,
274 668 311 694 ut
333 661 484 695 habetur
503 669 635 694 extraV.
659 661 702 694 de
723 661 858 695 Postul.
883 672 959 707 cap.
990 662 1045 695 Ex
1062 666 1174 707 parte,
1199 669 1233 695 et
1260 661 1302 694 de
1331 660 1433 694 Statu
1450 660 1622 694 Monach.

59 725 136 760 cap.
175 714 274 758 Quod
299 714 366 748 Dei
392 715 567 748 timorem:
596 714 724 747 dicitur
751 714 860 755 enirn,
887 714 982 760 quod
1027 728 1043 745 «
1071 726 1090 748 a
1116 722 1325 748 sanctorum
1352 713 1621 748 monachorum

60 767 244 801 consortio
267 777 340 800 non
363 774 531 812 putantur
552 767 706 812 sejuncti
728 778 758 800 »z
783 775 816 801 et
839 768 966 801 eadem
992 767 1084 801 ratio
1111 767 1252 801 videtur
1278 778 1355 801 esse
1382 767 1425 801 de
1453 767 1621 801 omnibus

59 820 138 854 aliis
151 820 342 866 religiosis:
359 821 419 854 sed
436 820 703 854 monachorum
719 820 847 866 religio
863 828 915 854 est
929 821 1088 855 instituta
1105 821 1148 854 ad
1159 821 1269 854 vitam
1287 820 1620 867 contemplativam:

58 873 151 908 unde
175 873 324 907 Hieron.
347 873 432 907 dicit
455 874 498 907 ad
520 873 659 907 Paulin.
683 874 788 920 (epist.
811 875 894 919 13.):
919 887 936 904 «
961 874 999 908 Si
1021 874 1121 920 cupis
1136 885 1212 908 esse
1228 874 1325 920 quod
1347 874 1476 908 diceris
1499 885 1623 908 mona-

60 927 148 961 chus
169 927 264 971 (idest
289 927 389 971 solus)
412 927 495 972 quid
518 926 606 961 faci-s
628 927 662 960 in
686 927 856 961 urbibus?
879 939 911 969 »3
928 935 962 961 et
976 927 1075 962 idem
1090 928 1240 962 habetur
1255 936 1387 961 extrav,
1403 927 1446 961 de
1461 927 1616 962 Renunt.

60 990 136 1026 cap.
167 980 242 1014 Nisi
269 992 342 1015 cum.
365 980 508 1026 pridem,
537 988 571 1014 et
598 980 641 1014 de
668 980 836 1025 Regular.
866 991 941 1026 cap.
978 981 1069 1014 Licet
1095 980 1311 1026 quibusdam;
1353 992 1440 1026 ergo
1471 980 1622 1022 videtur,

59 1033 155 1079 quod
179 1034 298 1067 omnis
319 1033 447 1079 religio
463 1034 647 1067 ordinetur
663 1034 706 1066 ad
727 1034 839 1067 vitam
859 1033 1194 1079 contemplativam,
1215 1041 1248 1068 et
1269 1033 1368 1068 nulla
1387 1035 1429 1068 ad
1453 1034 1619 1068 activam.

134 1098 162 1132 3.
186 1086 422 1121 PRAETEREA.
438 1086 522 1120 Vita
544 1087 660 1120 activa
683 1086 726 1119 ad
749 1097 916 1131 praesens
939 1086 1126 1120 saeculum
1147 1087 1318 1133 pertinet:
1341 1087 1403 1121 sed
1425 1098 1553 1121 omnes
1572 1098 1611 1120 re

60 1139 180 1186 ligiosi
203 1140 389 1174 saeculum
411 1140 574 1174 deserere
597 1140 782 1181 dicuntur;
804 1140 898 1174 unde
922 1139 1030 1185 Greg.
1051 1140 1136 1174 dicit
1150 1152 1256 1186 super
1269 1141 1398 1175 Ezech.
1415 1141 1518 1186 (hom.
1534 1141 1623 1186 20.).·

63 1206 81 1224 «
105 1192 180 1233 Qui
202 1204 370 1239 praesens
392 1192 578 1227 saeculum
597 1192 738 1234 deserit,
754 1200 788 1226 et
810 1193 883 1238 agit
896 1192 992 1226 bona
1012 1204 1102 1239 quae
1118 1193 1224 1235 valet,
1247 1195 1347 1240 quasi
1365 1195 1438 1240 jam
1453 1194 1623 1240 Aegypto

60 1246 245 1289 derelicta,
267 1245 483 1280 sacrificium
503 1246 650 1291 praebet
670 1246 706 1279 in
737 1257 861 1280 eremo
876 1259 916 1288 »3
940 1257 1027 1292 ergo
1058 1246 1208 1289 videtur,
1239 1248 1335 1293 quod
1365 1247 1464 1281 nulla
1496 1247 1623 1293 religio

61 1300 174 1345 possit
194 1299 352 1334 ordinari
375 1299 417 1332 ad
435 1299 548 1332 vitam
571 1299 737 1333 activam.

134 1352 208 1387 SED
236 1363 391 1387 CONTRA
415 1360 478 1395 est,
508 1352 605 1398 quod
635 1352 763 1386 dicitur
785 1352 912 1397 Jacobi
944 1363 990 1388 1.:
1026 1353 1150 1398 Religio
1182 1354 1316 1395 munda,
1348 1359 1378 1389 et
1404 1354 1621 1388 immaculata

58 1405 146 1452 apud
165 1406 277 1440 Deum
299 1411 326 1440 ct
352 1407 499 1447 Patrem,
523 1406 599 1440 haec
621 1411 678 1440 est:
700 1407 838 1439 visitare
848 1406 1005 1452 pupillos,
1027 1411 1054 1440 et
1075 1406 1193 1440 viduas
1209 1408 1240 1440 in
1260 1407 1474 1442 tribulatione
1487 1419 1621 1448 eorunm

60 1459 122 1493 sed
142 1458 215 1493 hoc
237 1459 390 1505 pertinet
412 1459 455 1492 ad
476 1459 588 1492 vitam
612 1459 787 1500 activam3
811 1469 898 1504 ergo
914 1459 1171 1493 convenienter
1186 1459 1313 1506 religio
1328 1468 1446 1506 potest
1465 1460 1624 1495 ordinari

63 1512 106 1546 ad
127 1512 240 1546 vitam
262 1512 429 1545 activam.

131 1564 361 1599 RESPONDEO
381 1565 585 1605 dicendum,
604 1565 711 1610 quod,
727 1565 817 1598 sicut
837 1576 941 1610 supra
957 1565 1092 1599 dictum
1109 1574 1160 1600 est
1183 1566 1261 1609 (ari.
1274 1568 1412 1611 praec),
1432 1567 1618 1613 religionis

61 1625 174 1652 status
196 1618 381 1652 ordinatur
403 1617 444 1650 ad
467 1616 727 1663 perfectionem
751 1618 945 1660 charitatis,
968 1630 1058 1665 quae
1081 1631 1117 1653 se
1140 1621 1296 1654 extendit
1319 1621 1361 1654 ad
1389 1620 1623 1655 dilectionem

59 1671 140 1712 Dei,
163 1679 197 1705 et
218 1671 391 1716 proximi:
417 1671 459 1703 ad
482 1670 718 1704 dilectionem
741 1679 862 1705 autem
887 1671 959 1706 Dei
986 1672 1118 1706 directe
1153 1673 1306 1719 pertinet
1337 1673 1620 1721 contemplativa

59 1723 145 1765 vita,
163 1735 255 1769 quae
277 1723 343 1757 soli
366 1723 447 1757 Deo
468 1734 598 1757 vacare
620 1723 817 1759 desiderat:
840 1724 884 1758 ad
907 1724 1140 1759 dilectionem
1169 1734 1289 1760 autem
1310 1727 1467 1772 proximi
1488 1727 1622 1762 directe

60 1777 214 1823 pertinet
226 1777 300 1811 vita
315 1777 443 1818 activa,
459 1788 550 1822 quae
569 1777 722 1811 deservit
736 1778 1007 1812 necessitatibus
1021 1779 1289 1824 proximorum:
1311 1788 1345 1814 et
1366 1780 1457 1815 sicut
1479 1792 1521 1814 ex
1536 1781 1618 1814 cha-

63 1830 166 1864 ritate
187 1830 347 1876 diligitur
368 1831 552 1876 proximus
572 1839 717 1875 propter
731 1830 872 1872 Deum,
893 1831 941 1864 ita
957 1831 1066 1865 etiam
1081 1832 1295 1878 obsequium
1315 1833 1473 1867 delatum
1495 1835 1529 1867 in
1544 1845 1622 1880 pro-

60 1883 179 1918 ximos
200 1884 377 1917 redundat
398 1884 432 1916 in
454 1883 592 1925 Deun13
615 1883 815 1917 secundum
841 1883 928 1918 illud
951 1884 1077 1918 Matth.
1107 1896 1180 1930 25.:
1206 1886 1304 1930 Quod
1330 1888 1390 1921 uni
1410 1899 1449 1921 ex
1474 1888 1622 1921 minimis

60 1938 140 1971 meis
152 1937 291 1982 fecistis,
314 1936 558 1981 mihifecisti5;
582 1936 676 1969 unde
699 1944 732 1970 et
746 1936 955 1982 hujusmodi
969 1938 1142 1984 obsequia
1157 1940 1331 1984 proximis
1345 1939 1452 1982 facta,
1470 1939 1622 1986 inquan-

63 1998 141 2024 tum
164 1990 207 2023 ad
228 1989 350 2023 Deum
372 1988 583 2030 referuntur,
606 1989 772 2023 dicuntur
794 2001 871 2024 esse
893 1990 1068 2025 sacrificia
1096 1992 1287 2037 quaedam,
1314 1993 1514 2027 secundum
1536 1993 1624 2027 illud

32 2059 34 2061 ·
62 2043 105 2077 ad
128 2043 238 2078 Hebr.
260 2042 341 2077 ult.:
366 2042 611 2085 Banaftcentiae,
634 2047 662 2076 et
683 2044 922 2077 communionis
942 2044 1042 2078 nolite
1069 2045 1234 2080 oblivisci:
1262 2047 1382 2080 talibus
1402 2048 1489 2081 enim
1511 2047 1624 2081 hostiis

55 2101 268 2143 promeretur
288 2097 402 2139 Dm,-
426 2104 459 2129 et
481 2096 565 2141 quia
588 2095 630 2129 ad
652 2095 882 2142 Religionem
904 2097 1048 2143 proprie
1067 2090 1220 2144 pertinet
1235 2099 1453 2134 sacrificium
1471 2100 1553 2134 Deo
1574 2099 1623 2134 of-

62 2150 167 2194 ferre,
189 2157 227 2184 ut
248 2161 356 2195 supra
376 2149 541 2183 habitum
564 2157 616 2183 est
642 2149 689 2194 (q.
717 2150 767 2184 81.
793 2155 857 2184 art.
884 2163 911 2185 I.
943 2151 986 2184 ad
1006 2161 1032 2184 Ι.
1055 2157 1084 2186 et
1104 2157 1167 2186 art.
1189 2164 1221 2196 4.
1245 2153 1287 2187 ad
1311 2154 1372 2198 1.),
1396 2165 1622 2200 consequens

64 2211 127 2246 est,
143 2203 240 2249 quod
255 2203 513 2237 convenienter
528 2202 737 2247 Religioues
753 2204 930 2248 quaedam
946 2204 987 2237 ad
1005 2215 1113 2250 opera
1128 2206 1223 2240 vitae
1239 2206 1377 2240 activae
1393 2207 1622 2249 ordinentur;

63 2256 157 2291 unde
179 2265 214 2290 et
234 2257 275 2290 int
294 2255 562 2290 Collationibus
584 2255 733 2289 Patrum
756 2256 878 2299 (collat.
905 2268 957 2301 14.
980 2264 1049 2303 cap.
1076 2258 1141 2303 4.),
1164 2259 1286 2293 Abbas
1308 2259 1482 2294 Nesteros
1505 2260 1625 2294 distin-

64 2320 177 2356 guens
199 2309 340 2344 diversa
357 2309 593 2354 Religionum
615 2309 742 2350 studia,
764 2308 868 2344 dicit:
894 2323 912 2341 (ε
928 2310 1089 2350 Quidam
1107 2323 1290 2346 summam
1309 2313 1518 2348 intentionis
1538 2325 1623 2348 suae

64 2373 149 2408 erga
171 2362 284 2396 eremi
304 2370 453 2403 secreta,
477 2369 512 2395 et
533 2361 651 2395 cordis
678 2362 900 2397 constituunt
926 2363 1135 2409 puritatem3
1159 2365 1305 2410 quidam
1328 2377 1412 2412 erga
1434 2367 1626 2401 institutio-

62 2426 148 2449 nem
168 2414 331 2458 fratrum,
353 2423 387 2449 et
409 2415 672 2449 coenobiorum
694 2426 840 2458 curam3
863 2416 1042 2462 quosdam
1062 2417 1282 2452 xenodochii
1305 2419 1411 2463 (idest
1436 2419 1624 2466 hospitali-

62 2468 161 2512 tatis)
184 2467 340 2502 delectat
361 2468 623 2514 obsequium».

135 2521 196 2555 AD
217 2532 367 2556 PRIMUM
402 2531 488 2566 ergo
520 2520 726 2563 dicendum,
748 2521 844 2567 quod
874 2522 943 2557 Dei
974 2523 1173 2565 servitium,
1196 2532 1230 2558 et
1250 2524 1445 2559 famulatus
1467 2524 1625 2560 salvatur

65 2573 175 2608 etiarn
195 2573 232 2607 in
254 2574 424 2620 operibus
442 2575 536 2608 vitae
553 2574 701 2616 activae,
717 2574 843 2620 quibus
859 2575 986 2621 aliquis
1010 2577 1116 2610 servit
1138 2577 1305 2623 proximo
1326 2586 1473 2624 propter
1485 2579 1620 2620 Deum,

65 2627 157 2661 sicut
177 2626 314 2660 dictum
337 2635 389 2661 est
413 2627 462 2670 (in
484 2627 613 2672 corp.):
634 2627 671 2660 in
697 2627 824 2673 quibus
852 2629 961 2662 etiam
988 2628 1145 2664 salvatur
1166 2630 1394 2676 singularitas
1415 2632 1522 2674 vitae,
1548 2643 1623 2666 non

65 2688 240 2726 quantum
262 2680 306 2714 ad
323 2680 395 2714 hoc
418 2680 515 2726 quod
535 2680 650 2714 homo
673 2692 756 2715 cum
777 2681 987 2716 hominibus
1009 2694 1082 2716 non
1107 2692 1350 2727 conversetur,
1372 2685 1434 2719 sed
1450 2694 1625 2731 quantum

66 2732 108 2765 ad
130 2733 201 2767 hoc
224 2733 321 2779 quod
347 2733 463 2767 homo
491 2732 718 2778 singulariter
742 2734 799 2768 his
828 2735 1000 2777 intendat,
1031 2747 1122 2782 quae
1150 2737 1194 2770 ad
1224 2737 1385 2771 divinum
1408 2738 1623 2784 obsequium

65 2793 245 2831 spectant:
268 2794 303 2820 et
324 2785 410 2820 dum
431 2785 592 2832 religiosi
613 2787 779 2833 operibus
800 2787 895 2822 vitae
918 2788 1056 2823 activae
1077 2789 1245 2824 insistunt
1261 2790 1390 2825 intuitu
1406 2791 1486 2829 Dei,
1503 2802 1627 2825 conse-

66 2849 178 2884 quens
194 2846 257 2880 est,
273 2838 369 2885 quod
387 2839 424 2872 in
439 2839 490 2873 eis
505 2839 600 2873 actio
619 2850 662 2874 ex
677 2840 986 2886 contemplatione
1001 2842 1206 2877 divinorum
1227 2843 1423 2887 derivetur;
1443 2845 1536 2879 unde
1550 2855 1625 2879 non

65 2892 249 2938 privantur
270 2892 421 2927 omnino
439 2892 557 2927 fructu
580 2893 882 2940 contemplativae
902 2895 1008 2930 vitae.

210 2973 236 3000 S.
259 2973 382 3000 Tflomffi
404 2973 508 3000 Summa
534 2974 693 3010 Theologica.
713 2975 778 3002 Vol.
800 2975 852 3002 ΙΙΙ.
1451 2980 1484 3006 80
