1859 3122
195 157 276 209 306
572 166 793 202 QUAESTIO
826 166 1007 196 XXXVIII.
1040 166 1284 196 ARTICULUS
1317 166 1362 205 1„

765 317 1110 363 ARTICULUS
1140 317 1172 360 Ῑ.
1198 350 1200 352 -
1681 339 1748 376 219

435 427 588 456 UTRUM
621 427 880 457 CONTENTIO
916 427 983 456 S‘IT
1016 426 1254 456 PECCATUM
1286 426 1504 456 MORTALE·

259 514 318 548 AD
345 524 495 548 PRfflUM
517 514 569 548 sic
596 514 812 560 proceditur.
843 514 1006 556 Videtur,
1035 514 1131 560 quod
1163 514 1350 547 contentio
1380 524 1455 547 non
1488 513 1533 547 sit
1559 520 1750 558 peccatum

188 567 360 601 mortale:
384 575 575 612 peccatum
594 568 691 601 enim
714 567 868 602 mortale
889 569 925 602 in
947 568 1031 602 viris
1046 566 1289 614 spiritualibus
1307 578 1382 600 non
1400 566 1598 608 invenitur3
1619 566 1657 600 in
1678 566 1751 612 qui-

189 621 252 655 bus
275 629 398 655 tamen
420 621 601 655 invenitur
625 621 822 663 contentio,
845 622 1045 656 secundum
1066 620 1155 654 illud
1170 620 1292 654 Lucae
1312 630 1389 654 22.:
1411 621 1517 654 Facta
1531 624 1573 654 est
1589 621 1748 654 contentio

188 676 274 709 inter
294 675 468 721 discipulos
483 675 571 719 sesa,
595 677 665 721 quis
685 687 799 709 eorum
818 680 892 710 asset
911 677 1022 721 major
1031 687 1043 716 ‚·
1068 685 1156 720 ergo
1179 673 1366 708 contentio
1388 684 1463 707 non
1486 681 1539 708 est
1558 681 1749 719 peccatum

190 728 356 763 mortale.

260 792 292 816 2.
314 782 552 816 PRAETEREA.
582 781 683 815 Nulli
716 782 806 816 bene
839 782 1014 828 disposito
1038 781 1144 816 debet
1161 780 1303 828 placere
1325 788 1517 827 peccatum
1539 779 1692 814 mortale
1714 780 1750 814 in

188 836 374 882 proximo:
398 835 459 870 sed
482 836 568 869 dicit
589 835 789 881 Apostolus
812 836 855 869 ad
873 835 1004 881 Philip.
1032 846 1084 869 1.:
1117 835 1266 879 Quidam
1293 846 1331 868 ex
1348 835 1550 869 contentione
1581 833 1750 868 Christum

188 891 404 932 annuntiant,
429 897 463 923 et
484 898 609 935 postea
630 889 763 923 subdit:
786 890 832 924 Et
850 891 884 923 in
911 890 968 924 hoc
986 889 1122 935 gaudeo,
1141 888 1193 923 sed
1214 893 1242 923 et
1261 887 1427 934 gnndaboe
1451 898 1538 933 ergo
1561 887 1748 922 contentio

187 954 261 977 non
289 952 341 977 est
362 951 553 989 peccatum
576 942 741 976 mortale.

262 1008 290 1042 3.
314 997 551 1031 PRAETEREA.
576 995 777 1041 Contingit,
800 995 897 1042 quod
919 996 1031 1042 aliqui
1051 995 1109 1030 vel
1129 995 1165 1029 in
1187 995 1334 1040 judicio,
1363 994 1422 1028 vel
1446 994 1484 1028 in
1509 993 1750 1040 disputatione

189 1050 423 1091 contendunt,
447 1060 521 1083 non
544 1049 666 1095 aliquo
689 1050 812 1082 animo
835 1048 1070 1095 malignandi,
1086 1049 1147 1083 sed
1163 1049 1280 1094 potius
1295 1048 1521 1082 intendentes
1535 1047 1579 1081 ad
1593 1047 1748 1090 bonum;

187 1104 279 1138 sicut
299 1103 362 1145 illi,
386 1104 446 1149 qui
468 1111 593 1136 contra
614 1103 816 1136 haereticos
839 1102 1054 1148 disputando
1083 1102 1318 1143 contendunt,
1348 1101 1443 1135 unde
1473 1112 1579 1146 super
1604 1099 1693 1134 illud
1719 1111 1746 1134 1.

188 1157 277 1203 Reg.
309 1167 383 1199 14:
413 1156 546 1191 Accidit
572 1156 713 1201 qnndizm
735 1156 796 1198 clia,
817 1164 895 1197 etc„
923 1156 1008 1189 dicit
1036 1155 1138 1189 Glos.
1166 1155 1334 1200 (ordin.).·
1374 1168 1391 1186 ι(
1411 1154 1596 1188 Catholici
1622 1162 1748 1188 contra

188 1211 392 1245 haereticos
415 1211 666 1244 contentiones
687 1221 761 1243 non
784 1217 1032 1251 commovent,
1058 1209 1127 1243 nisi
1148 1209 1244 1255 prius
1272 1209 1315 1242 ad
1342 1217 1526 1242 certamen
1552 1219 1749 1253 provocen-

186 1273 274 1298 tur»
294 1277 302 1306 ;
325 1275 411 1309 ergo
436 1264 621 1297 contentio
643 1274 717 1296 non
740 1271 794 1297 est
815 1271 1009 1308 peccatum
1031 1262 1196 1296 mortale.

257 1328 290 1360 4.
313 1318 550 1351 PRAETEREA.
569 1317 636 1361 Job
656 1316 796 1350 videtur
812 1328 895 1350 cum
914 1316 994 1349 Deo
1012 1316 1252 1357 contendisse,
1272 1315 1471 1349 secundum
1487 1314 1576 1348 illud
1589 1315 1657 1360 Job
1672 1324 1747 1361 29.:

187 1371 361 1416 Numquid
383 1372 441 1416 qni
462 1370 624 1404 contundit
645 1382 719 1404 cnm
740 1371 826 1411 Deo,
850 1375 918 1404 tam
932 1370 1035 1415 facila
1054 1370 1280 1415 conquiescit?
1302 1369 1345 1402 Et
1358 1378 1480 1403 tamen
1497 1369 1563 1414 Job
1583 1379 1657 1402 non
1671 1378 1750 1414 pec-

189 1425 283 1458 cavit
305 1424 527 1457 mortaliter:
552 1424 635 1469 quia
656 1423 839 1457 Dominus
862 1423 904 1456 de
928 1434 972 1457 eo
995 1423 1098 1456 dicit:
1121 1423 1199 1457 Non
1221 1424 1292 1457 estis
1306 1423 1406 1457 locuti
1419 1428 1545 1457 rectum
1558 1434 1672 1457 coram
1685 1434 1748 1465 me,

185 1479 269 1512 sicut
287 1489 401 1511 servus
422 1489 510 1511 meus
527 1478 602 1520 Job,
626 1484 664 1510 ut
684 1476 837 1510 habetur
854 1476 921 1521 Job
945 1475 1019 1518 ult.;
1042 1487 1130 1521 ergo
1153 1477 1339 1510 contentio
1361 1487 1435 1510 non
1448 1487 1591 1522 semper
1605 1484 1658 1510 est
1670 1486 1750 1521 pec-

187 1539 309 1565 catum
331 1530 495 1564 mortale.

257 1584 332 1618 SED
356 1594 512 1618 CONTRA
539 1591 602 1625 est,
632 1583 729 1629 quod
752 1583 990 1617 contrariatur
1011 1590 1202 1628 praecepto
1234 1582 1413 1629 Apostoli,
1448 1583 1507 1628 qui
1529 1582 1616 1616 dicit
1644 1592 1676 1616 2.
1705 1582 1748 1616 ad

187 1637 350 1672 Timoth.
383 1648 433 1671 2.:
462 1637 542 1672 Non
566 1638 675 1671 verbis
700 1636 912 1677 contendam,-
942 1644 977 1670 et
1004 1635 1122 1670 Galat.
1154 1646 1181 1680 5.
1211 1636 1396 1670 contentio
1421 1644 1632 1670 numeratur
1657 1636 1749 1670 inter

185 1702 294 1737 opera
317 1691 444 1732 carnis,
467 1702 549 1736 qnae
574 1691 630 1735 qni
659 1695 774 1735 agunt,
799 1702 934 1735 ragnum
956 1690 1023 1724 Dei
1049 1701 1114 1723 non
1134 1689 1357 1735 possidebunt,
1380 1697 1418 1724 ut
1443 1689 1578 1724 ibidem
1600 1689 1746 1724 dicitur:

183 1746 245 1779 sed
261 1756 382 1786 omne,
397 1744 493 1790 quod
516 1743 754 1778 contrariatur
768 1751 973 1789 praecepto,
988 1751 1041 1777 est
1053 1750 1245 1789 peccatum
1261 1742 1435 1785 mortale;
1453 1754 1540 1788 ergo
1560 1743 1747 1778 contentio

185 1807 237 1832 est
258 1806 450 1844 peccatum
472 1796 637 1831 mortale.

254 1851 483 1885 RESPONDEO
499 1851 705 1892 dicendum,
719 1850 817 1896 quod
832 1850 1052 1884 contendere
1068 1858 1121 1884 est
1142 1858 1267 1884 contra
1289 1849 1447 1896 aliquem
1468 1850 1634 1893 tendere;
1653 1850 1748 1885 unde

184 1905 277 1939 sicut
298 1905 476 1938 discordia
498 1905 789 1938 contrarietatem
812 1905 1009 1949 quamdam
1023 1904 1196 1949 importat
1212 1903 1249 1937 in
1267 1903 1472 1938 voluntate:
1495 1905 1543 1938 ita
1563 1905 1747 1939 contentio

185 1959 477 1993 contrarietatem
499 1958 695 2004 quamdam
728 1958 901 2003 importat
921 1958 958 1992 in
979 1957 1182 1999 locutione3
1205 1965 1239 1991 et
1271 1959 1416 2003 prop'ter
1437 1957 1508 1991 hoc
1530 1957 1642 1992 etiam
1664 1969 1748 1992 cum

184 2013 300 2047 oratio
316 2012 466 2056 alicujus
488 2023 550 2057 per
564 2011 744 2045 contraria
759 2022 796 2045 se
813 2010 989 2052 diffundit,
1010 2019 1162 2044 vocatur
1183 2012 1364 2051 contentio,-
1385 2021 1476 2056 quae
1494 2011 1638 2057 ponitur
1656 2023 1748 2046 unus

184 2066 287 2100 color
307 2065 524 2100 Rhetoricus
543 2076 561 2098 a
586 2064 720 2106 Tullio,
747 2065 808 2110 qui
822 2064 907 2098 dicit
929 2064 1001 2107 (lib.
1023 2076 1056 2109 4.
1079 2064 1168 2099 Rha.
1183 2063 1225 2098 ad
1244 2064 1407 2108 Heren.):
1431 2077 1448 2096 «
1465 2063 1663 2099 Contentio
1683 2074 1747 2108 est,

185 2132 269 2154 cum
291 2132 334 2154 ex
355 2119 543 2153 contrariis
565 2119 670 2153 rebus
703 2119 818 2153 oratio
847 2117 1009 2159 efficitur,
1032 2118 1103 2151 hoc
1138 2125 1264 2164 pacto:
1294 2118 1412 2152 Habet
1437 2119 1645 2161 assentatio,
1670 2119 1748 2154 idest

184 2173 342 2213 adulatio,
369 2172 524 2217 jucunda
546 2172 731 2218 principia,
758 2171 886 2206 eadem
914 2171 1026 2205 exitus
1049 2171 1297 2204 amarissimos
1323 2170 1426 2205 affert
1440 2185 1472 2205 n.
1501 2171 1747 2207 Contrarietas

185 2235 307 2262 autem
328 2225 522 2260 locutionis
544 2233 663 2271 potest
685 2225 818 2259 attendi
839 2225 1033 2270 dupliciter:
1048 2236 1112 2258 uno
1134 2224 1229 2258 modo
1251 2232 1427 2270 quantum
1441 2224 1485 2259 ad
1506 2225 1747 2261 intentionem

185 2279 453 2314 contendentis:
477 2279 543 2313 alio
570 2278 666 2312 modo
688 2286 863 2324 quantum
883 2277 927 2311 ad
949 2277 1119 2311 modum:
1143 2277 1178 2310 in
1200 2277 1400 2312 intentione
1420 2278 1567 2323 quidem
1586 2279 1747 2313 conside-

184 2334 336 2368 randum
359 2341 421 2374 est,
439 2341 559 2366 utrum
576 2332 702 2377 aliquis
725 2331 963 2366 contrarietur
983 2331 1135 2372 veritati,
1155 2331 1251 2376 quod
1274 2339 1327 2365 est
1343 2331 1590 2377 vituperabile,
1607 2332 1667 2367 vel
1685 2332 1747 2367 fal-

185 2388 290 2428 sitati,
318 2386 414 2433 quod
437 2394 490 2420 est
514 2385 713 2427 laudabile3
736 2385 771 2418 in
793 2384 904 2418 modo
940 2392 1061 2418 autem
1083 2384 1387 2418 considerandum
1421 2393 1484 2427 est,
1518 2393 1638 2419 utrum
1665 2385 1746 2420 talis

184 2441 315 2475 modus
337 2439 581 2474 contrariandi
596 2438 787 2472 conveniat
805 2446 840 2472 et
857 2439 1030 2484 personis,
1053 2446 1088 2471 et
1101 2438 1275 2483 negotiis,
1295 2438 1378 2483 quia
1393 2438 1464 2472 hoc
1481 2447 1534 2472 est
1547 2438 1744 2474 laudabile:

184 2495 278 2528 unde
302 2493 444 2527 Tullius
467 2493 553 2526 dicit
575 2493 609 2526 in
636 2503 663 2537 3.
686 2491 791 2525 Rhet.
809 2491 866 2534 (ad
887 2493 1026 2536 Herm.)
1050 2492 1147 2536 quod
1169 2492 1355 2525 contentio
1378 2500 1431 2525 est
1452 2492 1568 2526 oratio
1591 2493 1682 2527 acris
1701 2493 1745 2526 ad

185 2548 487 2588 confirmandum,
521 2554 555 2580 et
581 2545 841 2579 confutandum
869 2544 1166 2579 accommodata:
1194 2545 1251 2578 vel
1278 2545 1427 2589 excedat
1453 2546 1744 2580 convenientiam

185 2611 434 2647 personarum,
457 2608 491 2634 et
516 2599 767 2644 negotiorum3
790 2607 824 2632 ct
842 2599 891 2632 sic
916 2598 1100 2632 contentio
1123 2606 1176 2632 cst
1208 2598 1473 2643 vituperabili53
1495 2599 1524 2633 si
1546 2610 1632 2645 ergo
1655 2600 1745 2633 acci-

184 2655 299 2700 piatur
322 2655 517 2695 contentio,
539 2652 739 2686 secundum
761 2652 858 2697 quod
877 2652 1048 2697 importat
1069 2652 1383 2697 impugnationem
1406 2653 1576 2694 veritatis,
1596 2661 1631 2687 et
1650 2653 1744 2687 inor-

184 2709 346 2742 dinatum
375 2708 538 2748 modum,
559 2706 609 2740 sic
633 2714 684 2740 cst
711 2714 901 2752 peccatum
929 2705 1093 2739 mortale.
1122 2705 1164 2739 Et
1186 2705 1257 2739 hoc
1285 2706 1396 2739 modo
1424 2706 1546 2740 definit
1572 2706 1742 2741 Ambros.

186 2763 470 2802 contentionem,
485 2760 608 2794 dicens
629 2760 720 2804 (hab.
743 2761 777 2792 in
798 2759 886 2793 Glos.
903 2758 1009 2792 ordin.
1033 2760 1126 2793 Rom.
1145 2771 1168 2793 z.
1186 2766 1255 2805 sup.
1274 2759 1599 2801 illzcdtHomicidiis‚
1615 2764 1743 2794 conten—

187 2817 292 2850 tione:
316 2827 372 2850 nec
391 2827 429 2849 ex
448 2816 602 2849 Ambros.
618 2813 799 2856 occnrr·it):
825 2825 842 2843 «
859 2812 1056 2846 Contentio
1071 2820 1124 2845 est
1145 2813 1369 2857 impugnatio
1389 2813 1546 2847 veritatis
1561 2824 1645 2846 cum
1660 2824 1743 2846 con-

186 2868 330 2903 fidentia
346 2868 557 2903 clamoris».
574 2868 612 2902 Si
627 2875 748 2901 autem
759 2866 943 2900 contentio
958 2865 1095 2899 dicatur
1108 2866 1333 2912 impugnatio
1347 2866 1511 2901 falsitatis
1520 2877 1603 2900 cum
1621 2866 1741 2901 debito
