1859 3122
491 184 711 221 QUAEsrro
746 184 846 214 cv11.
883 183 1126 213 ARTlcurth
1160 183 1216 212 rv.
1547 183 1627 225 755

148 277 178 302 2.
201 267 436 301 PRAETEREA.
460 266 589 301 Nullus
608 266 712 301 debet
731 266 831 301 alteri
851 266 1020 312 praebere
1039 265 1272 299 occasionem
1291 264 1481 310 peccandi:
1505 264 1565 298 sed
1585 265 1632 298 in-

76 328 197 366 gratus
218 320 433 354 beneficium
461 321 636 366 recipiens
666 320 775 355 sumit
802 319 1035 354 occasionem
1061 318 1344 365 ingratitudinis3
1372 329 1458 364 ergo
1481 329 1554 352 non
1581 326 1633 352 cst

75 373 217 420 ingrato
239 373 453 408 beneficium
476 373 645 408 dandum.

150 438 178 473 3.
201 427 436 461 PRAETEREA.
463 428 497 460 In
520 439 581 473 quo
604 429 674 473 quis
689 432 815 474 peccat,
835 433 896 473 per
917 427 975 461 hoc
993 431 1020 461 et
1042 431 1224 472 torquetur,
1246 433 1283 460 ut
1305 426 1441 468 dicitur,
1462 425 1545 472 Sap.
1568 436 1632 467 11.,

76 480 137 515 sed
158 480 218 514 ille
239 481 298 526 qui
320 481 480 525 ingratus
502 489 553 515 est
571 480 747 515 beneficio
763 488 926 526 accepto,
941 488 1068 526 peccat
1082 487 1206 514 contra
1220 479 1454 521 beneficium
1474 490 1560 525 ergo
1581 487 1633 514 est

75 533 251 568 beneficio
274 534 476 579 privandus.

146 587 219 622 SED
247 598 401 622 CONTRA
425 596 487 630 cst,
510 588 605 634 quod
629 588 766 630 dicitur,
794 587 880 620 Luc.
908 586 954 630 6.,
978 587 1075 633 quod
1096 587 1282 621 Altissz'mus
1303 587 1520 631 lmnignnsest
1540 593 1634 633 super

74 642 233 687 ingratos,
255 647 284 676 et
306 642 428 676 malm:
456 642 516 676 sed
540 653 602 687 per
624 643 700 687 ejus
722 640 963 674 imitationem
986 652 1052 674 nos
1074 639 1168 674 filios
1187 651 1264 674 esse
1284 647 1426 685 oportet
1448 648 1485 673 ut
1500 639 1632 673 ibidem

75 695 222 737 dicitur3
245 706 331 740 ergo
354 706 427 728 non
450 695 621 729 debemus
644 694 791 738 ingratis
814 693 987 727 beneficia
1010 694 1229 727 subtrahere.

147 748 375 783 RESPONDEO
399 748 604 790 dicendum,
627 748 722 794 quod
743 747 837 781 circa
856 747 1036 792 ingratum
1053 747 1114 781 cluo
1131 747 1391 781 consideranda
1406 747 1632 793 sunt:pr1'mo

75 803 233 849 quidem,
256 802 339 848 quiri
362 810 414 836 cst
436 803 531 848 quod
554 802 628 848 ipse
651 802 778 847 dignus
800 801 844 835 sit
865 801 957 847 pati;
980 810 1013 835 et
1035 801 1084 835 sic
1108 809 1246 834 certum
1268 808 1331 842 est,
1354 800 1450 846 quod
1473 808 1631 834 meretur

74 855 238 890 beneficii
252 856 549 890 subtractionem:
566 856 630 889 alio
646 855 738 889 modo
755 855 1058 888 considerandum
1073 862 1136 895 est,
1148 854 1242 900 quod
1256 862 1419 900 oporteat
1431 854 1632 888 beneficum

74 909 211 944 facere:
227 910 339 956 primo
362 920 518 954 namque
540 919 613 942 non
636 908 740 942 debet
761 919 838 942 esse
860 907 975 941 facilis
1000 908 1042 941 ad
1064 907 1359 953 ingratitudinem
1382 908 1632 952 judicandam3

75 963 157 1009 quia
183 962 419 1008 «frequenter
433 962 574 1008 aliquis,
588 970 626 996 ut
641 962 779 996 Seneca
795 962 880 995 dicit
895 962 969 1006 (lib.
985 974 1012 1008 3.
1032 961 1068 995 de
1086 962 1194 1005 Bonas.
1215 967 1285 1007 cap.
1309 962 1366 1007 7.),
1391 963 1449 1007 qui
1467 973 1541 995 non
1559 961 1633 995 red-

74 1016 174 1058 didit,
197 1024 318 1061 gratus
341 1024 393 1051 est
410 1028 450 1058 »3
473 1016 555 1062 quia
568 1015 660 1050 forte
675 1026 749 1049 non
765 1016 922 1049 occurrit
943 1015 975 1049 ei
996 1014 1159 1056 facultas,
1177 1022 1236 1049 aut
1250 1015 1369 1049 debita
1384 1015 1632 1061 opportunitas

74 1069 263 1103 reddendi:
286 1069 420 1104 secundo
443 1069 546 1103 debet
560 1067 706 1103 tendere
730 1068 773 1102 ad
794 1069 878 1110 hoc,
894 1069 990 1114 quod
1012 1068 1055 1102 de
1074 1068 1216 1114 ingrato
1232 1076 1374 1114 gratum
1392 1068 1516 1110 faciat3
1536 1068 1633 1114 quod

73 1122 103 1156 si
120 1134 195 1156 non
216 1130 333 1169 potest
353 1122 470 1169 primo
492 1122 668 1156 beneficio
690 1121 820 1165 facere,
846 1121 937 1156 forte
963 1121 1070 1156 faciet
1096 1123 1275 1156 secundo:
1303 1122 1333 1156 si
1358 1133 1444 1156 vero
1466 1133 1509 1156 ex
1530 1122 1634 1156 bene-

75 1175 164 1209 ficiis
183 1175 427 1222 multiplicatis
448 1175 743 1222 ingratitudinem
766 1183 907 1222 augeat,
930 1183 964 1210 et
984 1177 1085 1221 pejor
1107 1175 1178 1217 fiat,
1201 1175 1306 1210 debet
1332 1186 1352 1210 a
1372 1175 1632 1210 beneficiorum

77 1229 297 1264 exhibitione
320 1240 470 1263 cessare.

144 1283 204 1317 AD
222 1293 372 1317 PRrMUM
390 1293 477 1328 ergo
499 1282 705 1325 dicendum,
728 1282 824 1329 quod
847 1282 1041 1317 auctoritas
1062 1281 1124 1316 illa
1145 1282 1304 1328 loquitur
1325 1290 1500 1329 quantun]
1522 1282 1567 1316 ad
1584 1282 1632 1324 id,

76 1336 171 1382 quod
193 1335 354 1381 ingratus
377 1336 505 1382 dignus
526 1344 579 1371 est
600 1336 683 1382 pati.

143 1389 203 1423 AD
227 1399 434 1424 SECUNDUM
456 1389 661 1432 dicendum,
684 1389 780 1435 quod
802 1389 862 1423 ille
883 1389 944 1435 qui
964 1389 1107 1434 ingrato
1135 1389 1351 1424 beneficium
1377 1390 1530 1435 exhibet,
1557 1401 1631 1424 non

74 1441 134 1476 dat
155 1441 189 1476 ei
210 1443 443 1477 occasionem
465 1443 651 1488 peccandi,
674 1443 736 1477 sed
762 1443 878 1488 magis
906 1442 1143 1489 gratitudinis,
1166 1451 1200 1477 et
1222 1443 1370 1477 amoris:
1399 1443 1429 1477 si
1458 1454 1544 1478 vero
1570 1443 1631 1478 ille

73 1496 133 1541 qui
144 1495 285 1540 accipit,
297 1495 561 1541 ingratitudinis
572 1496 698 1530 exinde
714 1496 948 1530 occasionem
957 1504 1087 1539 sumat,
1098 1507 1172 1530 non
1188 1504 1240 1530 est
1254 1496 1352 1530 danti
1365 1496 1629 1543 imputandum.

143 1549 202 1583 AD
226 1559 396 1583 TERTIUM
420 1549 625 1591 dicendum,
644 1550 738 1595 quod
759 1549 818 1583 ille
841 1549 901 1595 qui
919 1549 1136 1584 beneficium
1155 1549 1224 1591 dat,
1242 1561 1317 1583 non
1335 1550 1456 1584 statim
1475 1562 1512 1584 se
1527 1550 1631 1584 debet

75 1601 242 1636 exhibere
264 1602 469 1647 punitorem
490 1602 766 1647 ingratitudinis,
788 1603 850 1637 sed
872 1603 967 1648 prius
990 1603 1090 1652 pium
1117 1603 1319 1646 medicum3
1347 1611 1384 1638 ut
1409 1603 1547 1638 scilicet
1571 1604 1632 1638 ite-

76 1655 160 1689 ratis
182 1655 363 1690 beneficiis
386 1655 678 1701 ingratitudinem
701 1664 812 1690 sanet.

575 1984 930 2045 QUAESTIO
973 1984 1142 2032 cviii.

218 2108 280 2139 DE
310 2108 670 2146 VINDICATIONE,
701 2108 751 2138 IN
779 2107 1005 2147 QUATUOR
1031 2108 1292 2140 ARTICULOS
1320 2109 1495 2140 DIVISA.

144 2242 285 2277 Deinde
308 2241 611 2276 considerandum
630 2250 683 2276 est
703 2242 747 2277 de
768 2241 1021 2276 vindicatione.

538 2332 579 2366 Et
600 2333 690 2366 circa
710 2332 768 2367 hoc
789 2337 994 2378 quaeruntur
1011 2337 1162 2378 quatuor.

144 2402 280 2436 Primo.
304 2402 436 2437 Utrum
458 2402 653 2437 vindicatio
675 2403 720 2437 sit
740 2402 847 2437 licita.

145 2456 325 2490 Secundo.
349 2456 482 2490 Utrum
504 2455 547 2490 sit
569 2455 732 2502 specialis
754 2457 876 2491 virtus.

146 2508 283 2544 Tertio.
305 2510 361 2543 De
384 2509 494 2543 modo
517 2509 731 2543 vindicandi.

146 2563 298 2603 Quarto.
321 2563 361 2596 In
383 2574 473 2609 quos
492 2564 536 2596 sit
556 2563 711 2597 vindicta
735 2563 942 2597 exercenda.
