1859 3122
481 168 700 204 QUAESTIO
734 167 836 197 XVII.
871 167 1113 198 ARTICULUS
1146 166 1190 196 11.
1542 165 1620 207 137

71 263 91 286 a
111 251 192 286 Deo
218 262 292 285 non
314 250 433 284 solum
454 250 712 284 beatitudinem
740 257 934 291 aeternam,
957 249 1017 283 sed
1046 249 1153 283 etiam
1175 249 1270 281 bona
1296 246 1493 293 praesentis
1514 246 1620 287 vitae,

70 313 144 339 tam
166 304 374 350 spiritualia,
409 315 517 349 quam
553 303 777 350 temporalia,
810 310 843 337 ct
877 303 985 337 etiam
1008 302 1259 336 liberationem
1288 312 1305 334 a
1329 300 1444 341 malis,
1472 311 1562 345 quae
1590 299 1624 332 in

71 358 291 392 beatitudine
315 366 459 392 aeterna
487 369 559 391 non
591 365 711 399 erunt3
734 365 771 390 ut
801 365 897 402 patet
918 357 953 389 in
986 356 1162 390 Oratione
1194 355 1389 389 Dominica
1418 353 1545 387 Matth.
1568 353 1623 394 8.;

73 423 159 458 crgo
181 411 365 446 beatitudo
389 419 532 445 aeterna
554 422 627 444 non
650 418 702 444 est
723 411 908 456 proprium
929 410 1110 455 objectum
1133 409 1218 455 spei.

146 477 173 512 3.
197 465 432 500 PRAETEREA.
455 465 541 511 Spei
562 465 744 509 objectum
767 472 819 498 est
841 464 1010 498 arduum:
1034 463 1095 497 sed
1110 463 1146 496 in
1163 461 1433 508 comparatione
1457 459 1629 494 adhomi-

71 530 155 553 nem
178 518 290 552 multa
313 518 381 552 alia
403 526 484 552 sunt
510 518 631 559 ardua,
658 528 767 563 quam
793 516 975 551 beatitudo
998 524 1159 557 aeterna3
1175 526 1262 560 ergo
1285 513 1467 548 beatitudo
1484 521 1629 548 aeterna

71 583 145 607 non
160 579 212 606 est
226 572 410 618 proprium
427 571 607 616 objectum
628 570 714 617 spei.

144 625 218 659 SED
241 635 394 659 CONTRA
411 633 473 666 est,
486 624 582 670 quod
604 624 730 670 Apost.
749 624 791 658 ad
811 624 918 658 Hebr.
942 622 973 658 6.
997 623 1104 658 dicit:
1127 623 1296 657 Habemus
1312 629 1401 668 spem
1419 621 1628 661 incedentem,

71 678 163 713 idest
186 677 331 713 incedere
345 678 524 723 facientem
546 677 588 711 ad
606 679 765 712 interiora
786 677 971 719 velaminis,
998 676 1089 710 idest
1118 676 1159 710 ad
1189 675 1422 710 beatitudinem
1445 675 1628 714 eudemum

73 740 111 766 ut
133 731 235 766 Glos.
255 731 396 776 (interl.)
418 731 551 764 ibidem
573 731 740 777 exponit3
764 742 850 777 ergo
874 731 1056 776 objectum
1079 730 1154 776 spei
1176 737 1228 764 est
1253 729 1436 763 beatitudo
1465 737 1618 763 aeterna.

143 785 372 819 RESPONDl-:o
395 785 600 826 dicendum,
622 785 731 830 quod,
753 785 845 819 sicut
866 785 1003 818 dictum
1030 792 1083 818 est
1110 784 1189 828 (art.
1210 784 1354 830 praest),
1383 794 1464 829 spes
1491 782 1533 816 de
1561 793 1628 828 qua

72 850 167 873 nunc
188 838 383 885 loquimur,
400 838 542 884 attingit
563 838 696 880 Deum,
710 838 866 872 innitens
882 839 956 883 ejus
972 837 1104 872 auxilio
1122 837 1164 871 ad
1181 837 1479 883 consequendum
1493 836 1630 870 bonum

73 900 270 939 speratum:
287 900 429 938 oportet
439 900 571 934 autem,
583 891 752 926 effectum
763 903 839 926 esse
851 903 980 926 causae
993 891 1326 938 proportionatum;
1343 898 1377 924 et
1390 890 1471 924 ideo
1482 889 1631 931 bonum,

73 946 170 992 quod
193 945 350 992 proprie,
374 954 408 979 et
429 945 674 992 principaliter
696 957 715 979 a
736 946 817 979 Deo
840 957 983 992 sperare
1006 945 1190 987 debemus,
1213 952 1267 978 est
1286 944 1424 978 bonum
1442 942 1633 984 infinitum,

73 999 169 1045 quod
184 999 476 1046 proportionatur
485 999 606 1033 virtuti
619 999 689 1033 Dei
705 999 924 1044 adjuvantis:
948 1010 1033 1032 nam
1049 997 1207 1032 infinitae
1225 997 1365 1032 virtutis
1381 1005 1434 1031 est
1447 996 1633 1043 proprium

75 1052 119 1086 ad
139 1051 320 1086 infinitum
341 1053 478 1086 bonum
500 1052 718 1098 perducere:
741 1052 813 1086 hoc
837 1059 957 1086 autem
978 1052 1115 1086 bonum
1139 1059 1192 1086 est
1212 1051 1283 1085 vita
1307 1059 1462 1092 aeterna,
1485 1061 1575 1096 quae
1597 1049 1632 1082 in

75 1105 242 1140 fruitione
263 1106 373 1152 ipsius
394 1106 464 1139 Dei
486 1105 664 1139 consistit:
698 1117 772 1139 non
795 1106 892 1140 enim
914 1105 1033 1139 minus
1056 1104 1190 1151 aliquid
1213 1105 1254 1138 ab
1271 1115 1314 1138 eo
1334 1103 1551 1150 sperandum
1571 1110 1633 1144 est,

79 1170 189 1205 quam
210 1159 255 1193 sit
274 1159 368 1205 ipse;
396 1170 479 1192 cum
505 1170 579 1193 non
605 1159 650 1193 sit
675 1159 796 1193 minor
821 1161 898 1205 ejus
923 1159 1077 1200 bonitas,
1104 1169 1167 1204 per
1192 1169 1302 1204 quam
1327 1158 1423 1191 bona
1451 1165 1634 1190 creaturae

77 1212 336 1254 communicat,
358 1224 467 1258 quam
493 1213 568 1258 ejus
595 1213 768 1255 essentia,
791 1220 825 1247 et
846 1212 928 1247 ideo
955 1212 1152 1259 proprium,
1180 1219 1215 1246 et
1235 1210 1431 1258 principale
1453 1210 1634 1256 objectum

80 1266 156 1312 spei
177 1273 229 1301 est
250 1265 433 1300 beatitudo
456 1274 612 1300 aeterna.

149 1319 210 1354 AD
227 1329 377 1354 PRIMUM
399 1330 485 1365 ergo
508 1319 713 1361 dicendum,
736 1319 833 1365 quod
859 1318 1042 1353 beatitudo
1070 1326 1215 1352 aeterna
1241 1317 1399 1364 perfecte
1427 1317 1573 1362 quidem
1599 1315 1635 1349 in

80 1383 143 1407 cor
163 1373 323 1407 hominis
344 1384 419 1407 non
432 1373 604 1415 ascendit,
618 1381 657 1408 ut
670 1373 808 1407 scilicet
823 1373 998 1419 cognosci
1019 1372 1132 1419 possit
1146 1372 1188 1406 ab
1203 1371 1353 1406 homine
1367 1371 1517 1412 viatore,
1533 1380 1635 1415 quae,

80 1434 115 1460 et
135 1425 250 1472 qualis
272 1426 335 1468 sit;
356 1426 419 1460 sed
438 1426 638 1461 secundum
661 1437 896 1460 communem
918 1426 1108 1467 rationem,
1130 1424 1268 1460 scilicet
1293 1424 1379 1458 boni
1401 1423 1559 1470 perfecti,
1583 1433 1637 1455 ca-

80 1479 164 1514 dere
184 1487 302 1526 potest
321 1480 357 1514 in
379 1480 705 1526 apprehensionem
725 1480 897 1521 hominis,
917 1488 952 1514 et
972 1479 1043 1514 hoc
1066 1479 1178 1513 modo
1205 1486 1327 1512 motus
1354 1477 1430 1523 spei
1456 1477 1491 1510 in
1518 1476 1635 1522 ipsam

83 1532 287 1578 consurgit;
309 1533 403 1567 unde
435 1540 468 1567 et
489 1533 672 1579 signanter
701 1532 902 1579 Apostolus
931 1533 1017 1566 dicit
1040 1532 1159 1576 (Hebr.
1188 1533 1250 1577 6.),
1279 1531 1392 1577 quod:
1419 1531 1494 1577 Spes
1519 1529 1639 1564 ‘incedit

81 1597 178 1631 usque
199 1585 241 1620 ad
260 1587 421 1621 interiora
445 1586 620 1621 velaminis
629 1599 641 1627 ‚·
665 1586 748 1632 quia
768 1585 816 1628 id,
838 1585 935 1632 quod
960 1596 1160 1632 speramus,
1182 1593 1236 1619 est
1260 1584 1365 1619 nobis
1390 1584 1492 1630 quasi
1519 1583 1634 1617 adhuc

82 1638 252 1673 velatum.

152 1692 211 1726 AD
234 1702 439 1727 SECUNDUM
466 1692 670 1734 dicendum,
699 1692 795 1738 quod
822 1703 1073 1738 quaecumque
1101 1691 1170 1725 alia
1197 1691 1291 1725 bona
1318 1702 1392 1725 non
1419 1690 1590 1724 debemus
1619 1700 1637 1722 a

82 1744 164 1779 Deo
186 1753 318 1791 petere,
339 1746 409 1780 nisi
429 1745 465 1779 in
487 1745 612 1779 ordine
634 1745 677 1779 ad
698 1745 958 1779 beatitudinem
981 1753 1185 1787 aeternam3
1207 1744 1301 1778 unde
1317 1752 1350 1778 et
1372 1755 1451 1790 spes
1466 1743 1640 1789 principa-

83 1798 165 1833 liter
185 1799 331 1844 quidem
348 1799 492 1845 respicit
509 1798 767 1833 beatitudinem
786 1806 989 1833 aeternam:
1013 1798 1082 1832 alia
1107 1809 1205 1840 vero,
1225 1808 1316 1844 quae
1330 1805 1498 1844 petuntur
1512 1807 1531 1830 a
1545 1796 1638 1837 Deo,

82 1852 226 1898 respicit
247 1852 460 1886 secundario
482 1852 518 1885 in
541 1852 666 1886 ordine
688 1852 731 1885 ad
752 1851 1012 1886 beatitudinem
1034 1859 1234 1885 aeternam:
1257 1851 1349 1885 sicut
1374 1858 1408 1884 et
1433 1849 1519 1884 fides
1547 1849 1637 1895 prin-

85 1904 245 1951 cipaliter
267 1905 411 1951 quidem
437 1905 582 1951 respicit
607 1905 748 1948 Deum,
776 1913 810 1939 et
836 1905 1050 1939 secundario
1078 1904 1222 1950 respicit
1248 1915 1301 1946 ea,
1328 1915 1419 1950 quae
1446 1903 1489 1937 ad
1516 1903 1637 1937 Deum

85 1958 304 1998 ordinantur,
326 1966 364 1992 ut
385 1970 491 2005 supra
513 1958 650 1992 dictum
672 1966 725 1992 est
746 1959 793 2004 (q.
820 1968 846 1992 Ι.
875 1963 938 1992 art.
966 1959 1021 2004 1.).

157 2012 216 2046 AD
244 2022 414 2046 TERTIUM
442 2011 645 2054 dicendum,
673 2012 769 2058 quod
796 2011 948 2053 homini,
976 2011 1037 2057 qui
1064 2010 1210 2045 anhelat
1231 2010 1273 2045 ad
1297 2010 1428 2056 aliquid
1452 2020 1639 2055 magnum,

84 2075 235 2111 parvum
247 2065 388 2099 videtur
406 2076 515 2099 omne
531 2064 638 2107 aliud,
653 2065 750 2111 quod
769 2073 823 2099 est
837 2076 881 2099 eo
896 2065 1035 2107 minus3
1055 2072 1088 2098 et
1108 2064 1190 2098 ideo
1207 2064 1350 2098 homini
1365 2063 1520 2110 speranti
1534 2063 1642 2096 beati-

85 2118 247 2152 tudinem
273 2126 468 2160 aeternam,
490 2118 614 2152 habito
639 2126 804 2164 respectu
828 2118 871 2151 ad
893 2118 1000 2151 istam
1021 2129 1135 2164 spem,
1156 2117 1247 2151 nihil
1269 2117 1365 2151 aliud
1392 2125 1444 2151 est
1470 2116 1640 2150 arduum:

87 2171 147 2205 sed
165 2171 286 2206 habito
308 2179 472 2217 respectu
487 2171 531 2205 ad
544 2170 755 2205 facultatem
776 2171 963 2217 sperantis,
985 2178 1135 2217 possunt
1156 2171 1265 2205 etiarn
1287 2170 1464 2216 quaedam
1481 2169 1549 2203 alia
1565 2179 1640 2203 esse

88 2224 220 2267 ardua;
242 2233 276 2259 et
297 2225 496 2259 secundum
517 2225 588 2259 hoc
612 2236 739 2259 eorum
765 2232 882 2271 potest
910 2235 986 2259 esse
1009 2224 1041 2258 ei
1062 2235 1142 2271 spes
1163 2224 1200 2258 in
1222 2224 1347 2259 ordine
1375 2224 1419 2257 ad
1445 2222 1641 2270 principale

89 2284 280 2330 objectum.

631 2389 973 2434 ARTICULUS
1009 2390 1087 2433 ΠΙ.
1597 2398 1642 2441 84

90 2490 241 2521 UTRUM
267 2491 440 2527 ALIQUIS
468 2492 619 2521 POSSIT
648 2492 832 2522 SPERARE
859 2492 1014 2522 ALTERI
1042 2491 1373 2521 BEATITUDINEM
1395 2489 1640 2518 AETERNAM.

301 2573 412 2617 (Part.
431 2585 458 2619 3.
481 2585 510 2619 q.
534 2584 564 2619 7.
585 2578 648 2607 art.
670 2584 703 2617 4.
726 2578 795 2619 et3.
817 2574 905 2607 Dist.
928 2573 984 2608 26.
1011 2578 1041 2608 et
1068 2573 1153 2607 Virt.
1175 2585 1205 2618 q.
1227 2583 1260 2616 4.
1283 2577 1346 2606 art.
1367 2571 1428 2615 4.).

161 2654 220 2688 AD
247 2664 417 2689 TERTIUM
443 2655 493 2688 sic
519 2655 735 2700 proceditur.
762 2654 924 2696 Videtur,
951 2655 1047 2701 quod
1080 2654 1206 2700 aliquis
1234 2653 1346 2699 possit
1372 2662 1513 2697 sperare
1540 2649 1642 2684 alteri

90 2706 347 2742 beatitudinem
363 2716 563 2742 aeternam:
586 2709 672 2742 dicit
693 2709 789 2742 enim
811 2708 1008 2753 Apostolus
1032 2707 1161 2753 Philip.
1188 2718 1234 2740 1.:
1261 2705 1430 2750 Confidam
1448 2705 1506 2738 hoc
1526 2705 1642 2750 ipsum,

36 2761 37 2766 ’
93 2761 171 2805 quia
192 2762 248 2806 qui
269 2763 369 2807 coepit
389 2763 422 2795 in
442 2763 534 2796 vobis
551 2768 628 2808 opas
642 2762 931 2807 bonzcm,pcrficiet
949 2773 1046 2806 usqua
1069 2762 1101 2794 in
1124 2760 1206 2794 diem
1224 2759 1348 2793 Christi
1365 2759 1453 2801 sem:
1473 2756 1642 2803 perfectio

95 2821 214 2848 autem
235 2813 330 2848 illius
351 2814 421 2848 diei
439 2814 504 2849 erit
519 2814 702 2849 beatitudo
722 2822 886 2856 aeterna,
905 2825 991 2860 ergo
1011 2813 1138 2859 aliquis
1160 2820 1278 2858 potest
1297 2810 1397 2845 alteri
1411 2821 1552 2857 sperare
1566 2810 1644 2843 bea-

93 2867 255 2901 tudinem
273 2876 466 2902 aeternam.
