1859 3122
468 162 686 199 QUAESTIO
719 162 895 193 Lxxxrx.
930 162 1174 193 ARTICULUS
1206 163 1247 194 v.
1558 152 1637 206 645

82 246 199 280 debite
231 245 443 280 inducatur:
471 245 566 292 quia,
593 253 631 280 ut
657 245 785 279 dicitur
819 244 928 279 Eccli.
952 254 1024 291 23.:
1047 245 1083 280 Si
1095 245 1327 292 frustraverit,
1343 245 1436 280 idest
1465 245 1645 291 deceperit

82 298 240 341 fratrem,
261 299 414 334 delictum
448 300 547 345 ipsius
573 305 677 345 supra
700 300 805 345 ipsum
839 300 923 334 eris:
950 307 988 333 ut
1014 298 1240 343 Augustinus
1262 299 1365 333 dicit:
1388 312 1406 330 ‹<
1432 298 1476 333 Et
1498 299 1526 332 si
1548 299 1646 333 dissi-

83 352 284 395 mulaverit,
305 353 407 398 quasi
428 364 490 398 per
511 352 781 387 simulationem
803 353 954 398 jurando
973 351 1105 386 falsum
1119 366 1151 394 »,
1166 352 1322 398 delinquit
1343 352 1540 399 dupliciter:
1563 353 1645 398 quia

81 406 220 441 scilicet
239 406 407 441 simulata
429 406 590 452 aequitas
612 414 665 440 est
683 406 812 452 duplex
826 406 1012 452 iniquitas:
1031 414 1065 441 et
1086 406 1115 440 si
1130 406 1166 440 in
1181 417 1337 440 vacuum
1353 406 1534 452 juraverit,
1557 406 1647 440 idest

82 460 158 496 sine
184 460 302 495 debita
324 472 444 503 causa,
467 468 501 495 et
523 460 749 502 necessitate,
772 471 846 494 non
867 460 1128 506 justificabitur.

636 596 982 647 ARTICULUS
1017 603 1093 646 vr.
1580 615 1647 661 487

375 710 528 740 UTRUM
555 710 715 740 LICEAT
742 711 821 741 PER
849 711 1102 741 CREATURAS
1124 712 1300 754 JURARE.

321 799 363 845 (3.
386 800 474 834 Dist.
493 810 544 845 39.
567 803 629 833 art.
652 811 679 834 I.
706 804 736 834 et
756 800 791 833 in
813 805 918 846 expos.
946 799 994 834 lit.
1021 805 1051 834 et
1075 800 1162 834 Hel).
1189 800 1221 835 6.
1249 800 1320 835 lect.
1347 800 1411 845 4.).

155 889 215 923 AD
238 898 390 923 SEXTUM
412 888 461 922 sic
478 888 695 934 proceditur.
714 887 877 930 Videtur,
900 888 997 935 quod
1019 900 1093 923 non
1108 888 1215 923 liceat
1233 900 1296 935 per
1315 897 1495 923 creaturas
1516 890 1651 935 jurare:

85 942 214 977 dicitur
236 941 333 976 enim
354 941 530 975 Matthaei
555 952 600 986 5.:
623 942 691 986 Ego
714 941 786 976 dico
807 943 912 985 vobis,
928 944 1124 988 'tonsurare
1146 944 1292 985 omnint),
1315 955 1414 989 neque
1429 949 1492 989 per
1510 943 1648 986 coelum,

84 1008 184 1042 neque
201 1001 264 1042 per
285 1000 423 1038 terram,
449 1007 550 1040 neque
564 1001 627 1041 per
647 995 926 1041 Hierosolymam,
954 1008 1053 1041 neque
1079 1002 1142 1042 per
1164 1001 1263 1043 caput
1294 1002 1409 1031 tuum:
1429 997 1526 1043 quod
1549 1008 1654 1044 expo-

84 1060 174 1083 nens
196 1048 408 1094 Hieronym.
429 1048 535 1082 dicit:
561 1048 809 1090 «Considera,
831 1048 928 1094 quod
943 1048 1001 1083 hic
1025 1049 1193 1084 Salvator
1213 1061 1288 1084 non
1309 1061 1372 1096 per
1392 1050 1515 1085 Deum
1535 1051 1653 1096 jurare

85 1102 279 1150 prohibuit,
301 1101 362 1136 sed
383 1113 446 1148 per
468 1101 613 1136 coelum
635 1110 670 1136 et
694 1110 840 1144 terram,
860 1110 926 1136 etc.
955 1116 986 1136 ».

134 1166 165 1190 2.
186 1156 423 1190 PRAETEREA.
445 1156 568 1190 Poena
590 1166 664 1190 non
687 1155 836 1190 debetur
861 1156 931 1190 nisi
958 1155 1105 1203 culpae:
1127 1156 1190 1191 sed
1216 1157 1357 1203 jurandi
1387 1169 1450 1204 per
1472 1165 1654 1192 creaturas

87 1210 276 1244 adhibetur
296 1220 436 1255 poena:
461 1209 590 1243 dicitur
612 1209 710 1243 enim
733 1219 787 1243 22.
811 1221 843 1256 q.
871 1221 898 1244 1.
922 1211 1010 1257 (cap.
1034 1210 1108 1257 9.):
1134 1223 1151 1243 ‹<
1180 1210 1365 1246 Clericum
1387 1223 1452 1258 per
1474 1220 1654 1246 creaturas

85 1264 265 1309 jurantem
287 1262 462 1297 acerrime
496 1263 780 1309 objurgandum3
803 1263 832 1297 si
852 1264 1046 1310 perstiterit
1074 1264 1111 1298 in
1132 1264 1233 1307 vitio,
1261 1265 1655 1299 excommunicandum

87 1317 223 1364 placuit
236 1329 276 1359 »3
301 1327 387 1362 ergo
409 1316 576 1351 illicitum
596 1325 648 1351 est
670 1328 732 1363 per
753 1325 934 1352 creaturas
952 1319 1081 1364 jurare.

160 1383 189 1418 3.
212 1372 448 1406 PRAETEREA.
486 1371 738 1418 Juramentum
772 1380 826 1406 est
855 1381 954 1406 actus
987 1372 1125 1415 latriae,
1158 1373 1251 1407 sicut
1283 1373 1419 1407 dictum
1447 1381 1500 1408 est
1517 1374 1601 1419 (art.
1622 1385 1655 1419 4.

88 1426 155 1472 huj.
178 1425 252 1471 q.):
275 1425 337 1459 sed
361 1425 476 1460 cultus
510 1425 634 1460 latriae
668 1437 742 1460 non
778 1426 926 1460 debetur
948 1426 1057 1460 alicui
1079 1434 1277 1469 creaturae,
1298 1435 1337 1461 ut
1354 1435 1451 1474 patet
1473 1427 1580 1462 Rom.
1608 1438 1656 1470 1.;

89 1490 176 1525 ergo
198 1490 273 1513 non
294 1478 379 1512 licet
399 1479 516 1524 jurare
538 1490 600 1524 per
622 1479 781 1525 aliquam
804 1488 1018 1514 creaturam.

160 1532 235 1567 SED
269 1542 424 1567 CONTRA
446 1539 509 1574 est,
543 1532 639 1578 quod
668 1532 804 1579 Joseph
837 1533 967 1578 juravit
990 1540 1054 1580 per
1073 1533 1210 1568 salutem
1234 1534 1431 1576 Pharaonis,
1455 1542 1493 1569 ut
1527 1534 1658 1580 legitur

91 1585 183 1620 Gen.
201 1595 278 1628 42.:
295 1597 338 1620 ex
352 1586 614 1620 consuetudine
641 1586 750 1620 etiam
771 1587 907 1632 juratur
924 1598 987 1632 per
1008 1586 1259 1633 Evangelium‚
1283 1595 1316 1622 et
1336 1599 1400 1634 per
1419 1588 1601 1634 reliquias,
1624 1596 1659 1622 et

89 1651 152 1686 per
173 1647 330 1673 sanctos.

160 1692 390 1727 RESPONDEO
418 1692 624 1735 dicendum,
639 1693 735 1739 quod
759 1693 851 1728 sicut
872 1704 979 1740 supra
1005 1694 1141 1728 dictum
1169 1702 1221 1729 est
1243 1694 1326 1739 (art.
1341 1704 1370 1729 r.
1393 1695 1460 1740 huj.
1484 1707 1513 1741 q.
1537 1695 1578 1729 ad
1595 1695 1656 1741 3.)‚

89 1746 206 1793 duplex
239 1754 293 1780 est
323 1747 578 1792 juramentum.
601 1747 712 1781 Unum
739 1747 898 1793 quidem,
921 1748 1017 1794 quod
1047 1747 1085 1781 fit
1110 1759 1173 1793 per
1198 1747 1403 1794 simplicem
1430 1750 1660 1783 contestatio-

89 1811 186 1842 nem,
207 1800 423 1846 inquantum
445 1800 583 1834 scilicet
601 1800 852 1834 testimonium
873 1801 942 1835 Dei
962 1801 1170 1835 invocatur:
1195 1809 1229 1836 et
1250 1802 1321 1835 hoc
1343 1803 1589 1847 juramentum
1610 1802 1661 1836 in-

90 1853 214 1889 nititur
241 1853 384 1888 divinae
418 1853 571 1895 veritati,
593 1854 686 1888 sicut
713 1862 747 1888 et
780 1854 887 1888 fides:
925 1854 1013 1888 fides
1041 1862 1162 1889 autem
1190 1863 1242 1889 est
1271 1866 1334 1901 per
1367 1866 1405 1889 se
1439 1855 1598 1901 quidem,
1626 1864 1661 1890 et

90 1907 335 1954 principaliter
353 1908 396 1941 de
418 1907 512 1948 Deo,
535 1907 596 1953 qui
617 1915 670 1941 est
703 1907 780 1953 ipsa
807 1908 958 1950 veritas;
980 1908 1195 1942 secundario
1216 1917 1336 1942 autem
1360 1909 1403 1942 de
1430 1911 1600 1943 creaturis
1624 1909 1660 1942 in

88 1961 216 2007 quibus
236 1961 366 1994 veritas
388 1960 459 1994 Dei
485 1960 631 2001 relucet,
659 1968 697 1994 ut
723 1972 828 2006 supra
856 1961 992 1995 dictum
1015 1969 1068 1995 est
1091 1964 1136 2007 (q.
1169 1974 1196 1996 1.
1231 1967 1296 1997 art.
1322 1962 1391 2006 1.).·
1431 1970 1466 1997 et
1496 1963 1660 1996 similiter

89 2015 334 2060 juramentum
356 2013 601 2060 principaliter
627 2013 778 2048 refertur
800 2014 844 2048 ad
866 2015 984 2060 ipsum
1007 2015 1140 2057 Deum,
1169 2016 1269 2060 cujus
1290 2016 1541 2049 testimonium
1562 2016 1662 2050 invo-

92 2076 209 2110 catur3
232 2069 446 2102 secundario
464 2076 584 2102 autem
604 2077 836 2103 assumuntur
859 2069 902 2102 ad
928 2070 1173 2114 juramentum
1196 2069 1337 2115 aliquae
1369 2079 1564 2112 creaturae,
1586 2082 1660 2104 non

91 2121 291 2156 secundum
306 2133 354 2163 se,
371 2122 432 2156 sed
459 2122 673 2168 inquantum
695 2122 731 2156 in
746 2122 796 2156 eis
811 2122 931 2156 divina
953 2123 1084 2157 veritas
1099 2123 1365 2158 manifestatur:
1387 2123 1480 2157 sicut
1500 2125 1660 2169 juramus

92 2186 155 2220 per
188 2174 440 2220 Evangelium,
475 2175 567 2209 idest
593 2187 654 2221 per
679 2175 812 2218 Deum,
835 2177 937 2221 cujus
958 2176 1088 2210 veritas
1110 2177 1146 2210 in
1169 2176 1369 2222 Evangelio
1392 2177 1660 2219 manifestatur,

93 2236 128 2262 et
153 2238 216 2273 per
236 2236 395 2269 sanctos,
418 2228 478 2274 qui
492 2228 586 2262 hanc
601 2229 790 2263 veritatem
807 2229 1046 2271 crediderunt,
1058 2237 1092 2263 et
1106 2230 1399 2264 observaverunt.
1422 2230 1518 2265 Alius
1540 2238 1660 2264 autern

92 2281 206 2315 modus
227 2281 369 2326 jurandi
387 2289 439 2315 est
460 2292 523 2327 per
538 2282 829 2317 execrationem:
856 2290 891 2316 et
911 2282 947 2316 in
970 2283 1041 2316 hoc
1068 2284 1274 2329 juramento
1296 2283 1477 2317 inducitur
1500 2291 1662 2318 creatura

93 2334 224 2380 aliqua,
239 2342 278 2368 ut
295 2335 329 2368 in
345 2345 415 2380 qua
437 2334 599 2368 divinum
621 2335 795 2380 judicium
819 2344 1044 2370 exerceatur:
1067 2344 1102 2370 et
1124 2337 1173 2370 sic
1196 2336 1289 2370 solet
1314 2336 1430 2370 homo
1451 2337 1569 2382 jurare
1596 2348 1660 2382 per

94 2395 201 2433 caput
221 2398 338 2429 suum,
361 2395 421 2421 aut
442 2399 505 2433 per
522 2387 638 2421 filium
659 2399 776 2430 suum,
800 2397 860 2423 aut
880 2400 943 2435 per
966 2389 1125 2435 aliquam
1153 2389 1261 2423 aliam
1284 2401 1373 2431 rem,
1396 2401 1505 2436 quam
1527 2389 1661 2435 diligit:

95 2440 187 2475 sicut
209 2448 243 2474 et
273 2440 472 2487 Apostolus
494 2441 623 2486 juravit
652 2453 681 2487 3.
704 2442 747 2475 ad
771 2441 936 2476 Corinth.
965 2453 992 2476 1.
1015 2443 1161 2477 dicens:
1183 2444 1252 2488 Ego
1272 2448 1381 2477 testem
1408 2444 1518 2477 Deum
1545 2444 1662 2478 invoco

94 2497 130 2529 in
160 2496 309 2530 animam
336 2507 454 2536 meam,
492 2495 589 2541 quod
611 2503 732 2530 autem
758 2495 893 2542 Joseph
916 2507 978 2542 per
1000 2496 1153 2530 salutem
1177 2496 1379 2530 Pharaonis
1410 2496 1550 2541 juravit,
1576 2501 1665 2530 utro-

96 2560 155 2594 que
176 2549 288 2582 modo
318 2548 472 2594 intelligi
493 2556 629 2594 potest3
650 2549 701 2583 val
735 2561 798 2595 per
825 2550 979 2584 modum
1001 2551 1252 2592 execrationis,
1275 2550 1377 2596 quasi
1398 2549 1550 2583 salutem
1574 2550 1665 2583 Pha—

98 2602 217 2635 raonis
247 2602 461 2647 obligaverit
486 2602 587 2643 Deo3
617 2602 670 2636 val
694 2613 756 2647 per
787 2603 939 2636 modum
976 2603 1261 2645 contestationis,
1296 2603 1397 2648 quasi
1426 2603 1662 2636 contestando

97 2655 286 2689 veritatem
313 2656 454 2690 divinae
483 2655 651 2700 justitiae,
679 2655 723 2689 ad
759 2657 858 2701 cujus
886 2657 1139 2691 executionem
1172 2657 1351 2702 principes
1385 2664 1500 2689 terrae
1535 2658 1665 2690 consti-

99 2716 257 2742 tuuntur.

171 2761 230 2794 AD
257 2772 407 2796 PRIMUM
430 2773 517 2806 ergo
545 2761 751 2803 dicendum,
779 2763 875 2808 quod
897 2763 1078 2797 Dominus
1105 2762 1289 2808 prohibuit
1309 2763 1425 2807 jurare
1447 2773 1509 2807 per
1531 2770 1667 2796 creatu-

100 2824 168 2854 ras,
187 2814 236 2848 ita
258 2814 355 2860 quod
377 2815 427 2848 eis
452 2814 661 2848 exhibeatur
682 2815 883 2849 reverentia
909 2816 1049 2858 divina3
1080 2817 1174 2850 unde
1203 2815 1352 2850 Hieron.
1379 2815 1513 2849 ibidem
1536 2815 1664 2858 subdit,

100 2866 196 2913 quod
219 2879 237 2899 «
255 2867 383 2913 Judaei
404 2879 466 2914 per
488 2867 664 2914 Angelos,
693 2876 728 2902 et
761 2877 903 2903 caetera
924 2869 1135 2915 hujusmodi
1160 2870 1331 2914 jurantes,
1358 2876 1540 2903 creaturas
1561 2880 1667 2904 vene-

243 2948 271 2975 S.
293 2948 415 2975 Tuomst:
437 2949 541 2975 Summa
567 2948 726 2985 Theologica.
748 2949 812 2976 Vol.
834 2950 886 2976 ΙΙΙ.
1485 2958 1520 2982 42
