1859 3122
469 160 689 196 QUAESTIO
722 159 856 189 XXVII.
890 159 1136 190 ARTICULUS
1171 158 1214 188 11.
1537 158 1615 200 233

136 243 195 277 AD
217 252 423 277 SECUNDUM
451 242 656 284 dicendum,
683 241 780 288 quod
810 240 955 275 dilectio
985 249 1037 275 est
1067 249 1166 275 actus
1195 239 1389 274 voluntatis
1419 239 1454 273 in
1484 239 1622 272 bonum

64 296 226 337 tendens,
247 296 308 330 sed
331 307 414 329 cum
438 296 592 342 quadam
615 295 748 329 unione
771 294 814 328 ad
837 302 1017 329 amatum:
1041 306 1131 340 quae
1153 293 1298 340 quidem
1318 293 1352 326 in
1371 292 1624 327 benevolentia

65 361 138 384 non
160 349 385 395 importatur.

136 403 196 437 AD
224 413 394 436 TERTmM
421 402 626 443 dicendum,
649 401 744 447 quod
766 401 944 434 intantum
967 400 1039 442 illa,
1073 412 1163 446 quae
1197 400 1332 435 Philos,
1361 400 1408 433 ibi
1442 401 1553 446 ponit,
1581 399 1624 432 ad

66 457 262 491 amicitiam
285 456 474 502 pertinent,
498 456 708 501 inquantum
731 455 946 500 proveniunt
973 467 1014 488 ex
1048 466 1183 497 amore,
1208 466 1314 499 quem
1343 454 1420 499 quis
1447 453 1556 487 habet
1582 453 1625 486 ad

66 521 103 544 sc
126 511 255 556 ipsum,
274 518 311 544 ut
324 509 456 543 ibidem
479 509 622 549 dicitur3
645 516 683 542 ut
704 507 840 542 scilicet
860 508 950 541 haec
967 508 1090 541 omnia
1106 507 1231 553 aliquis
1251 519 1334 551 erga
1354 507 1512 540 amicum
1531 513 1626 552 agat,

67 565 158 598 sicut
180 564 224 598 ad
243 564 419 610 seipsum3
442 563 538 610 quod
560 563 713 609 pertinet
735 562 778 596 ad
800 562 1021 608 praedictam
1044 562 1218 596 unionem
1242 560 1402 595 affectus.

632 704 976 750 ARTICULUS
1012 704 1091 746 ΙΠ.
1563 712 1624 760 163

110 815 263 845 UTRUM
289 815 402 844 DEUS
429 815 496 844 SIT
524 814 720 844 PROPTER
747 813 927 843 SEIPSUM
954 813 1009 842 Ex
1038 812 1289 842 CHARITATE
1316 811 1597 840 DILIGENDus.

283 903 330 947 (4.
357 904 443 938 Dist.
465 914 496 938 2.
518 914 548 948 q.
570 914 601 937 2.
623 907 688 937 art.
710 914 736 937 1.
759 907 788 937 et
809 908 916 948 opusc.
939 901 995 936 61.
1017 908 1088 948 cap.
1111 912 1140 946 7.
1163 901 1194 935 S.
1217 912 1248 946 9.
1272 905 1301 934 et
1325 899 1407 944 14).

140 992 200 1026 AD
223 1001 393 1026 TERTIUM
408 992 457 1025 sic
474 991 690 1038 proceditur.
713 991 874 1032 Videtur,
891 990 987 1036 quod
1005 990 1105 1024 Deus
1123 985 1197 1023 non
1216 997 1362 1035 propter
1381 990 1550 1034 seipsum,
1570 987 1630 1022 sed

70 1054 216 1092 propter
237 1045 332 1079 aliud
349 1045 516 1091 diligatur
534 1057 576 1079 ex
596 1045 785 1080 charitate:
805 1045 890 1078 dicit
907 1044 1004 1078 enim
1025 1044 1134 1089 Greg.
1154 1045 1189 1077 in
1209 1044 1365 1089 quadam
1387 1041 1514 1076 homil.
1532 1040 1630 1086 (rr.):

72 1113 90 1131 «
111 1099 164 1133 Ex
184 1099 251 1141 his,
271 1110 361 1145 quae
379 1099 481 1132 novit
500 1099 651 1140 animus,
670 1098 774 1132 discit
792 1098 978 1143 incognita
994 1109 1115 1131 amare
1137 1109 1174 1130 »t
1197 1104 1305 1130 vocat
1324 1104 1445 1130 autem
1465 1097 1631 1140 incognita

70 1152 319 1198 intelligibilia,
342 1160 376 1186 et
397 1152 534 1187 divina:
558 1154 686 1199 cognita
708 1160 829 1186 autem
852 1150 1049 1194 sensibilia3
1073 1162 1159 1196 ergo
1182 1150 1283 1184 Deus
1303 1157 1355 1183 est
1371 1157 1518 1196 propter
1537 1148 1631 1181 aliud

71 1206 282 1252 diligendus.

142 1269 173 1293 2.
200 1259 434 1294 PRAETEREA.
466 1259 584 1293 Amor
614 1259 774 1305 sequitur
795 1258 1062 1304 cognitionem:
1091 1257 1153 1291 sed
1174 1257 1273 1291 Deus
1297 1268 1359 1302 per
1381 1255 1476 1290 aliud
1499 1266 1633 1301 cogno-

72 1313 192 1355 scitur,
213 1313 413 1347 secundum
435 1312 523 1346 illud
544 1312 652 1347 Rom.
680 1323 726 1346 1.:
750 1312 939 1346 Invisibilia
961 1312 1027 1345 Dei
1049 1317 1108 1357 par
1129 1322 1177 1352 oa,
1206 1322 1286 1356 quae
1313 1311 1400 1352 fricta
1426 1314 1512 1351 sinit,
1547 1309 1636 1343 intel-

73 1367 154 1402 lecta
176 1368 438 1413 corzspiciuntur;
463 1377 549 1412 ergo
573 1367 681 1401 etiam
703 1374 849 1413 propter
871 1365 967 1399 aliud
990 1373 1140 1407 amatur,
1168 1373 1201 1399 et
1223 1376 1296 1398 non
1319 1372 1464 1410 propter
1491 1374 1538 1397 se.

147 1432 176 1466 3.
199 1421 433 1455 PRAETEREA.
457 1420 546 1466 Spes
570 1428 719 1465 generat
741 1420 966 1461 charitatem,
988 1427 1026 1452 ut
1048 1419 1178 1452 dicitur
1198 1418 1233 1451 in
1258 1417 1360 1452 Glos.
1384 1417 1546 1461 (interlin.
1564 1422 1634 1462 sup.

74 1473 175 1508 illud:
199 1474 372 1508 Abraham
397 1475 507 1519 genuit
532 1473 641 1519 Isaac)
670 1473 796 1507 Matth.
822 1484 866 1506 1.:
894 1473 1009 1507 Timor
1036 1474 1134 1506 etiam
1160 1472 1355 1506 charitatem
1378 1471 1568 1511 introducit,
1598 1478 1636 1504 ut

76 1527 229 1572 August.
250 1527 335 1560 dicit
356 1537 460 1572 super
486 1537 513 1560 1.
536 1527 752 1560 canonicam
770 1527 872 1571 Joan.
895 1525 1006 1569 (tract.
1025 1527 1097 1571 9.):
1125 1526 1187 1559 sed
1206 1536 1285 1570 spes
1313 1532 1476 1570 expectat
1503 1523 1635 1569 aliquid

78 1579 225 1624 adipisci
247 1590 265 1612 a
286 1579 388 1621 Deo;
409 1579 518 1613 timor
541 1588 661 1613 autem
683 1578 813 1625 refugit
836 1578 980 1624 aliquid,
1004 1579 1100 1624 quod
1124 1589 1141 1611 a
1163 1579 1245 1612 Deo
1265 1577 1377 1623 infligi
1396 1585 1529 1622 potest;
1549 1586 1635 1622 ergo

76 1633 227 1674 videtur,
249 1632 345 1678 quod
366 1632 465 1666 Deus
495 1640 641 1678 propter
670 1632 815 1678 aliquod
845 1632 983 1665 bonum
1013 1639 1207 1677 speratum,
1234 1631 1292 1664 vel
1321 1639 1465 1676 propter
1492 1629 1637 1676 aliquod

77 1685 215 1719 malum
236 1685 438 1719 timendum
460 1685 504 1719 sit
526 1686 720 1727 amandus;
742 1697 816 1719 non
839 1696 926 1730 ergo
949 1693 1001 1718 est
1024 1685 1199 1718 amandus
1221 1692 1366 1730 propter
1388 1684 1558 1730 seipsum.

149 1739 222 1774 SED
239 1749 393 1774 CONTRA
415 1747 478 1781 est,
498 1740 606 1785 quod,
624 1739 716 1773 sicut
734 1739 886 1783 August.
906 1738 992 1772 dicit
1009 1738 1044 1771 in
1063 1749 1091 1772 1.
1108 1738 1150 1772 de
1169 1738 1294 1772 Doctr.
1311 1737 1444 1771 Christ.
1463 1737 1549 1783 (scip.
1565 1737 1636 1782 4).-

80 1805 98 1824 «
119 1792 202 1826 Frui
223 1800 276 1826 est
297 1804 420 1826 amore
442 1793 629 1827 inhaerere
649 1792 755 1826 alicui
774 1800 918 1838 propter
936 1791 1095 1837 seipsum
1117 1804 1156 1825 »:
1179 1791 1240 1824 sed
1262 1791 1343 1824 Deo
1362 1789 1554 1824 fruendum
1573 1798 1637 1831 est,

78 1853 116 1880 ut
129 1845 164 1879 in
180 1845 312 1879 eodem
332 1845 423 1879 libro
445 1846 536 1892 (cap.
550 1847 594 1891 5.)
620 1846 766 1887 dicitur;
789 1856 875 1890 ergo
897 1845 996 1878 Deus
1016 1844 1216 1889 diligendus
1236 1852 1287 1878 est
1306 1852 1451 1889 propter
1469 1844 1638 1889 seipsum.

148 1898 376 1933 RESPONDEO
404 1899 608 1940 dicendum,
639 1899 735 1944 quod
769 1897 805 1944 ly
833 1903 971 1944 proptar
1004 1898 1176 1943 importat
1209 1897 1459 1931 habitudinem
1486 1896 1637 1941 alicujus

79 1963 227 1986 causae:
251 1960 302 1986 est
324 1960 446 1986 autem
467 1952 672 1998 quadruplex
691 1963 803 1997 genus
823 1962 972 1993 causae3
991 1950 1472 1996 scilicet:fiizczlis‚jbr*1imlls‚
1491 1951 1639 1996 efficians,

79 2011 107 2040 et
126 2006 317 2048 materialis,
342 2005 384 2040 ad
407 2017 517 2051 quam
539 2006 721 2040 reducitur
738 2006 845 2040 etiam
862 2006 1046 2040 materialis
1060 2005 1241 2052 dispositio,
1265 2017 1356 2051 quae
1371 2017 1445 2039 non
1465 2013 1517 2039 est
1532 2016 1640 2039 causa

80 2058 301 2105 simpliciter,
322 2059 384 2093 sed
406 2059 606 2093 secundum
629 2059 731 2105 quid;
750 2067 784 2093 et
801 2059 1000 2093 secundum
1019 2059 1108 2093 haec
1128 2067 1281 2105 quatuor
1300 2069 1431 2104 genera
1450 2069 1640 2092 causarum

82 2112 208 2146 dicitur
230 2111 361 2158 aliquid
383 2121 528 2158 propter
549 2112 702 2146 alterum
724 2112 958 2158 diligendum.
982 2112 1191 2146 Secundum
1213 2112 1359 2157 quidem
1382 2123 1494 2157 genus
1511 2122 1639 2145 causae

79 2165 207 2208 finali5;
230 2165 321 2198 sicut
336 2165 518 2211 diligimus
538 2166 757 2199 medicinam
776 2173 919 2211 propter
937 2166 1144 2199 sanitatem:
1168 2165 1366 2199 secundum
1387 2173 1508 2198 autem
1528 2175 1640 2209 genus

83 2229 211 2252 causae
224 2218 401 2264 formalis;
424 2219 515 2252 sicut
537 2218 720 2265 diligimus
741 2219 931 2252 hominem
948 2227 1092 2265 propter
1110 2219 1298 2259 virtutem3
1322 2218 1403 2264 quia
1423 2217 1559 2251 scilicet
1576 2217 1643 2250 vir-

82 2279 155 2305 tute
176 2271 375 2305 formaliter
396 2280 448 2306 est
472 2272 599 2313 bonus,
634 2280 668 2306 et
700 2284 762 2318 per
796 2283 1020 2317 consequens
1055 2271 1255 2317 diligibilis:
1291 2271 1489 2305 secundum
1520 2278 1640 2304 autem

84 2336 230 2358 causam
251 2325 457 2370 efficientem;
481 2326 574 2359 sicut
595 2325 778 2371 diligimus
801 2325 952 2371 aliquos,
974 2325 1188 2371 inquantum
1210 2333 1292 2359 sunt
1319 2324 1380 2358 filii
1407 2324 1487 2358 talis
1515 2323 1641 2369 patris:

83 2378 282 2412 secundum
305 2387 426 2412 autem
447 2378 699 2425 dispositioimii,
723 2390 814 2425 quae
836 2379 1018 2412 reducitur
1040 2379 1082 2412 ad
1107 2390 1220 2424 genus
1242 2390 1356 2413 causas
1377 2378 1569 2417 maim-iulis,
1595 2376 1642 2410 di-

85 2432 199 2464 cimur
221 2431 353 2477 aliquid
375 2431 522 2477 diligere
543 2440 689 2478 propter
710 2433 756 2473 id,
779 2432 875 2477 quod
908 2443 974 2465 nos
1010 2432 1185 2477 disposuit
1214 2431 1257 2465 ad
1290 2432 1364 2476 ejus
1399 2430 1643 2470 dilectionem,

83 2492 168 2530 puta
188 2493 333 2530 propter
355 2484 473 2530 aliqua
493 2485 667 2519 beneficia
690 2493 871 2530 suscepta:
895 2485 1059 2530 quamvis
1081 2493 1273 2531 postquam
1296 2486 1368 2529 jam
1397 2495 1518 2517 amare
1548 2483 1642 2516 ince-

84 2537 213 2582 pimus,
234 2549 308 2571 non
324 2546 469 2583 propter
484 2538 544 2572 illa
558 2538 733 2572 beneficia
753 2550 916 2572 amemus
931 2539 1101 2579 amicum,
1121 2538 1182 2572 sed
1202 2546 1346 2584 propter
1365 2538 1438 2581 ejus
1454 2537 1642 2570 virtutem:

84 2591 208 2636 primis
230 2602 316 2639 ergo
346 2591 456 2624 tribus
491 2592 609 2626 modis
643 2593 763 2625 Deum
796 2603 870 2625 non
905 2592 1087 2637 diligimus
1117 2599 1262 2637 propter
1285 2590 1392 2631 aliud,
1415 2590 1475 2623 sed
1499 2597 1644 2635 propter

86 2644 259 2689 seipsum:
282 2655 355 2677 non
379 2644 475 2677 enim
498 2645 682 2678 ordinatur
705 2645 747 2678 ad
771 2644 877 2687 aliud,
900 2645 992 2678 sicut
1014 2645 1056 2678 ad
1078 2644 1199 2685 finem,
1222 2644 1282 2677 sed
1302 2645 1375 2688 ipse
1395 2650 1447 2676 est
1467 2642 1547 2675 finis
1569 2642 1646 2676 ulti-

86 2708 166 2730 mus
185 2697 368 2731 omnium:
387 2708 503 2743 neque
523 2698 631 2732 etiam
649 2697 863 2732 informatur
881 2698 1002 2743 aliquo
1022 2697 1092 2731 alio
1113 2697 1156 2731 ad
1175 2697 1245 2730 hoc
1265 2696 1359 2741 quod
1376 2696 1420 2729 sit
1436 2696 1563 2737 bonus,
1583 2695 1645 2729 sed

87 2751 163 2795 ejus
185 2750 381 2783 substantia
403 2758 455 2784 est
476 2751 550 2795 ejus
571 2751 724 2792 bonitas,
747 2751 945 2784 secundum
981 2762 1089 2796 quam
1125 2749 1375 2794 exemplariter
1406 2748 1528 2782 omnia
1549 2748 1644 2782 bona

88 2810 186 2844 sunt;
207 2813 323 2848 neque
345 2803 474 2837 iterum
497 2803 528 2837 ei
551 2803 592 2837 ab
613 2803 724 2838 altero
744 2804 883 2838 bonitas
902 2804 1004 2844 inest,
1022 2804 1083 2837 sed
1111 2803 1152 2836 ab
1180 2803 1256 2847 ipso
1280 2802 1446 2835 omnibus
1466 2801 1554 2835 aliis.
1574 2801 1645 2835 Sed

89 2861 204 2901 quarto
226 2855 320 2890 modo
338 2861 445 2903 potest
469 2856 715 2903 diligiproptai·
741 2856 850 2897 czliud;
875 2857 957 2902 quia
979 2856 1117 2890 scilicet
1150 2866 1191 2888 ex
1227 2855 1403 2901 aliquibus
1431 2855 1508 2889 aliis
1531 2855 1647 2901 dispo-
