1859 3122
163 121 247 176 386
617 129 837 165 QUAESTIO
871 130 909 160 L.
943 129 1186 159 ARTICULUS
1219 129 1275 158 1v.

161 213 280 247 divina
294 221 376 247 sunt
389 212 565 246 instituta:
582 219 749 245 naturam
765 218 885 245 autern
901 211 945 245 ad
958 211 1020 245 duo
1034 210 1166 245 tendit:
1180 211 1294 257 primo
1307 210 1452 256 quidem
1467 210 1511 245 ad
1522 212 1719 257 regendam

160 277 454 312 unamquamque
476 276 553 299 rem
574 265 610 298 in
632 265 766 310 seipsa:
786 264 922 300 secundo
940 275 1027 298 vero
1050 264 1093 298 ad
1115 264 1355 298 resistendum
1377 264 1584 299 extrinsecis
1604 265 1718 312 impu-

161 320 363 366 gnantibus,
386 327 419 353 et
442 318 673 364 corruptivis:
701 326 736 352 et
761 326 908 364 propter
933 318 1005 351 hoc
1031 328 1105 352 non
1135 317 1232 351 dedit
1258 316 1377 351 solum
1405 317 1618 353 animalibus
1642 319 1719 353 vim

163 371 496 418 concupiscibilem,
514 383 578 417 per
596 383 705 417 quam
727 379 942 405 moveantur
963 371 1004 404 ad
1027 382 1080 413 ea,
1099 381 1190 416 quae
1211 379 1293 405 sunt
1306 370 1412 405 saluti
1429 382 1556 405 eorum
1577 383 1719 407 accom-

163 426 284 467 moda,
306 426 367 459 sed
391 426 500 459 etiam
518 425 592 458 vim
618 424 847 463 irascibilem,
874 436 938 470 per
965 435 1073 470 quam
1095 423 1230 457 animal
1252 424 1381 458 resistit
1406 425 1718 471 impugnantibus:

161 480 254 513 unde
278 488 311 513 et
332 479 368 512 in
389 479 456 520 his,
479 489 570 524 quae
592 485 674 512 sunt
695 478 895 512 secundum
916 478 1106 519 rationem,
1139 488 1214 511 non
1240 477 1360 511 solum
1382 486 1523 524 oportet
1544 489 1621 513 esse
1641 490 1720 525 pru-

161 532 319 566 dentiam
338 532 537 578 politicam,
556 543 619 578 per
637 543 745 577 quam
768 531 1003 577 disponantur
1025 531 1282 565 convenienter
1304 542 1345 565 ea
1367 543 1458 577 quae
1479 533 1658 578 pertinent
1675 532 1718 568 ad

159 587 298 620 bonum
320 596 528 627 commune,
550 585 613 620 sed
641 586 751 619 etiam
780 585 986 627 militarem,
1016 596 1079 630 per
1106 596 1215 630 quam
1240 585 1401 619 hostium
1426 585 1578 620 insultus
1604 586 1718 633 repel-

160 640 289 673 lantur.

230 693 290 727 AD
311 703 461 727 PmMUM
480 703 566 738 ergo
582 692 788 734 dicendum,
803 692 900 738 quod
918 691 1081 725 militaris
1098 699 1215 737 potest
1234 702 1310 726 esse
1325 703 1392 734 ars,
1408 693 1607 727 secundum
1621 693 1717 739 quod

162 747 271 780 habet
291 747 466 792 quasdam
493 745 636 791 regulas
658 754 754 780 recte
775 746 898 779 utendi
924 745 1137 791 quibusdam
1160 745 1391 779 exterioribus
1417 746 1532 787 rebus,
1558 754 1643 792 puta
1665 758 1718 781 ar-

162 800 242 841 mis,
259 808 293 834 et
307 800 426 846 equis:
446 800 507 834 sed
522 799 722 834 secundum
741 799 837 845 quod
853 799 1036 833 ordinatur
1051 799 1093 832 ad
1108 799 1242 832 bonum
1259 810 1464 842 commune,
1479 799 1588 834 habet
1601 800 1717 846 magis

163 853 341 888 rationem
363 854 582 899 prudentiae.

231 907 291 941 AD
314 917 521 941 SECUNDUM
552 906 757 948 dicendum,
780 905 876 952 quod
898 905 968 940 alia
994 906 1151 951 negotia,
1174 917 1264 951 quae
1286 914 1369 940 sunt
1392 906 1429 940 in
1451 906 1605 950 civitate,
1627 907 1718 941 ordi-

161 969 291 994 nantur
313 961 356 994 ad
378 960 514 1006 aliquas
536 960 768 1006 particulares
790 959 978 994 utilitates:
1002 960 1062 994 sed
1082 959 1234 994 militare
1253 960 1442 1005 negotium
1464 960 1647 995 ordinatur
1673 960 1717 995 ad

160 1014 351 1048 tuitionem
372 1014 482 1048 totius
503 1014 590 1048 boni
612 1013 828 1047 communis.

228 1068 288 1101 Ar>
311 1078 483 1102 TERTIUM
505 1067 710 1109 dicendum,
733 1067 828 1113 quod
857 1066 1020 1101 executio
1049 1066 1197 1101 militiae
1219 1067 1371 1112 pertinet
1393 1067 1435 1101 ad
1457 1066 1716 1110 fortitudinem,

163 1120 224 1155 sed
247 1121 397 1155 directio
413 1121 456 1155 ad
471 1121 709 1166 prudentiam,
724 1129 758 1155 et
772 1120 963 1166 praecipue
979 1120 1179 1154 secundum
1194 1121 1289 1166 quod
1305 1129 1356 1155 est
1370 1120 1406 1155 in
1424 1121 1515 1156 duce
1530 1121 1716 1157 exercitus.

699 1424 1053 1484 QUAESTIO
1095 1425 1170 1471 LI.

419 1548 480 1578 DE
519 1547 799 1579 VIRTUTIBUS
837 1547 1094 1588 ADJUNCTIS
1132 1548 1448 1587 PRUDENTIAE,

520 1619 570 1649 IN
610 1618 836 1657 QUATUOR
874 1619 1136 1651 ARTICULOS
1174 1619 1347 1651 DIVISA.

227 1753 358 1787 Postea
386 1753 689 1787 considerandum
716 1761 768 1788 est
793 1753 836 1788 de
863 1753 1051 1788 virtutibus
1078 1754 1252 1799 adjunctis
1274 1754 1494 1800 prudentiae,
1521 1766 1611 1802 quae
1633 1763 1715 1790 sunt

156 1806 257 1852 quasi
278 1814 395 1852 partes
413 1806 626 1852 potentiales
648 1807 769 1853 ipsius.

616 1897 659 1930 Et
681 1897 770 1931 circa
791 1897 849 1931 hoc
871 1901 1077 1942 quaeruntur
1097 1901 1249 1942 quatuor.

226 1965 360 1999 Primo.
384 1966 516 2000 Utrum
538 1967 681 2001 eubulia
702 1967 747 2001 sit
767 1967 888 2002 virtus.

228 2019 409 2054 Secundo.
434 2021 565 2054 Utrum
587 2021 631 2055 sit
653 2021 818 2067 specialis
839 2022 949 2056 virtus
973 2033 991 2054 a
1014 2021 1200 2066 prudentia
1221 2021 1397 2056 distincta.

229 2072 367 2107 Tertio.
391 2074 522 2108 Utrum
543 2075 680 2120 synesis
702 2075 746 2109 sit
764 2075 928 2120 specialis
946 2075 1068 2108 virtus.

231 2127 383 2168 Quarto.
408 2128 537 2162 Utrum
560 2139 694 2174 gnome
718 2129 763 2162 sit
783 2128 947 2174 specialis
968 2128 1089 2163 virtus.

732 2269 1076 2314 ARTICULUS
1110 2269 1141 2312 I.
1643 2282 1710 2328 287

599 2378 751 2407 UTRUM
782 2378 971 2407 EUBULIA
1004 2378 1070 2407 SIT
1102 2378 1272 2408 VIRTL'S.

252 2464 328 2508 (1-2.
351 2477 380 2510 q.
405 2476 433 2511 7.
457 2470 520 2500 art.
544 2465 576 2499 6.
599 2470 626 2499 cl
643 2477 671 2512 3.
694 2466 782 2499 Dz'sst.
801 2477 844 2511 33.
867 2477 896 2511 q.
914 2477 942 2511 5.
966 2471 1030 2499 art.
1053 2478 1081 2500 1.
1103 2471 1130 2500 εί
1147 2466 1202 2499 lib.
1220 2466 1251 2500 6.
1267 2466 1341 2500 Eeb.
1362 2466 1431 2500 lact.
1453 2466 1484 2500 8.
1503 2471 1535 2500 et
1555 2466 1614 2511 9.).

226 2552 285 2586 AD
312 2563 461 2587 PRIMUM
483 2554 532 2587 sic
555 2553 769 2598 proceditur.
790 2553 950 2593 Videtur,
971 2553 1066 2598 quod
1087 2553 1229 2588 eubulia
1248 2565 1321 2587 non
1343 2555 1387 2587 sit
1405 2554 1534 2596 virtus;
1557 2554 1639 2600 quia
1661 2565 1711 2588 se-

156 2605 314 2639 cundum
337 2606 489 2651 August.
505 2606 540 2639 in
562 2606 619 2640 lib.
636 2616 666 2639 2.
683 2606 725 2640 de
742 2606 816 2639 Lib.
833 2606 919 2639 Arb.
936 2606 1021 2652 (ras).
1038 2607 1120 2652 19),
1136 2607 1324 2641 virtutibus
1338 2606 1456 2641 nullus
1473 2607 1566 2642 male
1583 2607 1708 2641 utitur:

155 2659 217 2693 sed
241 2659 394 2701 cubulia,
417 2671 507 2705 quae
530 2668 582 2694 est
603 2660 692 2693 bene
716 2659 952 2700 consiliativa,
976 2659 1083 2705 aliqui
1111 2660 1206 2695 male
1230 2668 1393 2703 utuntur3
1415 2660 1473 2694 vel
1494 2661 1576 2706 quia
1595 2669 1709 2695 astuta

156 2712 307 2746 consilia
329 2715 534 2758 excogitant
556 2713 598 2746 ad
620 2713 708 2747 sines
738 2712 853 2746 malos
884 2714 1179 2758 consequendos3
1202 2723 1261 2748 :nit
1283 2716 1365 2760 quia
1391 2716 1500 2748 etiam
1530 2715 1572 2748 ad
1594 2715 1709 2749 bonos

156 2765 243 2799 fines
266 2767 542 2812 consequendos
565 2766 682 2812 aliqua
704 2775 852 2812 peccata
875 2767 1060 2809 ordinant3
1088 2776 1171 2813 puta
1198 2768 1258 2813 qui
1284 2767 1432 2809 furatur,
1455 2776 1492 2802 ut
1514 2768 1709 2814 eleemosy-

156 2830 240 2852 nam
263 2819 337 2861 det3
361 2831 446 2865 ergo
469 2820 611 2854 eubulia
633 2831 705 2854 non
728 2828 780 2854 est
801 2820 921 2854 virtus.
