1859 3122
491 161 709 197 QUAESTIO
742 160 858 191 xcw.
893 161 1136 192 ARTICULUS
1169 161 1196 191 1.
1556 151 1637 206 685

144 243 218 278 SED
241 253 395 279 CONTRA
410 250 474 286 est,
489 243 585 289 quod
604 243 732 277 dicitur
750 243 897 278 Deuter.
925 244 994 278 18.:
1015 243 1092 278 Non
1106 244 1297 278 inveniatur
1312 245 1346 278 in
1365 249 1406 286 te,
1426 245 1482 290 qui
1500 250 1640 290 quaerat

72 309 93 332 a
122 298 261 332 mortuis
284 298 455 332 veritatem
465 309 477 338 ,·
512 308 603 343 quae
638 297 784 342 quidem
819 297 1002 344 inquisitio
1037 297 1200 331 innititur
1235 297 1367 332 auxilio
1399 297 1640 340 daemonum3

71 350 132 385 sed
155 362 217 397 per
239 350 483 385 observantias
503 350 586 384 artis
608 351 772 384 notoriae
795 351 983 397 inquiritur
1005 351 1166 397 cognitio
1190 351 1348 385 veritatis
1371 362 1433 398 per
1455 352 1634 398 quaedam

71 412 175 451 pacta
197 403 504 450 significationum
527 415 610 438 cum
633 404 871 438 daemonibus
894 406 1000 447 inita;
1024 416 1110 449 ergo
1138 405 1189 438 uti
1216 413 1290 439 arte
1313 405 1456 440 notoria
1483 416 1557 440 non
1586 414 1639 440 est

74 457 225 492 licitum.

143 511 372 546 Rfispoumzo
395 511 600 553 dicendum,
623 511 719 557 quod
743 523 799 545 ars
822 505 963 545 notoria
986 521 1038 546 est
1057 519 1091 546 et
1113 511 1248 554 illicita,
1265 520 1299 546 et
1313 511 1489 546 inefficax.
1511 512 1640 547 Illicita

71 564 216 610 quidem
231 573 294 606 est,
317 564 399 610 quia
416 564 524 598 utitur
538 565 751 610 quibusdam
767 565 809 598 ad
825 565 1013 599 scientiam
1029 566 1285 611 acquirendam
1305 577 1396 612 quae
1418 577 1491 600 non
1505 566 1640 601 habent

71 618 269 653 secundum
280 629 317 652 sc
329 618 499 653 virtutem
514 619 686 652 causandi
701 619 906 661 scientiam3
923 619 1014 653 sicut
1028 619 1253 665 inspectione
1265 620 1504 665 quarumdam
1514 620 1641 665 figura-

71 682 160 713 ram,
187 679 222 706 et
242 671 444 718 prolatione
467 672 707 718 quorumdam
731 673 940 717 ignotorum
963 673 1169 714 verborum,
1197 680 1230 706 et
1258 673 1335 706 aliis
1357 673 1582 718 hujusmodi:
1606 682 1640 708 et

71 725 152 759 idco
167 725 376 771 hujusmodi
394 737 449 759 ars
464 737 537 759 non
553 726 661 760 utitur
676 726 731 760 his
746 734 783 760 ut
797 726 925 767 causis,
941 725 1001 759 sed
1012 734 1049 759 ut
1059 726 1182 771 signis,
1194 737 1267 760 non
1279 734 1398 760 autem
1415 735 1452 761 ut
1467 727 1578 772 signis
1593 727 1640 761 di-

72 778 203 812 vinitus
218 779 399 821 institutis,
414 779 506 813 sicut
521 787 602 813 sunt
617 778 893 813 sacramentalia
909 779 1027 823 signa:
1044 779 1137 812 unde
1152 778 1376 825 relinquitur,
1392 780 1487 825 quod
1503 781 1573 814 sint
1586 792 1640 815 su-

70 843 248 878 pervacua
259 832 373 878 signa,
389 841 423 866 et
434 844 495 879 per
506 844 731 878 consequens
741 832 954 878 pertinentia
966 832 1009 866 ad
1021 840 1126 877 pacta
1138 833 1318 878 quaedam
1329 833 1637 878 significationum

71 897 154 920 cum
170 886 408 921 daemonibus
422 886 553 933 placita
570 895 675 933 atque
690 886 887 920 foederata.
904 886 947 920 Et
961 886 1044 920 ideo
1067 897 1123 920 ars
1141 886 1286 920 notoria
1304 887 1446 933 penitus
1469 896 1522 922 est
1540 899 1639 934 repu-

73 940 215 982 dianda,
233 949 267 975 et
287 940 457 986 fugienda
481 952 500 974 a
522 941 731 983 christiano,
753 940 845 975 sicut
860 949 894 975 et
909 940 999 975 aliae
1015 949 1108 975 artes
1123 941 1349 986 nugatoriae,
1363 941 1422 976 vel
1443 942 1572 976 noxiae
1587 954 1641 976 su-

70 994 300 1039 perstitionis,
316 1003 353 1029 ut
367 995 519 1041 August.
537 994 622 1028 dicit
635 994 671 1028 in
689 1004 719 1028 2.
736 994 779 1028 de
794 994 919 1028 Doctr.
941 993 1074 1028 Christ.
1093 994 1179 1041 (cap.
1194 1007 1242 1041 23.
1258 996 1317 1030 cir.
1331 995 1446 1040 med.):
1463 1003 1516 1030 est
1530 996 1638 1030 etiam

72 1047 282 1093 hujusmodi
304 1059 359 1082 ars
380 1047 545 1082 inefficax
564 1047 607 1082 ad
630 1048 820 1082 scientiam
834 1048 1103 1094 acquirendam.
1120 1048 1217 1083 Cum
1233 1049 1331 1083 enim
1345 1059 1409 1095 per
1426 1049 1637 1094 hujusmodi

74 1109 189 1135 artem
211 1113 284 1136 non
306 1102 509 1136 intendatur
531 1101 721 1147 acquisitio
744 1101 916 1136 scientiae
935 1113 998 1148 per
1016 1101 1169 1136 modum
1192 1102 1335 1136 homini
1351 1102 1637 1145 connaturalem,

73 1154 211 1189 scilicet
233 1155 508 1196 adinveniendo,
529 1154 588 1189 vel
610 1155 843 1197 addiscendo,
866 1165 1092 1201 consequens
1115 1163 1168 1189 est
1190 1156 1287 1201 quod
1313 1156 1380 1190 iste
1408 1155 1556 1191 effectus
1581 1156 1640 1191 vel

73 1216 278 1254 expectetur
301 1220 319 1242 a
337 1208 431 1250 Deo,
453 1207 511 1242 vel
533 1220 552 1242 a
575 1208 824 1242 daemonibus.
855 1209 1004 1243 Certum
1033 1217 1086 1242 est
1108 1216 1242 1251 autem,
1265 1209 1406 1255 aliquos
1433 1221 1452 1243 a
1479 1210 1561 1244 Deo
1588 1221 1639 1244 sa-

72 1261 257 1308 pientiam,
280 1269 314 1296 et
335 1262 524 1296 scientiam
551 1273 614 1308 per
640 1261 859 1296 infusionem
881 1262 1066 1296 habuisse:
1089 1262 1182 1297 sicut
1208 1263 1251 1297 de
1280 1263 1481 1298 Salomone
1507 1263 1638 1309 legitur

72 1325 102 1358 ς.
124 1315 213 1360 Reg.
240 1326 268 1360 3.
292 1322 326 1349 et
347 1325 378 1349 2.
400 1314 517 1349 Paral.
538 1326 584 1350 1.:
601 1315 784 1350 Dominus
806 1315 915 1350 etiam
938 1315 1122 1362 discipulis
1144 1316 1217 1350 suis
1245 1316 1343 1358 dixit,
1366 1316 1452 1350 Luc.
1476 1327 1550 1352 21.:
1566 1318 1637 1363 Ego

69 1367 152 1402 daim
169 1369 264 1402 vobis
290 1380 334 1411 os,
357 1374 387 1404 et
406 1370 616 1415 sapientiam,
640 1370 694 1404 cui
715 1381 780 1403 non
795 1374 951 1415 poterunt
972 1371 1126 1410 resistere,
1153 1374 1181 1403 et
1202 1370 1425 1405 contradicere
1451 1382 1558 1405 omnes
1579 1370 1638 1405 ad-

71 1423 214 1457 versarii
234 1424 356 1463 vestri;
379 1423 442 1457 sed
461 1423 532 1457 hoc
555 1422 694 1457 donum
720 1434 794 1457 non
818 1423 921 1457 datur
942 1423 1244 1469 quibuscumque,
1272 1431 1332 1457 aut
1353 1434 1436 1457 cum
1460 1432 1557 1458 certa
1579 1424 1638 1458 ob-

73 1475 290 1518 servatione,
317 1476 378 1510 sed
405 1476 606 1511 secundum
633 1476 819 1510 arbitrium
847 1476 1000 1522 Spiritus
1028 1476 1164 1518 Sancti,
1192 1477 1391 1511 secundum
1418 1476 1506 1511 illud
1538 1488 1564 1511 1.
1593 1478 1636 1512 ad

70 1528 212 1563 Corint.
240 1540 311 1564 12.:
333 1529 407 1564 Alii
428 1529 557 1575 quidem
575 1530 745 1576 daturper
764 1530 921 1576 spiritmn
941 1541 1047 1564 sermo
1069 1531 1262 1577 sapientiae,
1279 1531 1340 1564 alii
1359 1542 1464 1565 sermo
1483 1532 1636 1566 scientiae

70 1582 247 1617 secundum
269 1582 415 1617 eumdem
428 1584 584 1629 spiritum
593 1595 606 1624 ,·
628 1591 662 1617 et
676 1591 801 1629 postea
815 1583 995 1618 subditur:
1017 1583 1110 1618 Haec
1133 1585 1245 1618 omnia
1264 1589 1420 1630 operatur
1436 1597 1519 1619 unus
1540 1590 1635 1630 atque

70 1635 155 1670 idem
174 1636 321 1682 spiritus,
345 1635 492 1671 dividens
511 1637 658 1682 singulis,
680 1641 783 1682 prout
807 1636 891 1671 vult.
919 1636 976 1670 Ad
1004 1637 1202 1671 daemones
1231 1645 1352 1671 autem
1378 1648 1453 1671 non
1479 1638 1634 1683 pertinet

72 1688 277 1723 illuminare
296 1689 531 1731 intellectum,
555 1697 593 1724 ut
613 1690 777 1723 habitum
804 1698 857 1723 est
883 1689 919 1723 in
942 1690 1058 1735 prima
1078 1690 1185 1735 hujus
1212 1691 1330 1736 operis
1357 1699 1456 1737 parte
1483 1692 1532 1737 (q.
1559 1703 1636 1737 109.

71 1747 134 1776 art.
153 1743 210 1788 3.).
230 1742 434 1788 Acquisitio
457 1751 578 1776 autern
602 1743 784 1785 scientiae,
807 1750 841 1776 et
859 1743 1055 1789 sapientiae
1074 1743 1112 1777 fit
1126 1754 1188 1788 per
1206 1743 1515 1778 illuminationem
1536 1744 1638 1779 intel-

68 1796 194 1837 lectus,
210 1802 244 1829 et
261 1796 343 1830 ideo
365 1796 485 1830 nullus
508 1808 682 1842 umquam
697 1808 760 1842 per
775 1796 972 1830 daemones
991 1797 1177 1831 scientiam
1194 1797 1394 1843 acquisivit.
1415 1798 1521 1832 Unde
1540 1798 1635 1844 Aug.

69 1849 154 1883 dicit
173 1849 208 1883 in
229 1860 280 1884 10.
296 1849 377 1884 Civ.
391 1850 461 1884 Dei
478 1849 563 1896 (cap.
584 1862 615 1895 9.
631 1851 691 1884 cir.
708 1849 805 1893 med.)
817 1860 827 1882 :
846 1849 1123 1896 «Porphyrium
1137 1849 1241 1884 fateri
1262 1850 1459 1896 theurgicis
1480 1850 1635 1894 theletis‚

73 1902 165 1936 idest
185 1902 456 1949 operationibus
478 1903 712 1944 daemonum,
741 1903 883 1937 animae
909 1903 1146 1937 intellectuali
1166 1903 1257 1937 nihil
1283 1904 1508 1950 purgationis
1535 1915 1635 1938 acce-

74 1955 168 1998 dere,
191 1957 288 2002 quod
311 1967 391 1990 eam
413 1955 521 1990 faciat
542 1957 712 1990 idoneam
735 1956 779 1990 ad
805 1956 1002 1991 videndum
1028 1957 1150 1990 Deum
1176 1968 1294 1998 suum,
1323 1965 1357 1992 et
1383 1958 1633 2004 perspicienda

70 2020 112 2043 ea
127 2020 219 2055 quae
232 2020 317 2043 vera
332 2017 414 2043 sunt
428 2023 460 2051 »,
476 2009 595 2055 qualia
610 2017 692 2044 sunt
707 2009 831 2043 omnia
845 2010 1077 2044 scientiarum
1092 2010 1331 2045 theoremata.
1343 2011 1497 2045 Possent
1511 2019 1632 2046 tamen

70 2062 268 2097 daemones
290 2063 498 2096 hominibus
533 2062 784 2109 colloquentes
805 2063 922 2097 verbis
945 2063 1145 2109 exprimere
1169 2063 1289 2110 aliqua
1316 2065 1550 2099 scientiarum
1571 2065 1631 2099 do—

76 2123 256 2158 cumenta,
278 2116 341 2150 sed
362 2116 434 2150 hoc
455 2127 530 2150 non
553 2116 735 2162 quaeritur
755 2127 818 2162 per
840 2124 954 2150 artem
976 2118 1170 2151 notoriam.

145 2169 204 2204 AD
228 2180 377 2204 PRIMUM
400 2180 486 2215 ergo
516 2169 722 2211 dicendum,
753 2170 849 2216 quod
884 2170 1069 2216 acquirere
1100 2171 1291 2205 scientiam
1316 2171 1455 2206 bonum
1482 2180 1545 2214 est,
1571 2174 1632 2207 sed

72 2222 256 2268 acquirere
279 2234 359 2257 eam
381 2222 494 2256 modo
517 2222 675 2257 indebito
698 2233 772 2257 non
795 2230 847 2257 est
867 2223 1025 2266 bonum;
1049 2232 1083 2258 et
1102 2224 1145 2258 ad
1160 2224 1256 2258 hunc
1278 2224 1389 2259 finem
1411 2226 1564 2261 intendit
1579 2238 1634 2262 ars

70 2277 223 2311 notoria.

139 2330 199 2365 AD
222 2340 429 2364 SECUNDUM
452 2329 658 2372 dicendum,
686 2330 783 2376 quod
808 2331 907 2377 pueri
934 2330 985 2364 illi
1006 2342 1080 2365 non
1104 2331 1329 2367 abstinebant
1351 2333 1551 2367 secundum
1577 2345 1635 2367 va-

70 2394 155 2417 narn
183 2383 451 2418 observantiam
474 2383 557 2417 artis
579 2383 756 2426 notoriae,
775 2384 836 2418 sed
859 2384 1059 2418 secundum
1087 2386 1339 2420 auctoritatem
1366 2385 1456 2431 legis
1479 2387 1633 2429 divinae,

70 2436 234 2471 nolentes
256 2437 436 2483 inquinari
459 2437 545 2470 cibis
568 2436 769 2482 gentilium,
792 2444 826 2471 et
843 2437 926 2471 ideo
946 2438 1076 2472 merito
1099 2438 1326 2474 obedientiae
1348 2440 1534 2473 consecuti
1553 2448 1634 2474 sunt

71 2500 90 2523 a
111 2490 192 2524 Deo
214 2490 415 2532 scientiam,
438 2491 637 2524 secundum
658 2489 747 2524 illud
769 2491 826 2524 Ps.
856 2491 948 2525 118.:
973 2491 1078 2538 Super
1094 2504 1181 2526 senes
1201 2493 1357 2535 intellexi,
1380 2494 1458 2538 quia
1476 2493 1635 2528 mandata

73 2547 130 2577 tua
151 2544 308 2589 quaesi-vi.

141 2597 200 2630 An
224 2607 395 2631 TERTIUM
426 2596 631 2638 dicendum,
658 2597 754 2642 quod
786 2597 970 2643 exquirere
1002 2598 1252 2644 cognitionem
1278 2598 1481 2632 futurorum
1509 2610 1528 2632 a
1554 2599 1634 2634 dae-

71 2649 250 2691 monibus,
284 2661 358 2684 non
386 2650 506 2684 solum
537 2657 589 2683 est
618 2658 808 2696 peccatum
840 2659 986 2697 propter
1016 2651 1099 2693 hoc,
1128 2653 1224 2698 quod
1246 2653 1314 2698 ipsi
1334 2652 1451 2686 futura
1472 2663 1546 2686 non
1575 2664 1633 2687 co-

73 2710 261 2746 gnoscunt,
284 2704 345 2736 sed
367 2711 512 2749 propter
534 2703 746 2738 societatem
769 2716 852 2738 cum
881 2705 931 2738 eis
958 2705 1096 2747 initam,
1124 2717 1215 2751 quae
1244 2706 1353 2739 etiam
1382 2706 1418 2738 in
1445 2707 1631 2752 proposito

73 2754 179 2789 habet
200 2755 335 2790 locum.
