1859 3122
463 171 684 206 QUAESTIO
718 171 894 202 LXXXIX.
927 172 1173 203 ARTICULUS
1206 172 1248 202 X.
1549 162 1628 216 651

69 250 286 285 conditionis
307 262 498 298 personae,
520 261 555 287 et
575 253 736 300 quolibet
756 262 921 300 tempore
943 254 979 288 in
1002 254 1191 288 communi
1219 253 1406 289 locutione
1441 265 1636 289 consueve-

69 313 151 339 runt
170 305 286 350 jurare
308 317 370 351 per
391 306 532 349 Deum3
555 318 641 353 ergo
665 307 780 342 multo
798 308 914 353 magis
928 307 1067 342 licitum
1083 316 1137 343 est
1150 308 1200 342 eis
1214 309 1331 353 jurare
1348 320 1410 354 per
1424 307 1634 354 Evangelia.

143 370 171 404 3.
193 359 428 394 PRAETlfiREA.
453 360 553 394 [dem
574 373 647 395 non
671 370 837 396 causatur
859 375 901 395 ex
924 363 1112 396 contrariis
1146 362 1281 405 causis3
1316 362 1399 407 quia
1433 362 1635 396 contrariae

69 423 198 446 causae
220 420 301 446 sunt
323 414 606 448 contrariorum:
629 416 690 449 sed
713 415 824 461 aliqui
845 415 1084 450 excluduntur
1106 427 1125 449 a
1146 417 1351 461 juramento
1375 424 1520 461 propter
1542 415 1636 449 defe-

69 474 167 500 ctum
188 476 384 512 personae;
406 467 497 501 sicut
519 468 619 514 pueri
641 477 722 502 ante
745 469 1021 515 quatuordecim
1044 480 1170 511 annos,
1193 477 1227 503 et
1245 469 1354 503 etiarn
1374 469 1426 503 illi
1444 469 1504 515 qui
1521 467 1635 503 semel

69 519 211 554 suerunt
230 521 384 566 perjuri3
406 532 480 554 non
504 533 590 567 ergo
613 522 765 564 videtur,
788 523 884 568 quod
907 522 1018 568 aliqui
1039 522 1297 568 prohibeantur
1330 523 1457 567 jurare,
1480 521 1538 556 vel
1558 533 1636 569 pro-

67 581 144 619 pter
164 573 389 618 dignitatem,
412 574 503 609 sicut
525 575 657 617 clerici,
681 584 741 609 aut
763 576 871 609 etiam
894 584 1040 622 propter
1061 576 1235 622 temporis
1257 575 1538 610 solemnitatem.

137 636 170 669 4.
192 627 428 662 Pam-ruam.
452 628 581 663 Nullus
602 629 716 663 homo
750 630 874 663 vivens
896 630 932 663 in
954 629 1025 663 hoc
1048 630 1185 663 mundo
1208 638 1262 664 est
1283 638 1403 664 tantae
1440 629 1634 675 dignitatis,

67 680 160 715 sicut
180 680 361 726 Angelus:
385 681 514 715 dicitur
535 682 632 716 enim
654 682 780 716 Matth.
807 693 859 716 11.
882 683 979 728 quod
1001 684 1058 728 qui
1079 684 1189 717 minor
1210 688 1254 718 est
1275 684 1309 716 in
1330 695 1428 729 regno
1457 684 1634 725 coelorum,

67 736 179 779 major
199 739 243 769 est
263 734 333 776 illo,
357 734 495 769 scilicet
511 735 651 780 Joanne
674 735 834 781 Baptista
856 735 973 769 adhuc
996 735 1032 769 in
1054 736 1191 770 mundo
1213 736 1375 770 vivente:
1407 736 1469 770 sed
1490 736 1636 783 Angelo

69 788 239 822 convenit
259 789 396 833 jurare:
419 788 547 822 dicitur
569 789 666 823 enirn
687 789 805 834 Apoc.
825 799 890 831 ro,
905 789 1002 834 quod
1024 789 1169 834 Angelus
1182 791 1317 835 juravit
1331 796 1394 836 par
1414 791 1577 825 viventem
1600 791 1636 825 in

67 841 197 876 saecula
215 842 436 883 saeculorum,-
459 853 546 888 ergo
573 841 691 877 nullus
724 842 839 877 homo
866 850 1013 889 propter
1046 842 1260 888 dignitatem
1294 843 1398 878 debet
1431 843 1595 878 excusari
1617 854 1637 878 a

66 903 282 940 juramento.

141 949 215 983 SED
238 959 394 984 CONTRA
426 957 489 991 est,
523 949 620 995 quod
653 949 805 983 habetur
827 959 858 983 2.
881 961 913 995 q.
941 959 968 993 ς.
994 949 1082 995 (cap.
1104 950 1177 995 4.).·
1209 962 1227 981 «
1248 949 1443 996 Presbyter
1472 950 1551 984 vice
1584 950 1634 995 ju-

69 1004 222 1038 ramenti
243 1014 305 1049 per
326 1011 489 1038 sanctam
511 1003 826 1037 consecrationem
847 1003 1090 1049 interrogetur
1111 1016 1155 1045 »3
1182 1011 1217 1037 et
1244 1013 1298 1036 22.
1327 1015 1359 1049 q.
1391 1014 1418 1048 ς.
1448 1003 1536 1050 (cap.
1563 1005 1633 1049 22.)

69 1057 215 1090 dicitur:
237 1056 357 1091 nullus
380 1069 422 1092 ex
442 1056 700 1091 Ecclesiastico
723 1057 848 1091 ordine
871 1057 1042 1103 cuiquam
1063 1056 1158 1091 laico
1174 1056 1372 1103 quidquam
1386 1069 1493 1103 super
1511 1065 1635 1092 sancta

69 1110 265 1155 Evangelia
288 1111 403 1155 jurare
425 1118 644 1156 praesumat.

140 1164 368 1199 REsPON-Dfio
387 1164 594 1205 dicendum,
617 1164 714 1210 quod
735 1164 771 1197 in
792 1164 997 1209 juramento
1020 1163 1083 1197 duo
1105 1171 1188 1197 sunt
1219 1163 1493 1198 consideranda.
1527 1165 1637 1198 Unum

69 1219 214 1264 quidem
236 1230 278 1252 ex
298 1226 398 1263 parte
419 1218 499 1259 Dei,
523 1219 624 1263 cujus
645 1217 895 1252 testimonium
917 1217 1117 1251 inducitur:
1141 1225 1176 1251 et
1198 1226 1372 1263 quantum
1395 1217 1439 1251 ad
1473 1217 1546 1252 hoc
1581 1217 1638 1252 de-

68 1272 170 1306 betur
189 1273 394 1318 juramento
416 1272 576 1306 maxima
597 1272 814 1314 reverentia;
837 1280 871 1306 et
894 1279 1040 1318 propter
1053 1271 1125 1305 hoc
1141 1283 1160 1305 a
1174 1272 1380 1316 juramento
1396 1270 1634 1305 excluduntur

69 1326 169 1371 pueri
191 1333 272 1359 ante
295 1337 408 1359 annos
430 1325 636 1372 pubertatis,
659 1325 720 1371 qui
741 1337 815 1359 non
839 1333 1018 1371 coguntur
1041 1325 1084 1359 ad
1105 1325 1323 1370 ·jurandum;
1359 1325 1442 1371 quia
1475 1325 1639 1359 nondum

68 1379 203 1413 habent
224 1379 423 1425 perfectum
445 1391 551 1413 usum
572 1380 734 1421 rationis,
756 1390 828 1425 quo
850 1379 990 1425 possint
1012 1390 1097 1413 curn
1111 1379 1313 1413 reverentia
1329 1379 1641 1425 debitajuramen-

68 1440 146 1467 tum
167 1441 367 1479 praestare:
391 1441 426 1467 et
446 1433 576 1467 iterum
598 1433 741 1479 perjuri,
764 1433 825 1479 qui
846 1432 890 1467 ad
911 1433 1159 1478 juramentum
1180 1444 1255 1467 non
1278 1433 1534 1475 admittuntur3
1556 1433 1640 1479 quia

70 1498 113 1521 ex
133 1487 320 1521 retroactis
340 1487 592 1532 praesumitur,
615 1487 712 1532 quod
730 1487 888 1520 debitam
910 1486 1151 1520 reverentiam
1172 1487 1376 1531 juramento
1399 1498 1474 1521 non
1497 1486 1638 1521 exhibe-

69 1539 175 1582 bunt3
197 1548 232 1574 et
252 1550 399 1586 propter
419 1540 491 1574 hoc
514 1540 624 1574 etiam
646 1548 684 1574 ut
704 1541 910 1586 juramento
946 1539 1065 1573 debita
1098 1540 1299 1574 reverentia
1333 1540 1555 1582 exhibeatur,
1589 1539 1638 1573 di-

70 1593 160 1627 citur
182 1603 236 1627 22.
260 1605 292 1639 q.
319 1604 347 1638 5.
369 1594 457 1640 (cap.
478 1594 560 1637 169:
580 1606 598 1625 ‹<
612 1593 818 1627 Honestum
841 1601 904 1635 est,
926 1600 964 1627 ut
986 1593 1047 1639 qui
1067 1593 1104 1626 in
1126 1593 1259 1627 sanctis
1281 1593 1389 1627 audet
1409 1594 1539 1639 jurare,
1566 1593 1638 1627 hoc

68 1646 209 1692 jejunus
230 1646 338 1681 faciat
359 1658 443 1681 curn
465 1647 567 1681 omni
587 1647 790 1689 honestate,
813 1653 848 1680 et
867 1646 1000 1680 timore
1021 1646 1092 1680 Dei
1112 1660 1144 1680 >›.
1179 1646 1285 1681 Aliud
1307 1655 1428 1681 autern
1451 1655 1503 1681 est
1525 1647 1640 1681 consi-

69 1700 270 1734 derandum
292 1711 333 1734 ex
355 1708 454 1746 parte
474 1700 647 1742 hominis,
671 1701 770 1746 cujus
793 1700 930 1734 dictum
951 1701 1156 1746 juramento
1179 1699 1414 1734 confirmatur
1429 1712 1525 1734 :non
1540 1700 1638 1734 enirn

68 1753 207 1799 indiget
228 1753 365 1787 dictum
386 1753 546 1787 hominis
569 1753 858 1795 confirmatione,
880 1753 949 1787 nisi
971 1754 1054 1799 quia
1075 1753 1119 1787 de
1141 1764 1184 1787 eo
1204 1753 1403 1788 dubitatur:
1421 1753 1493 1787 hoc
1514 1761 1635 1788 autem

69 1807 221 1852 derogat
241 1807 407 1852 dignitati
426 1818 615 1852 personae,
638 1815 676 1841 ut
703 1806 883 1841 dubitetur
915 1806 959 1840 de
992 1806 1142 1840 veritate
1176 1817 1316 1849 eorum,
1351 1818 1442 1853 quae
1477 1807 1582 1849 dicit3
1605 1815 1640 1841 et

68 1860 152 1895 ideo
173 1861 337 1907 personis
359 1872 514 1906 magnae
536 1860 718 1906 dignitatis
740 1871 815 1894 non
837 1859 1008 1894 convenit
1038 1860 1168 1905 jurare.
1200 1860 1353 1905 Propter
1382 1860 1479 1906 quod
1510 1860 1639 1894 dicitur

70 1924 102 1948 2.
125 1925 158 1960 q.
184 1924 213 1959 5.
235 1925 335 1960 cap.:
360 1914 397 1949 Si
421 1915 494 1959 quis
519 1915 702 1959 Presbyter,
727 1913 824 1959 quod
849 1926 867 1945 (ε
891 1913 1108 1948 Sacerdotes
1132 1924 1174 1947 ex
1196 1912 1268 1947 levi
1294 1925 1403 1947 causa
1427 1914 1544 1958 jurare
1563 1925 1639 1948 non

69 1967 199 2002 debent
212 1979 244 2000 »ε
267 1975 390 2001 tamen
415 1980 433 1998 «
454 1977 519 2013 pro
542 1966 662 2012 aliqua
683 1967 909 2009 necessitate,
931 1965 991 2001 vel
1011 1977 1145 2012 magna
1167 1965 1321 2001 utilitate
1342 1966 1483 2000 licitum
1511 1975 1565 2001 est
1586 1966 1637 2001 eis

69 2021 198 2067 jurare,
220 2028 255 2055 et
275 2020 467 2066 praecipue
488 2031 553 2066 pro
575 2019 818 2066 spiritualibus
838 2020 996 2066 negotiis
1017 2032 1050 2062 »ς
1073 2030 1138 2065 pro
1159 2020 1286 2065 quibus
1307 2020 1417 2054 etiam
1434 2020 1639 2065 juramenta

71 2074 246 2120 competit
266 2082 447 2120 praestare
468 2074 506 2107 in
526 2073 751 2108 solemnibus
773 2073 909 2116 diebus,
932 2073 1060 2120 quibus
1083 2081 1136 2108 est
1165 2073 1408 2119 spiritualibus
1442 2074 1548 2107 rebus
1580 2085 1639 2107 va-

71 2128 247 2163 candum:
286 2138 362 2161 non
389 2135 510 2161 autem
536 2135 621 2161 tunc
648 2134 731 2161 sunt
756 2128 959 2173 juramenta
984 2127 1199 2173 praestanda
1220 2138 1285 2173 pro
1318 2127 1425 2162 rebus
1458 2135 1639 2173 tempora-

71 2181 175 2224 libus,
195 2181 265 2215 nisi
285 2181 377 2216 forte
404 2192 446 2215 ex
467 2193 602 2227 magna
621 2183 847 2216 necessitate.

142 2235 203 2270 AD
224 2245 372 2270 PRIMUM
393 2246 480 2281 ergo
508 2235 713 2277 dicendum,
731 2235 827 2281 quod
850 2234 998 2281 quidam
1018 2242 1113 2277 sunt,
1141 2235 1203 2280 qui
1224 2234 1362 2268 dictum
1382 2246 1489 2269 suum
1508 2233 1636 2269 confir-

71 2299 172 2323 mare
192 2300 267 2322 non
288 2297 440 2335 possunt
459 2296 604 2334 propter
625 2288 807 2322 defectum
829 2299 975 2324 eorum:
995 2296 1030 2322 et
1044 2287 1193 2334 quidam
1211 2296 1304 2330 sunt,
1323 2299 1479 2334 quorum
1501 2287 1637 2322 dictum

73 2342 164 2377 adeo
185 2342 291 2376 debet
313 2353 390 2376 esse
412 2350 562 2384 certum,
584 2341 682 2388 quod
704 2341 982 2376 confirmatione
1002 2353 1078 2375 non
1100 2349 1215 2387 egeat.

143 2396 203 2431 AD
225 2406 432 2431 SECUNDUM
459 2395 664 2437 dicendum,
691 2396 788 2441 quod
813 2396 1059 2441 juramentum
1080 2394 1281 2429 secundum
1307 2405 1344 2428 se
1367 2394 1637 2428 consideratum

71 2457 173 2484 tanto
194 2448 321 2483 fortius
343 2457 407 2491 est,
429 2456 464 2483 et
484 2449 600 2494 magis
622 2448 770 2494 obligat,
792 2457 926 2494 quanto
950 2449 1066 2494 majus
1088 2456 1141 2482 est
1161 2447 1208 2490 id,
1230 2459 1293 2494 per
1315 2447 1411 2493 quod
1433 2448 1581 2492 juratur,
1599 2455 1639 2481 ut

72 2503 225 2549 August.
248 2503 334 2536 dicit
356 2502 398 2536 ad
417 2501 554 2535 Public.
587 2501 692 2548 (epist.
717 2502 828 2547 154.);
852 2510 888 2536 et
907 2501 1109 2536 secundum
1130 2501 1201 2535 hoc
1224 2502 1339 2546 majus
1363 2509 1416 2534 est
1436 2501 1552 2545 jurare
1575 2511 1638 2545 per

72 2556 206 2598 Deum,
229 2567 339 2602 quarn
357 2567 420 2601 per
444 2554 661 2600 Evangelia:
680 2555 742 2589 sed
766 2563 884 2601 potest
902 2567 980 2589 esse
1003 2566 1021 2589 e
1049 2565 1225 2588 converso
1248 2561 1393 2600 propter
1415 2553 1566 2586 modurn
1588 2554 1638 2597 ju-

72 2609 186 2651 randi,
209 2617 332 2655 utpote
354 2609 382 2643 si
403 2610 661 2654 juramentum,
687 2609 785 2654 quod
810 2608 849 2643 fit
874 2620 937 2654 per
957 2607 1168 2653 Evangelia,
1188 2607 1249 2640 fiat
1271 2618 1354 2640 curn
1377 2606 1533 2652 quadam
1553 2605 1637 2640 deli-

71 2663 269 2705 beratione,
289 2671 323 2697 et
338 2661 569 2697 solemnitate
581 2675 589 2705 ;
603 2663 849 2708 juramentum
863 2670 997 2704 autem,
1012 2661 1110 2708 quod
1127 2661 1166 2695 fit
1188 2671 1250 2706 per
1264 2660 1397 2701 Deum,
1417 2659 1478 2693 fiat
1499 2658 1637 2701 leviter,

75 2724 110 2751 et
130 2716 264 2762 absque
287 2716 558 2750 deliberatione.

145 2770 205 2804 AD
233 2779 405 2804 TERTIUM
434 2769 640 2810 dicendum,
669 2769 765 2814 quod
791 2769 882 2803 nihii
910 2768 1078 2815 prohibet
1108 2766 1242 2812 aliquid
1272 2765 1352 2800 tolli
1379 2777 1422 2799 ex
1450 2765 1638 2800 contrariis

75 2823 192 2857 causis
213 2834 278 2869 per
298 2823 451 2857 modurn
472 2821 832 2867 superabundantiae,
855 2830 890 2857 et
911 2821 1090 2863 defectus;
1114 2829 1148 2854 et
1168 2820 1238 2853 hoc
1259 2819 1370 2853 modo
1394 2819 1506 2864 aliqui
1526 2819 1639 2865 impe-

76 2875 220 2910 diuntur
241 2887 260 2910 a
281 2876 506 2921 jurament03
528 2874 612 2921 quia
633 2883 716 2910 sunt
736 2876 884 2921 majoris
912 2873 1145 2914 auctoritatiS,
1171 2883 1280 2918 quam
1307 2871 1403 2918 quod
1431 2882 1493 2906 eos
1518 2873 1637 2918 jurare
