<?xml version="1.0" encoding="UTF-8"?>
<!DOCTYPE html PUBLIC "-//W3C//DTD XHTML 1.0 Transitional//EN"
    "http://www.w3.org/TR/xhtml1/DTD/xhtml1-transitional.dtd">
<html xmlns="http://www.w3.org/1999/xhtml" xml:lang="en" lang="en">
 <head>
  <title>
</title>
<meta http-equiv="Content-Type" content="text/html;charset=utf-8" />
  <meta name='ocr-system' content='tesseract 3.04.00' />
  <meta name='ocr-capabilities' content='ocr_page ocr_carea ocr_par ocr_line ocrx_word'/>
</head>
<body>
  <div class='ocr_page' id='page_1' title='image "./divithomaeaquina03thomuoft_0928.png"; bbox 0 0 1859 3122; ppageno 0'>
   <div class='ocr_carea' id='block_1_1' title="bbox 202 155 1351 204">
    <p class='ocr_par' dir='ltr' id='par_1_1' title="bbox 202 155 1351 204">
     <span class='ocr_line' id='line_1_1' title="bbox 202 155 1351 204; baseline -0.003 -13"><span class='ocrx_word' id='word_1_1' title='bbox 202 161 287 204; x_wconf 83' lang='lat'><strong>920</strong></span> <span class='ocrx_word' id='word_1_2' title='bbox 607 157 829 193; x_wconf 84' lang='lat' dir='ltr'><strong>QUAESTIO</strong></span> <span class='ocrx_word' id='word_1_3' title='bbox 864 157 978 187; x_wconf 92' lang='lat' dir='ltr'>CXLI.</span> <span class='ocrx_word' id='word_1_4' title='bbox 1013 155 1258 187; x_wconf 86' lang='lat' dir='ltr'>ARTICULUS</span> <span class='ocrx_word' id='word_1_5' title='bbox 1290 156 1351 187; x_wconf 91' lang='lat'>111.</span> 
     </span>
    </p>
   </div>
   <div class='ocr_carea' id='block_1_2' title="bbox 200 237 1770 765">
    <p class='ocr_par' dir='ltr' id='par_1_2' title="bbox 201 237 1764 340">
     <span class='ocr_line' id='line_1_2' title="bbox 201 237 1764 284; baseline -0.003 -8"><span class='ocrx_word' id='word_1_6' title='bbox 201 253 275 276; x_wconf 92' lang='lat' dir='ltr'><strong>non</strong></span> <span class='ocrx_word' id='word_1_7' title='bbox 298 239 537 275; x_wconf 80' lang='lat' dir='ltr'>immoderate</span> <span class='ocrx_word' id='word_1_8' title='bbox 558 238 793 284; x_wconf 82' lang='lat' dir='ltr'><strong>concupiscit,</strong></span> <span class='ocrx_word' id='word_1_9' title='bbox 813 248 1039 284; x_wconf 89' lang='lat' dir='ltr'><strong>consequens</strong></span> <span class='ocrx_word' id='word_1_10' title='bbox 1061 245 1115 271; x_wconf 88' lang='lat' dir='ltr'><strong>est</strong></span> <span class='ocrx_word' id='word_1_11' title='bbox 1135 244 1173 271; x_wconf 91' lang='lat' dir='ltr'><strong>ut</strong></span> <span class='ocrx_word' id='word_1_12' title='bbox 1194 237 1379 272; x_wconf 88' lang='lat' dir='ltr'><strong>moderate</strong></span> <span class='ocrx_word' id='word_1_13' title='bbox 1401 245 1518 284; x_wconf 83' lang='lat' dir='ltr'><strong>speret</strong></span> <span class='ocrx_word' id='word_1_14' title='bbox 1539 237 1582 272; x_wconf 93' lang='lat' dir='ltr'><strong>de</strong></span> <span class='ocrx_word' id='word_1_15' title='bbox 1604 237 1764 272; x_wconf 89' lang='lat' dir='ltr'><strong>absentia</strong></span> 
     </span>
     <span class='ocr_line' id='line_1_3' title="bbox 203 292 729 340; baseline -0.008 -11"><span class='ocrx_word' id='word_1_16' title='bbox 203 292 540 340; x_wconf 80' lang='lat' dir='ltr'><strong>concupiscibilium</strong></span> <span class='ocrx_word' id='word_1_17' title='bbox 561 293 729 326; x_wconf 80' lang='lat' dir='ltr'><strong>tristetur.</strong></span> 
     </span>
    </p>

    <p class='ocr_par' dir='ltr' id='par_1_3' title="bbox 200 343 1768 606">
     <span class='ocr_line' id='line_1_4' title="bbox 272 343 1765 391; baseline -0.003 -10"><span class='ocrx_word' id='word_1_18' title='bbox 272 348 332 381; x_wconf 88' lang='lat' dir='ltr'><strong>AD</strong></span> <span class='ocrx_word' id='word_1_19' title='bbox 347 356 553 381; x_wconf 73' lang='lat' dir='ltr'>SECUNDUM</span> <span class='ocrx_word' id='word_1_20' title='bbox 566 345 771 386; x_wconf 88' lang='lat' dir='ltr'><strong>dicendum,</strong></span> <span class='ocrx_word' id='word_1_21' title='bbox 783 344 880 391; x_wconf 93' lang='lat' dir='ltr'><strong>quod</strong></span> <span class='ocrx_word' id='word_1_22' title='bbox 896 343 1189 390; x_wconf 86' lang='lat' dir='ltr'><strong>concupiscentia</strong></span> <span class='ocrx_word' id='word_1_23' title='bbox 1203 343 1375 388; x_wconf 89' lang='lat' dir='ltr'><strong>importat</strong></span> <span class='ocrx_word' id='word_1_24' title='bbox 1385 343 1559 390; x_wconf 88' lang='lat' dir='ltr'><strong>impetum</strong></span> <span class='ocrx_word' id='word_1_25' title='bbox 1568 343 1765 390; x_wconf 84' lang='lat' dir='ltr'><strong>quemdam</strong></span> 
     </span>
     <span class='ocr_line' id='line_1_5' title="bbox 203 397 1768 446; baseline -0.001 -13"><span class='ocrx_word' id='word_1_26' title='bbox 203 400 378 446; x_wconf 86' lang='lat' dir='ltr'><strong>appetitus</strong></span> <span class='ocrx_word' id='word_1_27' title='bbox 401 401 437 433; x_wconf 87' lang='lat' dir='ltr'><strong>in</strong></span> <span class='ocrx_word' id='word_1_28' title='bbox 460 397 692 440; x_wconf 87' lang='lat' dir='ltr'><strong>delectabile;</strong></span> <span class='ocrx_word' id='word_1_29' title='bbox 720 398 778 443; x_wconf 89' lang='lat' dir='ltr'><strong>qui</strong></span> <span class='ocrx_word' id='word_1_30' title='bbox 806 397 942 443; x_wconf 83' lang='lat' dir='ltr'><strong>indiget</strong></span> <span class='ocrx_word' id='word_1_31' title='bbox 968 397 1251 439; x_wconf 82' lang='lat' dir='ltr'><strong>refraenatione3</strong></span> <span class='ocrx_word' id='word_1_32' title='bbox 1274 397 1370 442; x_wconf 90' lang='lat' dir='ltr'><strong>quod</strong></span> <span class='ocrx_word' id='word_1_33' title='bbox 1392 397 1544 443; x_wconf 80' lang='lat' dir='ltr'><strong>pertinet</strong></span> <span class='ocrx_word' id='word_1_34' title='bbox 1566 398 1609 431; x_wconf 88' lang='lat' dir='ltr'><strong>ad</strong></span> <span class='ocrx_word' id='word_1_35' title='bbox 1630 405 1768 443; x_wconf 91' lang='lat' dir='ltr'><strong>tempe-</strong></span> 
     </span>
     <span class='ocr_line' id='line_1_6' title="bbox 200 450 1767 497; baseline -0.003 -10"><span class='ocrx_word' id='word_1_36' title='bbox 200 453 372 488; x_wconf 84' lang='lat' dir='ltr'><strong>rantiam:</strong></span> <span class='ocrx_word' id='word_1_37' title='bbox 388 453 450 487; x_wconf 81' lang='lat' dir='ltr'><strong>sed</strong></span> <span class='ocrx_word' id='word_1_38' title='bbox 464 452 574 485; x_wconf 87' lang='lat' dir='ltr'><strong>timor</strong></span> <span class='ocrx_word' id='word_1_39' title='bbox 587 452 759 497; x_wconf 81' lang='lat' dir='ltr'><strong>importat</strong></span> <span class='ocrx_word' id='word_1_40' title='bbox 771 451 1025 485; x_wconf 84' lang='lat' dir='ltr'><strong>retractionem</strong></span> <span class='ocrx_word' id='word_1_41' title='bbox 1044 450 1240 496; x_wconf 86' lang='lat' dir='ltr'><strong>quamdam</strong></span> <span class='ocrx_word' id='word_1_42' title='bbox 1261 450 1370 483; x_wconf 88' lang='lat' dir='ltr'><strong>animi</strong></span> <span class='ocrx_word' id='word_1_43' title='bbox 1390 450 1431 483; x_wconf 92' lang='lat' dir='ltr'><strong>ab</strong></span> <span class='ocrx_word' id='word_1_44' title='bbox 1451 450 1626 495; x_wconf 86' lang='lat' dir='ltr'><strong>aliquibus</strong></span> <span class='ocrx_word' id='word_1_45' title='bbox 1640 450 1767 493; x_wconf 91' lang='lat' dir='ltr'><strong>malis;</strong></span> 
     </span>
     <span class='ocr_line' id='line_1_7' title="bbox 202 502 1766 552; baseline -0.003 -11"><span class='ocrx_word' id='word_1_46' title='bbox 202 515 328 541; x_wconf 88' lang='lat' dir='ltr'><strong>contra</strong></span> <span class='ocrx_word' id='word_1_47' title='bbox 352 506 448 552; x_wconf 88' lang='lat' dir='ltr'><strong>quod</strong></span> <span class='ocrx_word' id='word_1_48' title='bbox 469 505 607 550; x_wconf 78' lang='lat' dir='ltr'><strong>indiget</strong></span> <span class='ocrx_word' id='word_1_49' title='bbox 627 505 742 538; x_wconf 89' lang='lat' dir='ltr'><strong>homo</strong></span> <span class='ocrx_word' id='word_1_50' title='bbox 766 504 877 537; x_wconf 87' lang='lat' dir='ltr'><strong>animi</strong></span> <span class='ocrx_word' id='word_1_51' title='bbox 898 503 1088 545; x_wconf 81' lang='lat' dir='ltr'><strong>firmitate3</strong></span> <span class='ocrx_word' id='word_1_52' title='bbox 1111 515 1220 549; x_wconf 85' lang='lat' dir='ltr'><strong>quam</strong></span> <span class='ocrx_word' id='word_1_53' title='bbox 1242 511 1398 549; x_wconf 83' lang='lat' dir='ltr'><strong>praestat</strong></span> <span class='ocrx_word' id='word_1_54' title='bbox 1415 502 1607 545; x_wconf 89' lang='lat' dir='ltr'><strong>fortitudo;</strong></span> <span class='ocrx_word' id='word_1_55' title='bbox 1629 514 1664 537; x_wconf 84' lang='lat' dir='ltr'><strong>et</strong></span> <span class='ocrx_word' id='word_1_56' title='bbox 1683 503 1766 537; x_wconf 89' lang='lat' dir='ltr'><strong>ideo</strong></span> 
     </span>
     <span class='ocr_line' id='line_1_8' title="bbox 200 555 1639 606; baseline -0.003 -12"><span class='ocrx_word' id='word_1_57' title='bbox 200 559 439 606; x_wconf 75' lang='lat' dir='ltr'><strong>temperantia</strong></span> <span class='ocrx_word' id='word_1_58' title='bbox 460 559 603 604; x_wconf 85' lang='lat' dir='ltr'><strong>proprie</strong></span> <span class='ocrx_word' id='word_1_59' title='bbox 626 565 678 592; x_wconf 92' lang='lat' dir='ltr'><strong>est</strong></span> <span class='ocrx_word' id='word_1_60' title='bbox 701 559 795 591; x_wconf 86' lang='lat' dir='ltr'><strong>circa</strong></span> <span class='ocrx_word' id='word_1_61' title='bbox 818 557 1142 602; x_wconf 80' lang='lat' dir='ltr'><strong>concupiscentias,</strong></span> <span class='ocrx_word' id='word_1_62' title='bbox 1168 555 1340 590; x_wconf 88' lang='lat' dir='ltr'><strong>fortitudo</strong></span> <span class='ocrx_word' id='word_1_63' title='bbox 1364 556 1459 590; x_wconf 87' lang='lat' dir='ltr'><strong>circa</strong></span> <span class='ocrx_word' id='word_1_64' title='bbox 1479 556 1639 590; x_wconf 87' lang='lat' dir='ltr'><strong>timores.</strong></span> 
     </span>
    </p>

    <p class='ocr_par' dir='ltr' id='par_1_4' title="bbox 203 609 1770 765">
     <span class='ocr_line' id='line_1_9' title="bbox 273 609 1768 656; baseline -0.003 -9"><span class='ocrx_word' id='word_1_65' title='bbox 273 614 332 647; x_wconf 85' lang='lat' dir='ltr'><strong>AD</strong></span> <span class='ocrx_word' id='word_1_66' title='bbox 361 622 531 646; x_wconf 71' lang='lat' dir='ltr'>TERTIUM</span> <span class='ocrx_word' id='word_1_67' title='bbox 559 611 765 651; x_wconf 85' lang='lat' dir='ltr'><strong>dicendum,</strong></span> <span class='ocrx_word' id='word_1_68' title='bbox 788 610 884 656; x_wconf 90' lang='lat' dir='ltr'><strong>quod</strong></span> <span class='ocrx_word' id='word_1_69' title='bbox 907 610 1100 644; x_wconf 76' lang='lat' dir='ltr'><strong>exteriores</strong></span> <span class='ocrx_word' id='word_1_70' title='bbox 1128 617 1227 643; x_wconf 86' lang='lat' dir='ltr'><strong>actus</strong></span> <span class='ocrx_word' id='word_1_71' title='bbox 1254 609 1455 655; x_wconf 87' lang='lat' dir='ltr'><strong>procedunt</strong></span> <span class='ocrx_word' id='word_1_72' title='bbox 1476 609 1518 642; x_wconf 86' lang='lat' dir='ltr'><strong>ab</strong></span> <span class='ocrx_word' id='word_1_73' title='bbox 1541 609 1768 644; x_wconf 88' lang='lat' dir='ltr'><strong>interioribus</strong></span> 
     </span>
     <span class='ocr_line' id='line_1_10' title="bbox 203 662 1770 712; baseline -0.003 -12"><span class='ocrx_word' id='word_1_74' title='bbox 203 667 346 701; x_wconf 82' lang='lat' dir='ltr'><strong>animae</strong></span> <span class='ocrx_word' id='word_1_75' title='bbox 367 665 613 712; x_wconf 79' lang='lat' dir='ltr'><strong>passionibu33</strong></span> <span class='ocrx_word' id='word_1_76' title='bbox 636 673 670 699; x_wconf 89' lang='lat' dir='ltr'><strong>et</strong></span> <span class='ocrx_word' id='word_1_77' title='bbox 690 664 773 698; x_wconf 84' lang='lat' dir='ltr'><strong>ideo</strong></span> <span class='ocrx_word' id='word_1_78' title='bbox 795 662 1000 697; x_wconf 83' lang='lat' dir='ltr'><strong>moderatio</strong></span> <span class='ocrx_word' id='word_1_79' title='bbox 1024 675 1151 697; x_wconf 89' lang='lat' dir='ltr'><strong>eorum</strong></span> <span class='ocrx_word' id='word_1_80' title='bbox 1174 662 1352 709; x_wconf 86' lang='lat' dir='ltr'><strong>dependet</strong></span> <span class='ocrx_word' id='word_1_81' title='bbox 1373 674 1393 696; x_wconf 88' lang='lat' dir='ltr'><strong>a</strong></span> <span class='ocrx_word' id='word_1_82' title='bbox 1414 662 1666 697; x_wconf 89' lang='lat' dir='ltr'><strong>moderatione</strong></span> <span class='ocrx_word' id='word_1_83' title='bbox 1682 662 1770 697; x_wconf 87' lang='lat' dir='ltr'><strong>inte-</strong></span> 
     </span>
     <span class='ocr_line' id='line_1_11' title="bbox 205 720 583 765; baseline -0.005 -11"><span class='ocrx_word' id='word_1_84' title='bbox 205 721 344 754; x_wconf 88' lang='lat' dir='ltr'><strong>riorum</strong></span> <span class='ocrx_word' id='word_1_85' title='bbox 362 720 583 765; x_wconf 83' lang='lat' dir='ltr'><strong>passionum.</strong></span> 
     </span>
    </p>
   </div>
   <div class='ocr_carea' id='block_1_3' title="bbox 751 824 1768 869">
    <p class='ocr_par' dir='ltr' id='par_1_5' title="bbox 751 824 1768 869">
     <span class='ocr_line' id='line_1_12' title="bbox 751 824 1768 869; baseline 0.002 -2"><span class='ocrx_word' id='word_1_86' title='bbox 751 824 1096 869; x_wconf 87' lang='lat' dir='ltr'><strong>ARTICULUS</strong></span> <span class='ocrx_word' id='word_1_87' title='bbox 1132 824 1208 866; x_wconf 81' lang='lat' dir='ltr'><strong>IV.</strong></span> <span class='ocrx_word' id='word_1_88' title='bbox 1699 832 1768 869; x_wconf 87' lang='lat'><strong>686</strong></span> 
     </span>
    </p>
   </div>
   <div class='ocr_carea' id='block_1_4' title="bbox 318 917 1659 1014">
    <p class='ocr_par' dir='ltr' id='par_1_6' title="bbox 318 917 1659 1014">
     <span class='ocr_line' id='line_1_13' title="bbox 318 917 1659 957; baseline -0.002 -8"><span class='ocrx_word' id='word_1_89' title='bbox 318 920 471 950; x_wconf 82' lang='lat' dir='ltr'><strong>UTRUM</strong></span> <span class='ocrx_word' id='word_1_90' title='bbox 492 920 800 949; x_wconf 75' lang='lat' dir='ltr'><strong>TEMPERANTIA</strong></span> <span class='ocrx_word' id='word_1_91' title='bbox 821 920 888 948; x_wconf 85' lang='lat' dir='ltr'><strong>SIT</strong></span> <span class='ocrx_word' id='word_1_92' title='bbox 912 919 1060 948; x_wconf 89' lang='lat' dir='ltr'>SOLUM</span> <span class='ocrx_word' id='word_1_93' title='bbox 1084 918 1213 948; x_wconf 83' lang='lat' dir='ltr'>CIRCA</span> <span class='ocrx_word' id='word_1_94' title='bbox 1237 917 1659 957; x_wconf 63' lang='lat' dir='ltr'><strong>CONCUPISCENTMS,</strong></span> 
     </span>
     <span class='ocr_line' id='line_1_14' title="bbox 650 983 1322 1014; baseline -0.003 0"><span class='ocrx_word' id='word_1_95' title='bbox 650 985 705 1014; x_wconf 92' lang='lat' dir='ltr'><strong>ET</strong></span> <span class='ocrx_word' id='word_1_96' title='bbox 733 984 1101 1014; x_wconf 79' lang='lat' dir='ltr'>DELECTATIONES</span> <span class='ocrx_word' id='word_1_97' title='bbox 1135 983 1322 1013; x_wconf 89' lang='lat' dir='ltr'><strong>TACTUS.</strong></span> 
     </span>
    </p>
   </div>
   <div class='ocr_carea' id='block_1_5' title="bbox 209 1060 1771 1160">
    <p class='ocr_par' dir='ltr' id='par_1_7' title="bbox 209 1060 1771 1160">
     <span class='ocr_line' id='line_1_15' title="bbox 209 1060 1771 1108; baseline -0.004 -10"><span class='ocrx_word' id='word_1_98' title='bbox 209 1063 319 1107; x_wconf 78' lang='lat' dir='ltr'><strong>(Part.</strong></span> <span class='ocrx_word' id='word_1_99' title='bbox 341 1074 368 1097; x_wconf 73' lang='grc' dir='ltr'><strong>Ι.</strong></span> <span class='ocrx_word' id='word_1_100' title='bbox 391 1073 422 1108; x_wconf 84' lang='lat' dir='ltr'><strong>q.</strong></span> <span class='ocrx_word' id='word_1_101' title='bbox 441 1073 493 1107; x_wconf 83' lang='lat'><strong>59.</strong></span> <span class='ocrx_word' id='word_1_102' title='bbox 515 1066 578 1096; x_wconf 83' lang='lat' dir='ltr'><strong>art.</strong></span> <span class='ocrx_word' id='word_1_103' title='bbox 600 1072 633 1105; x_wconf 81' lang='lat'><strong>4.</strong></span> <span class='ocrx_word' id='word_1_104' title='bbox 653 1060 695 1094; x_wconf 74' lang='lat' dir='ltr'><strong>ad</strong></span> <span class='ocrx_word' id='word_1_105' title='bbox 712 1073 741 1107; x_wconf 88' lang='grc'><strong>3.</strong></span> <span class='ocrx_word' id='word_1_106' title='bbox 764 1066 793 1096; x_wconf 75' lang='lat' dir='ltr'><strong>et</strong></span> <span class='ocrx_word' id='word_1_107' title='bbox 814 1072 887 1096; x_wconf 82' lang='lat'><em>1-2.</em></span> <span class='ocrx_word' id='word_1_108' title='bbox 909 1073 940 1107; x_wconf 76' lang='lat' dir='ltr'><strong>q.</strong></span> <span class='ocrx_word' id='word_1_109' title='bbox 963 1061 1013 1096; x_wconf 80' lang='lat'><strong>61.</strong></span> <span class='ocrx_word' id='word_1_110' title='bbox 1041 1065 1104 1095; x_wconf 76' lang='lat' dir='ltr'><strong>art.</strong></span> <span class='ocrx_word' id='word_1_111' title='bbox 1122 1072 1151 1106; x_wconf 92' lang='grc'><strong>3.</strong></span> <span class='ocrx_word' id='word_1_112' title='bbox 1174 1065 1202 1094; x_wconf 68' lang='grc' dir='ltr'><strong>εἰ</strong></span> <span class='ocrx_word' id='word_1_113' title='bbox 1219 1072 1247 1106; x_wconf 84' lang='grc'><strong>3.</strong></span> <span class='ocrx_word' id='word_1_114' title='bbox 1267 1061 1355 1094; x_wconf 79' lang='lat' dir='ltr'><strong>Dist.</strong></span> <span class='ocrx_word' id='word_1_115' title='bbox 1374 1071 1418 1106; x_wconf 90' lang='grc'><strong>33.</strong></span> <span class='ocrx_word' id='word_1_116' title='bbox 1438 1071 1469 1105; x_wconf 86' lang='lat' dir='ltr'><strong>q.</strong></span> <span class='ocrx_word' id='word_1_117' title='bbox 1489 1071 1521 1094; x_wconf 92' lang='lat'><strong>2.</strong></span> <span class='ocrx_word' id='word_1_118' title='bbox 1542 1064 1608 1094; x_wconf 80' lang='lat' dir='ltr'><strong>art.</strong></span> <span class='ocrx_word' id='word_1_119' title='bbox 1629 1070 1660 1094; x_wconf 89' lang='lat'><strong>2.</strong></span> <span class='ocrx_word' id='word_1_120' title='bbox 1687 1070 1718 1104; x_wconf 83' lang='lat' dir='ltr'><strong>q.</strong></span> <span class='ocrx_word' id='word_1_121' title='bbox 1739 1070 1771 1094; x_wconf 88' lang='lat'><strong>2.</strong></span> 
     </span>
     <span class='ocr_line' id='line_1_16' title="bbox 628 1113 1357 1160; baseline -0.003 -11"><span class='ocrx_word' id='word_1_122' title='bbox 628 1120 657 1150; x_wconf 79' lang='lat' dir='ltr'><strong>et</strong></span> <span class='ocrx_word' id='word_1_123' title='bbox 689 1115 771 1149; x_wconf 81' lang='lat' dir='ltr'><strong>Virt.</strong></span> <span class='ocrx_word' id='word_1_124' title='bbox 799 1126 828 1160; x_wconf 77' lang='lat' dir='ltr'><strong>t]-</strong></span> <span class='ocrx_word' id='word_1_125' title='bbox 855 1127 883 1149; x_wconf 84' lang='lat'><strong>1.</strong></span> <span class='ocrx_word' id='word_1_126' title='bbox 911 1119 974 1148; x_wconf 82' lang='lat' dir='ltr'><strong>art.</strong></span> <span class='ocrx_word' id='word_1_127' title='bbox 1001 1126 1050 1149; x_wconf 84' lang='lat'><strong>12.</strong></span> <span class='ocrx_word' id='word_1_128' title='bbox 1078 1113 1119 1148; x_wconf 75' lang='lat' dir='ltr'><strong>ad</strong></span> <span class='ocrx_word' id='word_1_129' title='bbox 1144 1125 1191 1160; x_wconf 80' lang='lat'><strong>23.</strong></span> <span class='ocrx_word' id='word_1_130' title='bbox 1219 1118 1247 1148; x_wconf 80' lang='lat' dir='ltr'><strong>et</strong></span> <span class='ocrx_word' id='word_1_131' title='bbox 1271 1113 1357 1158; x_wconf 71' lang='lat'><em>26).</em></span> 
     </span>
    </p>
   </div>
   <div class='ocr_carea' id='block_1_6' title="bbox 207 1194 1782 2896">
    <p class='ocr_par' dir='ltr' id='par_1_8' title="bbox 207 1194 1779 1822">
     <span class='ocr_line' id='line_1_17' title="bbox 281 1194 1775 1244; baseline -0.003 -11"><span class='ocrx_word' id='word_1_132' title='bbox 281 1200 339 1233; x_wconf 84' lang='lat' dir='ltr'><strong>AD</strong></span> <span class='ocrx_word' id='word_1_133' title='bbox 367 1208 555 1238; x_wconf 75' lang='lat' dir='ltr'><strong>QUARTUM</strong></span> <span class='ocrx_word' id='word_1_134' title='bbox 582 1198 632 1232; x_wconf 93' lang='lat' dir='ltr'><strong>sic</strong></span> <span class='ocrx_word' id='word_1_135' title='bbox 659 1197 876 1244; x_wconf 84' lang='lat' dir='ltr'><strong>proceditur.</strong></span> <span class='ocrx_word' id='word_1_136' title='bbox 903 1197 1065 1239; x_wconf 83' lang='lat' dir='ltr'><strong>Videtur,</strong></span> <span class='ocrx_word' id='word_1_137' title='bbox 1097 1197 1193 1243; x_wconf 90' lang='lat' dir='ltr'><strong>quod</strong></span> <span class='ocrx_word' id='word_1_138' title='bbox 1222 1195 1461 1242; x_wconf 84' lang='lat' dir='ltr'><strong>temperantia</strong></span> <span class='ocrx_word' id='word_1_139' title='bbox 1486 1207 1561 1230; x_wconf 90' lang='lat' dir='ltr'><strong>non</strong></span> <span class='ocrx_word' id='word_1_140' title='bbox 1588 1194 1708 1230; x_wconf 90' lang='lat' dir='ltr'><strong>solum</strong></span> <span class='ocrx_word' id='word_1_141' title='bbox 1729 1195 1775 1229; x_wconf 92' lang='lat' dir='ltr'><strong>sit</strong></span> 
     </span>
     <span class='ocr_line' id='line_1_18' title="bbox 207 1248 1775 1298; baseline -0.003 -11"><span class='ocrx_word' id='word_1_142' title='bbox 207 1254 303 1288; x_wconf 87' lang='lat' dir='ltr'><strong>circa</strong></span> <span class='ocrx_word' id='word_1_143' title='bbox 330 1252 654 1298; x_wconf 80' lang='lat' dir='ltr'><strong>concupiscentias,</strong></span> <span class='ocrx_word' id='word_1_144' title='bbox 677 1259 711 1286; x_wconf 92' lang='lat' dir='ltr'><strong>et</strong></span> <span class='ocrx_word' id='word_1_145' title='bbox 732 1251 991 1286; x_wconf 82' lang='lat' dir='ltr'><strong>delectationes</strong></span> <span class='ocrx_word' id='word_1_146' title='bbox 1018 1259 1153 1285; x_wconf 87' lang='lat' dir='ltr'><strong>tactus:</strong></span> <span class='ocrx_word' id='word_1_147' title='bbox 1181 1250 1265 1284; x_wconf 90' lang='lat' dir='ltr'><strong>dicit</strong></span> <span class='ocrx_word' id='word_1_148' title='bbox 1291 1250 1388 1284; x_wconf 89' lang='lat' dir='ltr'><strong>enim</strong></span> <span class='ocrx_word' id='word_1_149' title='bbox 1415 1250 1568 1295; x_wconf 84' lang='lat' dir='ltr'><strong>August.</strong></span> <span class='ocrx_word' id='word_1_150' title='bbox 1590 1249 1627 1283; x_wconf 89' lang='lat' dir='ltr'><strong>in</strong></span> <span class='ocrx_word' id='word_1_151' title='bbox 1648 1248 1707 1283; x_wconf 89' lang='lat' dir='ltr'><strong>lib.</strong></span> <span class='ocrx_word' id='word_1_152' title='bbox 1730 1248 1775 1283; x_wconf 89' lang='lat' dir='ltr'><strong>de</strong></span> 
     </span>
     <span class='ocr_line' id='line_1_19' title="bbox 207 1301 1774 1354; baseline -0.003 -14"><span class='ocrx_word' id='word_1_153' title='bbox 207 1301 300 1341; x_wconf 80' lang='lat' dir='ltr'><strong>Mor.</strong></span> <span class='ocrx_word' id='word_1_154' title='bbox 320 1306 417 1340; x_wconf 89' lang='lat' dir='ltr'><strong>Eccl.</strong></span> <span class='ocrx_word' id='word_1_155' title='bbox 442 1306 530 1351; x_wconf 76' lang='lat' dir='ltr'><strong>(cap.</strong></span> <span class='ocrx_word' id='word_1_156' title='bbox 558 1307 625 1354; x_wconf 75' lang='lat'><strong>19.)</strong></span> <span class='ocrx_word' id='word_1_157' title='bbox 654 1306 750 1350; x_wconf 87' lang='lat' dir='ltr'><strong>quod</strong></span> <span class='ocrx_word' id='word_1_158' title='bbox 781 1318 798 1336; x_wconf 89' lang='lat'><strong>‹&lt;</strong></span> <span class='ocrx_word' id='word_1_159' title='bbox 826 1316 957 1338; x_wconf 89' lang='lat' dir='ltr'><strong>munus</strong></span> <span class='ocrx_word' id='word_1_160' title='bbox 983 1304 1243 1350; x_wconf 83' lang='lat' dir='ltr'><strong>temperantiae</strong></span> <span class='ocrx_word' id='word_1_161' title='bbox 1267 1311 1319 1337; x_wconf 90' lang='lat' dir='ltr'><strong>est</strong></span> <span class='ocrx_word' id='word_1_162' title='bbox 1339 1304 1375 1337; x_wconf 89' lang='lat' dir='ltr'><strong>in</strong></span> <span class='ocrx_word' id='word_1_163' title='bbox 1398 1303 1618 1344; x_wconf 87' lang='lat' dir='ltr'><strong>coercendis,</strong></span> <span class='ocrx_word' id='word_1_164' title='bbox 1645 1302 1774 1336; x_wconf 88' lang='lat' dir='ltr'><strong>sedan-</strong></span> 
     </span>
     <span class='ocr_line' id='line_1_20' title="bbox 208 1355 1775 1406; baseline -0.003 -13"><span class='ocrx_word' id='word_1_165' title='bbox 208 1361 333 1406; x_wconf 87' lang='lat' dir='ltr'><strong>disque</strong></span> <span class='ocrx_word' id='word_1_166' title='bbox 356 1359 618 1405; x_wconf 81' lang='lat' dir='ltr'><strong>cupiditatibus,</strong></span> <span class='ocrx_word' id='word_1_167' title='bbox 642 1359 769 1404; x_wconf 89' lang='lat' dir='ltr'><strong>quibus</strong></span> <span class='ocrx_word' id='word_1_168' title='bbox 790 1358 963 1391; x_wconf 89' lang='lat' dir='ltr'><strong>vertimur</strong></span> <span class='ocrx_word' id='word_1_169' title='bbox 985 1358 1021 1390; x_wconf 91' lang='lat' dir='ltr'><strong>in</strong></span> <span class='ocrx_word' id='word_1_170' title='bbox 1043 1369 1096 1399; x_wconf 87' lang='lat' dir='ltr'><strong>ea,</strong></span> <span class='ocrx_word' id='word_1_171' title='bbox 1119 1368 1209 1403; x_wconf 89' lang='lat' dir='ltr'><strong>quae</strong></span> <span class='ocrx_word' id='word_1_172' title='bbox 1231 1367 1298 1390; x_wconf 90' lang='lat' dir='ltr'><strong>nos</strong></span> <span class='ocrx_word' id='word_1_173' title='bbox 1321 1364 1484 1390; x_wconf 86' lang='lat' dir='ltr'><strong>avertunt</strong></span> <span class='ocrx_word' id='word_1_174' title='bbox 1499 1356 1670 1402; x_wconf 87' lang='lat' dir='ltr'><strong>alegibus</strong></span> <span class='ocrx_word' id='word_1_175' title='bbox 1691 1355 1775 1398; x_wconf 90' lang='lat' dir='ltr'><strong>Dei,</strong></span> 
     </span>
     <span class='ocr_line' id='line_1_21' title="bbox 209 1409 1774 1457; baseline -0.003 -10"><span class='ocrx_word' id='word_1_176' title='bbox 209 1422 243 1448; x_wconf 89' lang='lat' dir='ltr'><strong>et</strong></span> <span class='ocrx_word' id='word_1_177' title='bbox 265 1425 284 1446; x_wconf 91' lang='lat' dir='ltr'><strong>a</strong></span> <span class='ocrx_word' id='word_1_178' title='bbox 302 1412 418 1446; x_wconf 91' lang='lat' dir='ltr'><strong>fructu</strong></span> <span class='ocrx_word' id='word_1_179' title='bbox 439 1411 609 1445; x_wconf 87' lang='lat' dir='ltr'><strong>bonitatis</strong></span> <span class='ocrx_word' id='word_1_180' title='bbox 632 1412 706 1456; x_wconf 85' lang='lat' dir='ltr'><strong>ejus</strong></span> <span class='ocrx_word' id='word_1_181' title='bbox 728 1424 760 1454; x_wconf 81' lang='lat'><strong>»3</strong></span> <span class='ocrx_word' id='word_1_182' title='bbox 783 1418 817 1445; x_wconf 92' lang='lat' dir='ltr'><strong>et</strong></span> <span class='ocrx_word' id='word_1_183' title='bbox 838 1418 919 1456; x_wconf 91' lang='lat' dir='ltr'><strong>post</strong></span> <span class='ocrx_word' id='word_1_184' title='bbox 940 1421 1055 1457; x_wconf 84' lang='lat' dir='ltr'><strong>pauca</strong></span> <span class='ocrx_word' id='word_1_185' title='bbox 1077 1411 1204 1452; x_wconf 85' lang='lat' dir='ltr'><strong>subdit,</strong></span> <span class='ocrx_word' id='word_1_186' title='bbox 1229 1410 1325 1456; x_wconf 88' lang='lat' dir='ltr'><strong>quod</strong></span> <span class='ocrx_word' id='word_1_187' title='bbox 1351 1422 1368 1441; x_wconf 86' lang='lat'>«</span> <span class='ocrx_word' id='word_1_188' title='bbox 1391 1409 1552 1443; x_wconf 90' lang='lat' dir='ltr'><strong>officium</strong></span> <span class='ocrx_word' id='word_1_189' title='bbox 1573 1417 1774 1455; x_wconf 87' lang='lat' dir='ltr'><strong>temperan-</strong></span> 
     </span>
     <span class='ocr_line' id='line_1_22' title="bbox 208 1462 1775 1511; baseline -0.003 -11"><span class='ocrx_word' id='word_1_190' title='bbox 208 1467 279 1501; x_wconf 85' lang='lat' dir='ltr'><strong>tiae</strong></span> <span class='ocrx_word' id='word_1_191' title='bbox 295 1474 348 1500; x_wconf 90' lang='lat' dir='ltr'><strong>est</strong></span> <span class='ocrx_word' id='word_1_192' title='bbox 363 1473 611 1500; x_wconf 87' lang='lat' dir='ltr'><strong>comtemnere</strong></span> <span class='ocrx_word' id='word_1_193' title='bbox 627 1476 754 1499; x_wconf 85' lang='lat' dir='ltr'><strong>omnes</strong></span> <span class='ocrx_word' id='word_1_194' title='bbox 770 1464 978 1511; x_wconf 84' lang='lat' dir='ltr'><strong>corporales</strong></span> <span class='ocrx_word' id='word_1_195' title='bbox 993 1463 1192 1505; x_wconf 82' lang='lat' dir='ltr'><strong>illecebras,</strong></span> <span class='ocrx_word' id='word_1_196' title='bbox 1208 1462 1424 1509; x_wconf 88' lang='lat' dir='ltr'><strong>laudemque</strong></span> <span class='ocrx_word' id='word_1_197' title='bbox 1438 1462 1651 1509; x_wconf 88' lang='lat' dir='ltr'><strong>popularem</strong></span> <span class='ocrx_word' id='word_1_198' title='bbox 1661 1475 1693 1497; x_wconf 87' lang='lat'><strong>»:</strong></span> <span class='ocrx_word' id='word_1_199' title='bbox 1713 1462 1775 1496; x_wconf 90' lang='lat' dir='ltr'><strong>sed</strong></span> 
     </span>
     <span class='ocr_line' id='line_1_23' title="bbox 208 1515 1774 1565; baseline -0.003 -11"><span class='ocrx_word' id='word_1_200' title='bbox 208 1531 283 1554; x_wconf 90' lang='lat' dir='ltr'><strong>non</strong></span> <span class='ocrx_word' id='word_1_201' title='bbox 306 1519 425 1554; x_wconf 90' lang='lat' dir='ltr'><strong>solum</strong></span> <span class='ocrx_word' id='word_1_202' title='bbox 448 1518 660 1565; x_wconf 86' lang='lat' dir='ltr'><strong>cupiditates</strong></span> <span class='ocrx_word' id='word_1_203' title='bbox 683 1517 968 1552; x_wconf 86' lang='lat' dir='ltr'><strong>delectationum</strong></span> <span class='ocrx_word' id='word_1_204' title='bbox 990 1525 1105 1551; x_wconf 85' lang='lat' dir='ltr'><strong>tactus</strong></span> <span class='ocrx_word' id='word_1_205' title='bbox 1129 1524 1293 1550; x_wconf 85' lang='lat' dir='ltr'><strong>avertunt</strong></span> <span class='ocrx_word' id='word_1_206' title='bbox 1313 1527 1380 1550; x_wconf 92' lang='lat' dir='ltr'><strong>nos</strong></span> <span class='ocrx_word' id='word_1_207' title='bbox 1403 1528 1422 1550; x_wconf 88' lang='lat' dir='ltr'><strong>a</strong></span> <span class='ocrx_word' id='word_1_208' title='bbox 1443 1516 1582 1562; x_wconf 87' lang='lat' dir='ltr'><strong>legibus</strong></span> <span class='ocrx_word' id='word_1_209' title='bbox 1608 1515 1690 1558; x_wconf 87' lang='lat' dir='ltr'><strong>Dei,</strong></span> <span class='ocrx_word' id='word_1_210' title='bbox 1711 1515 1774 1550; x_wconf 87' lang='lat' dir='ltr'><strong>sed</strong></span> 
     </span>
     <span class='ocr_line' id='line_1_24' title="bbox 211 1569 1777 1619; baseline -0.003 -12"><span class='ocrx_word' id='word_1_211' title='bbox 211 1574 321 1608; x_wconf 88' lang='lat' dir='ltr'><strong>etiam</strong></span> <span class='ocrx_word' id='word_1_212' title='bbox 343 1572 657 1619; x_wconf 84' lang='lat' dir='ltr'><strong>concupiscentiae</strong></span> <span class='ocrx_word' id='word_1_213' title='bbox 676 1571 960 1606; x_wconf 84' lang='lat' dir='ltr'><strong>delectationum</strong></span> <span class='ocrx_word' id='word_1_214' title='bbox 983 1570 1138 1604; x_wconf 87' lang='lat' dir='ltr'><strong>aliorum</strong></span> <span class='ocrx_word' id='word_1_215' title='bbox 1156 1581 1338 1611; x_wconf 86' lang='lat' dir='ltr'><strong>sensuum,</strong></span> <span class='ocrx_word' id='word_1_216' title='bbox 1358 1580 1449 1616; x_wconf 89' lang='lat' dir='ltr'><strong>quae</strong></span> <span class='ocrx_word' id='word_1_217' title='bbox 1471 1569 1580 1603; x_wconf 87' lang='lat' dir='ltr'><strong>etiam</strong></span> <span class='ocrx_word' id='word_1_218' title='bbox 1598 1569 1777 1615; x_wconf 88' lang='lat' dir='ltr'><strong>pertinent</strong></span> 
     </span>
     <span class='ocr_line' id='line_1_25' title="bbox 211 1623 1778 1671; baseline -0.002 -11"><span class='ocrx_word' id='word_1_219' title='bbox 211 1627 255 1661; x_wconf 88' lang='lat' dir='ltr'><strong>ad</strong></span> <span class='ocrx_word' id='word_1_220' title='bbox 277 1626 464 1660; x_wconf 85' lang='lat' dir='ltr'><strong>illecebras</strong></span> <span class='ocrx_word' id='word_1_221' title='bbox 487 1625 713 1671; x_wconf 86' lang='lat' dir='ltr'><strong>corporales;</strong></span> <span class='ocrx_word' id='word_1_222' title='bbox 737 1633 771 1659; x_wconf 94' lang='lat' dir='ltr'><strong>et</strong></span> <span class='ocrx_word' id='word_1_223' title='bbox 791 1625 955 1659; x_wconf 89' lang='lat' dir='ltr'><strong>similiter</strong></span> <span class='ocrx_word' id='word_1_224' title='bbox 982 1624 1195 1670; x_wconf 80' lang='lat' dir='ltr'><strong>cupiditates</strong></span> <span class='ocrx_word' id='word_1_225' title='bbox 1221 1624 1439 1665; x_wconf 86' lang='lat' dir='ltr'><strong>divitiarum,</strong></span> <span class='ocrx_word' id='word_1_226' title='bbox 1460 1623 1519 1657; x_wconf 89' lang='lat' dir='ltr'><strong>vel</strong></span> <span class='ocrx_word' id='word_1_227' title='bbox 1541 1623 1649 1657; x_wconf 83' lang='lat' dir='ltr'><strong>etiam</strong></span> <span class='ocrx_word' id='word_1_228' title='bbox 1677 1634 1778 1657; x_wconf 90' lang='lat' dir='ltr'><strong>mun-</strong></span> 
     </span>
     <span class='ocr_line' id='line_1_26' title="bbox 212 1677 1776 1725; baseline -0.003 -11"><span class='ocrx_word' id='word_1_229' title='bbox 212 1681 326 1714; x_wconf 85' lang='lat' dir='ltr'><strong>danae</strong></span> <span class='ocrx_word' id='word_1_230' title='bbox 350 1679 504 1725; x_wconf 88' lang='lat' dir='ltr'><strong>gloriae;</strong></span> <span class='ocrx_word' id='word_1_231' title='bbox 527 1679 622 1713; x_wconf 87' lang='lat' dir='ltr'><strong>unde</strong></span> <span class='ocrx_word' id='word_1_232' title='bbox 645 1679 773 1712; x_wconf 87' lang='lat' dir='ltr'><strong>dicitur</strong></span> <span class='ocrx_word' id='word_1_233' title='bbox 798 1690 826 1712; x_wconf 88' lang='lat'><strong>1.</strong></span> <span class='ocrx_word' id='word_1_234' title='bbox 850 1679 893 1712; x_wconf 91' lang='lat' dir='ltr'><strong>ad</strong></span> <span class='ocrx_word' id='word_1_235' title='bbox 916 1677 1081 1712; x_wconf 87' lang='lat' dir='ltr'><strong>Timoth.</strong></span> <span class='ocrx_word' id='word_1_236' title='bbox 1103 1678 1177 1720; x_wconf 89' lang='lat' dir='ltr'><strong>ult.,</strong></span> <span class='ocrx_word' id='word_1_237' title='bbox 1201 1678 1296 1723; x_wconf 89' lang='lat' dir='ltr'><strong>quod</strong></span> <span class='ocrx_word' id='word_1_238' title='bbox 1318 1677 1418 1712; x_wconf 78' lang='lat' dir='ltr'><strong>radix</strong></span> <span class='ocrx_word' id='word_1_239' title='bbox 1439 1678 1588 1711; x_wconf 77' lang='lat' dir='ltr'><strong>omnium</strong></span> <span class='ocrx_word' id='word_1_240' title='bbox 1609 1677 1776 1711; x_wconf 83' lang='lat' dir='ltr'><strong>malorum</strong></span> 
     </span>
     <span class='ocr_line' id='line_1_27' title="bbox 211 1729 1779 1780; baseline -0.003 -12"><span class='ocrx_word' id='word_1_241' title='bbox 211 1739 257 1768; x_wconf 73' lang='lat' dir='ltr'><strong>est</strong></span> <span class='ocrx_word' id='word_1_242' title='bbox 278 1733 439 1780; x_wconf 75' lang='lat' dir='ltr'><strong>cupiditas</strong></span> <span class='ocrx_word' id='word_1_243' title='bbox 447 1745 459 1773; x_wconf 80' lang='lat'><strong>,¹</strong></span> <span class='ocrx_word' id='word_1_244' title='bbox 484 1743 570 1778; x_wconf 87' lang='lat' dir='ltr'><strong>ergo</strong></span> <span class='ocrx_word' id='word_1_245' title='bbox 592 1731 831 1778; x_wconf 87' lang='lat' dir='ltr'><strong>temperantia</strong></span> <span class='ocrx_word' id='word_1_246' title='bbox 857 1742 932 1766; x_wconf 91' lang='lat' dir='ltr'><strong>non</strong></span> <span class='ocrx_word' id='word_1_247' title='bbox 954 1739 1007 1765; x_wconf 93' lang='lat' dir='ltr'><strong>est</strong></span> <span class='ocrx_word' id='word_1_248' title='bbox 1027 1730 1146 1765; x_wconf 92' lang='lat' dir='ltr'><strong>solum</strong></span> <span class='ocrx_word' id='word_1_249' title='bbox 1170 1731 1265 1764; x_wconf 89' lang='lat' dir='ltr'><strong>circa</strong></span> <span class='ocrx_word' id='word_1_250' title='bbox 1293 1730 1604 1777; x_wconf 87' lang='lat' dir='ltr'><strong>coucupiscentias</strong></span> <span class='ocrx_word' id='word_1_251' title='bbox 1626 1729 1779 1764; x_wconf 84' lang='lat' dir='ltr'><strong>delecta-</strong></span> 
     </span>
     <span class='ocr_line' id='line_1_28' title="bbox 212 1793 504 1822; baseline -0.01 0"><span class='ocrx_word' id='word_1_252' title='bbox 212 1795 355 1822; x_wconf 79' lang='lat' dir='ltr'><strong>tionum</strong></span> <span class='ocrx_word' id='word_1_253' title='bbox 376 1793 504 1820; x_wconf 88' lang='lat' dir='ltr'><strong>tactus.</strong></span> 
     </span>
    </p>

    <p class='ocr_par' dir='ltr' id='par_1_9' title="bbox 213 1836 1780 2097">
     <span class='ocr_line' id='line_1_29' title="bbox 285 1836 1778 1884; baseline -0.003 -10"><span class='ocrx_word' id='word_1_254' title='bbox 285 1850 316 1874; x_wconf 90' lang='lat'><strong>2.</strong></span> <span class='ocrx_word' id='word_1_255' title='bbox 339 1840 575 1874; x_wconf 63' lang='lat' dir='ltr'>PRAETEREA.</span> <span class='ocrx_word' id='word_1_256' title='bbox 598 1837 734 1872; x_wconf 89' lang='lat' dir='ltr'><strong>Philos.</strong></span> <span class='ocrx_word' id='word_1_257' title='bbox 757 1837 843 1872; x_wconf 89' lang='lat' dir='ltr'><strong>dicit</strong></span> <span class='ocrx_word' id='word_1_258' title='bbox 856 1838 893 1871; x_wconf 91' lang='lat' dir='ltr'><strong>in</strong></span> <span class='ocrx_word' id='word_1_259' title='bbox 907 1847 940 1880; x_wconf 79' lang='lat'><strong>4.</strong></span> <span class='ocrx_word' id='word_1_260' title='bbox 956 1837 1070 1871; x_wconf 86' lang='lat' dir='ltr'><strong>Ethic.</strong></span> <span class='ocrx_word' id='word_1_261' title='bbox 1095 1837 1182 1883; x_wconf 79' lang='lat' dir='ltr'><strong>(cap.</strong></span> <span class='ocrx_word' id='word_1_262' title='bbox 1198 1837 1243 1884; x_wconf 82' lang='lat'><strong>3.)</strong></span> <span class='ocrx_word' id='word_1_263' title='bbox 1262 1837 1358 1883; x_wconf 91' lang='lat' dir='ltr'><strong>quod</strong></span> <span class='ocrx_word' id='word_1_264' title='bbox 1384 1850 1401 1869; x_wconf 80' lang='grc' dir='ltr'>α</span> <span class='ocrx_word' id='word_1_265' title='bbox 1423 1836 1483 1871; x_wconf 88' lang='lat' dir='ltr'><strong>ille</strong></span> <span class='ocrx_word' id='word_1_266' title='bbox 1506 1837 1566 1883; x_wconf 90' lang='lat' dir='ltr'><strong>qui</strong></span> <span class='ocrx_word' id='word_1_267' title='bbox 1589 1844 1641 1871; x_wconf 89' lang='lat' dir='ltr'><strong>est</strong></span> <span class='ocrx_word' id='word_1_268' title='bbox 1659 1836 1778 1883; x_wconf 88' lang='lat' dir='ltr'><strong>parvis</strong></span> 
     </span>
     <span class='ocr_line' id='line_1_30' title="bbox 213 1889 1778 1940; baseline -0.001 -13"><span class='ocrx_word' id='word_1_269' title='bbox 213 1894 353 1940; x_wconf 89' lang='lat' dir='ltr'><strong>dignus,</strong></span> <span class='ocrx_word' id='word_1_270' title='bbox 376 1901 410 1927; x_wconf 91' lang='lat' dir='ltr'><strong>et</strong></span> <span class='ocrx_word' id='word_1_271' title='bbox 431 1893 486 1926; x_wconf 87' lang='lat' dir='ltr'><strong>his</strong></span> <span class='ocrx_word' id='word_1_272' title='bbox 509 1891 693 1937; x_wconf 86' lang='lat' dir='ltr'><strong>dignificat</strong></span> <span class='ocrx_word' id='word_1_273' title='bbox 714 1891 884 1937; x_wconf 90' lang='lat' dir='ltr'><strong>seipsum,</strong></span> <span class='ocrx_word' id='word_1_274' title='bbox 907 1899 960 1925; x_wconf 93' lang='lat' dir='ltr'><strong>est</strong></span> <span class='ocrx_word' id='word_1_275' title='bbox 980 1898 1212 1937; x_wconf 88' lang='lat' dir='ltr'><strong>temperatus,</strong></span> <span class='ocrx_word' id='word_1_276' title='bbox 1234 1902 1308 1924; x_wconf 90' lang='lat' dir='ltr'><strong>non</strong></span> <span class='ocrx_word' id='word_1_277' title='bbox 1331 1898 1452 1924; x_wconf 86' lang='lat' dir='ltr'><strong>autem</strong></span> <span class='ocrx_word' id='word_1_278' title='bbox 1471 1889 1727 1936; x_wconf 85' lang='lat' dir='ltr'><strong>magnanimus</strong></span> <span class='ocrx_word' id='word_1_279' title='bbox 1744 1902 1778 1925; x_wconf 74' lang='lat' dir='ltr'><strong>»z</strong></span> 
     </span>
     <span class='ocr_line' id='line_1_31' title="bbox 213 1942 1778 1991; baseline -0.003 -10"><span class='ocrx_word' id='word_1_280' title='bbox 213 1947 276 1981; x_wconf 93' lang='lat' dir='ltr'><strong>sed</strong></span> <span class='ocrx_word' id='word_1_281' title='bbox 301 1946 460 1980; x_wconf 85' lang='lat' dir='ltr'><strong>honores</strong></span> <span class='ocrx_word' id='word_1_282' title='bbox 487 1945 598 1991; x_wconf 78' lang='lat' dir='ltr'><strong>parvi,</strong></span> <span class='ocrx_word' id='word_1_283' title='bbox 626 1944 683 1978; x_wconf 85' lang='lat' dir='ltr'><strong>vel</strong></span> <span class='ocrx_word' id='word_1_284' title='bbox 709 1944 834 1990; x_wconf 86' lang='lat' dir='ltr'><strong>magni</strong></span> <span class='ocrx_word' id='word_1_285' title='bbox 855 1944 898 1978; x_wconf 88' lang='lat' dir='ltr'><strong>de</strong></span> <span class='ocrx_word' id='word_1_286' title='bbox 922 1944 1048 1990; x_wconf 90' lang='lat' dir='ltr'><strong>quibus</strong></span> <span class='ocrx_word' id='word_1_287' title='bbox 1069 1944 1118 1977; x_wconf 91' lang='lat' dir='ltr'><strong>ibi</strong></span> <span class='ocrx_word' id='word_1_288' title='bbox 1139 1943 1308 1990; x_wconf 89' lang='lat' dir='ltr'><strong>loquitur,</strong></span> <span class='ocrx_word' id='word_1_289' title='bbox 1340 1955 1414 1977; x_wconf 91' lang='lat' dir='ltr'><strong>non</strong></span> <span class='ocrx_word' id='word_1_290' title='bbox 1441 1951 1523 1978; x_wconf 85' lang='lat' dir='ltr'><strong>sunt</strong></span> <span class='ocrx_word' id='word_1_291' title='bbox 1549 1942 1778 1977; x_wconf 85' lang='lat' dir='ltr'><strong>delectabiles</strong></span> 
     </span>
     <span class='ocr_line' id='line_1_32' title="bbox 213 1997 1780 2044; baseline -0.002 -10"><span class='ocrx_word' id='word_1_292' title='bbox 213 2000 413 2035; x_wconf 89' lang='lat' dir='ltr'><strong>secundum</strong></span> <span class='ocrx_word' id='word_1_293' title='bbox 435 2007 583 2040; x_wconf 87' lang='lat' dir='ltr'><strong>tactum,</strong></span> <span class='ocrx_word' id='word_1_294' title='bbox 611 1999 672 2032; x_wconf 90' lang='lat' dir='ltr'><strong>sed</strong></span> <span class='ocrx_word' id='word_1_295' title='bbox 700 1998 899 2032; x_wconf 90' lang='lat' dir='ltr'><strong>secundum</strong></span> <span class='ocrx_word' id='word_1_296' title='bbox 927 1997 1255 2044; x_wconf 84' lang='lat' dir='ltr'><strong>apprehensionem</strong></span> <span class='ocrx_word' id='word_1_297' title='bbox 1282 1997 1501 2039; x_wconf 80' lang='lat' dir='ltr'><strong>animalem3</strong></span> <span class='ocrx_word' id='word_1_298' title='bbox 1528 2008 1615 2043; x_wconf 87' lang='lat' dir='ltr'><strong>ergo</strong></span> <span class='ocrx_word' id='word_1_299' title='bbox 1645 2004 1780 2043; x_wconf 91' lang='lat' dir='ltr'><strong>tempe-</strong></span> 
     </span>
     <span class='ocr_line' id='line_1_33' title="bbox 213 2050 1544 2097; baseline -0.002 -10"><span class='ocrx_word' id='word_1_300' title='bbox 213 2053 329 2087; x_wconf 88' lang='lat' dir='ltr'><strong>rantia</strong></span> <span class='ocrx_word' id='word_1_301' title='bbox 349 2063 423 2086; x_wconf 91' lang='lat' dir='ltr'><strong>non</strong></span> <span class='ocrx_word' id='word_1_302' title='bbox 445 2060 498 2086; x_wconf 88' lang='lat' dir='ltr'><strong>est</strong></span> <span class='ocrx_word' id='word_1_303' title='bbox 519 2052 637 2085; x_wconf 88' lang='lat' dir='ltr'><strong>solum</strong></span> <span class='ocrx_word' id='word_1_304' title='bbox 660 2051 755 2086; x_wconf 87' lang='lat' dir='ltr'><strong>circa</strong></span> <span class='ocrx_word' id='word_1_305' title='bbox 779 2050 1091 2097; x_wconf 85' lang='lat' dir='ltr'><strong>concupiscentias</strong></span> <span class='ocrx_word' id='word_1_306' title='bbox 1114 2050 1397 2085; x_wconf 87' lang='lat' dir='ltr'><strong>delectationum</strong></span> <span class='ocrx_word' id='word_1_307' title='bbox 1419 2059 1544 2085; x_wconf 90' lang='lat' dir='ltr'><strong>tactus.</strong></span> 
     </span>
    </p>

    <p class='ocr_par' dir='ltr' id='par_1_10' title="bbox 214 2103 1781 2301">
     <span class='ocr_line' id='line_1_34' title="bbox 289 2103 1780 2152; baseline -0.001 -13"><span class='ocrx_word' id='word_1_308' title='bbox 289 2118 317 2152; x_wconf 80' lang='lat'><strong>3.</strong></span> <span class='ocrx_word' id='word_1_309' title='bbox 332 2106 568 2140; x_wconf 42' lang='lat' dir='ltr'>PRQETEREA.</span> <span class='ocrx_word' id='word_1_310' title='bbox 592 2105 642 2138; x_wconf 84' lang='lat' dir='ltr'><strong>Ea</strong></span> <span class='ocrx_word' id='word_1_311' title='bbox 665 2116 756 2150; x_wconf 82' lang='lat' dir='ltr'><strong>quae</strong></span> <span class='ocrx_word' id='word_1_312' title='bbox 778 2112 861 2138; x_wconf 89' lang='lat' dir='ltr'><strong>sunt</strong></span> <span class='ocrx_word' id='word_1_313' title='bbox 883 2104 986 2138; x_wconf 89' lang='lat' dir='ltr'><strong>unius</strong></span> <span class='ocrx_word' id='word_1_314' title='bbox 1005 2105 1158 2149; x_wconf 88' lang='lat' dir='ltr'><strong>generis,</strong></span> <span class='ocrx_word' id='word_1_315' title='bbox 1180 2104 1345 2138; x_wconf 90' lang='lat' dir='ltr'><strong>videntur</strong></span> <span class='ocrx_word' id='word_1_316' title='bbox 1367 2104 1494 2138; x_wconf 91' lang='lat' dir='ltr'><strong>eadem</strong></span> <span class='ocrx_word' id='word_1_317' title='bbox 1516 2103 1655 2138; x_wconf 88' lang='lat' dir='ltr'><strong>ratione</strong></span> <span class='ocrx_word' id='word_1_318' title='bbox 1676 2103 1780 2150; x_wconf 84' lang='lat' dir='ltr'><strong>perti-</strong></span> 
     </span>
     <span class='ocr_line' id='line_1_35' title="bbox 214 2156 1778 2201; baseline -0.002 -7"><span class='ocrx_word' id='word_1_319' title='bbox 214 2171 299 2194; x_wconf 89' lang='lat' dir='ltr'><strong>nere</strong></span> <span class='ocrx_word' id='word_1_320' title='bbox 333 2159 376 2192; x_wconf 85' lang='lat' dir='ltr'><strong>ad</strong></span> <span class='ocrx_word' id='word_1_321' title='bbox 406 2159 597 2192; x_wconf 85' lang='lat' dir='ltr'><strong>materiam</strong></span> <span class='ocrx_word' id='word_1_322' title='bbox 627 2158 777 2201; x_wconf 78' lang='lat' dir='ltr'><strong>alicujus</strong></span> <span class='ocrx_word' id='word_1_323' title='bbox 805 2158 962 2191; x_wconf 81' lang='lat' dir='ltr'><strong>virtutis:</strong></span> <span class='ocrx_word' id='word_1_324' title='bbox 990 2158 1052 2191; x_wconf 92' lang='lat' dir='ltr'><strong>sed</strong></span> <span class='ocrx_word' id='word_1_325' title='bbox 1080 2169 1208 2192; x_wconf 89' lang='lat' dir='ltr'><strong>omnes</strong></span> <span class='ocrx_word' id='word_1_326' title='bbox 1242 2157 1500 2192; x_wconf 89' lang='lat' dir='ltr'><strong>delectationes</strong></span> <span class='ocrx_word' id='word_1_327' title='bbox 1531 2168 1704 2191; x_wconf 89' lang='lat' dir='ltr'><strong>sensuum</strong></span> <span class='ocrx_word' id='word_1_328' title='bbox 1729 2156 1778 2191; x_wconf 85' lang='lat' dir='ltr'><strong>vi-</strong></span> 
     </span>
     <span class='ocr_line' id='line_1_36' title="bbox 216 2211 1781 2257; baseline -0.002 -10"><span class='ocrx_word' id='word_1_329' title='bbox 216 2214 343 2247; x_wconf 87' lang='lat' dir='ltr'><strong>dentur</strong></span> <span class='ocrx_word' id='word_1_330' title='bbox 370 2223 447 2246; x_wconf 83' lang='lat' dir='ltr'><strong>esse</strong></span> <span class='ocrx_word' id='word_1_331' title='bbox 474 2212 578 2245; x_wconf 88' lang='lat' dir='ltr'><strong>unius</strong></span> <span class='ocrx_word' id='word_1_332' title='bbox 604 2211 764 2257; x_wconf 86' lang='lat' dir='ltr'><strong>generis;</strong></span> <span class='ocrx_word' id='word_1_333' title='bbox 793 2222 879 2256; x_wconf 86' lang='lat' dir='ltr'><strong>ergo</strong></span> <span class='ocrx_word' id='word_1_334' title='bbox 906 2211 983 2256; x_wconf 89' lang='lat' dir='ltr'><strong>pari</strong></span> <span class='ocrx_word' id='word_1_335' title='bbox 1010 2211 1148 2245; x_wconf 87' lang='lat' dir='ltr'><strong>ratione</strong></span> <span class='ocrx_word' id='word_1_336' title='bbox 1170 2211 1349 2257; x_wconf 88' lang='lat' dir='ltr'><strong>pertinent</strong></span> <span class='ocrx_word' id='word_1_337' title='bbox 1370 2211 1413 2244; x_wconf 86' lang='lat' dir='ltr'><strong>ad</strong></span> <span class='ocrx_word' id='word_1_338' title='bbox 1432 2211 1621 2245; x_wconf 89' lang='lat' dir='ltr'><strong>materiam</strong></span> <span class='ocrx_word' id='word_1_339' title='bbox 1646 2218 1781 2256; x_wconf 89' lang='lat' dir='ltr'><strong>tempe-</strong></span> 
     </span>
     <span class='ocr_line' id='line_1_37' title="bbox 216 2266 364 2301; baseline -0.007 0"><span class='ocrx_word' id='word_1_340' title='bbox 216 2266 364 2301; x_wconf 88' lang='lat' dir='ltr'><strong>rantiae.</strong></span> 
     </span>
    </p>

    <p class='ocr_par' dir='ltr' id='par_1_11' title="bbox 216 2315 1782 2673">
     <span class='ocr_line' id='line_1_38' title="bbox 287 2315 1778 2363; baseline -0.002 -10"><span class='ocrx_word' id='word_1_341' title='bbox 287 2330 321 2362; x_wconf 81' lang='lat'><strong>4.</strong></span> <span class='ocrx_word' id='word_1_342' title='bbox 342 2319 577 2353; x_wconf 74' lang='lat' dir='ltr'>PRAETEREA.</span> <span class='ocrx_word' id='word_1_343' title='bbox 605 2316 875 2350; x_wconf 80' lang='lat' dir='ltr'><strong>Delectationes</strong></span> <span class='ocrx_word' id='word_1_344' title='bbox 902 2316 1104 2362; x_wconf 88' lang='lat' dir='ltr'><strong>spirituales</strong></span> <span class='ocrx_word' id='word_1_345' title='bbox 1130 2324 1212 2350; x_wconf 91' lang='lat' dir='ltr'><strong>sunt</strong></span> <span class='ocrx_word' id='word_1_346' title='bbox 1237 2317 1406 2362; x_wconf 83' lang='lat' dir='ltr'><strong>majores,</strong></span> <span class='ocrx_word' id='word_1_347' title='bbox 1428 2328 1537 2362; x_wconf 88' lang='lat' dir='ltr'><strong>quam</strong></span> <span class='ocrx_word' id='word_1_348' title='bbox 1560 2315 1778 2363; x_wconf 91' lang='lat' dir='ltr'><strong>corporales,</strong></span> 
     </span>
     <span class='ocr_line' id='line_1_39' title="bbox 216 2369 1779 2417; baseline -0.002 -10"><span class='ocrx_word' id='word_1_349' title='bbox 216 2381 254 2407; x_wconf 91' lang='lat' dir='ltr'><strong>ut</strong></span> <span class='ocrx_word' id='word_1_350' title='bbox 276 2383 383 2417; x_wconf 90' lang='lat' dir='ltr'><strong>supra</strong></span> <span class='ocrx_word' id='word_1_351' title='bbox 408 2371 575 2405; x_wconf 87' lang='lat' dir='ltr'><strong>hahitum</strong></span> <span class='ocrx_word' id='word_1_352' title='bbox 607 2377 657 2404; x_wconf 88' lang='lat' dir='ltr'><strong>est</strong></span> <span class='ocrx_word' id='word_1_353' title='bbox 683 2375 757 2413; x_wconf 81' lang='lat'><em>(1-2.</em></span> <span class='ocrx_word' id='word_1_354' title='bbox 786 2381 815 2415; x_wconf 82' lang='lat' dir='ltr'><strong>q.</strong></span> <span class='ocrx_word' id='word_1_355' title='bbox 838 2381 884 2415; x_wconf 70' lang='lat'><strong>&gt;¹1-</strong></span> <span class='ocrx_word' id='word_1_356' title='bbox 913 2375 976 2404; x_wconf 80' lang='lat' dir='ltr'><strong>art.</strong></span> <span class='ocrx_word' id='word_1_357' title='bbox 1000 2371 1045 2415; x_wconf 76' lang='lat'><strong>5.)</strong></span> <span class='ocrx_word' id='word_1_358' title='bbox 1075 2381 1158 2404; x_wconf 92' lang='lat' dir='ltr'><strong>cum</strong></span> <span class='ocrx_word' id='word_1_359' title='bbox 1186 2370 1228 2404; x_wconf 91' lang='lat' dir='ltr'><strong>de</strong></span> <span class='ocrx_word' id='word_1_360' title='bbox 1255 2370 1481 2416; x_wconf 86' lang='lat' dir='ltr'><strong>passionibus</strong></span> <span class='ocrx_word' id='word_1_361' title='bbox 1509 2378 1691 2416; x_wconf 87' lang='lat' dir='ltr'><strong>ageretur:</strong></span> <span class='ocrx_word' id='word_1_362' title='bbox 1719 2369 1779 2404; x_wconf 90' lang='lat' dir='ltr'><strong>sed</strong></span> 
     </span>
     <span class='ocr_line' id='line_1_40' title="bbox 217 2423 1782 2472; baseline -0.001 -13"><span class='ocrx_word' id='word_1_363' title='bbox 217 2426 434 2472; x_wconf 87' lang='lat' dir='ltr'><strong>quandoque</strong></span> <span class='ocrx_word' id='word_1_364' title='bbox 464 2431 610 2470; x_wconf 91' lang='lat' dir='ltr'><strong>propter</strong></span> <span class='ocrx_word' id='word_1_365' title='bbox 641 2423 952 2468; x_wconf 86' lang='lat' dir='ltr'><strong>concupiscentias</strong></span> <span class='ocrx_word' id='word_1_366' title='bbox 975 2423 1257 2457; x_wconf 84' lang='lat' dir='ltr'><strong>delectationum</strong></span> <span class='ocrx_word' id='word_1_367' title='bbox 1280 2423 1518 2470; x_wconf 85' lang='lat' dir='ltr'><strong>spiritualium</strong></span> <span class='ocrx_word' id='word_1_368' title='bbox 1542 2423 1651 2469; x_wconf 85' lang='lat' dir='ltr'><strong>aliqui</strong></span> <span class='ocrx_word' id='word_1_369' title='bbox 1672 2423 1782 2457; x_wconf 88' lang='lat' dir='ltr'><strong>disce-</strong></span> 
     </span>
     <span class='ocr_line' id='line_1_41' title="bbox 217 2476 1780 2523; baseline -0.002 -10"><span class='ocrx_word' id='word_1_370' title='bbox 217 2480 306 2513; x_wconf 88' lang='lat' dir='ltr'><strong>dunt</strong></span> <span class='ocrx_word' id='word_1_371' title='bbox 333 2490 352 2512; x_wconf 84' lang='lat' dir='ltr'><strong>a</strong></span> <span class='ocrx_word' id='word_1_372' title='bbox 372 2477 511 2523; x_wconf 85' lang='lat' dir='ltr'><strong>legibus</strong></span> <span class='ocrx_word' id='word_1_373' title='bbox 534 2477 601 2510; x_wconf 90' lang='lat' dir='ltr'><strong>Dei</strong></span> <span class='ocrx_word' id='word_1_374' title='bbox 625 2484 658 2510; x_wconf 90' lang='lat' dir='ltr'><strong>et</strong></span> <span class='ocrx_word' id='word_1_375' title='bbox 680 2487 699 2509; x_wconf 88' lang='lat' dir='ltr'><strong>a</strong></span> <span class='ocrx_word' id='word_1_376' title='bbox 721 2484 813 2510; x_wconf 85' lang='lat' dir='ltr'><strong>statu</strong></span> <span class='ocrx_word' id='word_1_377' title='bbox 840 2476 998 2517; x_wconf 75' lang='lat' dir='ltr'><strong>virtutis3</strong></span> <span class='ocrx_word' id='word_1_378' title='bbox 1027 2476 1118 2510; x_wconf 88' lang='lat' dir='ltr'><strong>sicut</strong></span> <span class='ocrx_word' id='word_1_379' title='bbox 1144 2485 1288 2522; x_wconf 86' lang='lat' dir='ltr'><strong>propter</strong></span> <span class='ocrx_word' id='word_1_380' title='bbox 1315 2476 1562 2511; x_wconf 85' lang='lat' dir='ltr'><strong>curiositatem</strong></span> <span class='ocrx_word' id='word_1_381' title='bbox 1587 2476 1780 2518; x_wconf 88' lang='lat' dir='ltr'><strong>scientiae;</strong></span> 
     </span>
     <span class='ocr_line' id='line_1_42' title="bbox 218 2528 1782 2582; baseline -0.001 -16"><span class='ocrx_word' id='word_1_382' title='bbox 218 2532 312 2566; x_wconf 88' lang='lat' dir='ltr'><strong>unde</strong></span> <span class='ocrx_word' id='word_1_383' title='bbox 340 2539 374 2565; x_wconf 91' lang='lat' dir='ltr'><strong>et</strong></span> <span class='ocrx_word' id='word_1_384' title='bbox 395 2529 677 2582; x_wconf 40' lang='lat' dir='ltr'><strong>primolhomini</strong></span> <span class='ocrx_word' id='word_1_385' title='bbox 699 2528 862 2563; x_wconf 86' lang='lat' dir='ltr'><strong>diabolus</strong></span> <span class='ocrx_word' id='word_1_386' title='bbox 884 2529 1073 2563; x_wconf 83' lang='lat' dir='ltr'><strong>scientiam</strong></span> <span class='ocrx_word' id='word_1_387' title='bbox 1093 2530 1269 2575; x_wconf 83' lang='lat' dir='ltr'><strong>promisit,</strong></span> <span class='ocrx_word' id='word_1_388' title='bbox 1293 2529 1425 2564; x_wconf 92' lang='lat' dir='ltr'><strong>Genes.</strong></span> <span class='ocrx_word' id='word_1_389' title='bbox 1451 2541 1491 2575; x_wconf 82' lang='lat'><strong>3.‚</strong></span> <span class='ocrx_word' id='word_1_390' title='bbox 1513 2529 1655 2564; x_wconf 90' lang='lat' dir='ltr'><strong>dicens:</strong></span> <span class='ocrx_word' id='word_1_391' title='bbox 1678 2530 1782 2564; x_wconf 82' lang='lat' dir='ltr'><strong>Eritis</strong></span> 
     </span>
     <span class='ocr_line' id='line_1_43' title="bbox 217 2581 1782 2629; baseline -0.003 -9"><span class='ocrx_word' id='word_1_392' title='bbox 217 2587 298 2620; x_wconf 77' lang='lat' dir='ltr'><strong>sicut</strong></span> <span class='ocrx_word' id='word_1_393' title='bbox 317 2585 373 2625; x_wconf 75' lang='lat' dir='ltr'><strong>dii,</strong></span> <span class='ocrx_word' id='word_1_394' title='bbox 392 2585 522 2618; x_wconf 61' lang='lat' dir='ltr'><strong>scientes</strong></span> <span class='ocrx_word' id='word_1_395' title='bbox 538 2584 658 2618; x_wconf 76' lang='lat' dir='ltr'><strong>bonum</strong></span> <span class='ocrx_word' id='word_1_396' title='bbox 674 2587 701 2617; x_wconf 72' lang='lat' dir='ltr'><strong>et</strong></span> <span class='ocrx_word' id='word_1_397' title='bbox 719 2583 859 2627; x_wconf 74' lang='lat' dir='ltr'><strong>malum5</strong></span> <span class='ocrx_word' id='word_1_398' title='bbox 875 2593 961 2627; x_wconf 83' lang='lat' dir='ltr'><strong>ergo</strong></span> <span class='ocrx_word' id='word_1_399' title='bbox 977 2594 1051 2616; x_wconf 89' lang='lat' dir='ltr'><strong>non</strong></span> <span class='ocrx_word' id='word_1_400' title='bbox 1066 2583 1186 2616; x_wconf 87' lang='lat' dir='ltr'><strong>solum</strong></span> <span class='ocrx_word' id='word_1_401' title='bbox 1199 2583 1435 2629; x_wconf 86' lang='lat' dir='ltr'><strong>temperantia</strong></span> <span class='ocrx_word' id='word_1_402' title='bbox 1451 2591 1503 2617; x_wconf 90' lang='lat' dir='ltr'><strong>est</strong></span> <span class='ocrx_word' id='word_1_403' title='bbox 1518 2583 1613 2617; x_wconf 90' lang='lat' dir='ltr'><strong>circa</strong></span> <span class='ocrx_word' id='word_1_404' title='bbox 1629 2581 1782 2617; x_wconf 90' lang='lat' dir='ltr'><strong>delecta-</strong></span> 
     </span>
     <span class='ocr_line' id='line_1_44' title="bbox 218 2645 484 2673; baseline -0.008 -1"><span class='ocrx_word' id='word_1_405' title='bbox 218 2647 336 2673; x_wconf 80' lang='lat' dir='ltr'><strong>tiones</strong></span> <span class='ocrx_word' id='word_1_406' title='bbox 358 2645 484 2671; x_wconf 90' lang='lat' dir='ltr'><strong>tactus.</strong></span> 
     </span>
    </p>

    <p class='ocr_par' dir='ltr' id='par_1_12' title="bbox 219 2689 1781 2896">
     <span class='ocr_line' id='line_1_45' title="bbox 294 2689 1781 2736; baseline -0.002 -11"><span class='ocrx_word' id='word_1_407' title='bbox 294 2702 321 2736; x_wconf 82' lang='lat'><strong>5.</strong></span> <span class='ocrx_word' id='word_1_408' title='bbox 343 2692 578 2725; x_wconf 70' lang='lat' dir='ltr'><strong>PRAETEREA.</strong></span> <span class='ocrx_word' id='word_1_409' title='bbox 607 2689 644 2723; x_wconf 88' lang='lat' dir='ltr'><strong>Si</strong></span> <span class='ocrx_word' id='word_1_410' title='bbox 672 2689 929 2724; x_wconf 81' lang='lat' dir='ltr'><strong>delectationes</strong></span> <span class='ocrx_word' id='word_1_411' title='bbox 955 2697 1070 2723; x_wconf 86' lang='lat' dir='ltr'><strong>tactus</strong></span> <span class='ocrx_word' id='word_1_412' title='bbox 1094 2698 1211 2723; x_wconf 90' lang='lat' dir='ltr'><strong>essent</strong></span> <span class='ocrx_word' id='word_1_413' title='bbox 1232 2689 1374 2736; x_wconf 86' lang='lat' dir='ltr'><strong>propria</strong></span> <span class='ocrx_word' id='word_1_414' title='bbox 1402 2689 1553 2723; x_wconf 90' lang='lat' dir='ltr'><strong>materia</strong></span> <span class='ocrx_word' id='word_1_415' title='bbox 1577 2697 1781 2735; x_wconf 87' lang='lat' dir='ltr'><strong>temperan-</strong></span> 
     </span>
     <span class='ocr_line' id='line_1_46' title="bbox 219 2741 1780 2791; baseline -0.002 -12"><span class='ocrx_word' id='word_1_416' title='bbox 219 2746 301 2787; x_wconf 86' lang='lat' dir='ltr'><strong>tiae,</strong></span> <span class='ocrx_word' id='word_1_417' title='bbox 318 2751 499 2791; x_wconf 89' lang='lat' dir='ltr'><strong>oporteret</strong></span> <span class='ocrx_word' id='word_1_418' title='bbox 521 2743 617 2789; x_wconf 92' lang='lat' dir='ltr'><strong>quod</strong></span> <span class='ocrx_word' id='word_1_419' title='bbox 640 2743 733 2776; x_wconf 85' lang='lat' dir='ltr'><strong>circa</strong></span> <span class='ocrx_word' id='word_1_420' title='bbox 757 2753 884 2776; x_wconf 90' lang='lat' dir='ltr'><strong>omnes</strong></span> <span class='ocrx_word' id='word_1_421' title='bbox 907 2742 1165 2777; x_wconf 84' lang='lat' dir='ltr'><strong>delectationes</strong></span> <span class='ocrx_word' id='word_1_422' title='bbox 1179 2750 1294 2778; x_wconf 86' lang='lat' dir='ltr'><strong>tactus</strong></span> <span class='ocrx_word' id='word_1_423' title='bbox 1315 2743 1554 2789; x_wconf 90' lang='lat' dir='ltr'><strong>temperantia</strong></span> <span class='ocrx_word' id='word_1_424' title='bbox 1576 2750 1687 2776; x_wconf 91' lang='lat' dir='ltr'><strong>esset:</strong></span> <span class='ocrx_word' id='word_1_425' title='bbox 1705 2741 1780 2776; x_wconf 86' lang='lat' dir='ltr'><strong>non</strong></span> 
     </span>
     <span class='ocr_line' id='line_1_47' title="bbox 221 2795 1779 2842; baseline -0.001 -10"><span class='ocrx_word' id='word_1_426' title='bbox 221 2807 341 2832; x_wconf 87' lang='lat' dir='ltr'><strong>autem</strong></span> <span class='ocrx_word' id='word_1_427' title='bbox 365 2806 417 2832; x_wconf 90' lang='lat' dir='ltr'><strong>est</strong></span> <span class='ocrx_word' id='word_1_428' title='bbox 439 2798 533 2831; x_wconf 89' lang='lat' dir='ltr'><strong>circa</strong></span> <span class='ocrx_word' id='word_1_429' title='bbox 556 2807 695 2838; x_wconf 88' lang='lat' dir='ltr'><strong>omnes,</strong></span> <span class='ocrx_word' id='word_1_430' title='bbox 717 2805 803 2842; x_wconf 88' lang='lat' dir='ltr'><strong>puta</strong></span> <span class='ocrx_word' id='word_1_431' title='bbox 825 2797 919 2829; x_wconf 83' lang='lat' dir='ltr'><strong>circa</strong></span> <span class='ocrx_word' id='word_1_432' title='bbox 939 2807 998 2829; x_wconf 86' lang='lat' dir='ltr'><strong>eas</strong></span> <span class='ocrx_word' id='word_1_433' title='bbox 1018 2807 1109 2841; x_wconf 87' lang='lat' dir='ltr'><strong>quae</strong></span> <span class='ocrx_word' id='word_1_434' title='bbox 1131 2804 1214 2831; x_wconf 90' lang='lat' dir='ltr'><strong>sunt</strong></span> <span class='ocrx_word' id='word_1_435' title='bbox 1234 2796 1270 2830; x_wconf 87' lang='lat' dir='ltr'><strong>in</strong></span> <span class='ocrx_word' id='word_1_436' title='bbox 1285 2795 1397 2839; x_wconf 88' lang='lat' dir='ltr'><strong>ludis;</strong></span> <span class='ocrx_word' id='word_1_437' title='bbox 1419 2807 1506 2841; x_wconf 87' lang='lat' dir='ltr'><strong>ergo</strong></span> <span class='ocrx_word' id='word_1_438' title='bbox 1521 2795 1779 2830; x_wconf 83' lang='lat' dir='ltr'><strong>delectationes</strong></span> 
     </span>
     <span class='ocr_line' id='line_1_48' title="bbox 221 2849 1163 2896; baseline -0.004 -10"><span class='ocrx_word' id='word_1_439' title='bbox 221 2861 336 2886; x_wconf 87' lang='lat' dir='ltr'><strong>tactus</strong></span> <span class='ocrx_word' id='word_1_440' title='bbox 357 2863 430 2885; x_wconf 88' lang='lat' dir='ltr'><strong>non</strong></span> <span class='ocrx_word' id='word_1_441' title='bbox 453 2857 534 2885; x_wconf 90' lang='lat' dir='ltr'><strong>sunt</strong></span> <span class='ocrx_word' id='word_1_442' title='bbox 554 2850 698 2896; x_wconf 84' lang='lat' dir='ltr'><strong>propria</strong></span> <span class='ocrx_word' id='word_1_443' title='bbox 720 2849 870 2883; x_wconf 86' lang='lat' dir='ltr'><strong>materia</strong></span> <span class='ocrx_word' id='word_1_444' title='bbox 891 2849 1163 2895; x_wconf 82' lang='lat' dir='ltr'><strong>temperantiae.</strong></span> 
     </span>
    </p>
   </div>
   <div class='ocr_carea' id='block_1_7' title="bbox 1854 107 1859 842">
    <p class='ocr_par' dir='ltr' id='par_1_13' title="bbox 1854 107 1859 842">
     <span class='ocr_line' id='line_1_49' title="bbox 1854 107 1859 842; baseline 0 0"><span class='ocrx_word' id='word_1_445' title='bbox 1854 107 1859 842; x_wconf 95' lang='lat' dir='ltr'><strong> </strong></span> 
     </span>
    </p>
   </div>
   <div class='ocr_carea' id='block_1_8' title="bbox 1852 1554 1859 2447">
    <p class='ocr_par' dir='ltr' id='par_1_14' title="bbox 1852 1554 1859 2447">
     <span class='ocr_line' id='line_1_50' title="bbox 1852 1554 1859 2447; baseline 0 0"><span class='ocrx_word' id='word_1_446' title='bbox 1852 1554 1859 2447; x_wconf 95' lang='lat' dir='ltr'><strong> </strong></span> 
     </span>
    </p>
   </div>
   <div class='ocr_carea' id='block_1_9' title="bbox 1847 2443 1859 3122">
    <p class='ocr_par' dir='ltr' id='par_1_15' title="bbox 1847 2443 1859 3122">
     <span class='ocr_line' id='line_1_51' title="bbox 1847 2443 1859 3122; baseline 0 0"><span class='ocrx_word' id='word_1_447' title='bbox 1847 2443 1859 3122; x_wconf 95' lang='lat' dir='ltr'><strong> </strong></span> 
     </span>
    </p>
   </div>
  </div>
 </body>
</html>
