1859 3122
175 163 257 217 962
552 174 771 209 QUAESTIO
805 174 984 205 CXLVIII.
1020 175 1265 205 ARTICULUS
1300 177 1355 207 Iv.

731 324 1076 369 ARTICULUS
1106 327 1183 369 IV.
1673 351 1740 386 717

500 430 656 460 UTRUM
689 431 1028 463 CONVENIENTER
1062 434 1232 463 SPECIES
1267 435 1409 464 GULAE

285 495 646 525 DISTINGUANTUR
682 497 922 527 SECUNDUM
954 498 1035 527 HAS
1065 499 1265 534 QUINQUE
1292 499 1615 530 CONDITIONEs:

361 560 679 600 PRAEPROPERE,
704 561 863 601 LAUTE,
891 562 1026 602 NIMIS,
1050 564 1296 603 ARDENTER,
1324 564 1549 594 STUDIOSE.

423 641 506 686 (1-2.
522 653 552 687 q.
568 653 619 688 72.
635 647 700 676 art.
716 654 748 689 9.
765 649 852 689 corp.
868 649 898 678 at
912 644 954 678 ad
967 656 995 690 3.
1011 649 1039 678 et
1052 655 1084 689 4.
1100 645 1189 679 Dist.
1204 657 1247 690 15.
1262 657 1291 690 q.
1302 657 1331 692 3.
1348 650 1410 679 art.
1426 645 1489 690 4.).

241 729 300 762 AD
323 739 511 767 QUARTUM
533 731 583 763 sic
605 730 821 776 proceditur.
849 731 1012 774 Videtur,
1035 732 1131 777 quod
1153 732 1450 767 inconvenienter
1472 733 1610 778 species
1631 732 1737 779 gulae

171 781 434 827 distinguantur
455 794 475 816 a
498 782 618 826 Greg.,
645 783 706 829 qui
735 794 787 829 30.
813 783 943 818 Moral.
972 785 1062 831 (cap.
1085 785 1146 831 13.)
1169 785 1271 819 dicit:
1302 798 1320 817 «
1337 785 1508 832 Quinque
1530 785 1649 820 modis
1670 797 1739 820 nos

171 835 276 880 gulae
303 835 430 869 vitium
457 844 592 870 tentat:
623 836 817 882 aliquando
844 849 1001 884 namque
1027 838 1247 884 indigentiae
1272 846 1438 884 tempora
1451 839 1655 885 praevenit;
1678 838 1740 873 ali-

170 889 315 934 quando
343 888 514 924 lautiores
543 890 642 924 cibos
671 890 828 936 quaerit,
866 890 1059 937 aliquando
1087 902 1178 937 quae
1205 892 1381 925 sumenda
1413 900 1506 933 sunt,
1532 891 1739 938 praeparari

171 942 372 976 accuratius
395 943 546 988 appetit3
569 942 762 989 aliquando
780 944 816 977 in
843 944 919 990 ipsa
939 945 1135 990 quantitate
1154 945 1321 979 sumendi
1342 956 1549 979 mensuram
1576 944 1738 979 refectio-

169 995 224 1028 nis
247 995 404 1038 excedit,
427 995 621 1042 aliquando
643 997 722 1042 ipso
745 1005 844 1031 aestu
866 997 1036 1032 immensi
1057 997 1224 1032 desiderii
1245 997 1372 1044 aliquis
1390 1006 1518 1044 peccat
1535 1011 1575 1032 »ς
1599 1005 1633 1032 et
1651 1009 1739 1032 con-

169 1048 327 1083 tinentur
347 1049 383 1083 in
405 1049 477 1083 hoc
498 1061 604 1084 versu
621 1063 627 1085 z

525 1121 763 1168 Praepropere,
787 1123 883 1164 laute,
907 1124 1017 1164 nimis,
1042 1122 1206 1164 ardenter,
1227 1122 1375 1156 studiose.

169 1210 358 1244 Praedicta
385 1211 480 1244 enim
510 1210 795 1245 diversificantur
824 1211 1022 1245 secundum
1053 1211 1211 1244 diversas
1246 1210 1551 1244 circumstantias:
1582 1209 1644 1244 sed
1675 1211 1737 1244 cir-

170 1264 420 1306 cumstantiae,
443 1275 526 1298 cum
557 1265 626 1298 sint
656 1264 855 1298 accidentia
879 1272 1036 1306 actuum,
1066 1275 1140 1298 non
1171 1263 1413 1298 diversificant
1442 1263 1619 1309 speciem;
1647 1274 1734 1309 ergo

169 1317 370 1352 secundum
392 1317 575 1363 praedicta
595 1328 669 1350 non
692 1317 977 1351 diversificantur
999 1317 1136 1363 species
1158 1316 1275 1362 gulae.

241 1380 272 1404 2.
295 1370 531 1404 PRAETEREA.
557 1369 658 1403 Sicut
678 1378 820 1416 tempus
848 1378 900 1404 est
926 1370 1103 1415 quaedam
1132 1369 1412 1411 circumstantia,
1433 1369 1482 1403 ita
1503 1377 1537 1403 et
1558 1368 1679 1412 locus;
1706 1370 1736 1404 si

170 1435 256 1469 ergo
279 1423 478 1457 secundum
500 1431 642 1468 tempus
664 1434 735 1456 una
754 1423 892 1469 species
911 1422 1016 1468 gulae
1031 1422 1215 1468 accipitur,
1231 1422 1370 1456 videtur
1387 1422 1485 1468 quod
1502 1422 1578 1467 pari
1596 1423 1734 1457 ratione

170 1473 370 1511 secundum
392 1476 528 1517 locum,
551 1484 585 1510 et
607 1476 694 1510 alias
717 1476 1017 1510 circumstantias.

245 1541 272 1575 3.
296 1530 532 1564 PRAETEREA.
550 1529 651 1563 Sicut
665 1529 904 1575 temperantia
920 1529 1086 1563 observat
1100 1528 1235 1562 debitas
1251 1527 1549 1571 circumstantias,
1562 1529 1611 1562 ita
1626 1528 1735 1562 etiam

170 1592 204 1618 et
231 1584 321 1618 aliae
342 1584 490 1617 virtutes
513 1583 687 1617 morales:
711 1583 771 1617 sed
793 1584 829 1616 in
850 1583 956 1624 vitiis,
979 1593 1070 1628 quae
1093 1590 1325 1628 opponuntur
1347 1581 1424 1615 aliis
1445 1581 1634 1615 virtutibus
1656 1593 1734 1616 mo-

169 1637 313 1680 ralibus,
339 1649 414 1671 non
441 1637 708 1683 distinguuntur
734 1637 870 1682 species
897 1636 1098 1670 secundum
1126 1636 1284 1669 diversas
1310 1635 1618 1676 circumstantias;
1647 1646 1733 1681 ergo

168 1702 235 1725 nec
258 1692 293 1724 in
316 1691 411 1736 gula.

241 1744 315 1778 SED
338 1754 493 1779 CONTRA
516 1751 570 1778 est
586 1744 736 1778 verbum
761 1743 930 1789 Gregorii
951 1743 1150 1777 inductum.

239 1797 468 1832 Respoxmzo
497 1797 702 1838 dicendum,
729 1797 838 1842 quod,
865 1797 957 1831 sicut
983 1797 1120 1829 dictum
1143 1803 1196 1830 est
1222 1796 1305 1840 (art.
1326 1808 1355 1830 r.
1377 1795 1445 1840 huj.
1468 1795 1528 1841 φ),
1565 1794 1649 1842 gula
1669 1795 1734 1829 im-

168 1859 287 1896 portat
307 1851 551 1884 inordinatam
573 1850 906 1896 concupiscentiam
929 1849 1076 1884 edendi:
1098 1849 1134 1882 in
1157 1860 1219 1883 esu
1235 1857 1355 1882 autem
1370 1849 1432 1882 duo
1449 1849 1732 1891 considerantur,

168 1904 307 1939 scilicet
320 1905 394 1950 ipse
409 1905 508 1945 cibus,
526 1903 587 1949 qui
603 1904 816 1944 comeditur,
832 1911 864 1937 et
881 1905 955 1948 eius
977 1905 1137 1937 comestio.
1160 1902 1285 1936 Potest
1307 1913 1393 1947 ergo
1415 1902 1634 1936 inordinatio
1651 1913 1733 1936 con-

168 1958 411 2004 cupiscentiae
433 1957 568 1991 attendi
589 1957 786 2003 dupliciter:
809 1968 873 1990 uno
901 1956 1047 2002 quidem
1074 1955 1170 1989 modo
1197 1963 1371 2001 quantum
1400 1955 1443 1988 ad
1469 1955 1588 2001 ipsum
1611 1955 1732 1989 cibum

168 2011 229 2057 qui
251 2011 420 2052 sumitur;
443 2019 477 2044 et
499 2011 548 2044 sic
571 2018 746 2055 quantum
769 2010 812 2043 ad
835 2009 1084 2050 substantiam,
1105 2008 1164 2042 vel
1185 2009 1343 2054 speciem
1359 2008 1429 2042 cibi
1447 2009 1586 2054 quaerit
1600 2008 1730 2054 aliquis

169 2064 268 2098 cibos
290 2064 406 2103 lautos,
430 2064 520 2097 idest
542 2063 736 2109 pretiosos:
760 2071 935 2108 quantum
958 2062 1001 2096 ad
1024 2062 1246 2108 qualitatem,
1269 2062 1407 2107 quaerit
1429 2062 1529 2096 cibos
1550 2062 1658 2096 nimis
1676 2073 1734 2096 ac-

169 2126 290 2151 curate
318 2125 561 2163 praeparatos,
587 2116 679 2150 idest
703 2116 860 2150 studiosa:
888 2124 1063 2161 quantum
1095 2123 1217 2149 autem
1244 2115 1287 2149 ad
1315 2116 1562 2161 quantitatem,
1594 2115 1732 2149 excedit

169 2173 266 2205 nimis
288 2172 323 2204 in
345 2171 506 2204 edendo:
528 2170 594 2203 alio
616 2181 702 2203 vero
725 2170 819 2203 modo
843 2169 1035 2204 attenditur
1052 2169 1270 2203 inordinatio
1291 2168 1605 2214 concupiscentiae
1624 2179 1732 2214 quan-

167 2232 243 2258 tum
268 2225 311 2258 ad
345 2224 461 2269 ipsam
488 2223 734 2268 sumptionem
758 2223 848 2257 cibi:
870 2223 921 2256 tvl
943 2223 1025 2268 quia
1047 2223 1231 2268 praevenit
1256 2222 1416 2256 debitum
1442 2229 1584 2267 tempus
1612 2233 1732 2256 come-

168 2278 287 2319 dendi,
315 2277 411 2323 quod
433 2285 485 2310 est
501 2282 739 2322 praepropera.-
761 2276 812 2310 vel
834 2276 916 2321 quia
937 2287 1011 2309 non
1033 2284 1151 2309 servat
1172 2275 1323 2309 modum
1345 2275 1505 2308 debitum
1524 2275 1559 2308 in
1578 2275 1729 2317 edendo,

169 2331 265 2377 quod
288 2339 340 2364 est
361 2329 526 2364 ardenter:
550 2329 706 2363 Isidorus
728 2340 814 2362 vero
838 2329 910 2373 (lib.
934 2341 964 2363 2.
987 2329 1024 2363 de
1045 2330 1134 2363 Sum.
1158 2330 1240 2363 Bon.
1263 2335 1334 2375 (ap.
1357 2328 1430 2373 42.)
1454 2327 1730 2374 comprehendit

168 2384 337 2430 primum,
360 2392 394 2417 et
414 2383 613 2417 secundum
636 2382 699 2416 sub
722 2393 806 2423 uno,
829 2382 964 2424 dicens,
988 2383 1084 2428 quod
1107 2381 1254 2428 gulosus
1277 2382 1416 2416 excedit
1441 2382 1477 2415 in
1504 2381 1584 2415 cibo
1607 2392 1731 2415 secun-

168 2438 252 2471 dum
277 2437 366 2482 quid,
390 2441 562 2482 quantum,
586 2435 757 2481 quomodo,
782 2441 811 2469 et
828 2435 968 2481 qnando.

239 2491 297 2524 AD
313 2500 462 2524 PRIMUM
485 2500 572 2534 ergo
592 2489 797 2529 dicendum,
814 2488 909 2533 quod
933 2489 1115 2534 corruptio
1132 2489 1354 2522 diversarum
1377 2487 1729 2522 circumstantiarum

168 2543 253 2577 facit
274 2543 430 2577 diversas
453 2543 590 2589 species
613 2541 730 2588 gulae,
749 2549 895 2587 propter
916 2542 1056 2576 diversa
1078 2542 1226 2583 motiva,
1239 2553 1280 2575 ex
1297 2541 1423 2587 quibus
1446 2540 1640 2575 moralium
1654 2552 1729 2586 spe-

169 2597 240 2630 cies
268 2596 572 2630 diversificantur:
594 2595 629 2629 in
660 2606 703 2628 eo
727 2595 823 2628 enim
854 2596 912 2640 qui
936 2595 1074 2640 quaerit
1095 2595 1213 2629 lautos
1236 2595 1346 2635 cibos,
1366 2594 1540 2628 excitatur
1561 2594 1728 2639 concupi-

169 2650 305 2684 scentia
327 2661 368 2683 ex
383 2650 459 2696 ipsa
481 2649 600 2695 specie
623 2649 709 2683 cibi:
734 2648 770 2681 in
787 2659 829 2682 eo
852 2659 938 2682 vcro
962 2649 1021 2694 qui
1048 2657 1291 2694 praeoccupat
1315 2656 1469 2694 tempus,
1491 2647 1723 2682 deordinatur

169 2703 462 2749 concupiscentia
485 2711 628 2748 propter
654 2701 918 2747 impatientiam
941 2713 1083 2735 morae:
1107 2710 1142 2736 et
1163 2702 1257 2735 idem
1281 2709 1377 2746 patet
1398 2701 1433 2734 in
1456 2701 1544 2735 aliis.

240 2757 298 2790 AD
321 2766 527 2791 SECUNDUM
550 2755 754 2796 dicendum,
773 2754 868 2801 quod
890 2755 926 2788 in
948 2755 1044 2796 loco,
1061 2763 1093 2788 et
1120 2755 1155 2788 in
1180 2754 1256 2788 aliis
1279 2754 1558 2788 circumstantiis
1583 2764 1655 2787 non
1677 2753 1726 2787 in-

168 2810 308 2843 venitur
339 2810 433 2843 aliud
464 2808 630 2843 disserens
661 2808 838 2842 motivum
861 2808 1041 2853 pertinens
1070 2808 1112 2841 ad
1136 2819 1241 2841 usum
1262 2807 1341 2849 cibi,
1365 2807 1460 2853 quod
1487 2806 1595 2841 faciat
1617 2806 1726 2841 aliam

168 2864 325 2908 speciem
349 2862 465 2907 gulae.
