1859 3122
185 129 271 181 236
590 138 810 173 QUAESTIO
844 139 978 169 XXVII.
1013 139 1255 169 ARTICULUS
1286 140 1327 168 V.

186 227 304 265 potest
316 219 437 252 Deum
455 218 592 253 infinite
613 219 780 264 diligere3
803 220 886 266 quia
908 219 1026 254 omnis
1040 220 1151 254 virtus
1167 228 1362 262 creaturae,
1381 219 1455 254 sive
1470 219 1653 263 naturalis,
1666 220 1742 255 sive

186 272 313 313 infusa,
333 280 385 305 est
402 271 512 305 finita.

258 325 301 358 Et
322 337 384 370 per
405 326 476 358 hoc
496 334 594 371 patet
612 326 799 371 responsio
820 337 871 360 AD
892 337 1076 372 OBJECTA:
1099 338 1184 360 nam
1199 328 1329 372 primae
1349 332 1411 361 tres
1430 326 1652 372 objectiones
1667 338 1744 372 pro-

188 378 319 412 cedunt
341 379 541 412 secundum
563 379 659 412 hunc
675 380 819 413 tertium
834 391 998 414 sensum:
1021 381 1137 414 ultima
1153 389 1273 414 autem
1293 380 1383 414 ratio
1405 381 1566 426 procedit
1583 381 1619 414 in
1637 391 1744 414 sensu

187 432 359 466 secundo.

720 574 1063 620 ARTICULUS
1098 576 1174 619 VI.
1683 585 1747 621 166

257 680 411 710 UTRUM
437 680 616 712 DIVINAE
645 682 928 712 DILECTIONIS
956 683 1023 712 SIT
1051 683 1226 719 ALIQUIS
1255 683 1408 713 MODUS
1436 683 1682 714 HABENDUS.

450 769 491 816 (3.
523 770 605 804 Dist.
628 781 681 816 27.
703 782 733 816 q.
752 782 779 816 3.
802 775 864 805 art.
885 783 912 817 3.
935 776 964 806 et
992 771 1075 806 Virt.
1098 783 1127 817 q.
1150 783 1181 806 2.
1204 777 1269 806 art.
1296 783 1327 806 2.
1350 771 1392 805 ad
1412 771 1486 818 13).

261 858 320 891 AD
343 868 495 892 SEXTUM
517 858 566 892 sic
594 859 809 904 proceditur.
838 858 999 901 Videtur,
1027 860 1124 905 quod
1150 860 1293 894 divinae
1321 859 1523 894 dilectionis
1550 860 1595 894 sit
1622 858 1748 905 aliquis

191 911 321 944 modus
343 911 547 946 habendus:
572 912 661 946 ratio
685 912 781 945 enim
799 913 886 946 boni
908 913 1070 947 consistit
1091 914 1127 946 in
1148 913 1258 955 modo,
1278 915 1389 960 specie,
1411 921 1445 946 et
1461 913 1583 954 ordine,
1599 920 1638 946 ut
1654 920 1751 958 patet

191 976 255 1010 per
277 965 429 1009 August.
444 965 479 998 in
502 965 561 999 lib.
582 965 625 999 de
644 965 725 999 Nat.
742 966 835 1000 Boni
851 965 939 1013 (cap.
959 979 986 1013 3.
1006 972 1033 1001 et
1054 968 1127 1011 4.):
1150 967 1212 1001 sed
1235 966 1379 1000 dilectio
1402 967 1471 1000 Dei
1494 974 1546 1000 est
1568 966 1747 1012 optimum

190 1018 227 1051 in
248 1018 410 1060 homine,
433 1019 631 1052 secundum
650 1018 738 1052 illud
753 1019 796 1053 ad
813 1019 938 1054 Colos.
958 1031 1006 1066 3.:
1024 1021 1131 1067 Super
1150 1021 1261 1054 omnia
1285 1021 1481 1054 charitatem
1503 1020 1634 1060 habete;
1662 1029 1749 1064 ergo

191 1070 338 1105 dilectio
360 1071 430 1105 Dei
452 1072 557 1106 debet
578 1072 730 1106 modum
752 1073 895 1108 habere.

264 1135 294 1158 2.
317 1124 552 1159 PRAETEREA.
587 1126 681 1171 Aug.
716 1126 802 1160 dicit
834 1126 870 1160 in
904 1126 964 1160 lib.
995 1127 1038 1160 de
1065 1127 1157 1161 Mor.
1193 1126 1289 1161 Eccl.
1319 1127 1405 1173 (cap.
1427 1127 1498 1172 8.):
1524 1126 1624 1160 «Dic
1651 1125 1753 1167 mihi,

192 1189 327 1224 quaeso
349 1186 395 1219 te,
418 1178 496 1223 quis
517 1178 563 1212 sit
585 1178 757 1224 diligendi
784 1180 924 1213 modus.
947 1180 1088 1214 Vereor
1110 1180 1220 1222 enim,
1249 1192 1294 1214 ne
1316 1180 1406 1226 plus,
1433 1180 1611 1222 minusve,
1645 1190 1752 1225 quam

192 1239 346 1277 oportet,
361 1231 565 1265 inflammer
582 1232 772 1274 desiderio,
788 1241 822 1267 et
836 1244 961 1267 amore
975 1233 1127 1267 Domini
1146 1234 1218 1267 mei
1233 1247 1249 1265 >³
1264 1246 1271 1268 :
1289 1233 1418 1267 frustra
1433 1241 1553 1267 autem
1568 1240 1755 1278 quaereret

192 1285 357 1326 modum,
378 1285 447 1318 nisi
469 1293 562 1319 esset
581 1285 709 1331 aliquis
729 1286 870 1320 divinae
890 1286 1092 1320 dilectionis
1114 1287 1268 1329 modus;
1292 1298 1378 1332 ergo
1402 1294 1455 1321 est
1476 1285 1602 1332 aliquis
1624 1285 1755 1320 modus

193 1337 334 1372 divinae
357 1337 571 1372 dilectionis.

267 1401 296 1435 3.
316 1391 552 1426 PRAETEREA.
576 1392 678 1426 Sicut
698 1392 793 1438 Aug.
818 1393 903 1427 dicit
923 1403 956 1436 4.
978 1404 1085 1439 super
1109 1393 1200 1427 Gen.
1224 1393 1267 1427 ad
1289 1392 1339 1427 lit.
1368 1393 1458 1439 (cap.
1478 1392 1536 1439 3.),
1565 1391 1678 1426 modus
1698 1396 1754 1433 est,

194 1456 287 1490 quem
314 1446 487 1490 unicuique
514 1447 657 1491 propria
684 1458 837 1480 mensura
859 1447 1038 1493 praefigit:
1061 1447 1122 1481 sed
1146 1458 1313 1481 mensura
1335 1445 1530 1480 voluntatis
1559 1445 1756 1486 humanae,

195 1498 287 1532 sicut
308 1505 342 1531 et
364 1499 515 1532 actionis
539 1499 735 1541 exterioris,
759 1507 811 1534 est
832 1500 922 1534 ratio
939 1512 946 1542 ;
969 1511 1056 1545 ergo
1078 1500 1169 1534 sicut
1186 1500 1222 1533 in
1242 1499 1409 1534 exteriori
1427 1498 1556 1533 effectu
1575 1497 1758 1533 charitatis

196 1558 339 1597 oportet
359 1551 491 1586 habere
522 1552 675 1586 modum
702 1564 721 1586 a
742 1553 882 1587 ratione
905 1553 1115 1599 praefixum,
1137 1554 1336 1588 secundum
1358 1553 1446 1587 illud
1467 1552 1575 1586 Rom.
1601 1562 1672 1586 12.:
1695 1552 1759 1586 Ra-

197 1605 353 1639 tiomzbile
385 1606 574 1651 obsequium
606 1611 773 1641 vestrum:
801 1607 850 1640 ita
884 1607 993 1641 etiam
1027 1607 1176 1641 interior
1206 1606 1352 1641 dilectio
1379 1606 1449 1640 Dei
1475 1606 1579 1640 debet
1606 1605 1757 1639 modum

195 1658 340 1692 habere.

268 1711 342 1746 SED
370 1722 525 1747 CONTRA
547 1721 610 1754 est,
633 1713 730 1758 quod
752 1713 923 1747 Bernard.
947 1714 1032 1748 dicit
1053 1714 1088 1747 in
1111 1713 1169 1748 lib.
1186 1714 1228 1748 de
1247 1713 1318 1748 Dil.
1334 1714 1455 1748 Deum
1471 1713 1560 1760 (cap.
1581 1713 1641 1758 L),
1662 1712 1759 1759 quod

198 1776 307 1799 causa
328 1765 502 1811 diligendi
523 1766 643 1800 Deum
665 1767 765 1800 Deus
788 1775 851 1809 est,
874 1767 1005 1801 modus
1027 1768 1103 1802 sine
1122 1767 1234 1801 modo
1257 1767 1416 1813 diligere.

268 1818 497 1853 RESPONDEO
521 1819 727 1862 dicendum,
750 1821 858 1866 quod,
881 1821 973 1855 sicut
993 1829 1090 1867 patet
1112 1834 1154 1855 ex
1171 1821 1318 1855 inducta
1337 1820 1549 1854 auctoritate
1567 1818 1761 1866 Augustini

200 1872 249 1916 (in
277 1874 425 1918 cugny),
460 1873 590 1906 modus
624 1873 796 1919 importat
829 1874 1025 1919 quamdam
1060 1886 1250 1908 mensurae
1279 1874 1635 1908 determinationem:
1669 1873 1760 1906 haec

200 1933 321 1960 autem
343 1926 596 1960 determinatio
618 1927 798 1961 invenitur
820 1936 854 1961 et
875 1928 911 1961 in
930 1939 1109 1969 mensura,
1133 1937 1167 1962 et
1188 1929 1223 1962 in
1245 1936 1470 1962 mensurato:
1506 1927 1607 1961 aliter
1626 1934 1761 1967 tamen,

200 1987 234 2013 et
256 1979 376 2014 aliter:
398 1980 435 2013 in
457 1991 627 2014 mensura
654 1981 752 2014 enim
778 1981 958 2014 invenitur
985 1982 1240 2024 essentialiter;
1268 1982 1350 2027 quia
1372 1992 1541 2015 mensura
1562 1980 1761 2014 secundum

200 2033 356 2078 seipsam
378 2041 430 2066 est
451 2033 738 2076 determinativa,
761 2042 795 2068 et
816 2034 1062 2068 modificativa
1085 2034 1258 2076 aliorum;
1280 2035 1316 2068 in
1339 2034 1552 2068 mensuratis
1572 2041 1693 2067 autern
1714 2034 1764 2067 in-

201 2086 341 2120 venitur
362 2087 562 2120 secundum
587 2087 693 2129 aliud,
716 2087 807 2122 idest
827 2088 1041 2133 inquantum
1076 2088 1255 2132 attingunt
1283 2099 1511 2130 mensuram3
1546 2096 1579 2121 et
1612 2087 1694 2120 ideo
1726 2085 1763 2120 in

202 2151 370 2173 mensura
392 2139 482 2173 nihil
504 2148 620 2186 potest
643 2141 758 2186 accipi
779 2140 1100 2174 immodificatum:
1128 2141 1189 2175 sed
1216 2152 1270 2175 res
1298 2149 1503 2175 mensurata
1526 2149 1579 2175 est
1597 2139 1765 2174 immodi-

202 2192 319 2234 ficata‚
341 2193 409 2226 nisi
431 2205 639 2227 mensuram
664 2194 825 2239 attingat,
847 2194 921 2228 sive
948 2194 1100 2236 deficiat,
1125 2194 1199 2228 sive
1220 2195 1377 2229 excedat.
1398 2195 1437 2228 In
1457 2194 1624 2228 omnibus
1643 2201 1765 2227 autem

204 2245 465 2292 appetibilibus,
482 2255 528 2280 *et
561 2247 750 2293 agibilibus
778 2259 945 2281 mensura
973 2255 1025 2281 est
1051 2247 1148 2281 finis:
1172 2248 1254 2294 quia
1277 2259 1416 2290 eorum>
1439 2259 1529 2294 quae
1551 2248 1763 2294 appetimus,

204 2308 239 2333 et
260 2300 414 2345 agimus,
437 2308 579 2346 oportet
601 2301 784 2346 propriam
811 2301 989 2334 rationem
1012 2312 1053 2334 ex
1076 2300 1145 2335 fine
1173 2301 1346 2348 accipere,
1369 2310 1407 2335 ut
1428 2309 1524 2346 patet
1544 2312 1607 2346 per
1627 2300 1764 2334 Philos.

204 2353 240 2386 in
263 2363 293 2387 2.
316 2353 459 2399 Physic.
485 2356 561 2396 (tex.
584 2355 679 2399 89.).·
707 2362 740 2387 et
773 2354 854 2387 ideo
889 2353 967 2387 finis
1002 2354 1200 2387 secundum
1223 2355 1380 2400 seipsum
1402 2355 1510 2388 habet
1531 2353 1699 2388 modum:
1723 2364 1765 2387 ea

204 2418 290 2440 vero
315 2418 405 2452 quae
427 2415 508 2440 sunt
530 2407 572 2440 ad
596 2407 715 2449 finem,
732 2407 864 2440 habent
878 2407 1028 2440 modum
1049 2420 1091 2440 ex
1106 2419 1161 2448 eo,
1180 2409 1275 2453 quod
1290 2416 1373 2441 sunt
1392 2407 1453 2440 fini
1474 2407 1765 2453 proportionata3

207 2468 241 2494 et
261 2460 355 2502 ideo,
378 2460 468 2494 sicut
490 2459 626 2494 Philos.
650 2461 735 2494 dicit
756 2461 792 2493 in
819 2471 845 2494 1.
868 2460 973 2494 Polit.
997 2462 1084 2506 (rap.
1108 2462 1159 2506 6.)
1170 2474 1179 2495 :
1202 2474 1219 2492 «
1234 2461 1423 2507 Appetitus
1439 2460 1518 2494 finis
1540 2460 1575 2493 in
1599 2459 1765 2494 omnibus

207 2514 340 2548 artibus
363 2522 415 2548 est
437 2514 569 2560 absque
593 2513 672 2555 fine,
696 2521 730 2547 et
755 2513 909 2547 termino
926 2525 963 2546 »z
993 2525 1118 2547 eorum
1143 2522 1261 2548 autem
1285 2525 1376 2560 quae
1398 2522 1480 2547 sunt
1501 2514 1545 2547 ad
1572 2513 1692 2554 finem,
1715 2519 1767 2546 est

208 2567 335 2613 aliquis
357 2568 548 2602 terminus:
572 2578 645 2601 non
668 2567 765 2601 enim
787 2567 948 2600 medicus
967 2568 1121 2612 imponit
1143 2568 1299 2613 aliquem
1319 2567 1511 2601 terminum
1531 2566 1689 2607 sanitati;
1704 2564 1766 2599 sed

208 2620 292 2655 facit
313 2633 393 2654 eam
420 2620 627 2667 perfectam,
650 2629 980 2666 quantumcumque
1000 2629 1136 2665 potest3
1165 2621 1225 2654 sed
1252 2621 1453 2654 medicinae
1476 2619 1629 2665 imponit
1649 2619 1768 2652 termi-

209 2686 315 2708 num:
338 2686 412 2708 non
440 2675 535 2708 enim
571 2675 629 2708 dat
659 2682 798 2707 tantum
831 2674 874 2707 de
910 2674 1102 2716 medicina,
1133 2682 1306 2719 quantum
1328 2681 1456 2719 potest,
1479 2673 1540 2707 sed
1567 2671 1767 2706 secundum

210 2728 483 2774 proportionem
512 2728 554 2762 ad
577 2727 784 2769 sanitatem3
814 2738 920 2772 quam
952 2727 1097 2772 quidem
1120 2727 1395 2773 proportionem
1416 2727 1446 2760 si
1468 2726 1647 2760 medicina
1669 2736 1768 2759 exce-

211 2782 320 2823 deret,
343 2782 399 2816 vel
422 2783 463 2815 ab
488 2794 528 2816 ea
551 2781 729 2823 deficeret,
753 2789 845 2814 esset
868 2781 1126 2815 immoderata:
1150 2780 1228 2815 finis
1252 2789 1371 2814 autem
1395 2781 1558 2814 omnium
1582 2779 1766 2813 actionum

211 2835 465 2876 humanarum,
497 2843 530 2869 et
559 2834 791 2869 affectionum
819 2843 872 2868 est
897 2833 1042 2868 dilectio
1061 2834 1141 2875 Dei,
1164 2846 1227 2880 per
1249 2845 1357 2879 quain
1379 2833 1536 2867 maxime
1559 2832 1766 2878 attingimus
