1859 3122
484 140 700 176 QUAESTIO
733 140 851 171 LVIII.
885 140 1128 171 ARTICULUS
1161 141 1234 171 VII.
1544 143 1625 185 431

150 221 210 256 AD
232 231 438 256 SECUNDUM
459 221 664 264 dicendum,
683 222 780 269 quod
800 222 937 257 bonum
960 233 1156 257 commune
1178 222 1342 265 civitatis,
1357 230 1392 258 et
1412 222 1548 257 bonum
1562 223 1631 257 sin-

79 273 204 320 gulare
226 274 330 309 unius
351 286 525 321 personae
546 287 619 309 non
642 275 807 310 differunt
822 275 941 310 solum
959 276 1159 310 secundum
1179 276 1551 322 multmn‚-etpaucum‚
1568 276 1630 310 sed

79 327 277 362 secundum
290 327 482 363 formalem
501 329 748 364 differentiam:
769 330 838 363 alia
853 329 949 364 enim
971 338 1024 364 est
1046 330 1136 364 ratio
1158 330 1245 364 boni
1265 330 1482 372 communis,
1497 337 1532 364 et
1546 330 1633 363 boni

78 381 284 427 singularis:
308 382 399 416 sicut
421 382 490 416 alia
511 391 564 417 est
584 383 675 416 ratio
697 383 817 425 totius,
845 391 879 417 et
904 383 1032 429 partis3
1063 391 1096 416 et
1124 383 1206 417 ideo
1236 383 1372 417 Philos.
1400 384 1436 417 in
1468 394 1496 417 1.
1525 383 1631 417 Polit.

79 435 166 482 (cap.
188 436 234 480 1.)
260 436 356 478 dicit,
379 436 473 482 quod
505 449 522 467 (ε
548 447 621 470 non
647 437 736 470 bene
764 437 897 478 dicunt,
919 437 977 482 qui
998 437 1120 470 dicunt
1141 437 1334 478 civitatem,
1358 446 1392 470 et
1413 437 1576 478 domum,
1599 444 1634 471 et

79 488 147 522 alia
168 489 373 535 hujusmodi
397 490 536 524 differre
563 489 682 524 solum
704 489 943 532 multitudine,
971 498 1005 524 et
1030 490 1220 536 paucitate,
1244 498 1278 524 et
1298 501 1371 523 non
1394 490 1513 536 specie
1529 503 1560 524 ³).

147 542 208 578 AD
236 553 406 578 TERTIUM
429 543 633 584 dicendum,
656 543 752 589 quod
774 544 974 577 domestica
996 543 1188 577 multitudo
1209 544 1409 577 secundum
1435 543 1572 578 Philos.
1594 544 1631 577 in

81 607 109 630 1.
127 596 233 630 Polit.
252 597 338 643 (rap.
356 598 415 643 3.),
432 597 660 643 distinguitur
681 597 881 630 secundum
898 605 969 630 tres
985 597 1280 642 conjugationes3
1300 596 1439 631 scilicet
1456 597 1577 631 uxoris
1597 605 1632 632 et

75 649 152 691 viri,
174 650 282 696 patris
304 658 338 684 et
359 650 432 692 filii,
455 651 593 684 domini
611 658 645 684 et
666 650 778 692 servi3
801 661 951 696 quarum
972 661 1208 696 personarum
1223 661 1293 683 una
1309 658 1362 684 est
1377 650 1477 696 quasi
1496 650 1630 696 aliquid

77 702 238 744 alterius;
262 711 296 738 et
316 703 398 738 ideo
420 704 463 738 ad
486 703 694 749 hujusmodi
708 714 881 749 personas
902 714 977 737 non
993 711 1046 737 est
1060 703 1270 749 simpliciter
1285 703 1430 748 justitia,
1445 703 1506 737 sed
1525 715 1632 750 quae-

75 756 159 791 dam
180 757 335 803 justitiae
351 757 498 803 species,
516 757 653 791 scilicet
667 758 886 799 oeconomica,
907 765 946 790 ut
967 757 1096 791 dicitur
1113 757 1149 790 in
1172 767 1199 802 5.
1216 757 1334 791 Ethic.
1350 757 1439 803 (cap.
1455 757 1487 792 6.
1499 763 1528 792 et
1540 757 1629 801 ult).

602 918 946 963 ARTICULUS
973 918 1096 961 VIII.
1565 938 1625 975 325

133 1039 286 1070 UTRUM
305 1039 501 1081 JUSTITIA
524 1039 835 1069 PARTmULARts
864 1039 1035 1069 HABEAT
1060 1038 1285 1068 §.tATERIAM
1315 1037 1566 1067 SPECIALEM.

198 1140 280 1188 (1-2.
294 1151 324 1186 q.
344 1139 482 1175 6o.'art.
502 1151 532 1175 2.
552 1145 638 1186 corp.
654 1144 723 1186 et3.
743 1139 830 1174 Dist.
845 1151 888 1185 33.
905 1150 934 1185 q.
951 1150 980 1174 2.
1000 1143 1064 1174 art.
1079 1149 1110 1173 2.
1128 1142 1156 1172 et
1177 1149 1208 1173 2.
1227 1137 1335 1172 Ethic.
1354 1137 1422 1172 lact.
1441 1136 1502 1182 8.).

142 1240 202 1275 AD
217 1250 406 1276 OCTAVUM
421 1241 470 1275 sic
492 1240 706 1287 proceditur.
721 1240 884 1283 Videtur,
899 1240 995 1286 quod
1011 1239 1145 1287 Justitia
1160 1239 1384 1286 particularis
1402 1250 1476 1273 non
1498 1238 1629 1273 habeat

73 1294 263 1328 materiam
289 1294 502 1340 specialem:
531 1294 614 1340 quia
639 1306 746 1340 super
770 1294 859 1328 illud
891 1293 982 1328 Gen.
1015 1304 1063 1328 2.:
1094 1294 1236 1328 Flavius
1256 1297 1393 1339 quartus
1414 1294 1480 1339 ipsa
1501 1297 1543 1326 est
1563 1293 1628 1326 Eu-

66 1347 214 1394 phrates,
233 1348 318 1382 dicit
333 1347 433 1382 Glos.
456 1347 581 1392 (ordin.
598 1349 683 1393 Aug.
699 1348 754 1382 lib.
774 1359 804 1382 2.
823 1347 859 1381 da
877 1347 958 1382 Gen.
975 1353 1058 1382 cont.
1083 1347 1177 1381 Man.
1200 1353 1270 1393 cap.
1293 1347 1377 1391 IO.).·
1396 1359 1413 1377 «
1428 1346 1627 1392 Euphrates

72 1400 219 1446 frugifer
239 1401 508 1447 interpretatur3
530 1412 597 1436 nec
617 1401 746 1435 dicitur
767 1409 892 1435 contra
915 1412 1005 1447 quos
1026 1401 1143 1442 vadat,
1166 1401 1249 1446 quia
1269 1400 1403 1446 justitia
1429 1400 1472 1433 ad
1495 1410 1622 1433 omnes

72 1454 213 1488 animae
228 1462 344 1500 partes
358 1455 510 1501 pertinet
523 1467 559 1488 »:
579 1455 650 1488 hoc
666 1463 787 1488 autem
801 1465 875 1488 non
891 1463 993 1496 esset,
1008 1455 1037 1489 si
1054 1455 1203 1488 haberet
1218 1454 1404 1487 materiam
1420 1453 1626 1500 specialem3

72 1507 154 1553 quia
177 1507 354 1554 quaelibet
380 1509 530 1542 materia
557 1508 720 1554 specialis
749 1508 791 1541 ad
823 1508 981 1554 aliquam
1009 1507 1206 1554 specialem
1232 1507 1431 1553 potentiam
1453 1508 1623 1553 pertinet3

72 1572 159 1606 ergo
180 1561 313 1606 justitia
335 1561 558 1607 particularis
579 1573 653 1595 non
674 1561 783 1595 habet
804 1561 992 1595 materiam
1012 1560 1218 1607 specialem.

144 1624 175 1648 2.
198 1614 432 1649 PRAETEREA.
449 1615 602 1659 August.
625 1614 710 1648 dicit
730 1614 765 1647 in
788 1614 846 1648 lib.
868 1615 922 1660 83.
945 1614 1033 1654 QQ.
1059 1614 1102 1660 (q.
1126 1615 1206 1659 61),
1223 1614 1318 1660 quod
1343 1622 1528 1660 «quatuor
1545 1622 1627 1648 sunt

72 1667 214 1701 animae
235 1667 394 1709 virtutes,
409 1668 536 1713 quibus
554 1668 590 1701 in
609 1668 676 1701 hac
692 1667 763 1701 vita
785 1667 1014 1713 spiritualiter
1031 1668 1178 1709 vivitur,
1200 1668 1354 1702 scilicet:
1377 1667 1626 1713 temperantia,

70 1721 270 1766 prudentia,
292 1720 476 1763 fortitudo,
498 1729 533 1755 et
553 1721 685 1766 justitia
700 1734 738 1756 »2
761 1729 795 1755 et
816 1721 911 1762 dicit,
934 1721 1030 1766 quod
1058 1729 1181 1766 quarta
1201 1729 1254 1755 est
1279 1721 1423 1766 justitia,
1450 1731 1541 1766 quae
1564 1731 1627 1766 per

71 1785 198 1808 omnes
220 1773 448 1816 diffunditur3
471 1785 557 1820 ergo
578 1774 711 1820 justitia
732 1773 966 1820 particularis⁷
989 1785 1081 1819 quae
1103 1782 1156 1808 est
1176 1785 1247 1808 una
1273 1774 1316 1808 de
1343 1781 1497 1820 quatuor
1522 1773 1627 1808 virtu-

68 1827 162 1862 tibus
184 1827 435 1869 cardinalibus,
457 1838 530 1861 non
552 1828 662 1862 habet
679 1827 874 1873 specialem
895 1828 1096 1861 materiam.

143 1893 173 1928 3.
195 1881 431 1916 PRAETEREA.
455 1881 596 1926 Justitia
617 1881 737 1927 dirigit
758 1881 947 1916 hominem
969 1880 1188 1916 sufficienter
1207 1883 1244 1916 in
1265 1881 1332 1923 his,
1355 1892 1446 1927 quae
1473 1889 1555 1915 sunt
1581 1881 1624 1915 ad

71 1934 241 1969 alterum:
266 1935 327 1968 sed
348 1946 411 1980 per
431 1934 567 1977 omnia,
590 1946 681 1980 quae
703 1943 784 1969 sunt
804 1935 910 1980 hujus
931 1935 1037 1976 vitae,
1059 1935 1173 1969 homo
1196 1943 1315 1981 potest
1335 1934 1493 1968 ordinari
1515 1934 1558 1968 ad
1581 1934 1627 1968 al-

67 1995 202 2030 terum;
225 1998 312 2033 ergo
334 1989 483 2022 materia
504 1988 660 2034 justitiae
683 1997 736 2023 est
757 1988 948 2034 generalis,
971 1996 1006 2022 et
1025 1999 1100 2022 non
1122 1988 1298 2034 specialis.

141 2041 216 2075 SED
237 2051 391 2076 CONTRA
414 2049 477 2084 est,
499 2042 595 2088 quod
617 2041 709 2076 Phil.
731 2042 767 2076 in
798 2053 825 2087 ς.
849 2041 964 2076 Ethic.
987 2042 1078 2089 (cap.
1107 2054 1137 2077 2.
1138 2043 1171 2087 )‚
1198 2041 1300 2088 ponit
1324 2041 1496 2087 justitiam
1522 2041 1625 2087 parti-

69 2093 231 2129 cularem
253 2094 347 2128 circa
368 2105 410 2128 ea
430 2095 643 2140 specialiter,
665 2106 756 2141 quae
777 2095 955 2141 pertinent
975 2095 1020 2129 ad
1043 2095 1418 2130 communicationem
1437 2094 1543 2128 vitae.

141 2147 368 2182 RESPONDEO
396 2148 599 2191 dicendum,
625 2149 722 2195 quod
749 2149 872 2183 omnia
899 2160 1149 2195 quaecumque
1175 2148 1365 2183 rectificari
1391 2156 1543 2194 possunt
1562 2159 1624 2194 per

70 2201 259 2243 rationem,
281 2209 363 2236 sunt
383 2202 533 2236 materia
552 2203 692 2237 virtutis
713 2202 873 2246 moralis,
895 2215 986 2249 quae
1009 2203 1174 2238 definitur
1194 2215 1257 2249 per
1278 2203 1458 2237 rationem
1475 2210 1622 2244 rectam,

70 2262 107 2288 ut
129 2262 226 2301 patet
246 2266 309 2300 per
330 2254 465 2289 Philos.
480 2255 517 2289 in
535 2266 566 2289 2.
587 2255 746 2290 Ethicor.
771 2256 856 2303 (cap.
872 2268 902 2291 2.
922 2262 949 2291 et
963 2257 1036 2301 6.).·
1060 2265 1210 2302 possunt
1228 2264 1348 2290 autem
1368 2267 1430 2302 per
1444 2256 1621 2290 rationem

68 2307 257 2342 rectificari
279 2315 313 2342 et
337 2309 523 2343 interiores
549 2309 691 2343 animae
712 2310 908 2356 passiones,
931 2318 966 2344 et
987 2310 1181 2344 exteriores
1203 2310 1375 2352 actiones,
1399 2317 1433 2343 et
1453 2320 1508 2343 res
1531 2317 1623 2343 exte-

69 2361 193 2403 riores,
215 2372 306 2406 quae
325 2361 361 2394 in
378 2372 484 2395 usum
504 2362 663 2397 hominis
684 2363 848 2397 veniunt:
871 2363 933 2397 sed
950 2371 1073 2397 tamen
1094 2374 1157 2409 per
1178 2363 1371 2397 exteriores
1394 2363 1565 2403 actiones,
1589 2370 1624 2396 et

69 2425 132 2460 per
154 2414 346 2448 exteriores
365 2425 431 2456 res,
453 2415 580 2460 quibus
601 2416 667 2450 sibi
684 2416 841 2451 invicem
864 2417 1032 2450 homines
1052 2417 1322 2450 communicare
1337 2423 1496 2461 possunt,
1516 2423 1624 2449 atten-

70 2467 163 2500 ditur
184 2467 363 2501 ordinatio
386 2468 489 2502 unius
510 2469 669 2503 hominis
691 2469 734 2503 ad
757 2469 926 2504 alterum:
955 2470 1153 2504 secundum
1184 2478 1304 2503 autem
1331 2469 1517 2502 interiores
1544 2479 1619 2514 pas-

70 2521 202 2562 siones,
225 2521 470 2555 consideratur
491 2521 699 2557 rectificatio
721 2523 880 2557 hominis
911 2524 948 2556 in
970 2523 1105 2569 seipso3
1134 2531 1168 2557 et
1192 2523 1274 2557 ideo
1302 2534 1386 2556 cum
1412 2522 1544 2566 justitia
1568 2532 1621 2555 or-

70 2573 210 2607 dinetur
231 2573 275 2607 ad
297 2573 460 2616 alterum,
479 2586 552 2608 non
575 2584 627 2610 est
649 2576 744 2610 circa
761 2584 876 2610 totam
891 2577 1081 2610 materiam
1094 2577 1234 2610 virtutis
1250 2575 1408 2617 moralis,
1424 2575 1485 2609 sed
1501 2574 1621 2609 solum

70 2626 165 2660 circa
187 2627 380 2661 exteriores
407 2628 578 2670 actiones,
605 2637 640 2663 et
659 2641 726 2672 res,
753 2629 950 2664 secundum
978 2630 1172 2675 quamdam
1196 2630 1373 2662 rationem
1396 2628 1526 2672 objecti
1548 2639 1622 2673 spe—

70 2679 220 2721 cialem3
241 2688 348 2726 prout
367 2681 506 2715 scilicet
525 2683 723 2716 secundum
745 2694 804 2717 eas
826 2694 917 2717 unus
943 2683 1057 2718 homo
1081 2684 1179 2717 alteri
1203 2683 1443 2716 coordinatur.

139 2733 198 2766 AD
216 2743 365 2767 PRIMUM
384 2744 470 2779 ergo
493 2735 696 2778 dicendum,
712 2736 807 2782 quod
829 2737 962 2781 justitia
984 2737 1135 2782 pertinet
1158 2736 1301 2781 quidem
1326 2734 1562 2770 essentialiter
1577 2735 1620 2769 ad

70 2796 179 2819 unam
200 2794 338 2832 partem
361 2787 513 2829 animae,
535 2788 571 2821 in
592 2799 662 2834 qua
683 2797 737 2823 est
761 2789 853 2824 sicut
877 2790 914 2823 in
940 2790 1113 2835 subjecto,
1140 2788 1279 2823 scilicet
1306 2789 1348 2822 ad
1374 2788 1620 2830 voluntatem;

71 2849 162 2884 quae
185 2839 330 2885 quidem
353 2849 476 2875 movet
501 2852 562 2887 per
584 2853 687 2876 suurn
710 2843 901 2888 imperium
924 2853 1052 2877 omnes
1075 2841 1161 2876 alias
1184 2842 1325 2876 animae
1347 2849 1482 2887 partes:
1510 2850 1543 2876 et
1569 2841 1618 2876 sic
