1859 3122
479 204 700 240 QUAESTIO
735 205 942 236 CLXXXIII.
974 207 1218 238 ARTICULUS
1254 209 1311 239 IV.
1560 199 1668 254 1189

109 283 352 328 adjustitiam:
375 283 410 317 in
433 284 535 319 omni
556 293 676 320 autem
691 285 852 322 humano
867 287 986 323 studio
1005 296 1059 323 est
1077 290 1240 336 accipere
1254 290 1482 337 principium,
1496 292 1670 336 medium,

109 343 144 370 et
164 336 382 380 terminum
404 346 438 372 et
459 338 540 373 ideo
564 350 790 386 consequens
813 349 876 383 est,
899 342 995 388 quod
1018 351 1129 378 status
1152 344 1344 390 spiritualis
1365 346 1556 388 servitutis,
1579 355 1613 381 et
1633 347 1670 381 li-

107 389 253 424 bertatis
272 392 471 426 secundum
490 393 555 426 tria
574 393 855 439 distinguantur;
878 395 1032 430 scilicet:
1053 397 1250 431 secundum
1271 398 1498 445 principium,
1514 400 1557 434 ad
1572 401 1668 447 quod

108 444 261 490 pertinet
283 453 394 480 status
417 446 685 493 incipientium3
717 456 751 482 et
779 449 952 492 medium,
984 450 1026 484 ad
1058 451 1154 497 quod
1176 452 1330 498 pertinet
1351 461 1462 488 status
1480 453 1669 500 proficien-

107 498 217 541 tium3
240 506 274 533 et
295 499 502 542 terminum,
525 501 568 534 ad
590 512 698 546 quem
719 502 872 548 pertinet
894 510 1004 538 status
1026 503 1280 550 perfectorum.

179 552 240 586 AD
262 563 410 587 PRIMUM
433 565 520 599 ergo
543 554 747 597 dicendum,
770 556 867 602 quod
889 556 1033 591 libertas
1063 569 1081 591 a
1110 567 1261 604 peccato
1294 558 1331 594 fit
1360 571 1423 606 per
1444 560 1669 604 charitatem,

109 615 200 650 quae
221 605 420 651 diffunditur
440 609 474 641 in
489 608 640 642 cordibus
660 610 778 643 nostris
793 616 855 655 par
874 610 1038 656 Spiritum
1062 611 1233 655 Sanctum,
1257 614 1313 658 qui
1334 613 1426 648 datus
1446 619 1490 650 est
1510 617 1613 658 nobis,
1632 624 1672 650 ut

109 658 238 692 dicitur
259 660 302 693 ad
324 659 432 694 Rom.
459 672 505 706 5.;
529 670 564 696 et
585 661 666 695 inde
689 670 752 703 est,
779 663 875 708 quod
897 663 1026 698 dicitur
1048 675 1078 699 2.
1101 665 1144 698 ad
1168 665 1254 700 Cor.
1280 678 1328 712 3.:
1359 667 1423 701 Ubi
1442 669 1581 714 spiritus
1602 670 1671 704 Do-

107 713 206 754 mini,
228 713 275 747 ibi
295 713 446 755 libertam-,-
471 723 505 749 et
525 715 608 749 ideo
624 716 751 750 eadem
767 724 820 750 est
833 717 960 751 divisio
981 718 1175 761 charitatis,
1190 727 1224 753 et
1239 727 1396 754 statuum
1415 721 1669 767 pertinentium

110 765 153 799 ad
177 766 400 812 spiritualem
423 768 637 803 libertatem.

180 820 239 855 AD
264 831 471 856 SECUNDUM
497 822 702 864 dicendum,
729 824 825 869 quod
853 824 1076 871 incipientes,
1103 825 1345 872 proficientes,
1372 835 1407 862 et
1431 827 1592 874 perfecti,
1619 840 1670 864 se-

110 874 267 908 cundum
294 876 390 921 quod
418 886 479 921 per
505 877 575 910 hoc
603 884 714 910 status
736 877 866 911 diversi
896 878 1173 923 distinguuntur,
1205 880 1370 914 dicuntur
1400 881 1567 916 homines
1594 894 1670 917 non

109 927 307 961 secundum
330 929 586 975 quodcumque
609 930 778 972 studium,
801 931 861 965 sed
884 933 1083 966 secundum
1106 934 1264 967 studium
1287 945 1424 977 eorum,
1447 947 1538 982 quae
1564 937 1672 983 perti-

108 989 195 1014 nent
216 981 259 1014 ad
281 981 505 1027 spiritualem
526 983 740 1026 libertatem,
762 984 820 1018 vel
841 986 1062 1028 servitutem,
1085 994 1123 1021 ut
1144 987 1281 1021 dictum
1303 995 1356 1022 est
1379 988 1429 1032 (in
1447 995 1536 1036 corp.
1558 995 1623 1026 art.
1642 996 1673 1026 et
1715 1007 1719 1011 ·

111 1039 175 1068 art.
197 1047 224 1069 r.
248 1035 316 1080 huj.
340 1036 398 1081 q.).

182 1088 242 1123 ΑΙ)
274 1099 445 1124 TERTIUM
467 1090 672 1132 dicendum,
695 1091 803 1136 quod,
825 1091 917 1126 sicut
938 1092 1034 1138 prius
1061 1093 1197 1127 dictum
1224 1102 1277 1128 est
1305 1095 1383 1138 (art.
1409 1101 1519 1142 praec.
1542 1096 1585 1131 ad
1605 1097 1666 1144 3.),

111 1141 202 1175 nihil
223 1142 402 1187 prohibet,
424 1144 459 1177 in
481 1143 578 1177 idem
601 1155 815 1178 concurrere
838 1145 1002 1190 gradum,
1019 1154 1052 1180 et
1074 1154 1223 1181 statum:
1246 1159 1330 1181 nam
1347 1156 1382 1182 et
1396 1150 1431 1182 in
1453 1149 1557 1184 rebus
1571 1162 1672 1184 mun-

111 1195 212 1229 danis
232 1195 285 1229 illi
307 1196 367 1242 qui
381 1204 463 1230 sunt
478 1196 590 1238 liberi,
605 1208 679 1230 non
701 1198 821 1232 solum
844 1206 927 1232 sunt
949 1198 1093 1233 alterius
1103 1208 1226 1243 status,
1243 1213 1351 1247 quam
1366 1202 1471 1245 servi,
1487 1203 1548 1236 sed
1563 1204 1671 1238 etiam

110 1256 191 1283 sunt
213 1248 350 1284 altioris
372 1250 514 1296 gradus.

527 1542 881 1602 QUAESTIO
924 1543 1252 1591 CLXXXIV.

250 1665 313 1696 DE
340 1665 418 1697 His
445 1665 574 1704 QUAE
602 1665 870 1697 PERTINENT
894 1667 960 1697 AD
986 1667 1174 1698 STATUM
1200 1668 1536 1700 PERFECTIONIS

730 1737 781 1768 IN
808 1737 1046 1777 COMMUNI,

546 1807 596 1838 IN
624 1807 745 1839 OCTO
771 1808 1032 1840 ARTICULOS
1059 1810 1234 1842 DIVISA.

183 1948 325 1983 Deinde
348 1949 652 1983 considerandum
675 1957 728 1984 est
749 1949 792 1983 de
814 1949 869 1984 his
891 1961 982 1996 quae
1010 1950 1187 1995 pertinent
1205 1951 1247 1985 ad
1274 1959 1407 1985 statum
1429 1951 1670 1998 perfectionis,

112 2003 155 2036 ad
171 2014 278 2049 quern
299 2002 359 2036 alii
376 2011 487 2037 status
501 2003 727 2037 ordinantur:
744 2014 829 2037 nam
845 2003 1087 2038 consideratio
1103 2004 1320 2047 officiorum,
1335 2013 1508 2051 quantum
1523 2006 1668 2051 quidem

114 2057 157 2090 ad
180 2056 270 2090 alios
293 2065 404 2098 actus,
427 2056 580 2102 pertinet
601 2056 644 2090 ad
659 2056 748 2103 legis
766 2057 962 2102 positores;
985 2066 1160 2103 quantum
1183 2066 1302 2092 autem
1325 2059 1368 2092 ad
1390 2070 1493 2092 sacra
1514 2059 1671 2093 ministe-

111 2111 174 2152 ria,
196 2110 348 2156 pertinet
371 2110 414 2143 ad
437 2110 767 2144 considerationem
795 2110 974 2152 ordinum,
1003 2111 1046 2144 de
1075 2111 1202 2157 quibus
1227 2112 1262 2146 in
1289 2112 1393 2146 tertia
1419 2120 1518 2158 parte
1545 2120 1670 2158 agetur

115 2163 235 2206 (morte
246 2168 446 2209 praeventus
459 2175 523 2197 non
538 2164 742 2210 compl—avit).
766 2163 872 2198 Circa
893 2172 1026 2198 statum
1049 2173 1170 2199 autem
1189 2165 1430 2211 perfectorum
1450 2166 1571 2212 triplex
1588 2177 1671 2200 con-

113 2217 282 2251 sideratio
305 2217 477 2250 occurrit:
495 2218 607 2263 primo
631 2217 777 2262 quidem
799 2217 841 2251 de
863 2225 955 2251 statu
978 2217 1208 2262 perfectionis
1234 2219 1270 2252 in
1298 2219 1506 2253 communi:
1532 2219 1669 2254 secundo

114 2271 157 2304 de
179 2271 234 2304 his
255 2282 346 2316 quae
368 2270 545 2316 pertinent
565 2270 608 2304 ad
631 2269 891 2315 perfectionem
913 2270 1195 2317 Episcoporum:
1219 2273 1314 2307 tertio
1337 2272 1379 2306 de
1400 2272 1456 2306 his
1478 2283 1569 2318 quae
1595 2283 1671 2319 per-

113 2324 228 2358 tinent
249 2324 293 2357 ad
314 2323 576 2370 perfectionem
598 2323 864 2369 religiosorum.

589 2411 691 2447 Circa
705 2414 858 2459 ΡΤῘῚΊΉΗῙΖ
880 2418 1086 2459 quaeruntur
1107 2419 1190 2448 OCtO.

183 2482 320 2517 Primo.
342 2482 474 2516 Utrum
495 2481 669 2527 perfectio
692 2483 894 2517 attendatur
915 2483 1114 2517 secundum
1137 2483 1361 2517 charitatem.

186 2536 367 2571 Secundo.
390 2536 521 2570 Utrum
545 2536 671 2582 aliquis
692 2537 805 2582 possit
826 2547 903 2570 esse
925 2536 1102 2583 perfectus
1123 2536 1159 2570 in
1177 2536 1245 2570 hac
1267 2537 1351 2570 vita.

187 2589 324 2624 Tertio.
341 2590 472 2624 Utrum
494 2589 668 2635 perfectio
683 2589 790 2636 hujus
811 2590 906 2624 vitae
929 2590 1101 2623 consistat
1117 2589 1361 2636 principaliter
1375 2589 1411 2623 in
1426 2589 1597 2632 consiliis,
1611 2589 1669 2624 vel

113 2645 151 2678 in
177 2643 388 2689 praeceptis.

189 2697 342 2737 Quarto.
366 2697 497 2730 Utrum
519 2696 736 2742 quicumque
758 2704 811 2731 est
832 2695 1021 2742 perfectus,
1043 2696 1087 2730 sit
1107 2695 1143 2729 in
1161 2703 1252 2729 statu
1275 2695 1514 2741 perfectionis.

189 2750 339 2790 Quinto.
363 2750 494 2783 Utrum
516 2749 675 2795 praelati,
698 2758 732 2784 et
752 2750 913 2795 religiosi
933 2749 1136 2795 specialiter
1161 2749 1230 2783 sint
1254 2749 1291 2782 in
1312 2757 1404 2783 statu
1426 2748 1667 2795 perfectionis.

187 2803 308 2840 Sexto.
332 2803 463 2836 Utrum
485 2814 612 2836 omnes
634 2802 784 2848 praelati
805 2803 874 2837 sint
894 2803 931 2836 in
952 2811 1044 2836 statu
1067 2802 1308 2847 perfectionis.

188 2857 363 2902 Septimo.
381 2856 472 2896 Quis
492 2863 603 2890 status
618 2856 661 2889 sit
675 2855 876 2901 perfectior,
900 2864 1018 2890 utrum
1037 2855 1300 2900 religiosorum,
1319 2855 1376 2889 vel
1394 2855 1668 2901 Episcoporum.

189 2910 344 2945 Octavo.
367 2910 423 2944 De
446 2909 718 2954 comparatione
737 2909 990 2954 religiosorum
1013 2909 1056 2942 ad
1078 2909 1262 2954 plebanos,
1285 2916 1318 2943 et
1340 2908 1626 2943 archidiaconos.

267 2991 294 3016 S.
317 2990 437 3016 Tum-m
459 2991 562 3016 Salam-2
588 2990 746 3024 Thcolugica,
770 2990 835 3018 Vol.
858 2990 908 3017 Ill.
1460 3024 1466 3030 Ι
1495 2992 1529 3024 76
