1859 3122
203 147 286 201 588
553 158 776 192 QUAESTIO
811 158 990 187 LXXXIII.
1025 158 1269 188 ARTICULUS
1301 158 1391 188 VIII.

201 240 294 275 sicut
307 239 452 285 sanguis
466 239 560 273 Abel
571 239 740 274 clamavit
755 240 798 274 de
812 248 906 275 terra
920 254 937 273 »
953 253 959 275 :
974 239 1154 275 laetantur
1169 247 1287 274 autem
1304 239 1347 274 de
1361 240 1519 274 vindicta
1531 251 1606 274 non
1620 247 1760 287 propter

203 305 295 335 eam,
317 294 379 327 sed
402 301 547 339 propter
565 293 723 327 divinam
745 294 930 339 justitiam.

263 348 332 381 AD
356 357 526 381 TERTIUM
542 347 746 389 dicendum,
774 349 870 394 quod
892 348 1033 382 licitum
1056 356 1108 382 est
1128 349 1342 395 impugnare
1363 348 1543 390 inimicos,
1562 356 1600 382 ut
1622 357 1760 393 compe-

202 409 347 434 scantur
369 412 387 433 a
409 400 576 446 peccatis,
592 401 688 446 quod
711 401 805 435 cedit
822 401 858 435 in
880 402 1017 435 bonum
1037 413 1176 444 eorum,
1192 410 1226 435 et
1241 401 1415 443 aliorum3
1435 409 1469 435 et
1481 402 1531 436 sic
1551 403 1660 435 etiam
1677 400 1760 434 licet

203 453 340 487 orando
354 461 473 499 petere
489 453 607 499 aliqua
621 454 835 500 temporalia
847 454 942 489 mala
958 455 1202 497 inimicorum,
1213 463 1251 489 ut
1265 455 1507 502 corrigantur3
1523 463 1558 489 et
1571 455 1620 489 sic
1637 453 1760 496 oratio,

203 514 239 540 et
259 507 420 553 operatio
443 518 515 540 non
539 515 641 542 erunt
663 508 852 542 contraria.

761 637 1105 682 ARTICULUS
1141 639 1219 682 IX.
1697 648 1761 693 446

204 746 357 776 UTRUM
391 744 729 776 coNvENIENTER
761 747 928 776 SEPTEM
959 747 1221 777 PETITIONES
1246 747 1485 777 ORATIONIS
1519 745 1760 777 DOMINICAE

826 812 1141 843 ASSIGNENTUR.

425 900 466 946 (3.
485 900 573 934 Dist.
588 911 640 946 34.
660 912 689 946 q.
711 913 738 935 Ι.
758 905 821 935 art.
844 901 876 936 6.
899 906 929 936 et
950 908 1055 948 opusc.
1073 914 1102 948 3.
1124 908 1195 948 cap.
1217 912 1288 948 254.
1311 907 1340 936 et
1358 907 1462 948 opusc.
1486 900 1546 947 7.).

276 988 335 1022 AD
357 999 497 1022 NONUM
511 988 562 1022 sic
577 989 793 1035 proceditur.
815 989 976 1032 Videtur,
993 991 1089 1037 quod
1110 991 1408 1025 inconvenienter
1423 999 1561 1037 septem
1578 990 1761 1036 petitones

206 1042 379 1076 orationis
400 1042 618 1076 Dominicae
645 1043 889 1089 assignentur:
918 1056 1053 1078 vanum
1083 1045 1181 1079 enim
1204 1052 1257 1079 est
1281 1053 1402 1091 petere
1425 1043 1642 1079 sanctificari
1661 1041 1760 1084 illud,

207 1095 304 1141 quod
325 1106 467 1141 semper
493 1103 546 1129 est
574 1104 757 1131 sanctum:
779 1097 841 1131 sed
863 1108 998 1131 nornen
1020 1098 1091 1131 Dei
1117 1109 1261 1144 semper
1287 1106 1340 1133 est
1367 1106 1544 1139 sanctum,
1571 1095 1763 1131 secuidum

206 1149 294 1183 illud
316 1149 403 1182 Luc.
430 1159 477 1182 1.:
502 1149 660 1183 Sanctum
682 1162 797 1184 nomen
824 1153 913 1196 ejus:
941 1162 1093 1196 regnum
1117 1151 1226 1185 etiam
1254 1152 1328 1196 ejus
1350 1159 1403 1186 est
1423 1151 1687 1197 sempiternum,
1714 1159 1767 1182 se-

207 1202 366 1236 cundum
388 1201 474 1235 illud
502 1202 559 1236 Ps.
586 1212 680 1245 144:
705 1205 851 1248 Regnum
878 1209 983 1246 tumn,
1018 1205 1174 1245 Domina,
1205 1216 1340 1250 regnum
1371 1206 1518 1239 onmium
1547 1204 1764 1238 mansorum:

206 1255 374 1290 voluntas
396 1255 505 1290 etiam
523 1255 592 1289 Dei
614 1267 758 1302 semper
778 1256 958 1303 impletur,
974 1257 1173 1292 secundum
1195 1257 1282 1291 illud
1301 1258 1367 1292 Isa.
1390 1256 1463 1300 46:
1483 1258 1604 1292 Omnis
1620 1256 1766 1291 znlzmtas

208 1321 279 1344 mea
292 1310 371 1355 fiam
394 1321 529 1343 vanum
549 1320 635 1355 ergo
651 1317 704 1344 est
724 1318 855 1356 petere,
878 1311 974 1357 quod
989 1322 1123 1345 nomen
1146 1311 1215 1345 Dei
1236 1311 1490 1353 sanctificetur,
1505 1310 1601 1357 quod
1619 1320 1765 1355 rignum

209 1364 284 1409 ejus
307 1363 484 1404 adveniat,
507 1370 541 1396 et
563 1363 660 1408 quod
680 1362 848 1398 voluntas
871 1365 946 1409 ejus
967 1364 1038 1398 fiat.

279 1426 310 1450 2.
333 1416 568 1450 PRAETEREA.
588 1416 692 1450 Prius
715 1424 767 1450 est
787 1418 956 1451 recedere
979 1429 997 1451 a
1018 1417 1129 1459 malo,
1148 1429 1257 1463 quam
1277 1418 1450 1464 consequi
1467 1417 1624 1451 bonum:
1639 1416 1764 1451 incon-

208 1470 393 1505 venienter
415 1481 502 1515 ergo
517 1469 683 1503 videntur
704 1471 949 1516 praeordinari
971 1471 1174 1516 petitiones,
1189 1482 1280 1516 quae
1302 1471 1482 1517 pertinent
1495 1471 1539 1505 ad
1553 1480 1768 1516 consequen-

209 1524 296 1558 dum
316 1523 466 1565 bonum,
489 1523 733 1568 petitionibus,
756 1535 847 1569 quae
870 1524 1049 1570 pertinent
1071 1524 1114 1558 ad
1138 1526 1364 1558 amotionem
1391 1524 1489 1558 mali.

285 1588 313 1623 3.
336 1577 572 1611 PRAETEREA.
595 1576 653 1610 Ad
674 1576 745 1610 hoc
766 1576 899 1623 aliquid
914 1577 1055 1623 petitur,
1070 1584 1109 1611 ut
1123 1577 1292 1611 donetur:
1309 1578 1370 1612 sed
1385 1578 1616 1624 praecipuum
1627 1575 1762 1610 donum

209 1630 279 1665 Dei
301 1638 353 1664 est
376 1630 527 1676 Spiritus
551 1629 716 1672 Sanctus,
739 1638 773 1665 et
795 1642 836 1665 ea
859 1642 950 1677 quae
971 1631 1075 1665 nobis
1102 1642 1163 1677 per
1190 1631 1308 1677 ipsum
1331 1631 1479 1674 dantur3
1502 1642 1588 1677 ergo
1607 1630 1767 1664 videntur

210 1684 507 1719 inconvenienter
527 1684 615 1730 poni
636 1684 838 1730 petitiones,
862 1696 946 1718 curn
967 1695 1041 1718 non
1062 1684 1307 1730 respondeant
1327 1684 1431 1719 donis
1454 1684 1603 1731 Spiritus
1617 1683 1751 1718 Sancti.

281 1748 314 1781 4.
338 1738 573 1772 PRAETEREA.
599 1737 809 1771 Secundum
832 1738 971 1772 Lucam
993 1738 1028 1771 in
1052 1738 1216 1772 oratione
1238 1738 1435 1772 Dominica
1456 1746 1630 1785 ponuntlr
1647 1735 1768 1771 solum

212 1792 368 1838 quinque
391 1791 594 1837 petitiones,
617 1799 654 1825 ut
676 1799 773 1837 patet
795 1791 882 1825 Luc.
910 1803 982 1834 11.;
1005 1791 1227 1837 superfluum
1249 1803 1336 1838 ergo
1358 1791 1434 1834 fuit,
1458 1791 1554 1838 quod
1575 1789 1766 1826 secundum

211 1846 437 1880 Matthaeum
459 1853 598 1891 septem
621 1845 813 1890 petitiones
834 1853 1065 1890 ponerentur.

288 1910 313 1943 5.
336 1899 573 1933 PRAETEREA.
597 1897 743 1932 Vanum
766 1898 907 1932 videtur
935 1906 1077 1944 captare
1103 1897 1396 1933 benevolentiam
1425 1899 1511 1944 ejus,
1539 1897 1594 1944 quss‘
1614 1897 1769 1930 benevo-

212 1952 321 1987 lentia
343 1963 407 1986 sua
428 1963 494 1986 nos
517 1952 724 1998 praevenit:
748 1952 810 1986 sed
829 1953 927 1986 Deus
950 1963 1012 1986 sua
1035 1951 1289 1986 benevolentia
1310 1964 1377 1986 nos
1392 1952 1577 1998 praevenit
1607 1950 1689 1996 quia
1704 1951 1768 1996 ipse

208 2008 307 2053 prior
328 2005 440 2040 (mavit
462 2018 529 2047 1105,
545 2014 584 2040 ut
598 2006 726 2039 dicitur
746 2005 888 2050 1.Joan.
903 2016 934 2048 4.
948 2018 956 2048 3
971 2004 1149 2051 superflue
1169 2016 1255 2051 ergo
1275 2006 1514 2052 praemittitur
1528 2003 1768 2051 petitionibus:

214 2061 314 2094 Pater
334 2064 451 2101 noster,
474 2060 531 2104 qui
548 2071 578 2093 HS
597 2060 630 2093 in
652 2059 768 2094 coelis:
792 2059 885 2105 quod
909 2059 1049 2092 videtur
1071 2057 1114 2091 ad
1141 2058 1434 2093 benevolentiam
1462 2057 1668 2104 captandam
1695 2067 1770 2102 per-

212 2113 337 2147 tinere.

287 2166 361 2200 SED
384 2176 422 2200 m
446 2176 700 2200 CONTRARIUM
723 2165 854 2200 sufficit
877 2168 1071 2202 auctoritas
1096 2166 1233 2202 Christi
1256 2165 1458 2200 orationem
1481 2164 1699 2200 insti-uentis.

286 2220 515 2254 RESPONDEO
536 2219 742 2261 dicendum,
762 2220 858 2265 quod
874 2221 989 2255 oratio
1005 2221 1202 2255 Dominica
1218 2219 1478 2266 perfectissima
1494 2217 1664 2263 est‘quia,
1679 2215 1771 2250 sicut

216 2274 369 2319 August.
392 2273 478 2306 dicit
500 2272 543 2306 ad
558 2273 715 2306 Probam
741 2273 833 2319 (epis.
853 2284 921 2319 130.
941 2275 981 2308 ol.
997 2287 1065 2310 121.
1081 2281 1151 2320 cap.
1172 2274 1236 2317 12.)
1249 2287 1258 2307 .·
1278 2286 1295 2304 α
1311 2273 1349 2307 Si
1364 2280 1471 2314 recte,
1487 2280 1520 2306 et
1540 2276 1770 2316 oengruenter

217 2338 375 2369 oramus,
396 2325 487 2359 nihil
509 2325 604 2359 aliud
627 2326 745 2360 dicere
768 2338 972 2372 possumus,
995 2339 1103 2374 quam
1127 2327 1223 2373 quod
1245 2327 1281 2360 in
1303 2327 1369 2361 ista
1392 2326 1550 2360 oratione
1571 2322 1768 2358 Dominica

215 2380 373 2427 positum
396 2387 464 2414 est:
482 2393 499 2411 »
529 2379 611 2425 quia
634 2379 730 2413 enim
753 2381 867 2414 oratio
891 2389 943 2414 est
969 2380 1243 2426 quodammodo
1271 2379 1438 2414 desiderii
1463 2377 1567 2412 nosti
1593 2378 1767 2422 interpres

218 2433 310 2480 apud
334 2434 466 2474 Deum,
489 2431 549 2466 illa
572 2440 667 2466 recte
687 2432 805 2466 solum
822 2434 958 2467 orando
975 2435 1141 2479 petimus,
1162 2444 1252 2479 quae
1268 2441 1363 2467 recte
1380 2432 1571 2466 desidera·e
1585 2429 1769 2463 valemus:

218 2488 254 2521 in
278 2488 440 2521 oratione
464 2494 583 2520 autem
606 2486 802 2520 Dominica
825 2498 898 2520 non
922 2487 1039 2521 solum
1063 2495 1232 2533 petuntur
1254 2486 1389 2527 onmia,
1413 2496 1503 2531 quae
1524 2491 1611 2518 recte
1638 2481 1772 2516 deside-

218 2552 295 2575 rare
318 2552 520 2586 possumus,
543 2540 603 2574 sed
627 2540 734 2573 etiarn
759 2551 801 2573 eo
825 2540 962 2581 ordine,
985 2552 1056 2586 quo
1077 2540 1312 2574 desideranda
1327 2547 1427 2579 sunt,
1444 2547 1480 2572 ut
1495 2538 1534 2572 si:
1549 2537 1639 2570 haec
1656 2534 1771 2569 oratio

219 2605 292 2628 non
315 2594 433 2627 solum
457 2594 607 2627 instruat
629 2592 822 2639 postulare,
845 2593 905 2627 sed
923 2594 1031 2627 etiam
1047 2594 1091 2627 sit
1106 2592 1336 2627 informativa
1354 2592 1463 2626 totius
1481 2590 1585 2624 nestri
1603 2588 1769 2623 affectus:

221 2646 451 2681 manifestum
475 2655 526 2681 cst
550 2655 682 2687 autem,
705 2647 800 2692 quod
824 2647 940 2691 primo
965 2647 1059 2680 cadit
1080 2648 1115 2679 in
1139 2646 1316 2680 desiderio
1338 2654 1462 2679 nostro
1486 2643 1565 2684 suis,
1588 2641 1715 2676 deinde
1730 2652 1771 2675 ea

221 2712 311 2747 quae
346 2709 427 2734 sunt
449 2701 491 2734 ad
514 2700 641 2734 finem:
673 2699 751 2733 finis
783 2708 901 2733 autem
925 2708 1048 2733 noster
1070 2700 1168 2733 Deus
1191 2707 1259 2741 est3
1286 2699 1321 2732 in
1350 2710 1457 2744 quem
1486 2704 1597 2731 mster
1624 2694 1772 2729 affectus

220 2754 335 2788 tendit
360 2754 556 2800 dupliciter:
578 2765 640 2787 mlo
663 2753 809 2799 quidem
838 2753 943 2793 morlo,
968 2761 1073 2797 prout
1095 2752 1263 2786 volumus
1291 2751 1444 2797 gloriam
1467 2750 1547 2784 Dti:
1571 2749 1636 2782 alio
1663 2747 1770 2790 modo,

222 2807 421 2842 secundum
446 2807 541 2852 quod
563 2806 732 2841 volumus
753 2806 820 2840 frui
849 2805 964 2851 gloria
991 2807 1082 2851 ejus:
1107 2817 1263 2851 quorum
1282 2806 1431 2852 primum
1454 2802 1594 2850 petinet
1621 2801 1663 2835 ad
1690 2800 1772 2835 dile-

223 2861 394 2903 ctionem,
413 2872 483 2906 qua
505 2861 626 2894 Deum
648 2861 684 2895 in
706 2860 824 2906 seipso
847 2859 1050 2905 diligimus:
1071 2858 1246 2894 secundum
1267 2869 1354 2893 vero
1376 2858 1517 2904 pertinet
1543 2855 1586 2889 ad
1614 2854 1772 2889 dilectio-
