1859 3122
163 189 247 230 314
598 185 819 221 QUAESTIO
853 186 922 216 XL.
956 186 1199 216 ART1CULus
1232 186 1259 216 1.

746 357 1089 402 ARTrcutus
1119 358 1151 400 1.
1650 380 1714 417 225

482 465 634 494 UTRUM
661 465 850 495 BELLARE
878 467 944 495 SIT
973 467 1134 496 SEMPER
1161 466 1409 495 PECCATUM.

256 552 358 598 (Jnsr.
381 564 410 598 q.
432 564 485 596 41.
507 558 571 588 art.
594 565 622 588 1.
644 553 685 587 ad
702 566 730 600 3.
753 559 782 588 et
803 566 831 599 q.
854 565 908 598 42.
929 559 992 588 art.
1016 565 1046 588 2.
1070 553 1111 587 ad
1132 563 1158 586 Ι.
1180 558 1210 588 et
1231 565 1260 598 q.
1282 553 1338 588 66.
1362 558 1425 587 art.
1448 553 1479 588 8.
1502 552 1545 587 ad
1564 553 1622 597 L).

233 640 292 674 AD
315 651 464 675 PRIMUM
486 641 535 674 sic
562 641 777 687 proceditur.
805 641 967 684 Videtur,
994 642 1089 688 quod
1116 640 1249 675 bellare
1278 652 1422 688 semper
1443 641 1487 675 sit
1508 648 1718 687 peccatum:

161 704 280 739 poena
307 694 404 727 enim
426 705 500 728 non
522 694 692 740 infligitur
714 695 782 729 nisi
803 706 867 741 pro
890 704 1059 741 peccato:
1082 695 1144 729 sed
1166 694 1380 728 bellantibus
1403 706 1423 728 a
1443 694 1607 728 Domino
1633 694 1722 728 indi-

162 746 253 780 citur
271 757 400 793 poena,
422 747 621 781 secundum
643 747 732 782 illud
753 748 880 782 Matth.
904 747 978 782 26.:
1005 749 1134 790 Omnis,
1156 749 1212 794 qui
1231 749 1388 794 acceperit
1403 747 1587 794 glaudium,
1608 747 1718 794 gladio

154 801 297 846 peribit;
326 811 413 846 ergo
436 812 545 835 omne
567 800 702 834 bellurn
725 809 777 835 est
797 801 974 835 illicitum.

233 863 263 887 2.
287 853 523 888 PRAETEREA.
549 853 735 900 Quidquid
759 855 996 889 contrariatur
1010 855 1132 889 divino
1148 863 1352 901 praecepto,
1366 863 1419 890 est
1432 862 1640 902 peccatum:
1659 854 1720 889 sed

160 906 294 941 bellare
314 907 551 941 contrariatur
567 908 686 942 divino
702 916 914 954 praecepto:
938 908 1066 942 dicitur
1086 909 1182 943 enim
1202 908 1328 943 Matth.
1355 919 1402 954 5.:
1425 910 1494 954 Ego
1517 914 1626 944 autem
1646 908 1718 943 dico

159 961 263 1002 vobis,
289 972 356 994 non
382 962 524 995 resistere
550 961 652 1003 malo,
681 969 715 995 et
736 961 844 995 Rom.
872 972 922 995 12.
945 961 1101 996 dicitur.:
1124 962 1203 997 Non
1223 973 1282 996 vos
1303 962 1502 1008 defendentes
1520 962 1717 1004 charissimi,

159 1013 212 1048 sed
232 1013 303 1048 date
325 1013 433 1048 Iocum
451 1015 546 1055 irae;
571 1025 657 1060 ergo
678 1014 814 1049 bellare
836 1026 979 1061 semper
997 1023 1050 1050 est
1070 1023 1271 1062 peccatum.

233 1079 262 1114 3.
283 1067 518 1102 PRAETEREA.
540 1067 641 1102 Nihil
660 1068 898 1102 contrariatur
914 1069 1010 1102 actui
1023 1068 1173 1111 virtutis,
1188 1068 1257 1102 nisi
1269 1076 1478 1115 peccatum:
1501 1068 1565 1104 sed
1583 1067 1720 1103 bellum

162 1122 401 1156 contrariatur
422 1122 520 1168 paci3
543 1133 629 1168 ergo
651 1121 786 1156 bellum
809 1133 951 1169 semper
973 1130 1026 1157 est
1046 1131 1248 1169 peccatum.

230 1185 262 1217 4.
286 1175 521 1210 PRAETEREA.
547 1175 670 1210 Omne
693 1175 897 1210 esercitium
920 1176 963 1210 ad
984 1187 1062 1210 rem
1087 1176 1224 1211 licitam
1249 1176 1389 1211 licitum
1411 1185 1482 1220 est3
1510 1177 1600 1211 sicut
1626 1183 1722 1223 patet

160 1228 196 1261 in
219 1228 396 1263 exercitiis
418 1228 669 1263 scientiarum:
693 1229 754 1263 sed
778 1229 946 1263 exercitia
964 1228 1155 1272 bellorum,
1179 1241 1270 1276 quae
1291 1229 1381 1263 fiunt
1401 1229 1437 1263 in
1451 1229 1722 1271 torneamentis,

160 1282 395 1327 prohibentur
421 1282 463 1316 ab
493 1281 675 1324 Ecclesia3
698 1282 780 1328 quia
802 1282 998 1317 morientes
1019 1283 1056 1316 in
1082 1283 1293 1328 hujusmodi
1318 1283 1518 1329 tyrociniis,
1545 1282 1723 1317 Ecclesia-

161 1334 248 1369 stica
267 1334 448 1381 sepultura
467 1336 666 1381 privantur3
689 1347 776 1381 ergo
798 1336 934 1370 bellum
955 1336 1096 1370 videtur
1118 1348 1194 1371 esse
1217 1337 1429 1382 simpliciter
1450 1344 1654 1382 peccatum.

234 1388 308 1422 SED
332 1399 485 1423 CONTRA
509 1397 572 1430 est,
596 1388 691 1434 quod
714 1389 866 1435 August.
882 1389 968 1423 dicit
989 1389 1024 1423 in
1041 1390 1156 1423 Serm.
1180 1390 1222 1424 de
1237 1401 1349 1436 puero
1373 1389 1606 1424 Centurionis
1631 1389 1721 1434 (hab.

161 1443 251 1488 epist.
267 1453 295 1487 5.
323 1442 365 1475 αιῖ
392 1443 540 1476 ΜανῐεΖΙ.
560 1447 587 1476 et
609 1448 702 1488 cup.:
725 1442 879 1484 Paratus,
903 1455 950 1489 23.
973 1455 1001 1488 q.
1025 1443 1098 1487 1.).·
1130 1443 1198 1477 «Si
1221 1443 1415 1477 christiana
1438 1442 1626 1488 disciplina
1649 1453 1725 1477 om-

162 1495 249 1528 nino
271 1494 364 1528 bella
387 1495 558 1541 culparet,
580 1495 651 1529 hoc
674 1495 793 1541 potius
814 1496 1006 1530 consilium
1029 1496 1152 1530 salutis
1174 1496 1374 1542 petentibus
1392 1496 1429 1529 in
1447 1495 1647 1542 Evangelio
1667 1495 1725 1528 da-

162 1556 269 1589 retur,
281 1557 317 1582 ut
330 1548 523 1594 abjicerent
539 1560 649 1591 arma,
661 1560 770 1595 seque
788 1549 937 1583 militiae
950 1549 1100 1583 omnino
1113 1549 1372 1583 subtraherent:
1388 1549 1524 1583 dictum
1537 1555 1589 1583 est
1603 1556 1724 1582 autem

164 1602 232 1635 eis:
255 1602 439 1636 neminem
460 1603 690 1645 concutiatis;
714 1611 827 1637 estote
847 1603 1005 1637 contenti
1021 1603 1206 1649 stipendiis
1223 1604 1370 1646 vestris;
1389 1603 1516 1649 quibus
1537 1602 1724 1649 proprium

163 1656 380 1701 stipendium
402 1655 564 1690 sufficere
591 1657 783 1702 praecepit,
806 1656 959 1690 militare
980 1668 1054 1690 non
1076 1657 1258 1702 prohibuit
1272 1670 1304 1692 n.

232 1709 460 1743 RESPONDEO
484 1710 689 1752 dicendum,
709 1710 804 1756 quod
828 1710 871 1744 ad
892 1710 963 1744 hoc
987 1710 1082 1756 quod
1106 1709 1251 1756 aliquod
1270 1721 1344 1744 non
1359 1709 1403 1744 sit
1422 1710 1569 1755 justum,
1587 1709 1654 1743 tria
1671 1720 1723 1743 re-

164 1762 360 1808 quiruntur.
385 1763 499 1797 Primo
523 1763 668 1809 quidem
691 1765 883 1797 auctoritas
906 1764 1093 1809 Principis,
1117 1765 1218 1809 cujus
1239 1764 1412 1797 mandato
1433 1763 1570 1797 bellum
1592 1771 1644 1798 est
1665 1774 1723 1809 ge-

164 1816 335 1850 rendum:
351 1827 425 1849 non
441 1817 537 1850 euim
554 1817 706 1862 pertinet
721 1817 763 1850 ad
778 1828 973 1862 personam
987 1817 1163 1863 privatam
1178 1817 1314 1851 bellum
1329 1828 1496 1859 movere3
1511 1817 1594 1863 quia
1607 1824 1726 1863 potest

164 1870 218 1913 jus
240 1881 345 1903 suum
366 1870 402 1902 in
424 1870 556 1914 judicio
580 1870 773 1916 superioris
800 1870 990 1916 prosequi:
1017 1870 1182 1904 similiter
1208 1871 1317 1904 etiam
1344 1881 1547 1904 convocare
1569 1869 1727 1904 multitu-

166 1922 299 1964 dinem,
322 1923 418 1968 quod
440 1923 475 1956 in
497 1923 599 1957 bellis
622 1932 765 1969 oportet
785 1924 872 1966 fieri,
889 1935 962 1958 non
977 1924 1130 1970 pertinet
1149 1923 1192 1957 ad
1214 1924 1391 1970 privatam
1406 1935 1617 1970 personam:
1641 1934 1724 1958 cum

167 1984 287 2010 autem
314 1987 398 2010 cura
419 1977 470 2009 rei
496 1976 660 2022 publicae
683 1977 880 2011 commissa
902 1977 946 2011 sit
967 1977 1204 2023 Principibus,
1227 1977 1271 2011 ad
1293 1988 1355 2011 eos
1382 1977 1535 2023 pertinet
1560 1988 1637 2011 rem
1666 1988 1726 2023 pu-

166 2029 298 2063 blicam
321 2029 483 2071 civitatis‚
505 2029 563 2064 vel
584 2031 696 2075 regni,
719 2042 780 2064 seu
803 2031 1010 2077 provinciae
1038 2031 1103 2064 sibi
1130 2030 1293 2064 subditae
1318 2030 1427 2064 tueri:
1451 2038 1485 2064 et
1511 2030 1603 2064 sicut
1628 2029 1724 2064 licite

167 2082 363 2116 defendunt
384 2094 464 2116 eam
487 2083 663 2116 materiali
690 2083 811 2129 gladio
839 2092 965 2118 contra
991 2083 1179 2117 interiores
1206 2083 1483 2129 perturbatores,
1510 2083 1595 2117 dum
1618 2083 1727 2117 male-

168 2135 321 2170 factores
343 2137 504 2181 puniunt‚
527 2137 725 2170 secundum
740 2136 828 2170 illud
850 2137 976 2183 Apost.
1001 2136 1044 2170 ad
1066 2137 1172 2170 Rom.
1193 2147 1262 2179 13.:
1284 2137 1360 2171 Non
1375 2138 1440 2171 sine
1463 2149 1561 2171 causa
1579 2136 1725 2183 gladium

161 2194 297 2235 portat;
316 2191 465 2224 minister
486 2191 570 2224 enim
595 2190 659 2224 Dei
679 2195 721 2224 es!
737 2190 858 2224 vindex
881 2192 912 2223 in
937 2192 1021 2224 irum
1045 2192 1086 2232 ei,
1109 2191 1165 2235 qui
1186 2190 1269 2224 male
1291 2192 1381 2235 agit:
1405 2192 1451 2224 ita
1474 2191 1582 2224 etiam
1605 2190 1725 2236 gladio

167 2242 298 2276 bellico
327 2242 368 2275 ad
396 2253 458 2276 eos
481 2243 633 2288 pertinet
654 2243 916 2289 rempublicam
938 2243 1027 2277 tueri
1048 2243 1089 2276 ab
1118 2243 1351 2277 exterioribus
1373 2243 1553 2286 hostibu53
1576 2244 1670 2278 unde
1693 2251 1727 2278 et

168 2295 392 2341 Principibus
415 2295 542 2329 dicitur
565 2296 599 2329 in
622 2296 679 2329 Ps.
702 2296 776 2330 81.:
805 2297 1132 2342 Eripilepauperem,
1159 2301 1186 2330 et
1207 2308 1342 2341 egenum
1365 2296 1400 2331 de
1421 2308 1523 2331 manu
1544 2297 1728 2343 peccatoris

169 2349 327 2389 Mesate,-
356 2348 450 2382 unde
478 2349 630 2393 August.
659 2349 743 2382 dicit
771 2357 895 2383 contra
922 2349 1095 2383 Faustum
1124 2349 1196 2392 (lib.
1220 2361 1272 2384 22.
1301 2356 1372 2396 cup.
1396 2351 1480 2396 759:
1511 2350 1647 2385 «Ordo
1669 2361 1728 2383 na-

168 2402 291 2436 turalis
313 2402 522 2436 mortalium
544 2402 625 2448 paci
647 2403 947 2436 accommodatus
966 2403 1037 2436 hoc
1061 2403 1186 2448 poscit,
1210 2411 1247 2437 ut
1265 2403 1482 2449 suscipiendi
1501 2403 1586 2438 belli
1608 2411 1728 2437 aucto-

170 2456 264 2497 ritas,
287 2464 391 2501 atque
411 2455 603 2489 consilium
626 2466 735 2501 penes
757 2455 941 2501 Principes
963 2456 1007 2489 sit
1022 2470 1052 2488 n.
1077 2456 1223 2490 Serumlo
1239 2457 1428 2502 requiritur
1444 2468 1550 2490 causa
1565 2457 1674 2501 justa3
1690 2463 1728 2490 ut

170 2510 308 2544 scilicet
328 2509 391 2551 illi,
414 2509 472 2555 qui
494 2509 762 2555 impugnantur,
785 2517 930 2554 propter
958 2509 1116 2554 aliquam
1145 2509 1289 2555 culpam
1317 2510 1628 2556 impugnationem
1656 2521 1728 2543 mc-

171 2571 330 2605 reantur3
354 2563 447 2596 unde
469 2562 621 2607 August.
645 2563 730 2596 dicit
751 2563 786 2595 in
809 2562 867 2595 lib.
884 2561 914 2596 6.
937 2562 1022 2602 QQ
1041 2563 1098 2607 (se.
1118 2569 1213 2608 snper
1230 2564 1295 2607 Jos.
1319 2575 1348 2609 q.
1370 2564 1463 2607 16.):
1489 2563 1615 2608 «Justa
1633 2563 1726 2597 bella

171 2616 288 2650 solent
314 2616 463 2657 definiri,
491 2627 582 2661 quae
609 2615 829 2649 ulciscuntur
855 2616 1012 2660 injurias,
1039 2615 1069 2649 si
1097 2627 1196 2659 gens,
1223 2616 1279 2650 vel
1303 2616 1426 2650 civitas
1454 2616 1641 2662 plectenda
1664 2624 1726 2657 est,

171 2681 261 2715 quae
283 2669 340 2703 vel
360 2669 543 2703 vindicare
569 2669 768 2715 neglexerit
794 2668 890 2714 quod
919 2680 937 2702 a
965 2669 1036 2702 suis
1064 2669 1226 2714 improbe
1253 2669 1386 2703 sactum
1416 2677 1479 2711 est,
1500 2669 1557 2703 vel
1578 2669 1726 2703 reddere

172 2723 267 2768 quod
283 2734 344 2768 per
364 2723 531 2767 injuriam
553 2722 711 2756 ablatum
734 2729 786 2756 est
807 2736 837 2756 )).
868 2722 976 2756 Tertio
1000 2722 1197 2767 requiritur,
1220 2731 1258 2756 ut
1279 2723 1322 2756 sit
1343 2723 1494 2757 intentio
1515 2721 1726 2756 bellantium

173 2784 287 2818 recta3
311 2788 379 2822 qua
401 2776 540 2810 scilicet
561 2775 765 2817 intenditur,
787 2774 844 2808 vel
867 2783 904 2808 ut
925 2775 1061 2808 bonum
1088 2784 1357 2821 promoveatur,
1378 2775 1436 2809 vel
1459 2784 1495 2810 ut
1522 2774 1658 2809 malum
1680 2775 1729 2808 vi-

172 2837 282 2864 tetur:
310 2829 402 2863 unde
430 2830 583 2875 August.
610 2829 645 2862 in
672 2828 731 2862 lib.
758 2828 801 2862 de
822 2827 930 2862 Verb.
954 2828 1063 2862 Dom.
1086 2829 1179 2873 (hab.
1203 2834 1294 2875 cap.:
1318 2829 1430 2875 Apud,
1449 2840 1496 2875 23.
1519 2840 1548 2874 q.
1570 2841 1596 2863 I.
1618 2827 1669 2863 sed
1689 2839 1727 2862 ex

174 2883 311 2927 August.
334 2894 398 2917 non
421 2883 604 2927 occurrit):
630 2881 767 2928 «Apud
789 2892 894 2916 veros
915 2881 984 2916 Dei
1007 2881 1162 2916 cultores
1178 2882 1287 2916 etiam
1302 2881 1362 2916 illa
1376 2881 1469 2916 bella
1490 2888 1615 2928 pacata
1634 2888 1726 2923 sunt,
