1859 3122
159 106 244 161 408
615 116 835 151 QUAESTIO
869 116 935 146 LV.
969 116 1212 146 ARTICULUS
1244 116 1288 146 ΙΙ.

234 211 263 244 3.
284 199 519 233 PRAETEREA.
541 197 703 231 Maximo
729 197 827 231 bono
861 197 1062 231 maximum
1088 196 1227 231 malum
1261 197 1464 244 opponitur,
1486 206 1525 232 ut
1556 206 1654 245 patet
1678 199 1715 233 in

160 253 191 286 8.
214 252 373 286 Ethicor.
397 251 487 297 (cap.
518 250 606 295 10.):
635 250 696 284 sed
723 250 911 295 prudentia
945 250 1062 284 carnis
1084 250 1278 296 opponitur
1303 250 1524 296 prudentiae,
1546 263 1637 298 quae
1663 260 1717 287 est

161 305 354 351 praecipua
376 305 467 338 inter
487 303 636 337 virtutes
665 303 842 346 morales;
865 315 952 349 ergo
974 303 1162 349 prudentia
1188 303 1303 338 carnis
1330 311 1383 338 est
1407 304 1600 351 praecipua
1623 305 1716 340 inter

161 366 309 404 peccata
332 356 518 398 mortalia3
541 364 575 390 et
595 356 643 390 ita
666 364 719 390 est
739 365 930 402 peccatum
951 356 1116 390 mortale.

234 411 308 445 SED
328 421 494 445 CONTRA.
514 409 605 443 Illud
620 410 717 455 quod
739 410 906 444 diminuit
926 418 1128 456 peccatum,
1142 421 1215 444 non
1229 410 1402 455 importat
1418 410 1461 445 de
1479 422 1517 445 se
1539 411 1717 446 rationem

162 464 301 510 peccati
323 463 504 498 mortalis:
524 464 586 497 sed
609 471 712 497 caute
731 464 899 509 prosequi
913 474 966 505 ea,
982 474 1072 509 quae
1087 463 1265 509 pertinent
1279 463 1322 497 ad
1337 475 1460 498 curam
1475 465 1602 507 carnis,
1621 465 1716 511 quod

161 517 302 551 videtur
323 517 367 550 ad
389 517 616 562 prudentiam
643 517 760 550 carnis
786 517 975 562 pertinere,
1003 516 1171 550 diminuit
1190 524 1400 562 peccatum3
1422 528 1508 563 ergo
1530 517 1718 564 prudentia

163 571 279 605 carnis
303 570 345 604 de
368 571 421 604 sui
444 570 582 604 ratione
604 581 679 603 non
700 570 871 615 importat
892 578 1084 616 peccatum
1105 569 1270 603 mortale.

232 624 460 658 RESPONDEO
496 623 701 665 dicendum,
733 623 841 669 quod,
864 625 955 656 sicut
976 634 1082 668 supra
1104 622 1240 656 dictum
1262 631 1315 657 est
1335 623 1383 668 (q.
1405 634 1461 669 47.
1482 629 1545 658 art.
1568 636 1599 659 2.
1622 624 1664 659 ad
1688 635 1716 658 1.

161 684 191 713 ct
211 683 274 712 art.
298 678 370 724 13),
395 678 549 722 prudens
571 677 700 710 dicitur
722 677 849 722 aliquis
871 677 1057 722 dupliciter:
1081 688 1144 710 uno
1166 676 1260 710 modo
1283 676 1502 722 simpliciter,
1525 676 1661 712 scilicet
1681 678 1718 712 in

163 731 287 765 ordine
312 731 354 764 ad
378 731 487 764 finem
510 730 619 764 totius
641 730 752 764 vitae:
775 731 840 764 alio
862 730 956 763 modo
976 729 1176 764 secundum
1198 729 1293 774 quid,
1312 729 1449 763 scilicet
1469 730 1505 764 in
1527 731 1653 765 ordine
1675 731 1718 765 ad

160 784 270 818 finem
293 785 450 830 aliquem
473 783 745 830 particularem:
769 792 854 829 puta
880 783 971 817 sicut
1001 783 1129 816 dicitur
1159 782 1286 828 aliquis
1312 783 1466 828 prudens
1495 784 1532 817 in
1560 784 1719 830 negotia-

161 838 272 879 tione,
286 837 343 871 vel
358 838 393 871 in
410 837 529 882 aliquo
546 837 771 882 hujusmodi:
795 837 825 871 si
847 848 932 882 ergo
955 836 1143 882 prudentia
1166 836 1281 870 carnis
1304 836 1498 882 accipiatur
1520 838 1719 871 secundum

163 890 365 925 absolutam
388 890 597 936 prudentiae
619 890 809 931 rationem,
829 890 876 924 ita
897 889 1035 923 scilicet
1056 890 1151 935 quod
1173 889 1210 922 in
1233 901 1317 923 cura
1340 890 1456 924 carnis
1482 891 1720 925 constituatur

162 944 308 978 ultimus
332 944 410 978 finis
433 944 541 977 totius
563 944 670 985 vitae,
689 945 734 977 sic
757 948 798 977 cst
820 948 991 989 peccatum
1017 943 1154 977 mortale
1164 955 1176 983 ‚·
1200 943 1282 988 quia
1304 954 1366 988 per
1388 943 1458 977 hoc
1487 943 1602 978 homo
1625 955 1720 978 aver-

163 998 247 1032 titur
269 1009 288 1030 a
309 998 410 1039 Deo3
434 1008 516 1030 cum
538 995 759 1042 impossibile
781 997 827 1030 sit
848 1008 924 1030 esse
946 995 1064 1042 plures
1086 995 1174 1030 fines
1194 995 1352 1038 ultimos,
1374 1005 1412 1031 ut
1429 1008 1536 1043 supra
1556 997 1720 1032 habitum

164 1059 218 1085 est
240 1050 316 1094 (1-2.
336 1062 364 1096 q.
387 1063 413 1085 1.
436 1055 500 1084 art.
519 1050 580 1095 )‘·)³
604 1050 633 1083 si
653 1061 738 1083 vero
762 1050 948 1095 prudentia
971 1050 1086 1084 carnis
1109 1050 1304 1096 accipiatur
1323 1050 1522 1085 secundum
1542 1052 1720 1086 rationem

165 1103 388 1150 particularis
422 1104 641 1149 prudentiae,
675 1105 719 1137 sic
742 1103 921 1149 prudentia
949 1105 1058 1137 carnis
1091 1108 1136 1137 ast
1163 1109 1338 1149 paccatum
1371 1104 1516 1139 veniale:
1545 1105 1722 1150 contingit

161 1157 259 1191 enim
288 1157 516 1203 quandoque,
544 1157 639 1202 quod
675 1156 801 1202 aliquis
835 1156 1037 1190 inordinate
1073 1156 1225 1190 afficitur
1255 1157 1298 1190 ad
1335 1156 1482 1203 aliquod
1510 1157 1721 1193 delectabile

162 1212 288 1251 carnis,
312 1210 444 1255 absque
467 1210 537 1243 hoc
561 1209 657 1255 quod
684 1217 863 1243 avertatur
887 1221 905 1242 a
926 1210 1006 1243 Deo
1030 1221 1091 1255 per
1114 1218 1305 1256 peccatum
1331 1210 1504 1253 mortale3
1531 1212 1626 1246 unde
1646 1223 1721 1246 non

160 1263 345 1297 constituit
378 1263 487 1296 finem
516 1263 624 1296 totius
660 1264 754 1296 vitae
787 1262 822 1296 in
861 1262 1101 1296 delectatione
1132 1263 1267 1297 carnis:
1297 1271 1330 1297 et
1357 1265 1406 1297 sic
1451 1264 1620 1299 adhibere
1653 1273 1722 1299 stu-

159 1317 259 1351 dium
292 1316 335 1350 ad
369 1316 462 1349 hanc
493 1315 772 1349 delectationem
807 1317 1113 1361 consequendam,
1141 1324 1193 1350 est
1219 1324 1412 1362 peccatum
1435 1317 1588 1360 veniale,
1624 1319 1721 1364 quod

162 1371 315 1417 pertinet
337 1370 379 1403 ad
402 1370 629 1415 prudentiam
652 1370 787 1410 carnis;
818 1369 847 1402 si
867 1380 953 1402 vero
988 1369 1115 1415 aliquis
1144 1376 1224 1403 actu
1247 1381 1371 1403 curam
1394 1371 1509 1404 carnis
1535 1370 1665 1405 referat
1685 1372 1721 1405 in

161 1425 272 1458 finem
286 1424 492 1464 honestum,
508 1431 591 1469 puta
614 1434 697 1456 cum
719 1423 846 1468 aliquis
865 1422 982 1456 studet
997 1423 1215 1457 comestioni
1236 1432 1381 1469 propter
1403 1425 1565 1470 corporis
1588 1433 1722 1459 susten-

160 1478 337 1512 tationem
356 1488 429 1510 non
451 1484 603 1510 vocatur
619 1476 800 1522 prudentia
822 1477 948 1516 carni5;
973 1476 1056 1522 quia
1081 1476 1131 1510 sic
1159 1476 1268 1510 utitur
1300 1477 1414 1511 homo
1442 1489 1526 1512 cura
1547 1478 1664 1513 carnis
1685 1486 1723 1513 ut

163 1531 207 1564 ad
229 1530 349 1564 finem.

234 1584 292 1618 AD
314 1593 463 1618 PRIMUM
486 1594 572 1628 ergo
596 1582 802 1624 dicendum,
825 1582 922 1628 quod
936 1581 1135 1628 Apostolus
1150 1581 1308 1628 loquitur
1323 1583 1365 1617 de
1384 1583 1572 1629 prudentia
1594 1586 1722 1627 carnis,

163 1637 370 1672 secundum·
389 1636 485 1682 quod
508 1636 587 1670 finis
620 1636 729 1670 totius
752 1636 846 1670 vitae
872 1636 1054 1670 humanae
1085 1636 1312 1670 constituitur
1344 1637 1379 1671 in
1406 1637 1510 1672 bonis
1533 1638 1667 1681 carnis;
1689 1646 1724 1673 et

164 1691 213 1725 sic
237 1699 289 1724 est
310 1698 500 1735 peccatum
518 1689 682 1724 mortale.

237 1744 296 1778 An
320 1753 526 1778 sECUNDUM
548 1743 753 1784 dicendum,
781 1742 877 1788 quod
899 1742 1086 1788 prudentia
1108 1743 1224 1777 carnis
1246 1755 1319 1777 non
1340 1743 1723 1790 importatpeccatum

167 1798 202 1830 in
226 1797 398 1843 Spiritum
422 1797 615 1830 Sanctum:
632 1796 727 1841 quod
751 1796 847 1830 enim
869 1796 1007 1837 dicitur,
1029 1796 1126 1841 quod
1147 1807 1220 1830 non
1239 1805 1357 1842 potest
1375 1808 1451 1831 esse
1472 1798 1632 1843 subjecta
1652 1797 1724 1844 legi

166 1850 247 1891 Dei,
268 1861 342 1884 non
372 1850 422 1883 sic
447 1857 499 1883 est
520 1849 807 1894 intelligendum,
830 1849 931 1894 quasi
961 1848 1020 1882 ille
1042 1850 1102 1895 qui
1123 1850 1231 1883 habet
1252 1850 1479 1895 prudentiam
1501 1851 1628 1893 carnis,
1650 1862 1724 1885 non

166 1903 278 1949 possit
300 1903 473 1943 converti,
496 1911 530 1936 ct
550 1902 678 1947 subjici
699 1902 770 1947 legi
792 1902 880 1943 Dei3
912 1902 974 1935 sed
996 1902 1079 1947 quia
1108 1903 1185 1948 ipsa
1206 1903 1394 1947 prudentia
1420 1905 1536 1938 carnis
1562 1903 1634 1950 legi
1654 1905 1725 1939 Dei

170 1968 242 1990 non
269 1964 387 2002 potest
415 1967 490 1989 esse
513 1955 688 2000 subjecta:
717 1956 807 1989 sicut
836 1966 902 1989 nec
935 1955 1106 1999 injustitia
1139 1963 1257 2001 potest
1289 1967 1365 1990 esse
1394 1957 1498 2002 justa,
1532 1968 1598 1991 nec
1625 1957 1725 1992 calor

169 2018 286 2056 potest
309 2021 385 2043 esse
407 2008 566 2053 frigidus,
590 2009 753 2054 quamvis
776 2008 933 2042 calidum
952 2009 1063 2054 possit
1085 2020 1161 2043 esse
1179 2008 1359 2054 frigidum.

238 2064 297 2097 AD
321 2073 490 2097 TERTIUM
513 2062 715 2103 dicendum,
738 2062 833 2108 quod
856 2074 964 2096 omne
984 2070 1173 2107 peccatum
1192 2063 1385 2108 opponitur
1399 2063 1619 2109 prudentiae,
1634 2064 1725 2099 sicut

169 2125 202 2151 et
224 2117 409 2162 prudentia
430 2116 661 2161 participatur
682 2116 716 2149 in
741 2116 841 2149 omni
863 2116 1010 2149 virtute:
1039 2116 1099 2149 sed
1122 2116 1204 2150 ideo
1231 2127 1304 2150 non
1327 2125 1479 2162 oportet,
1502 2118 1597 2163 quod
1616 2118 1725 2164 quod-

167 2170 253 2204 libet
274 2178 463 2216 peccatum
487 2169 694 2214 prudentiae
714 2169 920 2214 oppositum
938 2169 980 2202 sit
994 2169 1260 2213 gravissimum,
1282 2171 1342 2204 sed
1365 2169 1483 2204 solum
1506 2171 1649 2217 quando
1665 2182 1724 2217 op-

169 2224 313 2270 ponitur
331 2223 539 2269 prudentiae
566 2223 601 2255 in
624 2222 744 2267 aliquo
769 2222 939 2255 maximo.

731 2361 1076 2406 ARTICULUS
1105 2363 1184 2405 111.
1659 2374 1724 2422 306

466 2470 617 2500 UTRUM
640 2469 829 2499 ASTUTIA
860 2470 926 2498 SIT
955 2469 1159 2498 SPECIALE
1188 2470 1435 2506 PECCATUM.

312 2557 414 2603 (Insr.
437 2562 501 2591 art.
523 2567 555 2601 4.
584 2562 671 2602 corp.
691 2560 720 2590 et
745 2568 774 2601 (J.
803 2556 858 2601 69.
887 2560 950 2589 art,
973 2568 998 2590 r.
1028 2562 1118 2602 corp.
1146 2561 1175 2590 et
1201 2568 1231 2602 t]-
1252 2567 1304 2602 97.
1327 2561 1392 2591 art.
1415 2568 1443 2602 3.
1466 2556 1508 2591 ad
1523 2557 1582 2603 3.).

243 2646 302 2679 AD
325 2655 494 2680 ·1·1;·R·1·1UM
518 2645 566 2678 sic
583 2643 796 2690 proceditur.
819 2643 980 2685 Videtur,
997 2644 1091 2689 quod
1115 2644 1242 2678 astutia
1263 2656 1336 2678 non
1362 2645 1406 2678 sit
1427 2644 1580 2690 speciale
1603 2656 1725 2691 pecca-

171 2708 265 2733 tum:
288 2699 394 2732 verba
430 2699 525 2732 enim
549 2698 680 2731 Sacrae
704 2696 907 2742 Scripturae
930 2708 1003 2730 non
1029 2697 1203 2731 inducunt
1230 2697 1385 2743 aliquem
1414 2698 1456 2731 ad
1477 2699 1722 2744 peccandum:

171 2753 345 2785 inducunt
367 2760 486 2785 autern
509 2751 551 2784 ad
575 2751 753 2791 astutiam,
776 2750 974 2783 secundum
1001 2750 1087 2784 illud
1109 2751 1278 2785 Proverb.
1306 2762 1355 2785 1.:
1389 2752 1432 2785 Ul
1456 2751 1549 2786 detur
1569 2751 1724 2798 parvulis

169 2806 310 2845 astutiam
339 2816 426 2849 ergo
451 2804 577 2838 astutia
600 2815 671 2837 non
695 2811 746 2837 est
766 2811 966 2847 peccatum.
