1859 3122
256 191 341 234 504
642 188 862 224 QUAESTIO
896 188 1043 218 LXVIII.
1078 188 1321 219 ARTICULUS
1354 189 1414 218 III.

252 271 385 305 ibidem
403 271 491 317 (cap.
514 272 544 306 8.
567 283 597 306 2.
620 282 649 316 q.
665 271 730 316 3.):
757 270 829 304 «Si
851 282 958 316 quern
986 271 1201 317 poenituerit
1223 271 1457 308 criminaliter
1478 271 1760 314 accusationem,
1777 280 1813 307 et
1842 277 1847 280 '

253 324 524 371 inscriptionem
562 324 688 358 fecisse
719 324 761 358 de
785 335 840 366 eo,
876 324 972 370 quod
1001 324 1152 370 probare
1178 335 1252 358 non
1280 324 1447 370 potuerit,
1474 325 1503 358 si
1529 336 1612 358 cum
1645 334 1813 360 accusato

255 373 448 412 innocente
471 378 690 420 convenerit,
722 378 881 412 invicem
903 389 940 412 se
963 378 1152 412 absolvant
1173 390 1206 420 »3
1226 389 1312 423 ergo
1341 378 1524 412 accusatio
1551 389 1626 412 non
1658 379 1815 413 redditur

255 433 384 477 injusta
411 443 472 477 per
490 431 840 477 tergiversationem.

324 485 396 519 SED
425 495 579 519 CONTRA
602 493 664 526 est,
687 485 783 530 quod
810 484 944 518 ibidem
967 484 1094 518 dicitur
1127 485 1176 529 (in
1200 491 1276 531 app.
1299 484 1341 518 ad
1362 491 1432 530 cap.
1455 485 1551 530 cit.).·
1582 498 1599 517 ‹<
1621 485 1816 520 Accusato-

256 551 334 572 rum
354 539 536 572 temeritas
562 538 672 571 tribus
699 538 816 572 modis
840 538 1037 584 detegitur:
1062 546 1122 572 aut
1144 538 1241 572 enim
1261 537 1537 580 calumniantur,
1556 546 1616 573 aut
1642 539 1816 584 praevari-

258 601 393 633 cantur,
423 600 482 625 aut
503 592 784 637 tergiversantur
799 605 833 624 )).

328 646 556 679 ΗΕΞΡΟΝΒΕΟ
580 645 784 686 dicendum,
807 644 915 690 quod,
939 645 1030 678 sicut
1056 644 1193 678 dictum
1225 652 1277 678 est
1303 645 1383 689 (art.
1406 657 1432 679 I.
1456 645 1524 690 huj.
1547 645 1605 690 φ),
1634 645 1815 679 accusatio

256 700 439 733 ordinatur
467 699 509 732 ad
531 699 667 732 bonum
695 709 903 739 commune,
939 698 1034 743 quod
1056 698 1251 732 intenditur
1273 709 1335 744 per
1363 698 1611 743 cognitionem
1639 698 1814 732 criminis:

256 753 373 787 nullus
397 760 517 786 autem
540 752 644 786 debet
665 763 798 785 nocere
825 752 932 785 alicui
959 752 1101 797 injuste,
1132 760 1170 786 ut
1200 752 1336 785 bonum
1359 763 1554 786 commune
1581 760 1815 798 promoveat3

256 814 289 841 et
309 806 390 840 ideo
413 806 449 839 in
469 806 699 839 accusatione
727 805 849 851 duplici
883 805 1022 839 ratione
1046 805 1222 850 contingit
1244 816 1320 839 esse
1348 813 1553 851 peccatum:
1576 817 1639 839 uno
1660 805 1753 840 modo
1775 817 1816 839 ex

257 871 312 901 eo,
335 859 430 905 quod
454 858 580 904 aliquis
602 859 731 903 injuste
754 860 827 903 agit
849 866 974 892 contra
994 870 1077 892 eum
1104 859 1164 904 qui
1192 866 1391 900 accusatur,
1419 858 1569 892 crimina
1590 857 1679 892 falsa
1702 859 1735 893 ei
1755 859 1818 892 im-

258 913 437 958 ponendo,
460 912 544 957 quod
577 917 619 946 est
653 912 878 946 calumniari:
906 912 971 945 ιιῖἱο
995 911 1088 945 modo
1112 922 1154 945 ex
1175 920 1274 958 parte
1297 911 1527 957 reipublicae,
1559 912 1659 956 cujus
1679 912 1817 946 bonum

259 966 501 1012 principaliter
535 966 728 999 intenditur
750 965 785 998 in
809 965 1051 1006 accusatione,
1074 964 1160 998 dum
1185 965 1311 1011 aliquis
1345 965 1496 1011 impedit
1517 964 1696 1000 malitiose
1717 965 1818 1011 puni-

255 1021 393 1054 tionem
427 1020 592 1065 peccati:
627 1019 723 1064 quod
753 1019 885 1053 iterum
924 1018 1098 1064 dupliciter
1129 1019 1322 1064 contingit:
1357 1030 1421 1052 uno
1457 1018 1550 1053 modo
1583 1018 1749 1053 fraudem
1781 1019 1817 1053 in

257 1073 485 1107 accusatione
509 1072 733 1106 adhibendo:
758 1080 792 1106 et
813 1072 883 1106 hoc
907 1072 1061 1118 pertinet
1083 1071 1126 1105 ad
1147 1072 1514 1117 praevaricationem:
1536 1084 1622 1106 nam
1643 1073 1819 1118 praevari-

259 1135 359 1161 cator
381 1126 520 1168 dicitur,
553 1126 653 1172 quasi
679 1125 869 1167 varicator,
893 1125 953 1171 qui
981 1125 1169 1159 adversam
1203 1133 1341 1170 partem
1373 1126 1527 1171 adjuvat,
1549 1126 1690 1172 prodita
1711 1137 1820 1160 causa

257 1192 339 1215 sua:
381 1181 445 1214 alio
468 1180 561 1214 modo
583 1179 742 1213 totaliter
776 1179 817 1212 ab
853 1178 1085 1212 accusatione
1108 1179 1327 1221 desistendo,
1350 1179 1435 1224 quod
1461 1184 1504 1214 est
1526 1180 1761 1225 tergiversari:
1783 1179 1819 1213 in

261 1234 332 1268 hoc
356 1233 452 1267 enim
474 1233 570 1279 quod
592 1232 728 1266 desistit
755 1232 795 1266 ab
819 1232 889 1265 hoc
913 1231 1009 1277 quod
1032 1240 1211 1277 coeperat,
1227 1232 1329 1277 quasi
1354 1237 1479 1277 tergum
1500 1237 1623 1267 vertere
1644 1232 1795 1267 videtur.

331 1287 390 1321 AD
412 1297 561 1321 PRIMUM
589 1297 674 1331 ergo
697 1285 902 1327 dicendum,
917 1285 1013 1331 quod
1035 1285 1148 1319 homo
1167 1297 1242 1319 non
1264 1286 1368 1319 debet
1388 1286 1431 1319 ad
1450 1286 1721 1320 accusationem
1742 1297 1820 1332 pro-

261 1340 400 1381 cedere,
422 1340 490 1373 nisi
512 1340 555 1373 de
582 1351 618 1373 re
642 1339 792 1373 omnino
813 1339 879 1372 sibi
901 1346 1009 1380 certa,
1028 1339 1064 1371 in
1087 1350 1156 1384 qua
1177 1339 1382 1384 ignorantia
1403 1338 1488 1372 facti
1508 1339 1632 1373 locum
1665 1350 1738 1373 non
1761 1339 1820 1373 ha·
1858 1333 1859 1387 l

259 1394 356 1427 beat:
380 1404 446 1427 nec
469 1401 590 1426 tamen
614 1393 674 1438 qui
695 1392 826 1426 falsum
847 1393 982 1425 crimen
1006 1391 1111 1425 alicui
1145 1392 1311 1437 imponit,
1341 1392 1592 1433 calumniatur,
1613 1392 1675 1427 sed
1701 1392 1818 1427 solum
1856 1408 1859 1430 ς

258 1448 318 1493 qui
341 1458 383 1480 ex
404 1447 542 1480 malitia
560 1447 595 1480 in
616 1446 746 1479 falsam
768 1445 1039 1479 accusationem
1061 1445 1284 1491 prorumpit:
1307 1445 1484 1490 contingit
1510 1445 1606 1479 enim
1628 1446 1820 1491 quandoque

260 1514 301 1535 ex
330 1500 439 1534 animi
466 1500 610 1534 levitate
646 1500 690 1533 ad
724 1499 995 1533 accusationem
1029 1498 1242 1544 procedere3
1276 1498 1359 1544 quia
1389 1498 1526 1532 scilicet
1559 1498 1686 1545 aliquis
1712 1499 1819 1533 nimis
1858 1496 1859 1514 ³

258 1553 409 1588 faciliter
431 1554 542 1587 credit
563 1553 659 1599 quod
680 1553 830 1586 audivit:
855 1560 888 1586 et
909 1552 980 1586 hoc
1003 1552 1214 1586 temeritatis
1233 1560 1303 1586 est:
1327 1552 1503 1597 aliquando
1520 1560 1641 1586 autern
1661 1563 1704 1586 ex
1723 1553 1818 1597 justo

260 1619 380 1642 errore
403 1615 571 1641 movetur
593 1606 719 1653 aliquis
748 1607 791 1640 ad
814 1606 1079 1647 accusandum3
1103 1616 1193 1651 quae
1217 1605 1340 1639 omnia
1367 1605 1567 1639 secundum
1593 1606 1820 1651 prudentiam

264 1662 391 1706 judicis
414 1661 544 1695 debent
565 1661 730 1701 discerni,
752 1668 790 1694 ut
817 1671 890 1693 non
917 1659 1123 1705 pronuntiet
1153 1670 1236 1693 eum
1263 1658 1523 1693 calumniatum
1552 1658 1672 1701 fuisse,
1697 1659 1820 1706 quiex

260 1715 405 1749 levitate
428 1715 550 1755 animi,
571 1714 630 1748 vel
651 1725 693 1747 ex
711 1715 805 1759 justo
829 1724 947 1747 errore
969 1713 1006 1746 in
1033 1712 1160 1746 falsam
1183 1713 1454 1746 accusationem
1473 1712 1644 1759 prorupit.

332 1769 391 1802 AD
419 1779 624 1803 SECUNDUM
648 1768 852 1808 dicendum,
878 1767 973 1812 quod
995 1777 1069 1800 non
1090 1767 1308 1812 quicumque
1337 1766 1525 1800 abscondit
1545 1778 1630 1800 vera
1657 1766 1819 1808 crimina,
1850 1786 1851 1789 =

262 1823 542 1868 praevaricatur:
567 1822 628 1856 sed
662 1821 782 1855 solum
812 1821 873 1866 qui
905 1819 1148 1854 fraudulenter
1176 1820 1363 1854 abscondit
1385 1831 1438 1861 ea,
1461 1819 1503 1854 de
1526 1820 1652 1866 quibus
1680 1831 1822 1854 accusa-

261 1876 399 1910 tionem
425 1877 604 1921 proponit‚
628 1874 814 1909 colludens
838 1886 920 1908 cum
947 1874 1028 1915 reo,
1060 1874 1221 1919 proprias
1243 1873 1474 1919 probationes
1497 1872 1768 1915 dissimulando,
1787 1880 1821 1907 et

262 1929 368 1963 falsas
391 1929 639 1963 excusationes
667 1928 902 1962 admittendo.

333 1983 390 2016 AD
419 1993 589 2016 ’starium
617 1982 820 2023 dicendum,
849 1981 945 2027 quod
977 1980 1205 2025 tergiversari
1227 1988 1280 2014 est
1309 1980 1350 2013 ab
1387 1980 1616 2014 accusatione
1650 1979 1819 2014 desistere
1845 1999 1846 2007 κ

262 2037 425 2077 omnino,
441 2036 599 2069 animum
625 2035 817 2069 accusandi
835 2034 1062 2080 deponendo,
1078 2045 1151 2068 non
1171 2033 1492 2079 qualitercumque,
1515 2033 1576 2067 sed
1599 2033 1818 2068 inordinate:
1843 2024 1845 2074 J

260 2090 436 2134 contingit
458 2097 577 2122 autem
601 2088 758 2134 aliquem
781 2089 822 2122 ab
846 2088 1076 2121 accusatione
1099 2087 1269 2120 desistere
1293 2087 1456 2120 ordinate
1479 2087 1612 2132 absque
1638 2086 1738 2128 vitio,
1760 2086 1818 2120 du·
1843 2088 1844 2094 ¹

254 2143 411 2188 pliciter:
435 2154 498 2176 uno
527 2142 620 2175 morlo
644 2142 677 2175 in
700 2142 778 2186 ipso
802 2141 1041 2174 accusationis
1070 2151 1254 2185 processu,
1290 2140 1319 2173 si
1347 2140 1560 2185 cognoverit
1581 2151 1657 2174 esse
1687 2139 1818 2174 falsum
1841 2169 1842 2175 ,

261 2196 306 2238 id,
330 2196 372 2229 de
395 2207 465 2241 quo
490 2196 693 2237 accusavit,
716 2204 749 2229 et
771 2195 820 2228 sic
844 2194 918 2240 pari
941 2205 1119 2228 consensu
1135 2205 1213 2228 sese
1234 2193 1424 2227 absolvunt
1443 2201 1641 2235 accusator,
1664 2200 1698 2227 et
1718 2203 1817 2227 reus:

261 2250 325 2283 alio
349 2249 455 2291 minio,
479 2249 507 2283 si
529 2251 703 2294 princeps,
733 2249 776 2282 acl
799 2259 906 2293 quem
929 2247 1081 2293 pertinet
1104 2259 1187 2280 cura
1214 2247 1301 2281 boni
1324 2247 1542 2288 communis,
1564 2246 1660 2292 quod
1681 2257 1743 2292 per
1765 2257 1818 2279 ac-

261 2303 485 2337 cusationem
507 2302 712 2343 intenditur,
736 2301 1005 2336 accusationem
1025 2300 1233 2334 aboleverit.

810 2430 1151 2475 ARTICULUS
1188 2431 1262 2473 IV.
1753 2442 1818 2487 384

434 2542 583 2569 UTRUu
613 2539 888 2577 ACCUSA'I'oa,
917 2539 993 2573 QUI
1023 2539 1063 2567 153
1092 2539 1370 2568 PROBATIONE
1399 2538 1644 2576 DEFICERIT,

655 2605 885 2633 'sxiNEATUR
914 2605 969 2632 At)
999 2605 1174 2634 POENAM
1203 2603 1421 2633 TALIONIS.

476 2693 523 2737 (4¹.
549 2694 634 2727 Dist.
654 2703 703 2736 41.
727 2697 789 2725 ιιιἸ.
814 2703 836 2733 5.
859 2703 888 2736 q.
912 2703 940 2725 2.
965 2692 1005 2725 ad
1028 2705 1052 2725 1.
1075 2697 1102 2725 cl
1127 2692 1245 2735 Qlsodl.
1270 2704 1313 2726 Il.
1337 2696 1401 2725 art.
1427 2703 1466 2736 13.
1491 2691 1608 2736 corp).

333 2781 391 2814 Ar>
419 2791 605 2819 QUARTUM
627 2781 655 2813 si
677 2780 891 2825 proceditur.
915 2780 1074 2820 Videtur,
1103 2780 1198 2825 quod
1229 2787 1427 2819 accusator,
1452 2778 1508 2823 qui
1538 2778 1572 2812 in
1602 2777 1813 2824 probatione

261 2834 441 2876 defecerit,
464 2846 535 2868 non
558 2842 720 2868 teneatur
743 2835 784 2867 ad
808 2845 964 2879 poenam
991 2833 1153 2866 talionis:
1184 2832 1360 2877 contingit
1390 2832 1486 2866 enim
1519 2831 1733 2877 quandoque
1756 2829 1815 2864 ali-

261 2899 367 2933 quem
391 2900 431 2922 ex
453 2889 546 2933 justo
569 2899 688 2922 errore
711 2887 753 2921 ad
777 2887 1045 2921 accusationem
1069 2886 1283 2931 procedere:
1311 2887 1344 2919 in
1372 2896 1443 2930 quo
1472 2896 1555 2918 casu
1582 2885 1686 2928 judex
1713 2879 1826 2929 accu-7'
