1859 3122
220 196 305 238 214
631 191 851 227 QUAESTIO
884 191 985 220 XXV.
1019 190 1262 220 ARTICULUS
1295 190 1370 220 XII.

292 286 322 310 2.
345 275 580 309 PRAETEREA.
608 273 695 308 Pars
716 284 790 307 non
813 273 917 308 debet
938 272 1048 306 dividi
1070 279 1195 306 contra
1215 278 1351 306 totum:
1374 272 1436 306 sed
1458 283 1588 318 corpus
1608 281 1772 308 nostrum

221 337 273 363 est
299 329 476 374 quaedam
499 339 578 374 pars
600 327 731 370 nostri3
754 338 828 361 non
850 337 935 372 ergo
959 326 1063 360 debet
1079 325 1199 367 dividi,
1214 325 1316 371 quasi
1330 324 1425 359 aliud
1445 325 1627 372 diligibile,
1643 338 1773 374 corpus

220 390 385 416 nostrum
408 393 427 415 a
449 381 552 415 nobis
570 381 666 426 ipsis.

295 447 322 481 3.
345 435 580 469 PRAETEREA.
601 434 702 468 Sicut
721 445 788 468 nos
806 433 981 467 habemus
997 443 1138 478 corpus,
1152 431 1200 466 ita
1223 432 1331 466 etiam
1350 432 1553 478 proximus;
1575 433 1667 468 sicut
1685 445 1771 480 ergo

221 488 377 530 dilectio,
399 500 469 534 qua
491 488 568 534 quis
590 487 706 533 diligit
726 487 942 533 proximum,
965 485 1193 530 distinguitur
1215 496 1234 518 a
1249 484 1454 526 dilectione,
1471 497 1542 531 qua
1563 486 1640 532 quis
1659 486 1774 532 diligit

220 543 395 588 seipsum;
418 542 465 576 ita
488 541 645 583 dilectio,
667 552 737 586 qua
764 541 841 586 quis
864 539 978 585 diligit
1000 549 1130 584 corpus
1157 538 1322 584 proximi,
1350 538 1455 572 debet
1481 539 1651 584 distingui
1677 551 1696 573 a
1722 540 1773 573 di-

219 595 386 637 lectione,
409 606 478 641 qua
500 596 578 640 quis
600 594 715 639 diligit
736 605 865 639 corpus
888 604 1010 635 suum3
1033 603 1106 626 non
1122 602 1209 637 ergo
1230 591 1488 626 convenienter
1506 592 1772 638 distinguuntur

219 657 372 695 quatuor
394 660 436 683 ex
458 648 631 682 charitate
653 647 845 692 diligenda.

289 702 363 736 SED
387 712 540 736 CONTRA
563 709 625 742 est,
648 701 745 746 quod
766 701 860 745 Aug.
884 699 968 733 dicit
993 710 1020 732 1.
1044 698 1087 732 de
1109 698 1234 732 Doctr.
1259 697 1392 732 Christ.
1415 698 1504 745 (cap.
1527 699 1616 745 23.):
1641 711 1659 731 ‹<
1676 698 1772 740 Qua-

218 764 300 790 tuor
320 764 402 790 sunt
423 755 621 800 diligenda:
645 766 768 795 unum,
791 753 887 799 quod
902 764 1006 799 supra
1028 763 1094 786 nos
1117 760 1180 793 est,
1195 751 1333 786 scilicet
1357 753 1468 787 Deus:
1492 751 1655 794 alterurn,
1675 752 1771 798 quod

217 821 285 843 nos
305 820 448 843 sumus:
471 809 626 849 tertium,
655 808 750 853 quod
777 808 872 852 juxta
899 817 966 840 nos
997 814 1059 847 est,
1081 805 1220 840 scilicet
1243 806 1440 851 proximus:
1467 813 1647 852 quartum,
1674 806 1769 852 quod

218 862 308 898 infra
334 874 401 896 nos
423 869 485 903 est,
508 861 645 895 scilicet
662 862 839 907 proprium
861 866 976 905 corpus
997 873 1028 893 ».

289 916 517 950 RESPONDEO
539 915 744 955 dicendum,
766 913 873 959 quod,
896 913 987 947 sicut
1008 912 1144 946 dictum
1167 920 1218 946 est
1233 912 1279 957 (q.
1295 923 1341 957 23.
1357 917 1420 947 art.
1441 925 1468 947 Ι.
1491 913 1591 958 εἰς),
1613 912 1770 947 amicitia

218 969 401 1004 charitatis
423 980 529 1015 super
551 967 883 1002 communicatione
904 966 1132 1000 beatitudinis
1147 965 1334 998 fundatur:
1358 965 1394 998 in
1416 977 1486 1011 qua
1508 966 1654 1011 quidem
1673 977 1769 1000 com-

218 1023 463 1057 municatione
477 1034 580 1056 mmm
596 1029 658 1062 est,
673 1021 769 1067 quod
785 1020 1031 1054 consideratur
1047 1027 1084 1053 ut
1098 1019 1314 1064 principium
1330 1018 1482 1053 influens
1499 1019 1769 1062 beatitudinem,

217 1076 353 1110 scilicet
382 1076 498 1109 Deus:
532 1075 622 1109 alind
644 1082 696 1108 est
715 1073 974 1108 beatitudinem
1001 1073 1134 1106 directe
1160 1072 1387 1118 participans,
1414 1072 1553 1106 scilicet
1580 1073 1706 1114 homo,
1736 1080 1770 1106 et

218 1129 385 1175 angelus:
409 1131 538 1164 tertium
559 1136 679 1162 autem
700 1136 752 1161 est
765 1127 811 1169 id,
831 1127 874 1160 ad
894 1127 989 1172 quod
1005 1138 1066 1172 per
1081 1125 1277 1171 quamdam
1292 1125 1567 1160 redundantiam
1584 1126 1769 1160 beatitudo

217 1183 407 1225 derivatur,
434 1183 571 1216 scilicet
599 1192 728 1227 corpus
755 1181 968 1214 humanum.
991 1180 1028 1213 Id
1052 1179 1209 1224 quidem,
1236 1179 1331 1224 quod
1359 1187 1411 1213 est
1436 1179 1694 1213 beatitudinem
1720 1179 1770 1213 in-

218 1237 342 1278 fluens,
365 1244 417 1270 est
439 1247 479 1269 ea
501 1235 639 1269 ratione
663 1234 845 1279 diligibile⁷
868 1234 951 1279 quia
973 1241 1025 1266 est
1045 1232 1273 1266 beatitudinis
1301 1243 1424 1266 causa:
1452 1232 1487 1266 id
1515 1240 1646 1274 autem,
1673 1232 1769 1278 quod

218 1298 270 1324 est
290 1289 550 1323 beatitudinem
569 1287 797 1334 participans,
819 1295 937 1332 potest
952 1297 1029 1320 esse
1045 1285 1169 1331 duplici
1183 1285 1320 1319 ratione
1341 1285 1529 1330 diligibile:
1548 1286 1600 1320 vel
1617 1286 1699 1331 quia
1718 1293 1771 1320 est

217 1355 329 1376 unum
343 1343 550 1376 nobiscum:
566 1342 618 1375 vel
632 1342 714 1386 quia
730 1348 783 1374 est
799 1340 903 1373 nobis
918 1339 1169 1373 consociatum
1183 1339 1218 1372 in
1233 1338 1459 1372 beatitudinis
1477 1339 1767 1384 participatione:

217 1404 251 1430 et
272 1395 469 1430 secundum
489 1395 559 1428 hoc
582 1402 770 1428 sumuntur
792 1393 863 1426 duo
883 1404 925 1426 ex
948 1392 1120 1426 charitate
1143 1391 1345 1437 diligibilia:
1369 1401 1474 1436 prout
1496 1392 1634 1426 scilicet
1654 1392 1768 1430 homo

216 1449 331 1494 diligit
349 1457 383 1483 et
404 1449 574 1494 seipsum⁷
597 1455 631 1481 et
657 1447 873 1492 proximum.

286 1503 345 1536 AD
367 1512 515 1536 PRIMUM
538 1512 624 1545 ergo
647 1499 852 1540 dicendum,
875 1498 971 1544 quod
993 1497 1133 1531 diversa
1154 1497 1329 1531 habitudo
1356 1497 1535 1543 diligentis
1562 1498 1604 1531 ad
1628 1498 1768 1532 diversa

215 1554 402 1599 diligibilia
424 1554 507 1588 facit
529 1554 707 1587 diversam
729 1553 905 1586 rationem
933 1550 1196 1596 diligibilitatis:
1222 1559 1255 1584 et
1281 1551 1480 1584 secundum
1506 1551 1589 1592 hoc,
1613 1553 1694 1597 quia
1716 1559 1769 1586 est

216 1608 285 1642 alia
312 1608 485 1642 habitudo
512 1607 671 1641 hominis
699 1606 877 1651 diligentis
905 1605 948 1638 ad
970 1605 1101 1645 Deum,
1124 1612 1158 1638 et
1180 1604 1222 1637 ad
1250 1605 1419 1650 seipsum,
1446 1612 1590 1650 propter
1611 1605 1681 1639 hoc
1708 1616 1769 1651 po-

215 1669 345 1695 nuntur
367 1661 438 1694 duo
461 1660 658 1705 diligibilia,
683 1671 765 1693 cum
785 1658 930 1692 dilectio
953 1658 1056 1691 unius
1077 1657 1121 1691 sit
1140 1668 1245 1691 causa
1261 1657 1463 1692 dilectionis
1482 1657 1644 1700 alterius3
1662 1659 1767 1701 unde,

215 1726 256 1748 ea
279 1722 429 1755 remota,
453 1713 522 1747 alia
541 1720 758 1747 removetur.

286 1768 345 1802 AD
368 1777 573 1802 SECUNDUM
596 1766 800 1807 dicendum,
823 1765 919 1811 quod
941 1765 1141 1810 subjectum
1166 1764 1347 1799 charitatis
1370 1772 1422 1798 est
1443 1775 1546 1799 mens
1567 1765 1765 1807 rationalis,

215 1832 304 1866 quae
327 1829 444 1866 potest
465 1831 542 1854 esse
563 1819 791 1853 beatitudinis
811 1830 939 1864 capax3
963 1819 1006 1851 ad
1026 1829 1134 1863 quam
1151 1829 1278 1864 corpus
1294 1818 1427 1852 directe
1445 1829 1518 1851 non
1535 1818 1686 1863 attingit,
1705 1818 1767 1852 sed

214 1873 332 1907 solum
348 1885 409 1919 per
423 1874 617 1918 quamdam
636 1872 928 1906 redundantiam:
952 1879 986 1905 et
1000 1871 1081 1904 ideo
1098 1871 1211 1905 homo
1226 1871 1427 1905 secundum
1442 1871 1652 1905 rationalem
1670 1883 1768 1905 men-

213 1936 298 1968 tem,
314 1938 404 1972 quae
427 1934 478 1960 est
492 1926 698 1971 principalis
713 1926 749 1958 in
765 1925 928 1966 homine,
950 1925 1014 1958 alio
1034 1924 1127 1958 modo
1143 1936 1180 1958 se
1196 1924 1311 1969 diligit
1325 1924 1523 1958 secundum
1539 1924 1764 1967 charitatem,

215 1989 249 2014 et
270 1981 334 2014 alio
358 1980 451 2013 modo
480 1990 608 2025 corpus
630 1980 825 2024 proprium.

284 2034 343 2067 AD
366 2043 535 2067 TERTIUM
557 2032 760 2072 dicendum,
778 2031 874 2076 quod
895 2031 1010 2064 homo
1037 2030 1151 2075 diligit
1178 2031 1383 2076 proximum
1411 2039 1445 2065 et
1470 2032 1669 2065 secundum
1696 2032 1767 2066 ani-

215 2099 324 2128 mam,
347 2095 381 2120 et
402 2086 601 2120 secundum
624 2097 764 2130 corpus,
790 2085 930 2118 ratione
958 2084 1145 2129 cujusdam
1168 2084 1450 2118 consociationis
1472 2085 1507 2117 in
1528 2085 1765 2128 beatitudine3

214 2149 247 2174 et
268 2141 351 2174 ideo
374 2152 415 2173 ex
437 2146 534 2185 parte
557 2139 711 2184 proximi
730 2146 781 2171 est
808 2149 877 2171 una
900 2145 1039 2171 tantum
1067 2138 1156 2171 ratio
1184 2137 1402 2171 dilectionis:
1427 2139 1519 2171 unde
1542 2149 1671 2184 corpus
1689 2149 1766 2184 pro-
1813 2169 1817 2175 ,
1847 2129 1859 2180 J

213 2194 299 2227 ximi
321 2204 393 2227 non
416 2193 559 2237 ponitur
580 2191 734 2238 speciale
758 2190 938 2236 diligibile.

693 2423 1045 2484 QUAESTIO
1089 2423 1276 2470 XXVI.

273 2552 336 2584 DE
362 2550 541 2582 ORDINE
569 2548 863 2586 CIIARITATIS,
894 2548 943 2578 IN
969 2547 1209 2578 TREDECIM
1240 2547 1500 2579 ARTICULOS
1527 2547 1700 2579 DIVISA.

284 2673 425 2708 Deinde
447 2671 747 2707 considerandum
770 2678 822 2705 cst
843 2670 886 2704 de
908 2670 1032 2704 ordine
1056 2670 1248 2705 charitatis.

666 2760 709 2795 Et
730 2760 818 2794 cfrca
839 2759 898 2793 hoc
920 2763 1124 2803 quaeruntm'
1146 2758 1307 2793 tredecim.

284 2833 418 2867 Primo.
442 2833 571 2866 Utrum
594 2832 637 2866 sit
659 2830 784 2875 aliquis
806 2829 895 2863 ordo
918 2829 952 2862 in
975 2829 1157 2863 charitate.

286 2886 464 2920 Secundo.
489 2886 617 2920 Utrum
639 2885 752 2918 homo
776 2884 901 2917 debeat
922 2883 1040 2916 Deum
1063 2882 1209 2927 diligere
1233 2882 1322 2928 plus,
1345 2893 1453 2928 quam
1475 2882 1690 2928 proximum.
