1859 3122
181 176 265 229 640
565 183 785 219 QUAESTIO
818 183 996 212 LXXXIX.
1029 182 1274 213 ARTICULUS
1307 182 1334 212 Ι.

180 268 222 300 de
245 266 371 312 quibus
393 273 514 299 tamen
536 265 704 298 homines
726 264 940 310 loquuntur3
963 271 997 297 et
1019 263 1158 309 expedit
1178 263 1281 297 rebus
1299 263 1480 304 humanis,
1502 269 1539 296 ut
1562 261 1736 296 certitudo

180 320 298 365 aliqua
321 319 363 352 de
385 319 439 352 his
463 318 654 360 habeatur3
678 326 713 352 et
733 318 815 351 ideo
837 317 1083 351 necessarium
1104 316 1169 350 fuit
1190 327 1372 351 recurrere
1396 316 1438 350 ad
1462 316 1624 350 divinum
1645 315 1739 349 testi-

180 373 363 406 monium:
388 372 471 417 quia
489 372 588 405 Deus
604 382 720 417 neque
736 371 879 404 mentiri
895 378 1022 416 potest,
1037 381 1153 416 neque
1168 381 1251 404 eum
1267 369 1399 415 aliquid
1421 369 1517 403 latet.
1540 369 1737 403 Assumere

181 434 299 459 autem
322 425 442 459 Deum
463 425 499 458 in
521 433 650 459 testem
673 425 799 458 dicitur
817 425 945 468 jurare,
973 424 1054 469 quia
1082 423 1183 469 quasi
1209 434 1273 470 pro
1300 424 1376 469 jure
1402 422 1649 456 introductum
1675 428 1739 463 est,

181 488 218 513 ut
244 478 339 524 quod
361 479 424 512 sub
447 478 678 513 invocatione
701 478 811 511 divini
832 477 1031 512 testimonii
1058 477 1196 518 dicitur,
1227 487 1291 522 pro
1321 487 1407 510 vero
1434 476 1617 510 habeatur.
1643 475 1742 508 Divi-

180 543 266 566 num
296 540 416 565 autem
437 531 687 566 testiinonium
710 531 926 577 quandoque
948 530 1129 564 inducitur
1144 530 1187 563 ad
1203 529 1436 564 asserendum
1454 527 1668 574 praesentia,
1681 526 1740 561 vel

181 585 390 632 praeterita:
426 593 460 619 et
486 585 558 619 hoc
584 585 710 619 dicitur
732 587 960 630 juranwtztum
987 585 1219 618 assertorium:
1247 583 1463 628 quandoque
1492 590 1612 616 autem
1641 581 1740 614 indu-

182 639 272 672 citur
303 638 464 672 divinum
496 638 746 672 testimonium
781 638 823 671 ad
851 636 1142 671 confirmandum
1170 635 1303 682 aliquid
1329 635 1506 670 futurum:
1535 642 1569 669 et
1593 634 1666 668 hoc
1693 634 1741 667 di-

183 693 272 726 citur
289 694 517 738 jzcramentmn
540 692 815 737 promissorizcm;
839 690 883 724 ad
905 702 948 725 ea
973 701 1073 732 Vero,
1095 701 1187 735 quae
1209 697 1291 724 sunt
1311 689 1526 730 necessaria,
1554 695 1589 722 et
1608 698 1672 734 per
1692 698 1744 720 ra-

181 745 319 779 tionem
341 745 602 791 investiganda,
624 756 698 779 non
719 744 900 778 inducitur
926 745 1183 789 juramentum,
1211 742 1399 776 derisibilis
1427 742 1523 776 enim
1549 741 1740 782 videretur,

183 799 212 832 si
238 798 316 844 quis
338 798 374 832 in
396 798 638 845 disputatione
661 797 812 843 alicujus
834 796 1006 832 scientiae
1033 796 1143 830 vellet
1169 795 1395 842 propositum
1417 806 1480 841 per
1501 795 1745 840 juramentum

181 852 343 898 probare.

253 905 312 940 AD
329 894 487 940 'PRIMUM
510 916 596 951 ergo
619 904 824 946 dicendum,
847 903 943 950 quod
965 903 1061 937 aliud
1084 911 1136 937 est
1157 902 1365 937 testimonio
1387 901 1457 935 Dei
1480 901 1529 935 uti
1544 902 1619 946 jam
1640 900 1743 943 dat0;

183 959 278 1005 quod
301 958 349 1000 fit,
373 970 454 992 curn
479 958 606 1004 aliquis
629 959 881 992 auctoritatem
901 957 1033 991 Sacrae
1057 956 1262 1002 Scripturae
1283 955 1439 997 inducit;
1462 963 1496 989 et
1515 954 1610 988 aliud
1629 961 1682 988 est
1698 961 1746 988 te-

183 1012 394 1046 stimonium
416 1012 486 1046 Dei
506 1011 701 1058 implorare
723 1019 761 1045 ut
783 1010 1044 1052 exhibendum3
1072 1010 1168 1056 quod
1190 1009 1229 1043 fit
1246 1009 1283 1043 in
1304 1010 1522 1054 juramento.

254 1067 313 1100 AD
336 1076 541 1100 SECUNDUM
564 1065 769 1106 dicendum,
792 1065 888 1110 quod
911 1064 1039 1098 dicitur
1062 1063 1188 1109 aliquis
1211 1063 1359 1098 reddere
1381 1064 1583 1109 juramenta
1601 1061 1683 1097 Deo
1703 1072 1745 1095 ex

183 1119 266 1162 hoc,
290 1119 385 1164 quod
407 1118 533 1165 implet
554 1118 641 1152 illud
664 1118 759 1164 quod
781 1118 892 1163 jurat:
912 1117 971 1151 vel
992 1117 1075 1163 quia
1096 1117 1132 1150 in
1154 1117 1225 1151 hoc
1247 1117 1326 1162 ipso
1341 1116 1436 1162 quod
1459 1116 1605 1149 invocat
1624 1115 1746 1149 Deum

183 1173 219 1206 in
240 1180 381 1214 testem,
402 1172 633 1217 recognoscit
654 1183 738 1206 eurn
761 1171 893 1205 habere
916 1171 1081 1205 omnium
1105 1170 1366 1216 cognitionem,
1389 1177 1423 1203 et
1443 1167 1671 1202 infallibilem
1691 1178 1748 1202 ve-

183 1226 338 1260 ritatem.

255 1280 315 1313 AD
338 1289 509 1313 TERTIUM
543 1278 748 1319 dicendum,
775 1277 870 1324 quod
903 1276 1052 1322 alicujus
1085 1275 1339 1311 testimonium
1368 1275 1557 1309 invocatur
1586 1273 1630 1308 ad
1663 1273 1747 1315 hoc,

185 1332 281 1378 quod
292 1332 391 1367 testis
403 1332 590 1365 invocatus
606 1332 793 1366 veritatem
810 1330 1015 1365 manifestet
1031 1330 1124 1364 circa
1140 1341 1193 1371 ea,
1208 1341 1299 1376 quae
1314 1329 1497 1363 dicuntur:
1512 1328 1611 1362 Deus
1627 1335 1748 1361 autem

185 1385 406 1420 manifestat:
431 1397 474 1419 an
496 1397 623 1419 verum
645 1385 688 1419 sit
717 1384 813 1430 quod
835 1385 974 1426 dicitur,
1000 1383 1194 1430 dupliciter:
1218 1395 1281 1417 zmo
1305 1382 1399 1416 modo
1423 1381 1633 1427 simpliciter
1654 1391 1750 1415 reve-

184 1439 293 1473 lando
315 1439 515 1480 veritatem,
538 1438 595 1472 vel
617 1450 679 1484 per
700 1438 879 1472 internam
899 1437 1185 1482 inspirationem,
1205 1436 1263 1470 vel
1282 1436 1391 1469 etiam
1410 1446 1472 1481 per
1490 1433 1575 1469 facti
1596 1433 1751 1468 denuda-

186 1493 341 1534 tionem3
366 1493 451 1526 dum
474 1491 613 1526 scilicet
639 1491 805 1537 producit
826 1491 861 1524 in
883 1490 1069 1536 publicum
1092 1501 1144 1531 ea,
1168 1500 1258 1535 quae
1274 1496 1374 1523 erant
1393 1487 1554 1523 occulta:
1574 1487 1639 1522 alio
1654 1487 1748 1521 modo

186 1558 248 1592 per
269 1557 427 1592 poenam
448 1545 673 1579 mentientis:
697 1552 731 1578 et
759 1552 843 1578 tunc
875 1543 983 1578 simul
1015 1551 1067 1577 est
1094 1543 1211 1589 judex,
1243 1550 1277 1577 et
1306 1542 1417 1584 testis,
1448 1541 1535 1575 dum
1566 1540 1749 1586 puniendo

187 1599 402 1633 mendacem
424 1598 629 1632 manifestat
650 1597 901 1639 mendacium3
925 1605 959 1631 et
980 1596 1062 1630 ideo
1085 1596 1206 1643 duplex
1235 1603 1288 1630 est
1318 1595 1448 1629 modus
1481 1594 1639 1641 jurandi:
1667 1605 1752 1628 unus

188 1653 333 1698 quidem
355 1663 418 1698 per
440 1651 644 1698 simplicem
665 1651 736 1685 Dei
758 1650 1082 1693 contestationem3
1105 1650 1197 1684 sicut
1219 1661 1303 1683 curn
1326 1649 1453 1695 aliquis
1476 1647 1577 1682 dicit:
1600 1652 1645 1683 est
1665 1648 1749 1682 mihi

188 1707 279 1740 Deus
300 1707 403 1746 testim
426 1705 494 1747 vel,
516 1717 629 1739 coram
646 1705 716 1738 Deo
739 1704 876 1750 loquor:
898 1703 956 1737 vel
971 1710 1033 1749 par
1053 1704 1177 1745 Deum,
1200 1702 1296 1749 quod
1318 1702 1414 1736 idem
1437 1709 1501 1744 est,
1519 1709 1557 1735 ut
1575 1701 1660 1735 dicit
1680 1701 1753 1735 Au-

189 1759 349 1805 gustinus
374 1759 448 1802 (lib.
469 1771 496 1793 1.
519 1758 555 1792 de
575 1758 731 1792 Sermone
752 1758 896 1791 Domini
918 1758 953 1790 in
972 1762 1092 1798 monta,
1116 1761 1180 1791 art.
1207 1766 1256 1802 17.
1275 1756 1423 1801 princ.):
1446 1755 1531 1790 alius
1552 1754 1682 1789 modus
1703 1755 1753 1800 ju-

188 1813 290 1846 randi
312 1821 364 1846 est
386 1824 447 1858 per
469 1812 748 1853 execrationem,
771 1811 857 1844 dum
880 1810 1017 1844 scilicet
1040 1810 1166 1856 aliquis
1188 1821 1236 1852 se,
1263 1809 1322 1843 vel
1349 1808 1481 1855 aliquid
1513 1808 1556 1843 ad
1587 1820 1624 1843 se
1651 1808 1754 1855 perti-

189 1877 278 1900 nens
300 1866 343 1900 ad
365 1877 522 1912 poenam
545 1864 691 1911 obligat,
712 1864 781 1899 nisi
803 1865 846 1899 sit
866 1875 991 1898 verum
1014 1863 1111 1910 quod
1133 1863 1272 1897 dicitur.

759 2022 1101 2068 ARTICULUS
1132 2023 1186 2065 H.
1683 2032 1750 2077 483

646 2142 799 2172 UTRUM
822 2142 889 2171 SIT
918 2142 1102 2171 LICITUM
1123 2141 1297 2183 JURARE.

195 2244 508 2290 (Insr.art.3.corp.
523 2248 552 2278 et
566 2255 591 2289 3.
609 2243 696 2278 Dist.
709 2255 758 2289 39.
775 2255 804 2289 q.
824 2256 850 2278 I.
870 2248 934 2278 art.
950 2254 980 2277 2.
1000 2255 1029 2288 q.
1052 2254 1083 2277 2.
1098 2247 1125 2277 ct
1142 2244 1234 2277 Rom.
1250 2254 1276 2277 r.
1289 2241 1358 2276 lect.
1370 2245 1439 2287 5.et
1455 2241 1540 2275 Heln.
1556 2240 1669 2276 6.lect.
1684 2241 1747 2285 4.).

266 2344 326 2378 AD
348 2353 555 2378 SECUNDUM
577 2343 627 2377 sic
655 2342 871 2388 proceditur.
886 2341 1048 2383 Videtur,
1064 2341 1160 2387 quod
1182 2353 1255 2376 non
1278 2342 1322 2376 sit
1343 2341 1481 2375 licitum
1503 2341 1641 2385 jurare:
1665 2339 1755 2373 nihil

196 2397 293 2432 enirn
320 2397 416 2443 quod
448 2396 657 2443 prohibetur
685 2396 721 2429 in
748 2395 828 2439 lege
859 2396 990 2437 divina,
1015 2403 1066 2429 est
1094 2395 1250 2429 licitum:
1274 2394 1336 2429 sed
1364 2396 1607 2439 juramentum
1634 2393 1754 2439 prohi-

195 2451 306 2492 betur,
326 2450 453 2484 Matth.
472 2460 517 2493 5.:
536 2450 603 2495 Ego
626 2449 696 2483 dico
718 2450 821 2489 vobis,
846 2450 1040 2493 amusim-amr
1055 2450 1199 2490 omnino,
1216 2456 1295 2490 etc.‚
1312 2456 1345 2481 et
1355 2447 1429 2492 Jac.
1453 2458 1480 2491 5.
1501 2447 1648 2480 dicitur:
1669 2447 1756 2481 Ante

195 2506 321 2546 omniu,
337 2505 462 2549 smzlres
482 2505 559 2546 mei,
580 2503 678 2536 nolite
700 2504 840 2547 jamra·
864 2512 950 2546 ergo
973 2503 1216 2546 juramentum
1240 2509 1292 2535 est
1318 2500 1495 2534 illicitum.

268 2567 296 2592 2,
320 2557 556 2591 PRAETEREA.
578 2556 616 2590 Id
639 2555 735 2601 quod
758 2563 809 2589 est
827 2554 971 2595 amalo,
987 2555 1126 2588 videtur
1146 2566 1223 2589 esse
1246 2554 1430 2596 illicitum3
1453 2553 1548 2599 quia,
1567 2560 1605 2586 ut
1628 2552 1756 2586 dicitur

197 2611 323 2645 Matth.
352 2621 403 2655 7.:
430 2611 508 2645 Non
524 2614 626 2656 potest
648 2610 749 2643 arbor
776 2609 862 2642 mala
878 2609 1010 2653 [Νικίας
1030 2609 1274 2654 lvonossacm:
1303 2608 1362 2641 sed
1391 2608 1634 2652 juramentum
1657 2613 1709 2640 est
1737 2616 1755 2638 a

198 2664 313 2698 malo:
338 2664 465 2697 dicitur
488 2663 582 2697 enini
606 2662 732 2696 Matth.
768 2673 812 2702 §.2
837 2662 886 2696 Sit
905 2667 1013 2696 aulam.
1034 2674 1138 2695 sermo
1164 2667 1283 2703 vester,
1306 2666 1361 2703 cst,
1380 2666 1442 2701 σευ
1466 2672 1541 2702 uon,
1564 2672 1648 2700 non;
1669 2659 1753 2705 quod

197 2723 304 2752 autem
327 2718 373 2751 lii>-
395 2716 616 2750 almndmztins
638 2721 691 2757 est,
708 2727 728 2750 ιι
751 2715 836 2749 „mlo
864 2720 924 2754 tul,-
949 2726 1035 2760 crgo
1052 2716 1292 2759 juramentum
1317 2715 1455 2748 videtur
1477 2724 1555 2747 esse
1578 2712 1753 2747 illicitum.

274 2781 301 2815 3.
325 2770 559 2804 PRAETEREA.
577 2769 771 2815 Exquirere
794 2770 936 2813 signum
959 2768 1099 2801 divinae
1124 2768 1370 2809 providentiae
1394 2775 1446 2801 est
1466 2774 1602 2800 tentare
1617 2766 1757 2807 Deum3

200 2823 295 2868 quod
324 2831 376 2857 est
398 2823 548 2857 omnino
571 2823 748 2864 illicitum,
770 2821 969 2856 secundum
992 2820 1078 2854 illud
1102 2822 1207 2855 Dcut.
1233 2820 1285 2854 6.:
1313 2821 1389 2855 Non
1414 2821 1549 2855 tentabis
1570 2820 1757 2853 Domitium

202 2878 309 2911 Deum
338 2882 452 2911 tuum:
483 2876 545 2911 sed
576 2875 635 2910 ille
663 2876 722 2922 qui
743 2876 846 2921 jurat,
867 2874 1006 2908 videtur
1032 2874 1216 2920 exquirere
1238 2874 1382 2919 signum
1405 2873 1545 2907 divinae
1571 2871 1758 2917 providen-
