1859 3122
506 192 728 228 QUAEST10
762 192 880 221 XLIII.
916 192 1161 223 ARTICULUS
1195 193 1253 222 IV.
1575 193 1656 236 329

169 273 398 309 RESPONDEO
417 274 622 317 dicendum,
645 274 752 320 quod,
772 274 864 309 sicut
885 285 991 320 supra
1013 274 1149 309 dictum
1173 282 1226 309 est
1246 274 1326 319 (art.
1349 286 1375 309 ι.
1395 274 1464 320 huj.
1483 274 1544 320 q),
1561 285 1660 308 scan-

99 326 221 361 dalum
243 327 416 373 importat
435 328 694 374 impactionem
717 328 924 374 quamdam,
948 339 1010 373 per
1032 340 1139 374 quam
1163 328 1290 374 aliquis
1313 327 1514 373 disponitur
1536 328 1578 361 ad
1595 327 1660 361 rui-

96 392 200 424 nam;
223 389 257 415 et
278 381 360 416 ideo
380 381 591 415 scandalum
614 383 795 426 passivum
818 381 1033 427 quandoque
1057 382 1200 427 quidem
1226 390 1343 428 potest
1365 393 1441 416 esse
1468 390 1659 427 peccatum

95 434 249 477 veniale,
271 436 372 480 quasi
391 435 526 469 habens
549 435 809 481 impactionem
831 443 991 477 tantum3
1014 443 1098 480 puta
1122 447 1202 469 cum
1225 436 1351 481 aliquis
1382 448 1423 469 ex
1454 435 1658 469 inordinato

96 488 206 529 dicto,
227 487 285 522 vel
306 488 402 522 facto
426 488 569 522 alterius
591 496 845 522 commovetur
866 497 966 522 motu
991 488 1141 522 venialis
1160 490 1318 534 peccati:
1338 489 1554 535 quandoque
1572 500 1658 523 vero

96 549 149 576 est
170 550 362 588 peccatum
384 541 550 583 mortale,
573 542 674 588 quasi
695 541 831 575 habens
854 553 938 575 curn
959 542 1181 588 impactione
1203 542 1364 584 ruinam3
1387 551 1470 589 puta
1490 554 1573 576 cum
1601 542 1661 576 ali-

96 594 174 641 quis
197 606 239 629 ex
260 595 466 630 inordinato
489 595 598 640 dicto,
616 594 675 629 vel
694 594 791 629 facto
815 594 960 629 alterius
981 595 1144 641 procedit
1166 607 1278 641 usque
1301 596 1343 629 ad
1360 604 1549 641 peccatum
1566 607 1660 630 mor-

94 647 176 682 tale.
201 647 422 682 Scandalum
445 656 565 682 autem
588 649 757 690 activum,
780 648 809 682 si
830 647 867 682 fit
894 659 957 694 per
987 648 1166 690 accidens,
1195 657 1312 694 potest
1339 660 1416 683 esse
1441 650 1658 696 quandoque

96 702 243 748 quidem
265 711 456 749 peccatum
474 702 633 745 veniale;
655 710 740 749 puta
763 714 847 736 cum
869 702 996 749 aliquis
1018 702 1076 736 vel
1098 711 1219 737 actum
1244 703 1396 737 venialis
1421 704 1574 750 peccati,
1601 703 1659 738 vel

98 764 233 798 actum,
255 757 315 802 qui
337 767 411 790 non
434 764 488 790 est
507 756 707 790 secundum
730 767 767 790 se
788 764 990 802 peccatum,
1011 756 1071 790 sed
1091 756 1198 790 habet
1213 755 1370 802 aliquam
1386 757 1542 803 speciem
1560 756 1657 799 mali,

95 821 179 843 cum
203 809 321 856 aliqua
343 809 414 844 levi
435 809 690 844 indiscretione
710 809 924 843 committit:
946 809 1163 855 quandoque
1185 821 1271 844 vero
1295 818 1346 844 est
1360 818 1550 856 peccatum
1566 822 1659 844 mor-

94 862 177 904 tale,
200 863 274 897 sive
296 864 378 909 quia
401 863 596 897 committit
618 871 739 896 actum
761 862 901 909 peccati
915 862 1090 904 mortalis,
1105 863 1179 897 sive
1195 863 1278 909 quia
1293 864 1493 898 contemnit
1504 863 1657 898 salutem

95 916 269 962 proximi;
292 924 330 950 ut
350 916 379 950 si
399 927 464 962 pro
487 927 527 950 ea
550 917 797 950 conservanda
818 927 893 950 non
915 918 1177 962 praetermittat
1199 916 1327 962 aliquis
1346 916 1463 951 facere
1479 917 1576 963 quod
1592 917 1657 951 sibi

94 968 252 1003 libuerit:
275 969 306 1004 si
325 980 412 1003 vero
434 969 646 1004 scandalum
665 969 822 1003 activum
849 969 894 1003 sit
919 981 982 1015 per
1010 981 1059 1011 se,
1086 978 1171 1016 puta
1201 982 1285 1004 curn
1315 970 1467 1004 intendit
1486 971 1657 1005 inducere

96 1021 207 1056 alium
227 1022 269 1056 ad
287 1022 524 1068 peccandum,
547 1023 576 1056 si
597 1022 742 1069 quidem
765 1023 927 1056 intendat
947 1023 1118 1057 inducere
1142 1023 1185 1057 ad
1204 1024 1430 1069 peccandum
1445 1023 1657 1066 mortaliter,

96 1083 148 1110 est
170 1084 360 1121 peccatum
380 1075 553 1110 mortale:
575 1084 610 1109 et
638 1075 804 1110 similiter
829 1076 859 1109 si
886 1076 1047 1110 intendat
1075 1076 1246 1111 inducere
1272 1077 1477 1123 proximum
1506 1077 1549 1111 ad
1575 1088 1657 1124 pec-

98 1130 254 1163 candum
275 1128 464 1163 venialiter
482 1141 545 1175 per
568 1137 688 1163 actum
711 1129 850 1175 peccati
873 1129 1054 1164 mortalis:
1078 1130 1106 1163 si
1121 1141 1207 1164 vero
1223 1131 1383 1164 intendat
1396 1131 1566 1164 inducere
1580 1142 1658 1176 pro-

94 1182 233 1216 ximum
254 1182 297 1216 ad
318 1182 544 1229 peccandum
575 1182 764 1216 venialiter
794 1194 856 1228 per
886 1191 1007 1217 actum
1028 1183 1167 1229 peccati
1196 1183 1359 1227 venialis,
1387 1192 1440 1218 cst
1466 1192 1656 1229 peccatum

93 1235 244 1270 veniale.

163 1288 208 1323 Et
228 1300 291 1335 per
311 1288 382 1324 hoc
405 1297 503 1336 patet
523 1289 711 1336 responsio
733 1299 783 1324 AD
807 1299 983 1336 oBJECTA.

657 1431 1003 1476 ARTICULUS
1036 1431 1090 1473 V.
1588 1452 1653 1488 237

113 1537 266 1567 UTRUM
285 1538 550 1568 SCANDALUM
567 1539 781 1568 PASSIVUM
798 1539 949 1568 POSSIT
969 1538 1104 1568 ETIAM
1122 1538 1166 1567 IN
1182 1538 1431 1567 PERFECTOS
1452 1538 1633 1568 CADERE.

623 1625 670 1669 (4.
694 1626 782 1660 Dist.
801 1626 852 1671 38.
875 1637 904 1670 q.
927 1636 958 1660 2.
982 1630 1046 1659 art.
1065 1625 1123 1670 3.).

165 1713 223 1746 AD
250 1722 430 1752 QUINTUM
457 1712 506 1746 sic
535 1712 751 1759 proceditur.
779 1712 941 1755 Videtur,
969 1712 1066 1758 quod
1093 1711 1306 1746 scandalum
1332 1713 1516 1759 passivum
1542 1713 1655 1759 possit

93 1767 202 1799 etiam
231 1766 266 1800 in
293 1765 472 1812 perfectos
499 1766 643 1800 cadere:
672 1766 839 1800 Christus
866 1767 964 1800 enim
989 1766 1056 1800 fuit
1081 1767 1238 1800 maxime
1264 1765 1463 1812 perfectus:
1491 1767 1552 1801 sed
1579 1767 1654 1813 ipse

93 1819 179 1853 dixit
197 1819 305 1854 Petro
331 1820 465 1864 (il-fatti).
487 1820 578 1864 16.).·
601 1820 802 1854 Scandilium
824 1820 908 1854 mihi
929 1832 979 1861 es;
1015 1831 1103 1866 ergo
1131 1819 1247 1854 multo
1275 1821 1391 1866 magis
1419 1820 1479 1854 alii
1505 1820 1653 1867 perfecti

91 1881 243 1918 possunt
263 1873 475 1907 scandalum
497 1873 580 1919 pati.

163 1936 194 1960 2.
216 1926 453 1960 PRAETEREA.
477 1926 698 1960 Scandalum
722 1926 892 1973 importat
913 1926 1215 1973 impedimentum
1238 1926 1396 1973 aliquod,
1424 1927 1519 1973 quod
1547 1927 1655 1961 alicui

92 1979 286 2026 opponitur
307 1980 343 2013 in
364 1979 437 2013 vita
460 1979 649 2026 spirituali:
673 1980 735 2014 sed
759 1980 868 2014 etiam
889 1980 1038 2026 perfecti
1057 1980 1125 2014 viri
1146 1981 1182 2014 in
1208 1981 1434 2026 processibus
1462 1981 1654 2026 spiritualis

89 2033 185 2067 vitae
206 2033 372 2079 impediri
392 2041 555 2078 possunt,
577 2033 778 2067 secundum
798 2033 886 2068 illud
913 2044 940 2068 1.
964 2033 1007 2068 ad
1028 2033 1194 2068 Thessal.
1217 2044 1266 2067 2.:
1297 2034 1466 2068 Volnimus
1483 2036 1597 2069 venire
1612 2034 1654 2068 ad

90 2097 160 2128 vos,
187 2098 241 2132 ego
268 2086 397 2132 quidem
419 2086 542 2121 Paulus
566 2087 661 2121 semel
686 2091 716 2121 et
740 2088 874 2130 iterum,
901 2086 952 2122 sed
978 2087 1152 2134 impedivit
1174 2099 1233 2121 nos
1252 2092 1384 2122 satanas
1392 2100 1404 2128 ;
1429 2098 1515 2134 ergo
1543 2088 1651 2122 etiam

91 2138 240 2185 perfecti
260 2139 327 2172 viri
349 2147 499 2185 possunt
520 2138 732 2173 scandalum
759 2140 843 2186 pati.

165 2203 194 2238 3.
216 2192 452 2227 PRAETEkffl.
476 2192 595 2226 Etiam
616 2193 652 2226 in
674 2192 840 2239 perfectis
860 2193 944 2228 viris
966 2201 1115 2239 peccata
1136 2193 1292 2228 venialia
1312 2193 1465 2228 inveniri
1491 2202 1651 2240 possunt,

91 2245 292 2280 secundum
313 2245 401 2279 illud
427 2257 455 2279 1.
473 2245 576 2291 Joan.
604 2257 649 2279 1.:
675 2246 711 2280 Si
736 2246 928 2290 dixerimus,
951 2249 1108 2293 quoniam
1128 2253 1301 2293 paccatum
1319 2259 1385 2281 non
1406 2248 1571 2290 habemus,
1591 2249 1653 2293 ipsi

90 2310 148 2333 nos
171 2298 377 2334 seducimus:
400 2299 461 2333 sed
484 2299 696 2333 scandalum
719 2301 902 2346 passivum
923 2312 997 2335 non
1020 2312 1163 2347 semper
1189 2309 1242 2336 est
1267 2310 1459 2348 peccatum
1486 2301 1650 2343 mortale,

91 2351 153 2386 sed
175 2352 393 2398 quandoque
413 2352 567 2394 veniale,
590 2360 628 2386 ut
649 2353 784 2387 dictum
804 2362 857 2388 est
875 2355 957 2399 (art.
969 2354 1125 2401 praec.);
1142 2366 1227 2400 ergo
1243 2355 1454 2389 scandalum
1469 2354 1650 2401 passivum

90 2413 209 2451 potest
231 2405 265 2439 in
287 2404 454 2451 perfectis
474 2405 559 2439 viris
580 2406 745 2440 inveniri.

163 2458 237 2492 SED
265 2469 420 2493 CONTRA
443 2466 506 2500 est,
529 2459 625 2504 quod
647 2471 752 2505 super
772 2459 860 2494 illud
886 2460 1013 2495 Matth.
1042 2461 1116 2495 18.:
1146 2462 1216 2506 Qui
1241 2461 1518 2506 scandalizaverit
1544 2472 1647 2494 unum

90 2511 126 2546 de
144 2513 275 2558 pusillis
295 2514 374 2554 istis,
395 2512 480 2546 dicit
502 2512 765 2560 Hieronymus:
797 2527 814 2545 «
828 2514 936 2556 Nota,
960 2515 1057 2561 quod
1084 2515 1144 2561 qui
1174 2514 1446 2556 scandalizatur,
1481 2512 1650 2559 parvulus

91 2573 165 2599 est:
189 2567 346 2611 majores
365 2565 461 2599 enim
484 2566 654 2600 scandala
675 2578 749 2600 non
775 2567 998 2613 recipiunt».

162 2618 391 2653 RESPONDEO
404 2619 608 2661 dicendum,
620 2620 717 2666 quod
732 2620 944 2655 scandalum
960 2621 1142 2666 passivum
1158 2621 1329 2667 importat
1344 2620 1538 2665 quamdam
1555 2631 1652 2653 com-

91 2672 295 2706 motionem
318 2672 429 2705 animi
451 2684 470 2706 a
491 2673 589 2707 bono
611 2673 647 2707 in
669 2685 712 2708 eo
736 2674 797 2720 qui
810 2674 1024 2708 scandalum
1039 2675 1185 2720 patitur:
1213 2673 1331 2707 nullus
1354 2681 1474 2706 autem
1489 2684 1652 2706 commo-

90 2733 203 2767 vetur,
225 2725 286 2771 qui
307 2725 359 2759 rei
380 2725 561 2759 immobili
581 2726 730 2761 firmiter
751 2727 930 2762 inhaeret:
955 2729 1111 2773 majores
1139 2735 1270 2768 autem,
1301 2727 1375 2760 sive
1405 2725 1552 2771 perfecti
1581 2725 1650 2760 soli

90 2777 172 2812 Deo
188 2778 389 2820 inhaerent,
409 2779 509 2824 cujus
531 2787 584 2813 est
597 2779 833 2814 immutabilis
852 2781 1016 2815 bonitas:
1039 2781 1122 2826 quia
1138 2780 1203 2814 etsi
1217 2780 1427 2813 inhaereant
1448 2779 1520 2813 suis
1542 2779 1649 2814 Prae-

91 2829 183 2873 latis‚
205 2842 279 2865 non
300 2831 490 2865 inhaerent
511 2832 573 2874 eis,
590 2832 660 2867 nisi
679 2833 894 2879 inquantum
917 2833 967 2868 illi
990 2834 1180 2867 inhaerent
1202 2832 1361 2873 Christo,
1383 2832 1583 2866 secundum
1607 2832 1648 2866 il-

91 2883 152 2918 lud
179 2895 206 2918 1.
231 2884 273 2918 ad
297 2883 382 2918 Cor.
404 2894 457 2927 4:
478 2885 665 2920 Imitatores
684 2888 749 2921 mei
762 2891 866 2929 estote,
886 2888 969 2922 sicut
982 2892 1011 2921 et
1032 2898 1086 2931 ego
1109 2887 1251 2926 Cl21·isii,·
1267 2886 1360 2919 unde
1375 2894 1649 2932 quantumcum-
