1859 3122
209 170 289 225 178
603 180 824 216 QUAESTIO
859 181 981 210 XXIII.
1015 180 1258 210 ARTICULUS
1292 181 1352 210 ΙΙΙ.

278 263 507 297 RESPONDEO
531 260 736 303 dicendum,
759 261 855 307 quod
877 262 1028 296 humani
1051 269 1149 295 actus
1171 261 1372 296 bonitatem
1394 261 1538 304 habent,
1565 262 1765 297 secundum

205 316 300 362 quod
323 315 531 360 regulantur
552 314 670 348 debita
691 314 827 359 regula,
850 322 884 349 et
905 326 1090 357 mensura3
1113 322 1147 348 et
1167 315 1250 349 ideo
1273 315 1434 348 humana
1455 315 1578 357 virtus,
1600 327 1690 361 quae
1712 325 1766 351 est

205 369 422 415 principium
450 367 616 401 omnium
642 368 823 401 bonorum
851 376 997 401 actuum
1023 367 1195 409 hominis,
1224 368 1387 402 consistit
1412 368 1448 401 in
1481 369 1688 414 attingendo
1716 381 1766 404 re-

205 422 327 468 gulam
349 422 595 455 humanorum
623 429 787 454 actuum:
816 433 906 467 quae
935 421 1080 467 quidem
1109 429 1161 454 est
1189 421 1317 467 duplex,
1349 429 1387 455 ut
1417 432 1522 467 supra
1549 421 1686 455 dictum
1712 431 1766 457 est

205 476 251 521 (q.
278 486 325 521 17.
349 480 411 508 art.
434 476 492 520 1.),
516 473 670 508 scilicet:
694 475 840 508 humana
860 476 961 516 ratio,
984 482 1018 508 et
1038 475 1113 520 ipse
1130 475 1219 508 Deus
1233 487 1244 513 ;
1265 474 1358 508 unde
1374 474 1466 508 sicut
1485 475 1596 508 virtus
1618 475 1765 510 moralis

204 528 372 562 definitur
393 539 455 574 per
476 528 559 569 hoc,
579 527 674 573 quod
697 532 740 562 est
758 527 933 562 secundum
956 533 1077 562 rectam
1098 529 1273 569 rationem,
1296 534 1333 561 ut
1360 534 1457 572 patet
1482 528 1517 560 in
1545 537 1575 560 2.
1604 527 1764 564 Ethicor.

205 582 295 628 (cap.
320 582 380 623 6.),
404 581 452 614 ita
475 581 585 614 etiarn
608 581 782 626 attingere
803 581 924 614 Deum
946 581 1130 615 constituit
1151 581 1331 614 rationem
1358 580 1509 621 virtutis,
1539 581 1631 614 sicut
1655 581 1764 615 etiam

206 645 311 680 supra
331 634 467 668 dictum
482 642 534 668 est
548 635 592 680 (q.
611 645 643 678 4.
660 639 723 668 art.
742 646 769 680 5.
786 639 816 669 et
829 646 859 680 q.
877 645 926 680 17.
949 639 1013 669 art.
1036 634 1081 678 1.)
1104 634 1146 668 de
1162 633 1243 674 fide,
1260 641 1294 667 et
1309 644 1388 679 spe3
1403 633 1496 667 unde
1512 644 1595 666 cum
1611 633 1766 669 charitas

205 688 356 733 attingat
376 688 509 729 Deum,
533 687 615 733 quia
638 688 825 733 conjungit
846 698 912 721 nos
935 688 1029 730 Deo,
1057 695 1094 721 ut
1120 695 1217 733 patet
1243 698 1306 733 per
1332 687 1585 720 auctoritatem
1611 687 1765 733 August.

203 741 388 774 inductam
413 741 462 784 (in
481 752 550 786 arg.
571 740 624 775 sed
645 741 756 784 cont),
781 752 1005 786 consequens
1029 748 1091 782 est,
1116 740 1329 774 charitatem
1352 751 1430 773 esse
1451 741 1633 774 virtutem.

276 794 335 828 AD
358 804 507 828 PRIMUM
530 805 616 839 ergo
639 793 845 836 dicendum,
868 794 963 839 quod
986 793 1122 827 Philos.
1145 793 1180 826 in
1203 793 1233 827 8.
1257 793 1372 826 Ethic.
1401 804 1475 826 non
1501 801 1620 838 negat,
1647 793 1766 827 amici-

204 847 292 880 tiam
315 858 391 881 esse
413 847 595 888 virtutem,
614 847 675 880 sed
698 847 794 888 dicit,
817 847 912 892 quod
936 854 988 881 est
1008 847 1130 888 virtus,
1152 845 1209 880 vel
1237 858 1319 879 cum
1346 846 1486 880 virtute.
1514 846 1642 880 Posset
1668 846 1764 880 enirn

205 900 286 942 dici,
310 901 406 946 quod
429 909 481 934 est
502 900 612 934 virtus
636 899 783 934 moralis
806 900 901 933 circa
923 900 1162 946 operationes,
1185 910 1275 945 quae
1298 907 1380 933 sunt
1401 900 1445 933 ad
1468 899 1597 933 alium:
1617 900 1681 933 sub
1696 899 1765 934 alia

202 963 325 987 tamen
348 953 497 995 ratione,
520 964 629 999 quam
650 953 801 998 justitia:
820 964 905 986 nam
926 953 1059 999 justitia
1076 961 1128 987 est
1143 953 1235 986 circa
1259 952 1498 998 operationes,
1518 964 1609 998 quae
1624 960 1705 987 sunt
1721 953 1764 987 ad

206 1006 328 1048 alium,
351 1007 414 1039 sub
437 1007 576 1040 ratione
598 1006 706 1040 debiti
728 1006 871 1052 legalis:
896 1006 1053 1040 amicitia
1076 1014 1196 1040 autem
1215 1006 1278 1039 sub
1298 1006 1437 1039 ratione
1453 1006 1641 1051 cujusdam
1656 1006 1765 1040 debiti

207 1059 418 1101 amicabilis,
442 1067 474 1093 et
498 1059 657 1101 moralis,
678 1059 736 1093 vel
758 1059 873 1105 magis
896 1060 959 1093 sub
982 1061 1120 1093 ratione
1142 1059 1307 1093 beneficii
1333 1059 1489 1104 gratuiti,
1517 1067 1554 1093 ut
1580 1067 1677 1105 patet
1703 1071 1765 1106 per

204 1112 341 1146 Philos.
364 1113 399 1145 in
422 1113 452 1146 8.
476 1112 591 1146 Ethic.
616 1112 703 1159 (cap.
731 1113 814 1158 13.):
838 1120 955 1157 potest
976 1120 1098 1146 tamen
1119 1112 1200 1154 dici,
1220 1112 1315 1158 quod
1334 1123 1407 1146 non
1430 1120 1482 1146 est
1502 1112 1613 1146 virtus
1640 1123 1702 1159 per
1727 1124 1764 1147 se

205 1165 247 1198 ab
271 1164 348 1199 aliis
371 1165 554 1199 distincta:
577 1177 651 1199 non
671 1167 768 1199 enim
787 1166 895 1199 habet
916 1166 1095 1199 rationem
1117 1165 1316 1206 laudabilis,
1340 1172 1374 1199 et
1394 1165 1550 1207 honesti,
1568 1166 1636 1199 nisi
1651 1177 1692 1199 ex
1707 1165 1766 1200 ob-

203 1219 310 1263 jecto,
333 1218 533 1252 secundum
547 1218 684 1253 scilicet
702 1219 798 1264 quod
813 1218 980 1252 fundatur
995 1230 1100 1263 super
1113 1218 1342 1252 honestatem
1356 1218 1540 1260 virtutum,
1556 1219 1652 1264 quod
1668 1226 1765 1265 patet

205 1283 247 1305 ex
268 1272 352 1313 hoc,
375 1272 471 1317 quod
494 1283 567 1306 non
589 1272 769 1317 quaelibet
788 1272 945 1305 amicitia
973 1272 1080 1306 habet
1107 1272 1284 1305 rationem
1312 1271 1511 1313 laudabilis,
1540 1279 1572 1305 et
1599 1271 1763 1314 honesti;

205 1325 295 1359 sicut
317 1333 413 1371 patet
431 1325 466 1358 in
490 1325 647 1359 amicitia
669 1325 901 1366 delectabilis,
925 1333 958 1358 et
977 1325 1090 1359 utilis:
1113 1325 1206 1359 unde
1230 1324 1387 1358 amicitia
1406 1325 1565 1358 virtuosa
1580 1325 1696 1371 magis
1712 1333 1764 1359 est

206 1378 338 1424 aliquid
361 1389 588 1424 consequens
611 1378 654 1412 ad
676 1378 856 1419 virtutem,
880 1389 988 1423 quam
1011 1379 1055 1411 sit
1075 1378 1202 1411 virtus:
1224 1389 1290 1411 nec
1313 1385 1365 1411 est
1384 1377 1500 1411 simile
1519 1378 1562 1411 de
1577 1378 1763 1421 charitate,

206 1443 297 1477 quae
319 1442 392 1465 non
418 1431 587 1465 fundatur
613 1430 857 1477 principaliter
883 1442 990 1477 super
1016 1431 1184 1465 virtutem
1210 1431 1421 1472 humanam,
1448 1431 1508 1464 sed
1536 1442 1642 1477 super
1666 1431 1765 1465 boni-

205 1493 317 1518 tatem
342 1484 400 1529 [al.
423 1485 596 1529 intutam]
620 1484 790 1518 divinam.

279 1531 338 1572 Ab
366 1548 573 1572 SECUNDUM
596 1537 800 1578 dicendum,
824 1537 919 1583 quod
947 1537 1108 1582 ejusdem
1130 1536 1269 1570 virtutis
1292 1544 1343 1570 est
1365 1536 1512 1582 diligere
1535 1535 1703 1582 aliquem,
1731 1544 1765 1571 et

206 1591 363 1636 gaudere
386 1591 428 1624 de
451 1591 532 1625 illo:
556 1602 640 1624 nam
664 1591 837 1636 gaudium
865 1601 1029 1624 amorem
1057 1590 1298 1636 consequitur,
1327 1597 1364 1623 ut
1390 1601 1496 1635 supra
1522 1589 1686 1623 habitum
1712 1596 1765 1624 est

207 1645 282 1688 (1-2.
305 1657 334 1690 t]-
354 1657 401 1690 25.
422 1650 487 1679 art.
509 1646 571 1689 2.),
596 1656 677 1678 cum
702 1644 744 1678 de
764 1644 989 1690 passionibus
1012 1652 1195 1689 ageretur3
1215 1651 1249 1678 et
1268 1644 1348 1677 ideo
1365 1644 1480 1689 magis
1495 1644 1638 1689 ponitur
1651 1643 1762 1678 virtus

205 1709 319 1740 amor,
350 1710 458 1744 quam
481 1698 664 1743 gaudium,
688 1698 782 1743 quod
811 1705 864 1731 est
886 1697 1020 1731 amoris
1043 1696 1207 1731 effectus:
1230 1696 1398 1730 ultimum
1421 1704 1553 1738 autem,
1581 1696 1677 1743 quod
1703 1707 1764 1743 po-

204 1751 298 1784 nitur
319 1752 354 1785 in
377 1753 515 1785 ratione
536 1751 686 1792 virtutis,
708 1762 782 1784 non
801 1751 972 1796 importat
995 1751 1157 1784 ordinem
1186 1749 1345 1792 effectus,
1372 1750 1433 1784 sed
1460 1750 1576 1795 magis
1598 1750 1762 1784 ordinem

205 1816 370 1838 excessus
393 1804 596 1850 cujusdam:
619 1805 711 1838 sicut
732 1812 876 1838 centum
899 1804 1008 1837 librae
1032 1804 1208 1837 excedunt
1230 1803 1475 1849 quadraginta.

276 1857 335 1891 AD
360 1868 530 1892 TERTIUM
553 1857 757 1898 dicendum,
781 1857 877 1902 quod
900 1868 1009 1890 omne
1029 1857 1196 1890 accidens
1218 1856 1417 1890 secundum
1431 1868 1536 1889 suum
1552 1864 1604 1890 est
1617 1855 1764 1890 inferius

204 1910 416 1951 substantia;
441 1911 523 1956 quia
543 1910 738 1944 substantia
762 1918 813 1943 est
835 1921 897 1943 ens
920 1921 982 1955 per
1005 1921 1053 1951 se,
1074 1909 1240 1943 accidens
1256 1917 1376 1942 autem
1392 1909 1427 1942 in
1443 1909 1537 1943 alio:
1560 1908 1621 1943 sed
1641 1920 1763 1943 secun-

205 1963 290 1996 dum
313 1963 491 1997 rationem
514 1974 598 1997 suae
621 1963 766 2009 speciei,
795 1963 962 1996 accidens
990 1962 1148 2008 quidem,
1183 1962 1278 2008 quod
1314 1970 1479 1996 causatur
1508 1973 1549 1996 ex
1579 1962 1760 2008 principiis

205 2017 366 2061 subjecti,
389 2025 441 2050 est
462 2017 629 2061 indignus
652 2016 826 2061 subjecto,
849 2015 939 2049 sicut
966 2014 1113 2049 effectus
1147 2026 1276 2049 causa:
1308 2015 1474 2049 accidens
1509 2022 1639 2057 autem,
1666 2015 1762 2061 quod

206 2078 372 2104 causatur
394 2081 436 2103 ex
457 2069 730 2115 participatione
759 2068 908 2113 alicujus
943 2068 1137 2114 superioris
1163 2076 1323 2109 naturae,
1351 2076 1403 2102 est
1424 2068 1566 2113 dignius
1588 2069 1761 2114 subjecto,

205 2123 417 2169 inquantum
440 2131 492 2157 est
513 2122 710 2156 similitudo
730 2122 922 2168 superioris
936 2130 1096 2163 naturae,
1112 2121 1202 2155 sicut
1217 2121 1276 2154 lux
1292 2121 1492 2167 diaphano:
1515 2129 1549 2155 et
1563 2121 1633 2156 hoc
1649 2122 1761 2156 modo

205 2176 360 2210 charitas
373 2184 426 2210 est
437 2176 579 2222 dignior
590 2176 721 2217 anima,
737 2176 949 2220 inquantum
962 2182 1015 2208 est
1029 2174 1253 2220 participatio
1266 2174 1444 2220 quaedam
1457 2174 1608 2220 Spiritus
1626 2175 1760 2209 Sancti.

759 2291 1102 2337 ARTICULUS
1137 2292 1211 2335 IV.
1697 2315 1760 2351 119

519 2388 670 2417 UTRUM
699 2388 913 2418 CHARITAS
943 2388 1010 2417 SIT
1038 2387 1192 2417 VIRTUS
1221 2387 1449 2417 SPECIALIS.

320 2462 421 2509 (Infr.
445 2475 473 2509 q.
493 2464 543 2508 58.
566 2468 630 2496 art.
653 2463 686 2497 6.
708 2467 735 2496 el
752 2475 780 2508 3.
803 2463 890 2497 Dist.
913 2474 966 2508 27.
989 2474 1018 2508 q.
1046 2473 1076 2496 2.
1099 2467 1162 2496 art.
1184 2473 1217 2506 4.
1239 2467 1267 2496 et
1295 2462 1375 2496 Virt.
1399 2475 1428 2508 q.
1450 2474 1481 2497 2.
1503 2468 1567 2497 art.
1589 2464 1649 2508 2.)-

276 2546 336 2580 AD
363 2555 549 2584 QUARTUM
577 2545 627 2578 sic
655 2544 870 2590 proceditur.
897 2544 1058 2585 Videtur,
1086 2543 1182 2589 quod
1205 2543 1359 2578 charitas
1382 2555 1455 2578 non
1478 2544 1521 2578 sit
1547 2545 1659 2578 virtus
1685 2556 1760 2591 spe·

207 2598 324 2633 cialis:
354 2598 439 2632 dicit
472 2598 568 2632 enim
599 2597 747 2631 Hieron.
782 2597 837 2641 (ex
867 2609 927 2642 qno
954 2609 1018 2631 non
1046 2598 1203 2638 occurrit,
1230 2597 1280 2630 sed
1301 2598 1374 2631 hab.
1398 2597 1475 2643 quid
1494 2597 1598 2631 simile
1619 2598 1758 2643 August.

205 2652 307 2698 Epist.
330 2652 403 2697 167.
427 2651 505 2685 olim
526 2652 620 2697 29.).·
647 2664 663 2681 α
680 2650 730 2684 Ut
750 2650 903 2684 breviter
925 2661 1072 2683 omnem
1095 2649 1232 2683 virtutis
1255 2650 1502 2684 definitionem
1526 2650 1758 2696 complectar,

204 2706 314 2738 virtus
341 2713 392 2738 est
415 2704 581 2746 charitas,
603 2715 671 2749 qua
694 2702 852 2747 diligitur
865 2703 977 2744 Deus,
993 2711 1026 2736 et
1042 2703 1225 2748 proximus
1241 2714 1278 2736 »z
1296 2711 1328 2737 et
1345 2703 1496 2749 August.
1517 2703 1602 2736 dicit
1616 2703 1651 2736 in
1666 2703 1757 2737 libro

206 2758 249 2792 de
272 2758 362 2791 Mor.
386 2758 524 2792 Eccles.
547 2757 688 2804 (implic.
712 2763 781 2803 cap.
804 2769 846 2802 15.
865 2756 918 2790 sud
938 2762 1059 2802 expres.
1079 2756 1133 2790 lib.
1156 2769 1197 2802 15.
1218 2756 1254 2791 de
1276 2756 1353 2791 Civ.
1376 2758 1452 2798 Dei,
1469 2763 1541 2803 cap.
1556 2758 1640 2801 22.)‚
1662 2756 1757 2802 quod

205 2813 309 2845 virtus
328 2817 370 2845 est
392 2811 470 2845 ordo
490 2812 636 2845 rumoris:
658 2810 718 2844 sed
738 2809 837 2843 nulla
858 2810 969 2843 virtus
992 2809 1156 2855 specialis
1178 2810 1323 2854 ponitur
1344 2810 1380 2843 in
1399 2809 1605 2844 definitione
1620 2809 1758 2844 virtutis

206 2865 409 2898 communis
427 2877 434 2906 3
457 2875 543 2909 ergo
566 2863 720 2898 charitas
742 2874 815 2897 non
837 2870 889 2897 est
910 2862 1073 2908 specialis
1096 2862 1216 2896 virtus.
