1920 3142
531 163 665 194 INDEX
698 162 926 193 SECUNDAE
960 162 1188 193 SECUNDAE
1223 163 1386 193 PARTIS.
1718 165 1742 206 7

399 243 591 276 QUAESTIO
615 243 722 270 XVIII.

314 310 353 336 De
365 316 405 346 spe
418 316 538 346 quantum
551 309 584 335 ad
596 309 732 344 subjectum
747 309 806 344 ejus.

187 378 209 396 1.
232 368 331 396 Utrum
350 378 412 405 spes
427 370 462 395 sit
477 370 504 395 in
517 369 659 395 voluntate
673 368 745 394 sicut
758 368 785 393 in
799 367 934 402 subjecto.

184 419 208 437 2.
231 411 328 437 Utrum
349 419 410 446 spes
423 412 459 436 sit
479 412 506 436 in
520 411 616 437 beatis.

186 460 209 486 3.
233 452 330 478 Utrum
346 460 407 487 spes
422 453 457 477 sit
475 453 503 477 in
523 451 668 478 damnatis,

183 502 210 526 4.
231 492 328 520 Utrum
339 502 400 529 spes
414 494 442 519 in
455 493 606 519 viatoribus
622 492 720 518 habeat
734 491 936 519 certitudinem.

415 586 608 618 QUAESTIO
629 585 708 612 XIX.

295 652 334 678 De
349 652 414 679 dono
430 653 534 683 timoris,
549 651 613 687 quod
627 651 756 687 respondet
769 651 829 686 spei.

203 727 226 745 x.
248 718 345 744 Utrum
365 718 440 743 Deus
455 717 551 743 debeat
570 718 671 742 timeri.

249 759 346 785 Utrum
365 760 449 785 timor
463 759 660 785 convenienter
674 758 810 783 dividatur
823 758 851 783 in
870 756 938 783 filia-

271 801 336 832 lem,
352 800 496 832 initialem,
511 800 649 831 servilem,
665 806 692 824 et
705 799 884 826 mundanum.

247 842 345 868 Utrum
360 843 442 867 timor
455 842 608 866 mundanus
622 849 729 875 semper
740 842 775 866 sit
794 840 892 867 malus.

247 883 345 909 Utrum
364 884 448 908 timor
460 882 566 908 servilis
581 891 688 917 semper
700 883 736 907 sit
756 882 856 909 bonus.

248 925 345 951 Utrum
371 926 406 950 sit
421 925 492 950 idem
506 925 533 949 in
547 924 700 949 substantia
715 932 775 949 curn
790 923 876 948 filiali.

248 966 345 993 Utrum
365 966 526 992 adveniente
537 965 668 991 charitate
683 965 841 991 excludatur
854 965 938 990 timor

271 1007 385 1034 servilis.

246 1048 345 1074 Utrum
365 1049 449 1074 timor
461 1048 496 1073 sit
510 1048 618 1073 initium
632 1048 793 1082 sapientiae.

247 1089 345 1115 Utrum
359 1091 442 1115 timor
456 1089 570 1115 initialis
590 1090 625 1114 sit
643 1089 716 1114 idem
736 1089 764 1114 in
784 1088 937 1114 substantia

271 1140 332 1156 cum
346 1132 445 1156 timore
459 1131 545 1156 filiali.

199 1180 226 1206 9.
247 1172 345 1198 Utrum
359 1173 442 1198 timor
455 1173 490 1197 sit
510 1173 613 1197 donum
627 1171 744 1206 Spiritus
759 1170 862 1196 Sancti.

185 1222 226 1239 xo.
247 1213 345 1239 Utrum
359 1220 463 1239 crescat
477 1220 616 1238 crescente
631 1213 772 1238 charitate.

185 1263 226 1280 11.
247 1254 345 1280 Utrum
365 1256 448 1280 timor
461 1262 569 1280 maneat
583 1255 610 1280 in
624 1255 720 1289 patria.

185 1304 226 1324 12.
248 1296 322 1327 Quid
336 1296 500 1331 respondeat
513 1297 539 1321 ei
553 1297 580 1322 in
595 1295 821 1327 beatitudinibus,
835 1301 863 1320 et
882 1294 936 1320 fru-

272 1338 371 1363 ctibus.
492 1337 500 1343 '

201 768 226 786 θ’

199 850 226 992 ,ΦΣΛΫΨ

200 1056 226 1116 ΞἉἪ

425 1432 618 1464 QUAESTIO
638 1433 703 1459 XX.

316 1498 355 1524 De
367 1503 407 1534 spe
421 1503 542 1534 quantum
557 1497 590 1523 ad
602 1498 667 1523 vitia
679 1497 808 1533 opposita.-

384 1540 499 1575 etprimo
513 1539 542 1564 de
555 1539 733 1574 desperatione.

231 1605 329 1631 Utrum
349 1605 502 1639 desperatio
523 1605 558 1629 sit
570 1610 723 1638 peccatum.

230 1646 328 1672 Utrum
343 1646 496 1680 desperatio
510 1646 599 1680 possit
615 1653 675 1670 esse
690 1645 748 1670 sine
763 1644 936 1671 infidelitate.

231 1688 329 1714 Utrum
349 1688 384 1713 sit
398 1688 546 1712 maximum
559 1694 746 1721 peccatorum.

230 1728 327 1755 Utrum
349 1729 451 1754 oriatur
463 1737 495 1753 ex
509 1728 622 1754 accidia.

182 1615 211 1762 exer?

370 1821 624 1854 QUAESTIO
652 1820 750 1847 XXI.

430 1887 470 1913 De
479 1888 690 1923 praesumptione.

230 1954 282 1980 Cui
295 1954 405 1988 objecto
420 1953 553 1978 innitatur
565 1952 762 1987 praesumptio.

229 1995 328 2022 Utrum
342 1995 526 2030 praesumptio
542 1995 577 2019 sit
590 2000 746 2028 peccatum.

203 2057 209 2063 .
229 2037 327 2063 Utrum
346 2036 531 2071 praesumptio
547 2041 702 2070 opponatur
715 2035 782 2070 spei.

203 2098 209 2104 .
229 2078 328 2104 Utrum
348 2084 474 2104 causetur
488 2085 520 2102 ex
533 2077 609 2102 inani
623 2076 721 2111 gloria.

182 1963 209 2111 *wer

406 2171 598 2203 QUAESTIO
619 2171 715 2197 XXII.

295 2238 334 2265 De
349 2239 488 2275 praeceptis
502 2238 684 2273 pertinentibus
702 2236 736 2262 ad
753 2241 829 2272 spem,

412 2285 436 2306 et
448 2279 481 2305 ad
493 2279 585 2306 donum
600 2279 704 2306 timoris.

185 2356 209 2373 t.
230 2346 328 2373 Utrum
338 2345 421 2371 fuerit
434 2345 552 2371 dandum
566 2344 678 2379 aliquod
690 2350 865 2379 praeceptum
878 2353 936 2380 per-

271 2388 362 2413 tinens
375 2387 408 2413 ad
422 2395 508 2422 spem.

183 2439 208 2456 2.
228 2429 327 2455 Utrum
346 2428 428 2454 fuerit
447 2428 565 2454 dandum
589 2427 663 2453 aliud
681 2433 855 2462 praeceptum
874 2435 935 2462 per-

270 2471 361 2496 tinens
375 2470 408 2495 ad
421 2470 560 2495 timorem.

397 2568 588 2601 QUAESTIO
610 2568 720 2594 XXIII.

343 2635 382 2660 De
395 2635 447 2670 ipsa
461 2634 582 2660 charitate
597 2633 730 2659 secundum
743 2642 775 2659 se.

204 2726 210 2732 .
230 2705 329 2732 Utrum
349 2705 466 2731 charitas
480 2706 517 2730 sit
529 2704 660 2731 amicitia.

229 2747 329 2785 Utrpm
343 2747 380 2771 sit
398 2746 500 2780 aliquid
515 2752 636 2771 creatum
651 2746 679 2770 in
693 2745 793 2770 anima.

229 2788 328 2814 Utrum
347 2788 383 2813 sit
402 2788 498 2813 virtus.

231 2829 330 2855 Utrum
350 2829 386 2854 sit
404 2829 490 2854 virtus
503 2828 640 2863 specialis.

204 2890 210 2896 .
230 2870 328 2897 Utrum
349 2871 384 2896 sit
398 2878 451 2895 una
464 2870 558 2895 virtus.

183 2715 210 2905 wimer*

991 244 1016 269 6.
1038 243 1135 270 Utrum
1156 244 1191 269 sit
1205 245 1322 270 maxima
1334 245 1476 271 virtutum.

991 293 1016 319 7.
1038 285 1135 311 Utrum
1157 286 1215 311 sine
1229 294 1260 311 ea
1270 286 1358 321 possit
1371 294 1431 311 esse
1445 286 1535 321 aliqua
1553 294 1616 313 vera
1631 287 1727 312 virtus.

992 327 1017 352 8.
1040 326 1137 352 Utrum
1157 328 1193 353 sit
1206 327 1295 353 forma
1308 328 1446 353 virtutum.

1207 428 1399 459 QUAESTIO
1424 428 1531 454 XXIV.

1064 492 1103 518 De
1117 493 1238 519 charitate
1252 494 1279 518 in
1289 495 1474 529 comparatione
1487 494 1520 519 ad
1530 494 1675 529 subjectum.

1013 571 1036 589 1.
1059 563 1157 589 Utrum
1184 564 1301 590 charitas
1327 565 1363 590 sit
1391 566 1419 590 in
1447 565 1589 591 voluntate
1620 565 1692 590 sicut
1719 566 1747 590 in

1081 606 1216 639 subjecto.

1010 655 1036 673 2.
1058 646 1155 673 Utrum
1171 647 1288 672 charitas
1303 654 1428 673 causetur
1438 648 1466 673 in
1477 647 1588 673 homine
1599 656 1631 673 ex
1641 648 1748 674 actibus

1081 689 1319 723 praecedentibus,
1334 688 1376 714 vel
1397 697 1428 714 ex
1442 689 1593 716 infusione.

1012 738 1036 763 3.
1058 729 1156 755 Utrum
1171 730 1330 755 infundatur
1343 731 1494 755 secundum
1510 731 1688 765 capacitatem
1702 739 1747 755 na-

1080 770 1219 797 turalium.

1057 811 1156 838 Utrum
1175 819 1307 846 augeatur
1321 813 1349 838 in
1363 812 1480 838 habente
1495 814 1591 847 ipsam.

1057 853 1155 879 Utrum
1175 861 1307 888 augeatur
1321 863 1368 889 per
1381 855 1561 882 additionem.

1056 895 1153 921 Utrum
1174 895 1298 930 quolibet
1312 903 1374 921 actu
1389 903 1530 930 augeatur.

1056 936 1154 962 Utrum
1174 943 1305 972 augeatur
1319 938 1346 962 in
1360 938 1506 963 infinitum.

1029 997 1036 1003 .
1058 978 1156 1003 Utrum
1173 979 1290 1003 charitas
1304 979 1364 1004 viae
1378 980 1467 1013 possit
1478 987 1538 1004 esse
1551 978 1680 1013 perfecta.

1057 1019 1156 1045 Utrum
1176 1021 1374 1046 convenienter
1389 1021 1592 1054 distinguantur
1611 1026 1665 1045 tres
1685 1029 1747 1055 gra-

1079 1062 1129 1087 dus
1141 1061 1290 1093 charitatis;
1302 1062 1419 1087 scilicet:
1432 1062 1575 1096 incipiens,
1590 1061 1747 1096 proficiens,

1081 1110 1108 1128 et
1128 1103 1258 1138 perfecta.

995 1153 1036 1171 10.
1056 1144 1155 1170 Utrum
1176 1145 1294 1170 charitas
1307 1145 1395 1179 possit
1415 1145 1539 1169 diminui.

994 1194 1035 1213 11.
1057 1186 1155 1211 Utrum
1176 1186 1292 1211 charitas
1312 1186 1396 1211 semel
1411 1186 1504 1211 habita
1522 1187 1611 1220 possit
1629 1186 1728 1211 amitti.

995 1235 1035 1253 12.
1056 1227 1155 1253 Utrum
1177 1228 1317 1253 amittatur
1341 1236 1389 1262 per
1415 1236 1499 1252 unum
1526 1234 1617 1253 actum
1642 1228 1748 1262 peccati

1081 1269 1215 1294 mortalis.

1009 1028 1035 1054 κο
1009 944 1035 1003 005
1009 821 1036 920 sume

1217 1375 1410 1406 QUAESTIO
1431 1375 1522 1401 XXV.

1071 1442 1111 1468 De
1123 1442 1253 1479 ‘charitate
1273 1446 1394 1476 quantum
1414 1441 1447 1466 ad
1467 1442 1517 1476 ejus
1537 1441 1669 1475 objectum,

1089 1493 1150 1518 quae
1164 1483 1258 1509 scilicet
1269 1484 1318 1508 sint
1331 1492 1359 1508 ex
1373 1482 1494 1508 charitate
1509 1482 1648 1517 diligenda.

1013 1563 1036 1580 1.
1057 1554 1155 1580 Utrum
1176 1553 1252 1579 solus
1272 1554 1347 1579 Deus
1368 1555 1403 1579 sit
1423 1562 1455 1578 ex
1475 1553 1606 1579 charitate
1633 1552 1748 1588 diligen·

1082 1596 1142 1627 dus,
1163 1595 1205 1621 ve]
1227 1596 1309 1620 etiam
1324 1595 1473 1629 proximus.

1011 1645 1036 1663 2.
1056 1636 1155 1662 Utrum
1177 1636 1293 1662 charitas
1308 1637 1343 1661 sit
1363 1644 1395 1660 ex
1410 1636 1541 1661 charitate
1555 1635 1703 1670 diligenda.

1012 1687 1036 1712 3.
1056 1678 1156 1704 Utrum
1177 1684 1315 1703 creaturae
1338 1676 1510 1702 irrationales
1533 1677 1588 1702 sint
1608 1686 1640 1702 ex
1660 1677 1748 1702 chari-

1081 1726 1136 1744 tate
1152 1719 1318 1753 diligendae.

1009 1769 1036 1793 4.
1056 1760 1155 1786 Utrum
1175 1760 1274 1794 aliquis
1299 1768 1331 1785 ex
1357 1760 1489 1786 charitate
1514 1760 1602 1794 possit
1628 1760 1749 1794 seipsum

1081 1801 1205 1836 diligere.

1012 1851 1036 1876 5.
1057 1842 1156 1868 Utrum
1175 1843 1264 1877 possit
1291 1851 1322 1868 ex
1349 1842 1480 1868 charitate
1510 1841 1623 1877 diligere
1649 1850 1749 1877 corpus

1080 1885 1229 1919 proprium.

1056 1925 1155 1951 Utrum
1168 1932 1328 1960 peccatores
1342 1926 1397 1950 sint
1411 1933 1444 1950 ex
1458 1924 1589 1950 charitate
1603 1924 1746 1960 diligendi.

1030 1987 1035 1992 .
1057 1966 1155 1992 Utrum
1175 1973 1335 2001 peccatores
1350 1967 1457 2001 seipsos
1472 1966 1597 2001 diligant.

1056 2008 1155 2034 Utrum
1175 2009 1281 2033 inimici
1301 2009 1357 2033 sint
1377 2016 1408 2033 ex
1423 2007 1554 2032 charitate
1574 2007 1717 2042 diligendi.

1055 2049 1165 2081 Utrum,
1186 2050 1241 2075 sint
1261 2050 1300 2074 eis
1315 2050 1395 2083 signa
1409 2050 1546 2074 amicitiae
1561 2048 1720 2074 exhibenda.

994 2099 1034 2116 10.
1056 2091 1153 2116 Utrum
1173 2090 1265 2126 angeli
1279 2091 1335 2116 sint
1348 2099 1379 2115 ex
1394 2090 1526 2116 charitate
1539 2090 1681 2125 diligendi.

994 2141 1032 2158 11.
1056 2132 1154 2158 Utrum
1169 2133 1328 2157 daemones,

994 2181 1034 2199 12.
1056 2173 1154 2199 Utrum
1166 2174 1363 2199 convenienter
1377 2179 1571 2198 enumerentur
1585 2178 1702 2207 quatuor
1715 2180 1748 2197 ex

1081 2215 1211 2241 charitate
1219 2214 1368 2248 diligenda;
1379 2214 1494 2240 scilicet:
1504 2213 1589 2246 Deus,
1598 2214 1747 2248 proximus,

1081 2264 1180 2291 corpus
1193 2257 1344 2291 proprium,
1358 2262 1385 2280 et
1399 2255 1513 2290 nosipsi.

1009 1926 1035 2034 awa*

1008 2058 1034 2083 *Ρ

1209 2366 1400 2398 QUAESTIO
1420 2366 1526 2392 XXVI.

1018 2433 1057 2459 De
1072 2433 1193 2458 charitate
1208 2437 1329 2467 quantum
1343 2431 1376 2457 ad
1390 2431 1502 2458 ordt'nem
1517 2430 1710 2465 clt'lz'gendorum.

1012 2506 1035 2524 1.
1056 2497 1154 2523 Utrum
1175 2496 1273 2532 aliquis
1293 2497 1361 2523 ordo
1376 2497 1411 2522 sit
1431 2497 1458 2522 in
1474 2496 1614 2522 charitate.

1010 2547 1035 2565 2.
1056 2539 1155 2565 Utrum
1184 2539 1269 2564 homo
1297 2538 1394 2563 debeat
1423 2538 1511 2562 Deum
1538 2537 1598 2571 plus
1622 2536 1746 2572 diligere,

1080 2589 1160 2614 quam
1174 2580 1337 2614 proximum.

1012 2630 1036 2655 3.
1058 2621 1156 2647 Utrum
1176 2621 1248 2656 plus,
1263 2630 1343 2655 quarn
1358 2621 1487 2654 seipsum.

1009 2671 1036 2695 4.
1055 2662 1153 2688 Utrum
1174 2670 1202 2687 se
1218 2662 1288 2696 plus,
1303 2670 1382 2696 quam
1397 2661 1559 2695 proximum.

1012 2711 1036 2737 5.
1057 2703 1156 2729 Utrum
1171 2703 1268 2728 debeat
1281 2703 1366 2727 homo
1381 2702 1442 2736 plus
1457 2702 1569 2736 diligere
1583 2702 1746 2736 proximum,

1082 2753 1161 2779 quam
1183 2752 1281 2778 corpus
1296 2744 1445 2778 proprium.

1011 2787 1037 2812 6.
1057 2786 1156 2812 Utrum
1177 2785 1237 2819 plus
1251 2794 1335 2810 unum
1348 2785 1513 2820 proximum,
1529 2793 1608 2819 quam
1622 2784 1716 2810 alium.

1011 2836 1037 2861 7.
1058 2827 1157 2853 Utrum
1168 2826 1229 2861 plus
1239 2827 1392 2861 proximum
1403 2825 1558 2858 meliorem,
1569 2835 1648 2861 quam
1659 2826 1746 2861 magis

1084 2868 1135 2894 sibi
1151 2868 1338 2902 conjunctum.
