1859 3122
178 135 263 191 814
590 145 809 180 QUAESTIO
845 144 960 173 CXIX.
993 143 1236 173 ARTICULUS
1268 143 1312 172 11.

178 228 304 268 bonae,
331 237 447 272 neque
477 225 564 259 boni
594 225 717 270 gratia,
744 236 861 270 neque
892 224 1090 258 secundum
1118 224 1213 269 quod
1240 231 1399 269 oportet:
1427 223 1487 257 sed
1510 223 1725 269 quandoque

178 281 263 314 dant
283 279 395 313 multa
417 278 498 319 illis,
521 289 610 323 quos
630 285 812 324 oporteret
833 288 1005 323 pauperes
1028 287 1123 318 esse;
1146 276 1300 310 scilicet:
1327 275 1570 318 histrionibus,
1592 284 1626 310 et
1647 275 1727 309 adu-

178 332 373 373 latoribus3
395 331 498 364 bonis
522 339 642 364 autem
663 330 753 364 nihil
774 330 859 363 dant
879 343 910 363 n.

248 385 307 418 AD
335 394 506 418 TERTiuM
528 383 731 425 dicendum,
754 382 849 428 quod
872 393 1146 428 superexcessus
1168 381 1428 427 prodigalitatis
1449 392 1522 415 non
1538 381 1728 415 attenditur

178 437 420 484 principaliter
446 437 645 471 secundum
673 437 907 482 quantitatem
941 436 1024 477 dati,
1051 436 1112 469 sed
1146 435 1261 480 magis
1286 435 1498 480 inquantum
1532 435 1669 468 excedit
1693 434 1728 468 id

178 491 274 536 quod
301 490 375 524 fieri
398 498 560 536 oportet:
584 490 677 523 unde
699 490 915 535 quandoque
934 488 1090 522 liberalis
1112 489 1248 533 majora
1272 488 1343 529 dat,
1367 499 1475 533 quarn
1497 487 1679 534 prodigus,
1698 488 1728 521 si

178 544 421 577 necessarium
449 543 512 585 sit;
541 543 591 576 sic
627 554 712 588 ergo
736 542 927 576 dicendum
963 550 1025 583 est,
1059 541 1155 587 quod
1181 541 1233 574 illi
1259 541 1319 586 qui
1339 541 1537 575 intentione
1558 539 1730 586 sequendi

180 596 366 631 Christum
402 596 524 630 omnia
545 607 609 630 sua
629 596 724 636 dant,
753 603 787 629 et
812 595 853 628 ab
888 595 1009 628 animo
1032 605 1096 628 suo
1120 605 1267 628 omnem
1302 593 1556 640 temporalium
1577 593 1731 627 solicitu-

181 650 302 684 dinem
324 661 449 684 remox
454 657 524 690 ent,
545 660 619 682 non
641 656 723 682 sunt
742 648 894 693 prodigi,
921 648 981 681 sed
1004 647 1160 694 perfecte
1186 647 1362 681 liberales.

733 787 1075 833 ARTICULUS
1103 787 1180 829 ΠΙ.
1664 795 1732 831 606

213 897 365 926 UTRUM
393 896 713 926 PRomGALITAs
747 896 813 925 SIT
842 895 1024 925 GRAVIUS
1058 892 1308 933 PECCATUM,
1335 892 1458 928 QUAM
1483 891 1701 922 AVARITIA.

277 984 391 1030 (Szipr.
419 995 448 1028 q.
470 994 541 1029 107.
570 989 634 1018 art.
657 995 687 1018 2.
707 988 736 1018 et
753 995 782 1029 q.
804 984 872 1018 118.
895 987 958 1016 art.
976 994 1005 1028 5.
1027 982 1069 1015 ad
1090 994 1113 1026 3.
1136 986 1163 1015 et
1178 981 1262 1015 Mal.
1284 992 1314 1026 q.
1336 992 1378 1026 13.
1406 984 1468 1014 art.
1484 991 1514 1014 2.
1530 979 1571 1013 ad
1589 991 1639 1014 10.

688 1041 715 1070 et
735 1048 767 1080 4.
784 1036 858 1070 ΕΗ).
881 1036 951 1070 lect.
977 1046 1009 1079 4.
1032 1040 1061 1070 et
1078 1035 1147 1069 lect.
1165 1035 1222 1080 5.).
1547 1047 1549 1049 ·

254 1123 313 1157 AD
341 1132 511 1157 TERTIUM
538 1122 587 1156 sic
614 1122 828 1168 proceditur.
855 1121 1015 1162 Videtur,
1043 1121 1139 1166 quod
1165 1119 1397 1166 prodigalitas
1419 1118 1464 1153 sit
1489 1118 1631 1164 gravius
1656 1129 1735 1164 pec·

184 1184 316 1217 catum,
340 1187 446 1222 quam
471 1175 635 1208 avaritia:
655 1186 718 1221 per
744 1174 930 1208 avaritiam
954 1174 1051 1208 enim
1074 1173 1201 1219 aliquis
1222 1181 1330 1206 nocet
1357 1171 1535 1218 proximo,
1562 1171 1619 1205 cui
1639 1171 1735 1205 bona

183 1241 246 1263 sua
261 1241 334 1263 non
351 1228 616 1262 communicat:
632 1240 693 1273 per
703 1227 992 1274 prodigalitatem
1007 1234 1127 1260 autem
1149 1226 1226 1272 quis
1240 1225 1306 1259 sibi
1317 1225 1383 1271 ipsi
1397 1233 1520 1259 nocet:
1532 1224 1617 1258 dicit
1638 1224 1735 1269 enirn

183 1282 319 1316 Philos.
354 1282 389 1314 in
419 1292 451 1324 4.
479 1281 594 1314 Ethic.
621 1283 708 1326 (cap.
735 1282 778 1324 1.)
811 1281 907 1325 quod
937 1293 954 1311 (1
977 1279 1158 1324 corruptio
1182 1279 1397 1319 divitiarum,
1427 1289 1490 1323 per
1511 1288 1599 1322 quas
1620 1277 1734 1311 homo

183 1335 281 1376 vivit,
304 1343 357 1368 est
373 1335 549 1380 quaedam
572 1334 680 1379 ipsius
708 1344 784 1366 esse
810 1333 995 1378 perditio»
1015 1345 1023 1366 .·
1044 1332 1187 1377 gravius
1210 1339 1330 1365 autem
1351 1339 1488 1376 peccat,
1510 1330 1568 1375 qui
1591 1330 1736 1375 sibiipsi

184 1396 303 1428 nocet,
319 1387 516 1421 secundum
539 1386 625 1419 illud
645 1386 755 1419 Eccli.
779 1395 849 1427 14.:
867 1386 937 1429 Qui
950 1386 1012 1419 silvi
1032 1396 1170 1429 mquam
1184 1389 1238 1425 cst,
1254 1385 1306 1418 cici
1321 1385 1420 1418 bonus
1437 1385 1498 1417 erit
1512 1384 1528 1417 ?
1548 1383 1644 1428 Ergo
1659 1393 1737 1428 pro-

185 1441 349 1487 digalitas
372 1449 424 1474 est
445 1440 587 1485 gravius
606 1448 807 1484 peccatum,
834 1449 943 1484 quam
965 1438 1122 1471 avaritia.

257 1504 287 1528 2.
307 1494 541 1528 PRAETEREA.
572 1492 806 1533 Inordinatio,
838 1502 929 1537 quae
951 1491 1115 1536 provenit
1138 1501 1221 1523 cum
1248 1489 1366 1535 aliqua
1392 1489 1599 1523 conditione
1619 1487 1738 1522 lauda—

186 1547 260 1588 bili,
283 1547 400 1580 minus
424 1554 476 1580 est
505 1545 653 1579 vitiosa:
680 1545 742 1578 sed
763 1544 981 1578 inordinatio
1005 1543 1174 1576 avaritiae
1201 1543 1416 1588 quandoque
1439 1550 1492 1576 est
1513 1553 1596 1575 cum
1619 1540 1738 1586 aliqua

185 1599 355 1634 laudabili
374 1599 599 1640 conditione3
621 1606 658 1631 ut
679 1605 775 1644 patet
795 1597 831 1630 in
853 1597 921 1631 illis
949 1597 1009 1642 qui
1027 1596 1154 1630 nolunt
1179 1607 1241 1629 sua
1264 1596 1473 1641 expendere,
1499 1607 1544 1629 ne
1564 1602 1739 1640 cogantur

187 1653 305 1699 aliqua
327 1653 510 1698 accipere:
537 1651 797 1697 prodigalitatis
825 1658 946 1684 autem
980 1649 1197 1683 inordinatio
1232 1649 1398 1695 provenit
1425 1660 1507 1682 cum
1530 1648 1738 1682 conditione

186 1705 427 1752 vituperabili3
449 1705 543 1739 unde
570 1712 604 1738 et
632 1703 923 1750 prodigalitatem
945 1703 1169 1737 attribuimus
1191 1702 1437 1748 intemperatis
1458 1701 1678 1742 hominibus,
1700 1708 1738 1735 ut

187 1759 325 1795 Philos.
349 1759 432 1793 dicit
457 1759 494 1792 in
519 1768 552 1801 4.
578 1758 694 1792 Ethic.
717 1757 803 1803 (cap.
829 1757 889 1801 I.)‚·
918 1768 1005 1802 ergo
1031 1756 1264 1802 prodigalitas
1291 1763 1343 1790 est
1368 1755 1510 1801 gravius
1537 1762 1738 1800 peccatum,

187 1824 295 1859 quam
323 1812 481 1846 avaritia.

261 1877 289 1911 3.
312 1865 548 1899 PRAETEREA.
570 1863 764 1898 Prudentia
794 1863 985 1909 praecipua
1013 1871 1065 1897 est
1097 1863 1188 1896 inter
1210 1862 1366 1896 morales
1389 1862 1548 1903 virtutes,
1575 1869 1613 1895 ut
1633 1871 1739 1907 supra

187 1918 350 1952 habitum
370 1926 422 1952 est
444 1918 489 1963 (q.
508 1918 561 1963 56.
580 1922 644 1951 art.
666 1929 693 1951 1.
716 1917 757 1950 ad
783 1929 809 1951 1.
832 1921 860 1950 et
885 1927 949 1951 1-2.
977 1927 1006 1961 q.
1030 1916 1080 1950 61.
1108 1921 1172 1950 art.
1200 1927 1231 1950 2.
1254 1915 1295 1949 ad
1314 1916 1358 1960 1.)
1376 1928 1386 1949 .·
1420 1915 1481 1948 sed
1507 1913 1740 1960 prodigalitas

189 1971 303 2016 magis
331 1971 523 2016 opponitur
542 1970 760 2030 prudentiae,
780 1981 888 2015 quarn
911 1969 1058 2003 avaritia
1075 1982 1081 2003 :
1101 1969 1229 2002 dicitur
1251 1968 1347 2001 enim
1365 1968 1471 2001 Prov.
1494 1977 1568 2002 21.:
1598 1967 1740 2001 Thesau-

190 2036 243 2058 1ch
261 2024 296 2058 de
298 2024 361 2058 sid
367 2024 542 2064 ›·a11ilis‚at
563 2024 667 2058 oleum
690 2025 723 2057 in
742 2023 927 2057 habitaculo
947 2023 1040 2067 justi,
1061 2027 1088 2056 el
1111 2021 1297 2068 imprudens
1322 2021 1416 2055 homo
1438 2021 1608 2066 dissipabit
1634 2019 1739 2060 illud,-

190 2085 224 2111 et
249 2076 383 2110 Philos.
407 2076 520 2110 dicit
512 2088 547 2109 m
569 2086 601 2118 4.
628 2075 944 2122 Etliic.(cap.1.)
980 2075 1075 2120 quod
1106 2074 1305 2133 insipientis
1333 2082 1385 2107 est
1411 2072 1742 2119 superabundanter

189 2130 284 2171 dare,
319 2138 353 2164 et
374 2141 447 2163 non
475 2129 656 2174 accipere3
683 2140 769 2174 ergo
792 2128 1025 2175 prodigalitas
1052 2135 1104 2161 est
1130 2127 1272 2172 gravius
1299 2134 1502 2173 peccatum,
1528 2137 1637 2172 quam
1664 2135 1742 2159 ava-

188 2182 279 2217 ritia.

262 2235 336 2269 SED
359 2245 512 2270 CONTRA
540 2242 603 2276 est,
626 2235 721 2280 quod
744 2234 879 2268 Philos.
903 2234 986 2268 dicit
1012 2234 1048 2267 in
1073 2243 1106 2276 4.
1133 2233 1292 2267 Ethicor.
1317 2232 1429 2277 (ibid.)
1451 2231 1547 2278 quod
1569 2230 1740 2277 prodigus

191 2288 306 2323 multo
328 2289 467 2322 videtur
488 2288 618 2322 melior
639 2287 787 2321 liberali.

261 2342 488 2376 Rssspoumzo
512 2340 716 2382 dicendum,
732 2340 827 2385 quod
849 2339 1080 2386 prodigalitas
1095 2339 1294 2373 secundum
1315 2350 1352 2373 se
1375 2337 1600 2372 considerata
1619 2337 1737 2371 minus

191 2403 381 2441 peccatum
409 2402 472 2436 est,
506 2405 614 2440 quarn
641 2393 800 2434 avaritia,
835 2401 868 2427 et
901 2393 972 2427 hoc
1006 2392 1136 2439 triplici
1161 2392 1317 2426 ratione:
1343 2392 1454 2437 primo
1482 2390 1626 2437 quidem
1661 2390 1743 2436 quia

192 2448 339 2482 avaritia
363 2448 477 2493 magis
496 2446 612 2480 differt
634 2458 653 2480 a
682 2447 808 2480 virtute
831 2446 1019 2491 opposita:
1042 2446 1158 2491 magis
1191 2445 1287 2479 enim
1315 2444 1358 2478 ad
1385 2443 1570 2478 liberalem
1591 2443 1743 2489 pertinet

193 2501 287 2542 dare,
303 2502 337 2534 in
354 2512 424 2546 quo
445 2500 709 2546 superabundat
727 2499 908 2544 prodigus,
925 2511 1032 2544 quam
1056 2499 1230 2544 accipere,
1247 2497 1305 2531 vel
1322 2497 1485 2538 retinere,
1504 2496 1540 2530 in
1553 2507 1624 2542 quo
1644 2506 1743 2541 supe-

193 2554 369 2588 rabundat
391 2565 536 2587 avarus:
558 2553 708 2594 secundo,
731 2552 813 2597 quia
835 2552 1004 2597 prodigus
1027 2560 1079 2586 est
1100 2551 1220 2585 multis
1243 2550 1349 2592 utilis,
1371 2550 1497 2596 quibus
1519 2550 1595 2590 dat;
1618 2559 1744 2582 avarus

194 2616 314 2641 autem
336 2607 436 2649 nulli,
459 2607 520 2641 sed
542 2617 608 2640 nec
630 2606 697 2640 sibi
717 2605 795 2650 ipsi,
819 2613 855 2638 ut
877 2605 1004 2638 dicitur
1025 2606 1060 2638 in
1075 2615 1107 2647 4.
1123 2604 1237 2638 Ethic.
1253 2604 1328 2647 (loc.
1345 2604 1428 2646 cit.):
1446 2604 1551 2644 tertio,
1570 2602 1651 2647 quia
1666 2611 1744 2646 pro-

194 2661 358 2706 digalitas
381 2669 433 2694 est
454 2659 558 2694 facile
581 2658 765 2699 sanabilis;
781 2666 815 2691 et
829 2670 890 2703 per
909 2658 978 2691 hoc
1002 2659 1097 2703 quod
1120 2657 1275 2691 declinat
1297 2657 1339 2690 ad
1363 2664 1517 2690 aetatem
1539 2654 1742 2696 senectutis,

194 2726 284 2759 quae
307 2722 358 2748 est
381 2715 559 2747 contraria
582 2711 843 2758 prodigalitati;
866 2718 900 2744 et
926 2722 988 2756 per
1013 2711 1083 2744 hoc
1107 2712 1202 2756 quod
1225 2710 1386 2756 pervenit
1407 2710 1449 2743 ad
1477 2717 1672 2754 egestatem
1700 2708 1742 2742 de

194 2767 301 2809 facili,
324 2767 409 2800 dum
432 2766 544 2800 multa
566 2765 737 2800 inutiliter
751 2764 942 2805 consumit,
959 2772 992 2797 et
1007 2764 1055 2797 sic
1073 2775 1206 2809 pauper
1220 2763 1333 2797 factus
1347 2774 1421 2797 non
1435 2770 1553 2808 potest
1570 2762 1605 2794 in
1625 2760 1743 2795 dando

195 2820 503 2866 superabundare3
527 2827 561 2853 et
583 2819 691 2853 etiam
713 2818 795 2864 quia
817 2817 860 2851 de
882 2816 978 2850 facili
1000 2816 1204 2862 perducitur
1226 2816 1268 2850 ad
1290 2816 1469 2856 virtutem,
1488 2822 1632 2860 propter
1650 2813 1743 2847 sirni-
