1859 3122
506 184 725 220 QUAE5T1o
760 184 859 214 xcv.
893 183 1135 214 ARTICULus
1170 183 1196 212 1.
1547 171 1625 223 671

602 427 956 487 QUAESTIO
998 426 1158 473 XCV.

103 548 166 580 DE
193 548 562 580 SUPERSTITIONE
589 549 887 589 DIVINATIVA,
918 549 969 579 IN
997 548 1118 579 OCTO
1144 546 1404 578 ARTICULOS
1432 546 1606 577 DIVISA.

148 685 279 721 Postea
301 687 603 722 considerandum
626 696 678 722 est
699 688 742 722 de
763 688 1016 735 superstitione
1038 687 1242 722 divinativa.

575 778 616 812 Et
638 779 727 812 circa
748 777 806 812 hoc
827 782 1030 823 quaeruntur
1056 783 1137 812 octo.

149 846 283 882 Primo.
308 847 439 882 Utrum
462 848 634 882 divinatio
656 848 701 882 sit
721 856 922 894 peccatum.

150 900 329 935 Secundo.
353 901 483 935 Utrum
506 902 549 935 sit
570 902 706 947 species
727 901 1000 947 superstitionis.

150 953 286 988 Tertio.
309 955 365 989 De
386 954 571 1001 speciebus
593 954 834 988 divinationis.

152 1007 303 1047 Quarto.
326 1008 381 1042 De
404 1007 635 1049 divinatione,
657 1018 748 1053 quae
770 1007 808 1041 fit
829 1018 891 1053 per
912 1006 1120 1041 daemones.

151 1060 302 1101 Quinto.
324 1061 379 1095 De
401 1061 632 1102 divinatione,
654 1071 746 1106 quae
768 1060 806 1094 fit
831 1072 893 1106 per
916 1068 1020 1094 astra.

149 1114 270 1148 Sexto.
291 1115 347 1148 De
375 1114 606 1155 divinatione,
625 1125 716 1160 quae
739 1113 776 1147 fit
798 1125 860 1160 per
881 1113 1036 1147 somnia.

149 1166 323 1212 Septimo.
345 1167 401 1201 De
423 1167 655 1209 divinatione,
678 1178 769 1213 quae
791 1167 829 1201 fit
850 1178 913 1213 per
935 1166 1096 1212 auguria,
1119 1174 1153 1200 et
1180 1165 1266 1200 alias
1288 1165 1498 1211 hujusmodi
1519 1166 1637 1200 obser-

78 1220 252 1255 vationes.

151 1273 306 1309 Octavo.
327 1273 383 1308 De
406 1273 638 1316 divinatione,
661 1284 752 1320 quae
774 1273 813 1308 fit
829 1284 892 1320 per
913 1281 1038 1308 sortes.

640 1414 984 1460 ARTICULUS
1019 1414 1055 1458 I.
1569 1434 1630 1468 505

456 1522 609 1552 UTRUM
640 1522 872 1552 DIVINATIO
906 1523 972 1551 SIT
1005 1521 1255 1551 PECCATUM.

81 1609 128 1652 (2.
146 1609 235 1643 Dist.
253 1621 297 1654 15.
320 1620 349 1654 q.
368 1621 395 1643 1.
416 1614 479 1643 art.
498 1620 525 1654 3.
549 1609 590 1643 ad
611 1620 643 1653 4.
662 1614 690 1644 et
708 1609 763 1643 lib.
782 1621 809 1655 3.
835 1608 952 1643 Contr.
973 1620 1003 1654 g.
1018 1614 1205 1655 cap.154.et
1222 1608 1287 1643 Isa.
1305 1620 1332 1654 3.
1355 1608 1423 1642 lect.
1442 1619 1475 1652 4.
1492 1607 1635 1654 priua).

149 1696 209 1730 AD
235 1706 384 1731 PRIMUM
421 1696 472 1730 sic
506 1696 721 1742 proceditur.
743 1696 905 1738 Videtur,
927 1696 1024 1742 quod
1058 1696 1230 1730 divinatio
1257 1707 1331 1730 non
1353 1696 1397 1730 sit
1420 1703 1634 1742 peccatum:

79 1749 249 1784 divinatio
277 1749 374 1783 enim
396 1749 437 1783 ab
461 1748 582 1795 aliquo
605 1749 726 1783 divino
748 1750 975 1792 nominatur3
998 1749 1059 1783 sed
1081 1761 1123 1783 ea
1145 1760 1237 1795 quae
1255 1757 1337 1783 sunt
1358 1749 1490 1790 divina,
1517 1749 1634 1794 magis

80 1801 123 1836 ad
145 1803 372 1836 sanctitatem
392 1802 581 1848 pertinent,
605 1813 713 1848 quam
742 1803 785 1836 ad
807 1811 1015 1849 peccatum;
1054 1814 1140 1848 ergo
1167 1802 1318 1844 videtur,
1346 1802 1442 1848 quod
1464 1802 1637 1836 divinatio

79 1866 153 1889 non
168 1855 212 1889 sit
233 1864 435 1901 peccatum.

152 1918 183 1942 2.
206 1908 442 1943 PRAETEREA.
469 1908 622 1954 August.
645 1908 731 1942 dicit
751 1909 787 1942 in
813 1908 872 1942 lib.
904 1920 931 1943 1.
955 1909 998 1943 de
1025 1909 1101 1942 Lib.
1129 1909 1244 1943 Arbit.
1268 1908 1355 1955 (cap.
1374 1919 1402 1943 1.
1425 1913 1497 1943 ante
1517 1908 1637 1954 med).-

83 1973 100 1992 <‹
124 1960 215 2001 Quis
237 1961 366 1996 audeat
387 1961 517 2002 dicere,
536 1961 763 2007 disciplinam
785 1973 862 1996 esse
884 1961 1046 1996 malum?
1067 1975 1106 2005 »3
1129 1970 1164 1996 et
1183 1962 1331 1996 iterum:
1356 1975 1374 1994 «
1392 1961 1504 1996 Nullo
1526 1962 1637 1996 modo

82 2014 244 2056 dixerim,
263 2014 421 2060 aliquam
443 2014 720 2059 intelligentiam
742 2014 877 2048 malam
900 2026 976 2049 esse
998 2027 1104 2061 posse
1119 2027 1156 2049 »2
1188 2015 1249 2050 sed
1275 2014 1416 2061 aliquae
1443 2023 1534 2049 artes
1557 2023 1639 2050 sunt

83 2067 310 2110 divinativae,
333 2076 370 2102 ut
391 2076 487 2114 patet
508 2079 571 2114 per
592 2067 727 2103 Philos.
754 2069 791 2102 in
817 2068 876 2102 lib.
899 2068 942 2102 de
963 2069 1117 2105 Memor.
1140 2069 1230 2116 (cap.
1253 2081 1279 2103 I.
1297 2075 1423 2115 parum
1444 2080 1463 2103 a
1483 2070 1637 2115 μήνιε).-

80 2120 220 2154 videtur
243 2121 355 2154 etiarn
390 2121 466 2166 ipsa
493 2121 665 2155 divinatio
692 2121 736 2155 ad
763 2121 922 2168 aliquam
952 2121 1229 2168 intelligentiam
1258 2122 1416 2156 veritatis
1443 2122 1638 2168 pertinere;

82 2184 170 2218 ergo
192 2173 343 2215 videtur,
365 2174 461 2219 quod
484 2174 656 2208 divinatio
678 2186 751 2209 non
779 2175 823 2209 sit
843 2183 1046 2221 peccatum.

158 2237 186 2272 3.
206 2226 441 2261 PRAETEREA.
468 2227 649 2261 Naturalis
682 2227 867 2262 inclinatio
889 2239 963 2262 non
985 2236 1039 2263 est
1059 2228 1102 2262 ad
1124 2228 1271 2274 aliquod
1298 2227 1456 2270 malum3
1478 2228 1560 2274 quia
1582 2240 1639 2262 na-

80 2287 159 2313 tura
188 2290 261 2313 non
289 2279 437 2314 inclinat
470 2280 538 2314 nisi
567 2281 611 2314 ad
644 2280 760 2315 simile
782 2281 867 2324 sibi3
889 2281 952 2316 sed
978 2293 1019 2316 ex
1045 2281 1199 2316 naturali
1219 2281 1452 2316 inclinatione
1471 2282 1638 2316 homines

81 2332 305 2366 solicitantur
336 2344 571 2378 praenoscere
605 2333 742 2368 futuros
770 2342 934 2377 eventus,
974 2335 1069 2381 quod
1099 2335 1252 2380 pertinet
1289 2334 1332 2368 ad
1359 2334 1638 2376 divinationem,

82 2397 168 2431 ergo
191 2386 363 2420 divinatio
386 2397 459 2420 non
487 2394 540 2420 est
561 2395 761 2431 peccatum.

153 2439 227 2473 SED
243 2449 397 2473 CONTRA
419 2447 482 2481 est,
516 2439 612 2484 quod
647 2440 775 2474 dicitur
799 2441 906 2475 Deut.
934 2441 1004 2475 18.:
1033 2442 1109 2476 Non
1136 2442 1178 2475 sit
1203 2442 1259 2486 qni
1286 2441 1445 2486 Pythonas
1476 2440 1636 2481 consulat,

79 2503 177 2538 nequa
197 2492 346 2533 divinos;
371 2494 453 2526 etin
474 2493 617 2527 Decret.
641 2491 694 2527 26.
707 2505 738 2539 q.
759 2504 785 2539 ς.
799 2494 943 2541 (cap.2.)
968 2495 1113 2529 dicitur:
1140 2508 1157 2526 «
1179 2495 1253 2535 Qui
1275 2494 1514 2528 divinationes
1530 2504 1631 2538 expe-

79 2545 181 2587 tiunt,
203 2545 265 2580 sub
286 2545 409 2591 regula
440 2546 684 2591 quinquennii,
717 2548 869 2592 Jaceant‚
900 2548 1099 2582 secundum
1127 2548 1257 2593 gradus
1285 2547 1526 2593 poenitentiae
1553 2546 1635 2580 defi-

80 2606 174 2632 mtos
201 2612 231 2631 ›>.

150 2651 378 2686 RESPONDEO
406 2652 609 2694 dicendum,
640 2653 736 2698 quod
769 2654 918 2688 nomine
953 2654 1182 2688 divinationis
1210 2653 1422 2697 intelligitur
1455 2652 1633 2698 quaedam

80 2705 342 2750 praenuntiatio
365 2704 578 2739 futurorum.
601 2705 732 2739 Futura
754 2715 874 2741 autem
896 2707 1070 2754 dupliciter
1084 2706 1273 2752 praenosci
1295 2713 1464 2751 possunt:
1489 2717 1551 2739 mlo
1567 2706 1639 2751 qui-

82 2758 163 2791 dem
184 2758 277 2792 modo
299 2759 335 2792 in
358 2759 429 2793 suis
451 2759 582 2793 causis:
606 2759 671 2793 alio
693 2759 787 2793 modo
813 2760 850 2793 in
876 2760 1013 2806 seipsis.
1041 2760 1183 2794 Causae
1211 2767 1331 2793 autem
1358 2758 1559 2792 futurorum
1583 2759 1639 2792 tri-

80 2811 214 2856 pliciter
242 2822 279 2845 se
303 2812 447 2846 habent.
478 2811 651 2856 chacdam
682 2812 778 2846 enim
799 2813 1003 2859 producunt
1024 2824 1064 2846 ex
1089 2812 1301 2846 necessitate
1330 2820 1363 2845 et
1389 2823 1531 2858 semper
1556 2822 1641 2845 suos

88 2862 250 2898 effectus:
273 2871 306 2898 et
343 2864 551 2910 hujusmodi
581 2864 728 2900 effectus
757 2864 864 2900 futuri
896 2877 959 2912 per
993 2865 1241 2900 certitudinem
1268 2865 1468 2911 praenosci,
1490 2872 1524 2899 et
1544 2875 1641 2911 prae-
