1859 3122
200 201 310 256 1236
567 211 787 246 QUAESTIO
823 209 1026 240 CLXXXVI.
1060 209 1306 240 ARTICULUS
1339 209 1379 237 X.

192 294 308 335 bonis,
336 304 427 339 quae
453 291 549 334 facit,
577 300 611 326 et
636 292 665 326 si
690 291 734 325 sit
760 291 926 333 mortale,
953 290 1093 325 facilius
1120 291 1162 324 ab
1191 301 1234 324 eo
1262 290 1432 336 resurgit:
1460 291 1578 337 primo
1605 290 1752 337 quidem

191 355 337 394 propter
358 346 610 386 intentionem,
633 356 742 390 quam
763 345 873 378 habet
892 353 1029 378 rectam
1053 343 1096 378 ad
1117 344 1258 386 Deum;
1280 355 1372 389 quae
1395 343 1461 377 etsi
1483 344 1526 378 ad
1547 344 1679 378 horam
1703 343 1755 378 in·

191 399 410 445 tercipiatur‚
432 398 475 432 de
496 397 595 432 facili
617 398 660 432 ad
682 397 830 443 pristina
852 405 1053 443 reparatur:
1075 397 1170 431 unde
1192 407 1298 443 super
1318 395 1407 430 illud
1425 396 1484 432 Ps.
1507 395 1579 442 36.:
1603 396 1690 432 Cum
1709 409 1755 432 ce-

193 453 319 494 ciderit,
342 464 407 486 non
429 451 613 494 collidetur,
635 450 722 485 dicit
744 450 894 496 Origen.
916 451 1017 495 (hom.
1039 462 1072 495 4.
1095 451 1130 484 in
1151 451 1236 484 hunc
1257 450 1376 494 Psal.).·
1403 462 1420 481 «
1445 449 1602 496 Injustus
1623 450 1653 484 si
1673 461 1754 496 pec-

193 506 338 547 caverit,
359 516 434 539 non
456 505 628 551 poenitet,
651 511 684 538 et
705 512 896 550 peccatum
917 515 1023 538 suum
1042 503 1237 537 emendare
1258 504 1392 537 nescit:
1414 503 1527 549 justus
1550 510 1671 537 autem
1685 503 1754 538 scit

193 558 399 600 emendare,
422 558 490 592 scit
511 557 712 603 corrigere:
735 557 827 592 sicut
847 556 907 590 ille
930 557 991 602 qui
1013 557 1165 591 dixerat:
1198 557 1313 591 Nescio
1342 556 1518 598 hominem,
1542 555 1651 602 paulo
1672 564 1756 602 post

193 624 275 646 cum
298 619 483 657 respectus
504 610 628 645 fuisset
650 622 669 644 a
694 610 871 652 Domino,
892 609 977 644 flere
999 610 1066 644 scit
1087 609 1333 651 amarissime;
1361 617 1396 643 et
1424 609 1484 643 ille
1506 609 1567 655 qui
1589 610 1631 644 de
1657 616 1754 644 tecto

193 665 385 700 mulierem
407 664 555 706 viderat,
578 672 613 698 et
634 664 868 710 concupierat
889 675 982 705 eam,
1005 663 1124 697 dicere
1152 663 1233 697 scit:
1264 664 1415 703 Peccavi,
1439 667 1467 697 et
1492 663 1619 697 malum
1640 673 1755 697 coram

193 725 219 754 te
233 720 304 767 feci
321 733 338 752 >³
354 732 361 761 3
376 720 518 764 juvatur
531 718 642 752 etiam
664 730 684 752 a
701 718 810 752 sociis
834 717 877 751 ad
900 717 1160 763 resurgendum
1178 716 1379 751 secundum
1405 715 1493 750 illud
1515 715 1633 750 Eccle.
1648 726 1693 759 4.:
1719 716 1756 752 Si

193 785 277 808 unus
292 773 453 814 ceciderit,
483 773 522 807 ab
545 773 647 807 altero
661 772 847 818 fulcietur:
877 772 941 806 Vae
961 771 1033 813 soli,
1057 772 1136 816 qnia
1158 783 1231 805 cum
1255 769 1419 812 ceciderit,
1447 782 1511 804 non
1538 770 1633 804 habet
1657 769 1758 804 suble-

192 832 325 862 vantem
345 839 385 861 se.

266 880 325 914 AD
348 890 497 914 PRIMUM
513 890 599 925 ergo
622 878 828 920 dicendum,
847 877 944 924 quod
966 877 1160 911 auctoritas
1174 876 1236 911 illa
1253 876 1415 922 loquitur
1435 876 1478 910 de
1499 876 1567 918 his,
1589 886 1681 922 quae
1694 885 1757 921 per

193 933 453 974 infirmitatem,
476 932 534 967 vel
555 931 800 978 ignorantiam
822 931 1195 973 committuntur‚non
1211 937 1333 963 autem
1352 929 1395 963 de
1409 929 1465 964 his
1484 939 1575 975 quae
1591 927 1757 963 commit-

192 995 316 1021 tuntur
337 998 400 1033 per
422 994 684 1032 contemptum.

267 1041 327 1074 AD
343 1050 549 1074 SECUNDUM
566 1039 770 1080 dicendum,
783 1037 1065 1084 quodJosaphat
1080 1037 1202 1078 etiam,
1219 1035 1276 1069 cui
1293 1035 1355 1069 illa
1368 1035 1476 1069 verba
1492 1035 1669 1078 dicuntur,
1682 1045 1757 1069 non

194 1105 236 1128 ex
258 1093 406 1135 malitia,
426 1093 487 1127 sed
510 1104 551 1127 ex
574 1092 731 1138 quadam
752 1091 958 1126 infirmitate
980 1091 1162 1124 humanae
1186 1088 1387 1123 affectionis
1408 1088 1584 1135 peccavit.

266 1148 325 1182 AD
349 1157 521 1182 TERTIUM
548 1146 753 1187 dicendum,
777 1145 873 1191 quod
895 1145 977 1190 justi
998 1155 1072 1178 non
1095 1144 1137 1178 de
1160 1142 1258 1177 facili
1279 1150 1437 1189 peccant.
1456 1153 1498 1176 ex
1526 1149 1758 1188 contemptu;

195 1201 255 1236 sed
274 1200 492 1246 quandoque
514 1196 681 1233 labuntur
702 1199 739 1232 in
761 1198 906 1244 aliquod
926 1205 1116 1244 peccatum
1140 1209 1182 1231 ex
1208 1195 1426 1242 ignorantia,
1453 1194 1512 1230 vel
1538 1194 1757 1237 infirmitate,

196 1266 215 1289 a
237 1265 308 1300 quo
328 1253 371 1288 de
392 1253 489 1287 facili
510 1252 732 1287 revelantur:
754 1253 786 1286 si
807 1260 927 1286 autem
949 1251 1161 1298 perveniant
1183 1250 1226 1284 ad
1248 1250 1333 1292 hoc,
1356 1249 1453 1296 quod
1480 1261 1523 1283 ex
1546 1256 1756 1294 contemptu

194 1316 357 1355 peccant,
367 1306 569 1341 efficiuntur
582 1306 741 1351 pessimi,
758 1313 790 1340 et
809 1305 967 1339 maxime
977 1303 1250 1350 incorrigibiles,
1263 1303 1464 1338 secundum
1474 1301 1700 1348 illudJerem.
1713 1312 1756 1336 2.:

198 1362 399 1407 Confregisti
416 1363 545 1406 jugum,
568 1359 724 1405 dirupisti
743 1359 895 1400 vincula,
918 1359 1050 1392 dixisti:
1074 1359 1161 1392 Nom
1182 1357 1394 1392 serviamJn
1409 1358 1500 1391 omni
1514 1357 1592 1391 colle
1609 1357 1755 1398 sublimi,

196 1420 223 1450 et
243 1415 298 1448 sub
321 1415 412 1448 omni
433 1414 520 1459 ligno
535 1412 697 1459 frondoso
725 1417 758 1446 tu
774 1413 1037 1458 prosternebaris
1056 1412 1236 1451 meretrix
1257 1410 1350 1444 unde
1373 1410 1598 1456 Augustinus
1621 1410 1705 1444 dicit
1720 1409 1757 1444 in

196 1468 306 1513 Epist.
330 1467 373 1500 ad
395 1466 537 1513 plebem
560 1466 833 1512 Hipponensem
857 1465 946 1511 (147.
964 1476 1051 1498 nune
1074 1464 1168 1510 78.):
1196 1476 1213 1495 ε(
1228 1463 1280 1497 Ex
1302 1474 1374 1509 quo
1391 1463 1474 1497 Deo
1493 1463 1623 1498 servire
1639 1463 1756 1510 coepi,

197 1520 385 1568 quomodo
407 1519 552 1553 difficile
573 1530 655 1553 sum
676 1527 841 1565 expertus
863 1517 1045 1559 meliores,
1064 1528 1174 1563 quam
1196 1517 1257 1563 qui
1285 1516 1321 1550 in
1348 1516 1577 1551 monasteriis
1597 1515 1757 1562 profece-

197 1582 297 1618 runt3
319 1574 367 1608 ita
388 1585 462 1608 non
484 1584 565 1608 sum
587 1580 751 1619 expertus
773 1573 927 1618 pejores,
946 1583 1055 1617 quam
1077 1571 1137 1617 qui
1158 1570 1195 1604 in
1216 1570 1447 1605 monasteriis
1469 1570 1718 1604 ceciderunt».

591 1876 947 1939 QUAESTIO
989 1873 1343 1923 CLXXXVII.

508 2002 571 2033 DE
598 2001 676 2033 HIS
704 2000 833 2040 QUAE
860 1998 1147 2031 COMPETUNT
1173 1996 1452 2036 RELIGIOSIS,

653 2073 705 2103 IN
731 2071 818 2104 SEX
843 2070 1106 2102 ARTICULOS
1131 2069 1306 2100 DIVISA.

269 2213 411 2249 Deinde
438 2212 742 2248 considerandum
764 2219 816 2246 est
835 2211 878 2245 de
899 2211 955 2245 his
978 2221 1069 2257 quae
1092 2216 1304 2256 competunt
1320 2207 1511 2255 religiosis.

707 2301 752 2336 Et
772 2301 862 2335 circa
879 2299 938 2334 hoc
960 2303 1167 2345 quaeruntur
1183 2310 1247 2333 sex.

269 2373 405 2407 Primo.
427 2372 560 2407 Utrum
581 2371 687 2407 liceat
709 2371 759 2406 eis
781 2371 923 2412 docere,
946 2370 1163 2416 praedicare,
1186 2377 1221 2403 et
1242 2367 1311 2402 alia
1331 2366 1542 2413 hujusmodi
1562 2365 1694 2401 facere.

270 2426 450 2461 Secundo.
474 2425 605 2460 Utrum
627 2425 735 2459 liceat
756 2424 806 2459 eis
827 2423 870 2458 de
888 2423 1043 2469 negotiis
1065 2422 1309 2457 saecularibus
1331 2432 1368 2456 se
1390 2420 1641 2456 intromittere.

270 2478 408 2514 Tertio.
431 2479 563 2513 Utrum
585 2486 775 2513 teneantur
795 2477 961 2511 manibus
984 2475 1136 2522 operari.

271 2532 425 2574 Quarto.
448 2532 579 2566 Utrum
600 2532 707 2566 liceat
729 2531 779 2566 eis
801 2530 844 2564 de
867 2529 1108 2575 eleemosynis
1125 2529 1259 2563 vivere.

272 2586 423 2627 Quinto.
443 2585 575 2620 Utrum
596 2585 705 2620 liceat
726 2584 776 2618 eis
794 2583 1014 2618 mendicare.

270 2639 393 2673 Sexto.
416 2639 548 2673 Utrum
570 2637 678 2672 liceat
699 2638 749 2672 eis
766 2636 982 2671 vestimenta
1004 2635 1154 2670 caeteris
1174 2634 1302 2669 viliora
1324 2633 1473 2669 deferre.
