1859 3122
188 181 297 224 1140
579 178 798 214 QUAESTIO
833 178 991 207 CLXXV.
1023 176 1268 208 ARTICULUS
1300 177 1346 206 11.

252 261 313 295 AD
336 269 544 295 SECUNDUM
567 259 773 301 dicendum,
796 260 893 305 quod
920 260 954 293 in
983 259 1134 294 homine
1161 267 1215 294 est
1240 259 1358 306 duplex
1384 259 1583 306 appetitus;
1608 258 1747 295 scilicet

179 315 408 355 intellectivam,
426 313 487 359 qui
501 313 630 347 dicitur
643 311 824 354 voluntas,
847 320 881 347 et
893 314 1076 355 sensitivus,
1093 312 1154 358 qui
1168 313 1295 347 dicitur
1308 312 1539 347 sensualitas:
1555 320 1609 347 est
1626 321 1747 347 autem

179 367 366 414 proprium
381 366 534 408 homini,
549 373 587 399 ut
602 365 779 411 appetitus
791 365 940 400 inferior
958 366 1130 400 subdatur
1146 366 1317 412 appetitui
1335 366 1521 412 superiori,
1539 374 1573 400 et
1585 366 1748 412 superior

180 428 328 454 moveat
354 419 583 453 inferiorern:
610 419 786 464 dupliciter
812 430 899 464 ergo
927 419 1042 452 homo
1070 420 1272 453 secundum
1303 419 1500 464 appetitum
1527 427 1647 465 potest
1671 418 1750 453 fieri

182 481 280 507 extra
307 473 482 518 seipsum:
505 484 568 506 ιιηο
596 472 705 515 modo,
737 473 881 518 quando
909 473 1086 518 appetitus
1113 472 1353 507 intellectivus
1379 472 1539 506 totaliter
1564 473 1602 506 in
1628 472 1749 506 divina

181 526 305 567 tendit,
327 525 589 571 praetermissis
611 525 678 566 his,
701 526 744 559 ad
767 537 858 571 quae
885 526 1035 560 inclinat
1063 526 1239 572 appetitus
1267 527 1474 560 sensitivus:
1498 534 1534 560 et
1560 526 1611 560 sic
1637 525 1748 560 Dion.

180 580 267 614 dicit
286 580 322 613 in
353 590 385 622 4.
409 580 452 613 de
473 579 557 612 Div.
578 579 689 613 Nom.
723 579 800 622 (loc.
829 581 881 614 cit.
911 580 947 614 in
974 581 1062 625 arg.)
1085 579 1181 625 quod
1211 578 1384 613 «Paulus
1412 590 1455 613 ex
1482 579 1612 614 virtute
1638 578 1749 613 divini

181 634 315 668 amoris
343 633 493 667 extasim
520 631 674 666 faciente
698 633 802 666 dicit:
833 633 916 666 ῙῙί-ῑό
943 644 1012 678 ege,
1036 635 1109 678 jam
1132 645 1197 667 non
1218 645 1287 678 ego,
1309 634 1398 667 vivit
1417 644 1496 667 vero
1517 634 1552 666 in
1576 645 1627 667 me
1653 631 1749 666 Chri-

179 693 244 722 stus
262 700 280 719 »
296 700 303 721 ε
318 687 383 720 alio
400 686 506 728 modo,
524 686 668 731 quando
685 686 940 731 praetermisso
956 686 1115 732 appetitu
1131 686 1320 732 superiori,
1337 685 1452 720 homo
1466 685 1626 720 totaliter
1639 685 1749 719 fertur

181 741 218 774 in
240 752 292 782 ea,
320 751 411 786 quae
433 741 613 785 pertinent
639 740 682 772 ad
711 739 909 784 appetitum
936 738 1166 782 inferiorem3
1189 747 1223 773 et
1245 739 1294 780 sic
1321 738 1381 773 ille
1405 739 1465 784 qui
1485 750 1616 785 porcos
1639 738 1747 785 pavit,

180 795 243 829 sub
267 794 462 839 semetipso
481 793 619 827 cecidit.
643 793 687 827 Et
707 793 772 827 iste
796 804 975 834 excessus,
997 793 1055 827 vel
1083 793 1212 827 extasis
1239 793 1318 838 plus
1347 794 1611 839 appropinquat
1636 793 1680 827 ad
1697 803 1750 826 ra-

179 850 319 882 tionem
333 855 465 893 raptus,
486 858 595 892 quam
610 847 764 892 primus,
781 848 863 892 quia
879 846 1018 881 scilicet
1038 847 1215 893 appetitus
1230 847 1393 892 superior
1407 855 1460 880 est
1477 846 1592 892 magis
1606 846 1749 880 homini

179 901 365 948 proprius:
388 900 482 934 unde
505 901 649 946 quando
672 900 787 934 homo
819 911 860 934 ex
881 899 1056 934 violentia
1084 900 1259 946 appetitus
1285 899 1464 934 inferioris
1486 900 1702 934 abstrahitur
1728 911 1747 934 a

180 963 283 990 motu
314 955 490 1001 appetitus
513 953 719 1004 superioris,
751 954 867 999 magis
891 953 1108 988 abstrahitur
1135 953 1176 987 ab
1197 964 1240 987 eo
1263 953 1360 999 quod
1382 961 1435 987 est
1455 953 1522 988 sibi
1541 953 1746 999 proprium:

179 1009 263 1055 quia
284 1017 407 1043 tamen
428 1019 503 1042 non
526 1016 578 1042 est
598 1007 647 1041 ibi
673 1006 858 1049 violentia,
881 1018 925 1041 eo
941 1007 1038 1053 quod
1060 1006 1229 1041 voluntas
1251 1015 1370 1052 potest
1386 1007 1550 1041 resistere
1576 1006 1747 1052 passioni,

179 1062 300 1097 deficit
321 1073 340 1096 a
361 1073 446 1095 Vera
467 1061 607 1095 ratione
626 1069 766 1106 raptus:
789 1060 858 1094 nisi
880 1060 971 1094 forte
994 1069 1068 1095 tam
1090 1060 1290 1094 vehemens
1311 1060 1432 1106 passio
1451 1060 1496 1094 sit
1517 1060 1614 1106 quod
1640 1071 1747 1094 usum

178 1115 328 1150 rationis
349 1115 508 1149 totaliter
527 1114 650 1157 tollat;
674 1115 766 1148 sicut
787 1114 965 1160 contingit
986 1114 1021 1147 in
1043 1114 1110 1156 his,
1127 1114 1187 1160 qui
1206 1122 1351 1159 propter
1370 1114 1643 1148 vehementiam
1661 1113 1747 1156 irae,

178 1169 236 1204 vel
251 1169 385 1203 amoris
401 1168 600 1203 insaniunt:
617 1168 921 1202 considerandum
938 1176 1072 1209 tamen,
1087 1168 1183 1213 quod
1199 1175 1347 1213 uterque
1363 1178 1531 1202 excessus
1546 1167 1747 1202 secundum

179 1223 378 1268 appetitum
400 1222 554 1256 existens
573 1230 692 1267 potest
714 1232 862 1255 causare
881 1232 1071 1255 excessum
1099 1221 1370 1266 cognoscitivae
1391 1221 1552 1264 virtuti33
1578 1220 1636 1255 vel
1664 1220 1748 1267 quia

179 1287 282 1310 mens
304 1276 347 1309 ad
367 1275 546 1321 quaedam
562 1274 801 1320 intelligibilia
823 1274 992 1319 rapiatur,
1016 1274 1171 1309 alienata
1187 1286 1206 1308 a
1220 1274 1400 1317 sensibus3
1417 1274 1475 1308 vel
1492 1275 1574 1320 quia
1589 1273 1747 1320 rapiatur

180 1330 223 1364 ad
246 1329 404 1375 aliquam
426 1329 682 1373 imaginariam
700 1329 892 1369 visionem,
915 1339 976 1361 seu
1000 1328 1265 1372 phantasticam
1288 1328 1562 1373 apparitionem.

251 1383 310 1417 AD
334 1392 505 1417 TERTIUM
533 1382 738 1422 dicendum,
770 1381 866 1426 quod
901 1381 991 1414 sicut
1019 1392 1122 1414 amor
1148 1389 1200 1414 est
1222 1389 1342 1415 motus
1376 1381 1551 1427 appetitus
1581 1388 1746 1426 respectu

180 1436 278 1478 boni,
296 1436 344 1470 ita
366 1435 476 1469 timor
503 1443 556 1469 est
578 1443 698 1468 motus
732 1434 909 1480 appetitus
932 1442 1097 1479 respectu
1131 1433 1237 1475 mali3
1259 1434 1354 1468 unde
1377 1434 1505 1468 eadem
1534 1434 1673 1468 ratione
1703 1446 1746 1469 ex

182 1497 334 1535 utroque
349 1497 466 1535 potest
488 1490 626 1522 causari
643 1499 810 1522 excessus
827 1487 976 1529 1nentis;
998 1488 1210 1533 praesertim
1230 1499 1314 1521 cum
1335 1487 1445 1522 timor
1459 1499 1502 1522 ex
1524 1498 1648 1522 amore
1667 1499 1747 1522 cau-

181 1550 288 1584 setur,
310 1543 402 1577 sicut
420 1543 573 1588 August.
597 1542 683 1576 dicit
708 1551 760 1584 14.
783 1540 826 1575 de
849 1541 929 1576 Civ.
953 1541 1024 1575 Dei
1051 1541 1139 1587 (cap.
1168 1552 1197 1587 7.
1225 1546 1253 1576 et
1278 1542 1339 1587 9.).

735 1683 1080 1728 ARTICULUS
1110 1683 1189 1726 111.
1677 1694 1746 1741 836

359 1793 512 1824 UTRUM
545 1792 713 1822 PAULUS
747 1792 792 1823 IN
817 1793 961 1822 RAPTU
993 1792 1171 1822 VIDERIT
1205 1791 1279 1821 DEI
1310 1791 1567 1822 ESSENTIAM.

549 1881 659 1926 (Veri.
682 1893 713 1927 q.
731 1893 763 1927 13
792 1886 857 1916 art.
885 1893 917 1916 2.
943 1885 973 1916 et
992 1892 1023 1916 2.
1051 1863 1134 1915 bor.
1160 1891 1211 1916 12.
1239 1880 1310 1915 lect.
1336 1879 1393 1925 L).

251 1971 311 2005 AD
339 1980 511 2005 TERTIUM
537 1970 588 2004 sic
615 1969 834 2016 proceditur.
861 1969 1024 2011 Videtur,
1047 1968 1144 2015 quod
1170 1967 1304 2003 Paulus
1326 1968 1363 2002 in
1388 1976 1491 2014 raptu
1516 1978 1592 2002 non
1617 1967 1746 2002 viderit

181 2024 252 2058 Dei
266 2024 479 2059 essentiam:
501 2024 593 2058 sicut
611 2023 708 2057 enim
723 2023 766 2057 de
781 2022 896 2057 Paulo
918 2022 1059 2068 legitur,
1074 2022 1171 2069 quod
1192 2030 1245 2056 est
1265 2030 1386 2068 raptus
1400 2032 1513 2068 usque
1535 2021 1578 2055 ad
1599 2021 1745 2056 tertium

183 2077 347 2120 coelum;
369 2078 417 2111 ita
440 2085 474 2111 et
489 2077 531 2111 de
546 2077 653 2111 Petro
664 2076 804 2123 legitur,
820 2077 900 2110 Act.
922 2087 985 2118 10.,
1005 2076 1101 2122 quod
1121 2076 1236 2111 cecidit
1251 2082 1347 2122 super
1363 2087 1435 2110 eum
1453 2076 1567 2110 mentis
1583 2085 1744 2110 excessus:

182 2131 244 2165 sed
265 2131 391 2165 Petrus
413 2131 449 2164 in
471 2142 536 2164 suo
559 2142 707 2164 excessu
733 2141 807 2164 non
829 2130 917 2164 vidit
943 2129 1013 2163 Dei
1035 2129 1239 2171 essentiam,
1267 2129 1328 2163 sed
1350 2128 1546 2174 quamdam
1572 2128 1746 2174 imagina-

182 2185 273 2219 riam
294 2184 495 2225 visionem;
519 2195 605 2229 ergo
627 2184 778 2225 videtur,
807 2183 902 2228 quod
925 2194 991 2217 nec
1018 2182 1152 2216 Paulus
1174 2183 1244 2216 Dei
1265 2182 1459 2216 essentiam
1480 2182 1617 2216 viderit.

256 2248 287 2273 2.
309 2238 545 2272 PRAETEREA.
568 2237 671 2271 Visio
686 2237 753 2270 Dei
769 2236 853 2270 facit
874 2236 1066 2270 hominem
1083 2236 1248 2270 beatum:
1272 2235 1333 2270 sed
1355 2234 1488 2269 Paulus
1502 2235 1538 2269 in
1559 2234 1623 2269 illo
1641 2242 1743 2280 raptu

182 2303 257 2326 non
277 2290 343 2325 fuit
363 2291 510 2325 beatus:
536 2290 695 2336 alioquin
717 2301 917 2335 numquam
941 2289 984 2323 ad
1010 2290 1105 2323 vitae
1135 2290 1240 2334 hujus
1263 2290 1445 2323 miseriam
1475 2289 1655 2331 rediisset3
1682 2288 1744 2323 sed

183 2357 313 2391 corpus
343 2346 418 2391 ejus
448 2345 572 2379 fuisset
596 2356 659 2390 per
694 2344 970 2378 redundantiam
1000 2344 1041 2378 ab
1070 2344 1190 2377 anima
1213 2342 1468 2389 glorificatum,
1491 2342 1582 2376 sicut
1613 2342 1679 2376 erit
1706 2342 1743 2375 in

182 2400 314 2434 sanctis
340 2407 422 2444 post
450 2398 765 2439 resurrectionem,
791 2397 887 2443 quod
910 2405 1006 2442 patet
1028 2408 1106 2431 esse
1132 2396 1285 2438 falsum3
1313 2407 1400 2442 ergo
1428 2394 1560 2430 Paulus
1582 2395 1619 2429 in
1639 2403 1743 2442 raptu

182 2465 256 2488 non
277 2453 365 2487 vidit
382 2452 453 2487 Dei
475 2452 682 2486 essentiam.

256 2519 284 2553 3.
307 2507 542 2541 PRAETEREA.
564 2505 680 2546 Fides,
703 2512 736 2538 et
758 2515 837 2550 spes
853 2514 929 2537 esse
945 2514 1019 2537 non
1041 2511 1190 2549 possunt
1211 2502 1319 2537 simul
1340 2513 1424 2536 cum
1441 2502 1581 2537 visione
1603 2502 1744 2536 divinae

184 2561 371 2601 essentiae,
398 2568 436 2593 ut
462 2559 613 2593 habetur
643 2569 670 2592 1.
695 2558 737 2591 ad
757 2557 842 2591 Cor.
870 2567 929 2602 133
952 2557 1013 2591 sed
1035 2556 1168 2591 Paulus
1195 2557 1231 2590 in
1258 2564 1351 2590 statu
1376 2556 1440 2590 illo
1469 2555 1595 2590 habuit
1622 2555 1743 2597 fidem,

184 2622 219 2648 et
239 2625 359 2660 spem;
379 2625 464 2659 ergo
486 2624 560 2647 non
582 2612 670 2646 vidit
690 2611 760 2645 Dei
782 2610 986 2646 essentiam.

254 2678 285 2710 4.
298 2666 646 2701 PRAETEREAAEicut
657 2666 750 2710 Aug.
769 2664 854 2698 dicit
880 2674 918 2697 12
941 2674 1047 2708 super
1064 2663 1156 2698 Gen.
1177 2664 1219 2697 ad
1235 2662 1374 2697 literam
1395 2663 1485 2710 (cap.
1503 2663 1534 2698 6.
1551 2668 1581 2698 et
1595 2663 1641 2708 7.)
1659 2676 1678 2695 <c
1694 2673 1744 2697 se-

185 2722 341 2755 cundum
363 2721 542 2754 visionem
565 2718 819 2764 imaginariam
841 2717 1019 2763 quaedam
1041 2717 1293 2751 similitudines
1313 2728 1507 2762 corporum
1525 2716 1691 2750 videntur
1703 2727 1741 2749 »ι

185 2775 245 2809 sed
272 2774 405 2808 Paulus
423 2775 459 2807 in
486 2781 587 2819 raptu
610 2772 738 2806 dicitur
759 2771 932 2818 quasdam
960 2770 1210 2804 similitudines
1230 2770 1383 2813 vidisse3
1405 2778 1491 2816 puta
1507 2769 1612 2804 ‘tertii
1637 2768 1742 2811 coeli,

186 2836 220 2862 ct
241 2828 406 2873 paradisi,
428 2836 466 2861 ut
491 2827 642 2861 habetur
664 2836 694 2859 2.
718 2826 761 2859 ad
785 2824 871 2859 Cor.
898 2833 969 2866 12‚;
993 2835 1079 2869 crgo
1101 2824 1241 2857 videtur
1264 2835 1340 2858 esse
1362 2831 1482 2869 raptus
1505 2823 1548 2857 ad
1570 2823 1743 2869 imagina-

186 2881 273 2914 riam
296 2881 474 2915 visionem
498 2879 626 2925 magis,
649 2890 758 2925 quam
780 2878 824 2912 ad
841 2877 1019 2912 visionem
1043 2876 1184 2911 divinae
1207 2877 1393 2911 essentiae.
