<?xml version="1.0" encoding="UTF-8"?>
<!DOCTYPE html PUBLIC "-//W3C//DTD XHTML 1.0 Transitional//EN"
    "http://www.w3.org/TR/xhtml1/DTD/xhtml1-transitional.dtd">
<html xmlns="http://www.w3.org/1999/xhtml" xml:lang="en" lang="en">
 <head>
  <title>
</title>
<meta http-equiv="Content-Type" content="text/html;charset=utf-8" />
  <meta name='ocr-system' content='tesseract 3.04.00' />
  <meta name='ocr-capabilities' content='ocr_page ocr_carea ocr_par ocr_line ocrx_word'/>
</head>
<body>
  <div class='ocr_page' id='page_1' title='image "./divithomaeaquina03thomuoft_0504.png"; bbox 0 0 1859 3122; ppageno 0'>
   <div class='ocr_carea' id='block_1_1' title="bbox 159 195 1303 247">
    <p class='ocr_par' dir='ltr' id='par_1_1' title="bbox 159 195 1303 247">
     <span class='ocr_line' id='line_1_1' title="bbox 159 195 1303 247; baseline 0.001 -13"><span class='ocrx_word' id='word_1_1' title='bbox 159 195 246 247; x_wconf 81' lang='lat'><strong>496</strong></span> <span class='ocrx_word' id='word_1_2' title='bbox 578 205 798 240; x_wconf 85' lang='lat' dir='ltr'><strong>QUAESTIO</strong></span> <span class='ocrx_word' id='word_1_3' title='bbox 834 205 964 234; x_wconf 82' lang='lat' dir='ltr'><strong>van.</strong></span> <span class='ocrx_word' id='word_1_4' title='bbox 998 206 1242 235; x_wconf 79' lang='lat' dir='ltr'><strong>ARTiCULus</strong></span> <span class='ocrx_word' id='word_1_5' title='bbox 1275 205 1303 235; x_wconf 90' lang='lat'><strong>1.</strong></span> 
     </span>
    </p>
   </div>
   <div class='ocr_carea' id='block_1_2' title="bbox 636 465 1239 526">
    <p class='ocr_par' dir='ltr' id='par_1_2' title="bbox 636 465 1239 526">
     <span class='ocr_line' id='line_1_2' title="bbox 636 465 1239 526; baseline 0.002 -14"><span class='ocrx_word' id='word_1_6' title='bbox 636 465 990 526; x_wconf 75' lang='lat' dir='ltr'><strong>QUAESTIO</strong></span> <span class='ocrx_word' id='word_1_7' title='bbox 1039 466 1239 513; x_wconf 89' lang='lat' dir='ltr'>LXVII.</span> 
     </span>
    </p>
   </div>
   <div class='ocr_carea' id='block_1_3' title="bbox 326 587 1556 770">
    <p class='ocr_par' dir='ltr' id='par_1_3' title="bbox 326 587 1556 770">
     <span class='ocr_line' id='line_1_3' title="bbox 326 587 1556 629; baseline 0.002 -12"><span class='ocrx_word' id='word_1_8' title='bbox 326 587 388 618; x_wconf 87' lang='lat' dir='ltr'><strong>DE</strong></span> <span class='ocrx_word' id='word_1_9' title='bbox 430 588 571 619; x_wconf 78' lang='lat' dir='ltr'>VITIIS</span> <span class='ocrx_word' id='word_1_10' title='bbox 612 588 846 620; x_wconf 80' lang='lat' dir='ltr'>OPPOSITIS</span> <span class='ocrx_word' id='word_1_11' title='bbox 887 588 1267 620; x_wconf 73' lang='lat' dir='ltr'><strong>COMMUTATIVAE</strong></span> <span class='ocrx_word' id='word_1_12' title='bbox 1304 589 1556 629; x_wconf 81' lang='lat' dir='ltr'><strong>JUSTITIAE,</strong></span> 
     </span>
     <span class='ocr_line' id='line_1_4' title="bbox 525 659 1351 700; baseline 0.004 -11"><span class='ocrx_word' id='word_1_13' title='bbox 525 659 585 689; x_wconf 89' lang='lat' dir='ltr'><strong>ET</strong></span> <span class='ocrx_word' id='word_1_14' title='bbox 611 659 758 690; x_wconf 80' lang='lat' dir='ltr'><strong>PRIMO</strong></span> <span class='ocrx_word' id='word_1_15' title='bbox 785 660 848 691; x_wconf 82' lang='lat' dir='ltr'><strong>DE</strong></span> <span class='ocrx_word' id='word_1_16' title='bbox 874 660 1134 700; x_wconf 79' lang='lat' dir='ltr'>INJUSTITIA</span> <span class='ocrx_word' id='word_1_17' title='bbox 1159 660 1351 700; x_wconf 82' lang='lat' dir='ltr'><strong>JUDICIS,</strong></span> 
     </span>
     <span class='ocr_line' id='line_1_5' title="bbox 452 729 1423 770; baseline 0.002 -10"><span class='ocrx_word' id='word_1_18' title='bbox 452 729 510 760; x_wconf 85' lang='lat' dir='ltr'><strong>IN</strong></span> <span class='ocrx_word' id='word_1_19' title='bbox 555 729 820 770; x_wconf 88' lang='lat' dir='ltr'><strong>QUATUOR</strong></span> <span class='ocrx_word' id='word_1_20' title='bbox 863 731 1176 763; x_wconf 80' lang='lat' dir='ltr'>ARTICULOS</span> <span class='ocrx_word' id='word_1_21' title='bbox 1217 731 1423 763; x_wconf 88' lang='lat' dir='ltr'>DIVISA.</span> 
     </span>
    </p>
   </div>
   <div class='ocr_carea' id='block_1_4' title="bbox 229 870 1721 918">
    <p class='ocr_par' dir='ltr' id='par_1_4' title="bbox 229 870 1721 918">
     <span class='ocr_line' id='line_1_6' title="bbox 229 870 1721 918; baseline 0.001 -14"><span class='ocrx_word' id='word_1_22' title='bbox 229 870 371 905; x_wconf 80' lang='lat' dir='ltr'>Deinde</span> <span class='ocrx_word' id='word_1_23' title='bbox 394 871 697 905; x_wconf 82' lang='lat' dir='ltr'><strong>considerandum</strong></span> <span class='ocrx_word' id='word_1_24' title='bbox 715 880 768 906; x_wconf 87' lang='lat' dir='ltr'><strong>est</strong></span> <span class='ocrx_word' id='word_1_25' title='bbox 786 871 829 906; x_wconf 91' lang='lat' dir='ltr'><strong>de</strong></span> <span class='ocrx_word' id='word_1_26' title='bbox 843 871 937 906; x_wconf 87' lang='lat' dir='ltr'><strong>vitiis</strong></span> <span class='ocrx_word' id='word_1_27' title='bbox 960 872 1133 918; x_wconf 88' lang='lat' dir='ltr'><strong>oppositis</strong></span> <span class='ocrx_word' id='word_1_28' title='bbox 1149 872 1432 907; x_wconf 84' lang='lat' dir='ltr'><strong>commutativae</strong></span> <span class='ocrx_word' id='word_1_29' title='bbox 1453 871 1619 918; x_wconf 86' lang='lat' dir='ltr'><strong>justitiae,</strong></span> <span class='ocrx_word' id='word_1_30' title='bbox 1630 883 1721 918; x_wconf 91' lang='lat' dir='ltr'><strong>quae</strong></span> 
     </span>
    </p>
   </div>
   <div class='ocr_carea' id='block_1_5' title="bbox 159 923 1723 1025">
    <p class='ocr_par' dir='ltr' id='par_1_5' title="bbox 159 923 1723 1025">
     <span class='ocr_line' id='line_1_7' title="bbox 160 923 1723 971; baseline 0.002 -15"><span class='ocrx_word' id='word_1_31' title='bbox 160 923 361 957; x_wconf 82' lang='lat' dir='ltr'><strong>consistunt</strong></span> <span class='ocrx_word' id='word_1_32' title='bbox 386 923 422 957; x_wconf 88' lang='lat' dir='ltr'><strong>in</strong></span> <span class='ocrx_word' id='word_1_33' title='bbox 443 924 572 966; x_wconf 79' lang='lat' dir='ltr'><strong>verbis,</strong></span> <span class='ocrx_word' id='word_1_34' title='bbox 599 925 726 970; x_wconf 88' lang='lat' dir='ltr'><strong>quibus</strong></span> <span class='ocrx_word' id='word_1_35' title='bbox 752 924 904 959; x_wconf 81' lang='lat' dir='ltr'>laeditur</span> <span class='ocrx_word' id='word_1_36' title='bbox 924 925 1131 971; x_wconf 83' lang='lat' dir='ltr'><strong>proximus:</strong></span> <span class='ocrx_word' id='word_1_37' title='bbox 1156 933 1190 959; x_wconf 91' lang='lat' dir='ltr'><strong>et</strong></span> <span class='ocrx_word' id='word_1_38' title='bbox 1209 927 1321 971; x_wconf 82' lang='lat' dir='ltr'><strong>primo</strong></span> <span class='ocrx_word' id='word_1_39' title='bbox 1344 926 1387 959; x_wconf 89' lang='lat' dir='ltr'><strong>de</strong></span> <span class='ocrx_word' id='word_1_40' title='bbox 1412 925 1481 967; x_wconf 87' lang='lat' dir='ltr'><strong>his,</strong></span> <span class='ocrx_word' id='word_1_41' title='bbox 1507 935 1598 971; x_wconf 89' lang='lat' dir='ltr'><strong>quae</strong></span> <span class='ocrx_word' id='word_1_42' title='bbox 1619 925 1723 971; x_wconf 88' lang='lat' dir='ltr'><strong>perti-</strong></span> 
     </span>
     <span class='ocr_line' id='line_1_8' title="bbox 159 977 1723 1025; baseline 0.001 -15"><span class='ocrx_word' id='word_1_43' title='bbox 159 985 246 1010; x_wconf 86' lang='lat' dir='ltr'><strong>nent</strong></span> <span class='ocrx_word' id='word_1_44' title='bbox 267 977 310 1010; x_wconf 85' lang='lat' dir='ltr'><strong>ad</strong></span> <span class='ocrx_word' id='word_1_45' title='bbox 333 977 530 1022; x_wconf 86' lang='lat' dir='ltr'><strong>judicium:</strong></span> <span class='ocrx_word' id='word_1_46' title='bbox 551 978 689 1012; x_wconf 75' lang='lat' dir='ltr'><strong>secundo</strong></span> <span class='ocrx_word' id='word_1_47' title='bbox 717 978 760 1012; x_wconf 89' lang='lat' dir='ltr'><strong>de</strong></span> <span class='ocrx_word' id='word_1_48' title='bbox 786 979 1016 1013; x_wconf 81' lang='lat' dir='ltr'><strong>nocumentis</strong></span> <span class='ocrx_word' id='word_1_49' title='bbox 1042 979 1248 1020; x_wconf 84' lang='lat' dir='ltr'><strong>verborum,</strong></span> <span class='ocrx_word' id='word_1_50' title='bbox 1275 990 1366 1024; x_wconf 81' lang='lat' dir='ltr'><strong>quae</strong></span> <span class='ocrx_word' id='word_1_51' title='bbox 1393 978 1481 1012; x_wconf 89' lang='lat' dir='ltr'><strong>fiunt</strong></span> <span class='ocrx_word' id='word_1_52' title='bbox 1508 987 1606 1013; x_wconf 81' lang='lat' dir='ltr'><strong>extra</strong></span> <span class='ocrx_word' id='word_1_53' title='bbox 1635 978 1723 1025; x_wconf 89' lang='lat' dir='ltr'><strong>judi-</strong></span> 
     </span>
    </p>
   </div>
   <div class='ocr_carea' id='block_1_6' title="bbox 159 1030 1722 1239">
    <p class='ocr_par' dir='ltr' id='par_1_6' title="bbox 159 1030 1722 1239">
     <span class='ocr_line' id='line_1_9' title="bbox 160 1030 1721 1078; baseline 0.001 -15"><span class='ocrx_word' id='word_1_54' title='bbox 160 1030 267 1064; x_wconf 83' lang='lat' dir='ltr'><strong>cium.</strong></span> <span class='ocrx_word' id='word_1_55' title='bbox 303 1030 410 1064; x_wconf 84' lang='lat' dir='ltr'><strong>Circa</strong></span> <span class='ocrx_word' id='word_1_56' title='bbox 439 1033 591 1077; x_wconf 78' lang='lat' dir='ltr'><strong>primum</strong></span> <span class='ocrx_word' id='word_1_57' title='bbox 630 1033 772 1077; x_wconf 64' lang='lat' dir='ltr'><strong>quinqua</strong></span> <span class='ocrx_word' id='word_1_58' title='bbox 811 1032 1071 1066; x_wconf 81' lang='lat' dir='ltr'><strong>consideranda</strong></span> <span class='ocrx_word' id='word_1_59' title='bbox 1109 1040 1324 1066; x_wconf 80' lang='lat' dir='ltr'><strong>occurrunt:</strong></span> <span class='ocrx_word' id='word_1_60' title='bbox 1350 1033 1464 1078; x_wconf 80' lang='lat' dir='ltr'><strong>primo</strong></span> <span class='ocrx_word' id='word_1_61' title='bbox 1498 1031 1645 1078; x_wconf 90' lang='lat' dir='ltr'><strong>quidem</strong></span> <span class='ocrx_word' id='word_1_62' title='bbox 1678 1031 1721 1066; x_wconf 92' lang='lat' dir='ltr'><strong>de</strong></span> 
     </span>
     <span class='ocr_line' id='line_1_10' title="bbox 159 1084 1718 1131; baseline 0.001 -15"><span class='ocrx_word' id='word_1_63' title='bbox 159 1084 331 1129; x_wconf 78' lang='lat' dir='ltr'><strong>injustitia</strong></span> <span class='ocrx_word' id='word_1_64' title='bbox 357 1084 485 1130; x_wconf 84' lang='lat' dir='ltr'><strong>judicis</strong></span> <span class='ocrx_word' id='word_1_65' title='bbox 507 1085 543 1118; x_wconf 89' lang='lat' dir='ltr'><strong>in</strong></span> <span class='ocrx_word' id='word_1_66' title='bbox 561 1085 774 1130; x_wconf 79' lang='lat' dir='ltr'><strong>judicando:</strong></span> <span class='ocrx_word' id='word_1_67' title='bbox 789 1085 926 1120; x_wconf 59' lang='lat' dir='ltr'><strong>secundo</strong></span> <span class='ocrx_word' id='word_1_68' title='bbox 949 1085 991 1119; x_wconf 89' lang='lat' dir='ltr'><strong>de</strong></span> <span class='ocrx_word' id='word_1_69' title='bbox 1010 1085 1182 1131; x_wconf 80' lang='lat' dir='ltr'><strong>injustitia</strong></span> <span class='ocrx_word' id='word_1_70' title='bbox 1198 1085 1418 1120; x_wconf 85' lang='lat' dir='ltr'><strong>accusatoris</strong></span> <span class='ocrx_word' id='word_1_71' title='bbox 1440 1086 1476 1119; x_wconf 89' lang='lat' dir='ltr'><strong>in</strong></span> <span class='ocrx_word' id='word_1_72' title='bbox 1493 1084 1718 1119; x_wconf 84' lang='lat' dir='ltr'><strong>accusando:</strong></span> 
     </span>
     <span class='ocr_line' id='line_1_11' title="bbox 159 1137 1722 1185; baseline 0.001 -15"><span class='ocrx_word' id='word_1_73' title='bbox 159 1138 252 1171; x_wconf 62' lang='lat' dir='ltr'><strong>tertio</strong></span> <span class='ocrx_word' id='word_1_74' title='bbox 276 1137 318 1170; x_wconf 88' lang='lat' dir='ltr'><strong>de</strong></span> <span class='ocrx_word' id='word_1_75' title='bbox 341 1138 512 1182; x_wconf 80' lang='lat' dir='ltr'><strong>injustitia</strong></span> <span class='ocrx_word' id='word_1_76' title='bbox 535 1149 578 1172; x_wconf 79' lang='lat' dir='ltr'><strong>ex</strong></span> <span class='ocrx_word' id='word_1_77' title='bbox 602 1147 701 1184; x_wconf 85' lang='lat' dir='ltr'><strong>parte</strong></span> <span class='ocrx_word' id='word_1_78' title='bbox 720 1139 771 1172; x_wconf 87' lang='lat' dir='ltr'><strong>rei</strong></span> <span class='ocrx_word' id='word_1_79' title='bbox 789 1139 825 1172; x_wconf 93' lang='lat' dir='ltr'><strong>in</strong></span> <span class='ocrx_word' id='word_1_80' title='bbox 840 1150 903 1172; x_wconf 81' lang='lat' dir='ltr'><strong>sua</strong></span> <span class='ocrx_word' id='word_1_81' title='bbox 919 1138 1145 1173; x_wconf 76' lang='lat' dir='ltr'><strong>defensione:</strong></span> <span class='ocrx_word' id='word_1_82' title='bbox 1166 1145 1282 1185; x_wconf 78' lang='lat' dir='ltr'><strong>quarto</strong></span> <span class='ocrx_word' id='word_1_83' title='bbox 1305 1140 1348 1173; x_wconf 92' lang='lat' dir='ltr'><strong>de</strong></span> <span class='ocrx_word' id='word_1_84' title='bbox 1367 1139 1539 1185; x_wconf 87' lang='lat' dir='ltr'><strong>injustitia</strong></span> <span class='ocrx_word' id='word_1_85' title='bbox 1559 1138 1663 1173; x_wconf 83' lang='lat' dir='ltr'><strong>textis</strong></span> <span class='ocrx_word' id='word_1_86' title='bbox 1686 1138 1722 1171; x_wconf 90' lang='lat' dir='ltr'><strong>in</strong></span> 
     </span>
     <span class='ocr_line' id='line_1_12' title="bbox 159 1190 1352 1239; baseline 0.003 -16"><span class='ocrx_word' id='word_1_87' title='bbox 159 1190 403 1225; x_wconf 81' lang='lat' dir='ltr'><strong>testificando:</strong></span> <span class='ocrx_word' id='word_1_88' title='bbox 431 1193 543 1237; x_wconf 78' lang='lat' dir='ltr'><strong>quinto</strong></span> <span class='ocrx_word' id='word_1_89' title='bbox 571 1191 614 1225; x_wconf 84' lang='lat' dir='ltr'><strong>de</strong></span> <span class='ocrx_word' id='word_1_90' title='bbox 636 1192 808 1237; x_wconf 82' lang='lat' dir='ltr'><strong>injustitia</strong></span> <span class='ocrx_word' id='word_1_91' title='bbox 831 1192 997 1226; x_wconf 80' lang='lat' dir='ltr'><strong>advocati</strong></span> <span class='ocrx_word' id='word_1_92' title='bbox 1023 1193 1059 1226; x_wconf 89' lang='lat' dir='ltr'><strong>in</strong></span> <span class='ocrx_word' id='word_1_93' title='bbox 1081 1193 1352 1239; x_wconf 79' lang='lat' dir='ltr'><strong>patrocinando.</strong></span> 
     </span>
    </p>
   </div>
   <div class='ocr_carea' id='block_1_7' title="bbox 603 1281 1262 1327">
    <p class='ocr_par' dir='ltr' id='par_1_7' title="bbox 603 1281 1262 1327">
     <span class='ocr_line' id='line_1_13' title="bbox 603 1281 1262 1327; baseline 0 -12"><span class='ocrx_word' id='word_1_94' title='bbox 603 1281 703 1315; x_wconf 75' lang='lat' dir='ltr'><strong>Circa</strong></span> <span class='ocrx_word' id='word_1_95' title='bbox 719 1282 866 1326; x_wconf 73' lang='lat' dir='ltr'><strong>primum</strong></span> <span class='ocrx_word' id='word_1_96' title='bbox 887 1286 1091 1326; x_wconf 64' lang='lat' dir='ltr'><strong>quaeruntur</strong></span> <span class='ocrx_word' id='word_1_97' title='bbox 1111 1286 1262 1327; x_wconf 73' lang='lat' dir='ltr'><strong>quatuor.</strong></span> 
     </span>
    </p>
   </div>
   <div class='ocr_carea' id='block_1_8' title="bbox 160 1350 1721 1612">
    <p class='ocr_par' dir='ltr' id='par_1_8' title="bbox 228 1350 1720 1398">
     <span class='ocr_line' id='line_1_14' title="bbox 228 1350 1720 1398; baseline 0.001 -14"><span class='ocrx_word' id='word_1_98' title='bbox 228 1350 364 1384; x_wconf 86' lang='lat' dir='ltr'><strong>Primo.</strong></span> <span class='ocrx_word' id='word_1_99' title='bbox 387 1350 519 1385; x_wconf 88' lang='lat' dir='ltr'><strong>Utrum</strong></span> <span class='ocrx_word' id='word_1_100' title='bbox 542 1351 669 1397; x_wconf 81' lang='lat' dir='ltr'><strong>aliquis</strong></span> <span class='ocrx_word' id='word_1_101' title='bbox 684 1353 900 1397; x_wconf 83' lang='lat' dir='ltr'><strong>possitjuste</strong></span> <span class='ocrx_word' id='word_1_102' title='bbox 915 1352 1073 1397; x_wconf 79' lang='lat' dir='ltr'><strong>judicare</strong></span> <span class='ocrx_word' id='word_1_103' title='bbox 1096 1364 1191 1395; x_wconf 89' lang='lat' dir='ltr'><strong>eum,</strong></span> <span class='ocrx_word' id='word_1_104' title='bbox 1213 1353 1274 1398; x_wconf 89' lang='lat' dir='ltr'><strong>qui</strong></span> <span class='ocrx_word' id='word_1_105' title='bbox 1294 1363 1369 1386; x_wconf 89' lang='lat' dir='ltr'><strong>non</strong></span> <span class='ocrx_word' id='word_1_106' title='bbox 1391 1359 1445 1386; x_wconf 87' lang='lat' dir='ltr'><strong>est</strong></span> <span class='ocrx_word' id='word_1_107' title='bbox 1462 1351 1529 1386; x_wconf 91' lang='lat' dir='ltr'><strong>sibi</strong></span> <span class='ocrx_word' id='word_1_108' title='bbox 1550 1351 1720 1386; x_wconf 87' lang='lat' dir='ltr'><strong>subditus.</strong></span> 
     </span>
    </p>

    <p class='ocr_par' dir='ltr' id='par_1_9' title="bbox 160 1404 1721 1504">
     <span class='ocr_line' id='line_1_15' title="bbox 231 1404 1721 1452; baseline 0.001 -15"><span class='ocrx_word' id='word_1_109' title='bbox 231 1404 411 1438; x_wconf 86' lang='lat' dir='ltr'><strong>Secundo.</strong></span> <span class='ocrx_word' id='word_1_110' title='bbox 440 1404 571 1438; x_wconf 86' lang='lat' dir='ltr'>Utrum</span> <span class='ocrx_word' id='word_1_111' title='bbox 600 1405 705 1439; x_wconf 83' lang='lat' dir='ltr'><strong>liceat</strong></span> <span class='ocrx_word' id='word_1_112' title='bbox 740 1406 848 1450; x_wconf 80' lang='lat' dir='ltr'><strong>judici</strong></span> <span class='ocrx_word' id='word_1_113' title='bbox 878 1406 1038 1451; x_wconf 83' lang='lat' dir='ltr'><strong>judicare</strong></span> <span class='ocrx_word' id='word_1_114' title='bbox 1076 1414 1202 1440; x_wconf 84' lang='lat' dir='ltr'><strong>contra</strong></span> <span class='ocrx_word' id='word_1_115' title='bbox 1231 1406 1432 1448; x_wconf 79' lang='lat' dir='ltr'><strong>veritatem,</strong></span> <span class='ocrx_word' id='word_1_116' title='bbox 1465 1417 1575 1452; x_wconf 89' lang='lat' dir='ltr'><strong>quam</strong></span> <span class='ocrx_word' id='word_1_117' title='bbox 1608 1405 1721 1447; x_wconf 84' lang='lat' dir='ltr'><strong>novit,</strong></span> 
     </span>
     <span class='ocr_line' id='line_1_16' title="bbox 160 1458 852 1504; baseline 0.003 -14"><span class='ocrx_word' id='word_1_118' title='bbox 160 1466 306 1504; x_wconf 83' lang='lat' dir='ltr'><strong>propter</strong></span> <span class='ocrx_word' id='word_1_119' title='bbox 327 1469 369 1492; x_wconf 82' lang='lat' dir='ltr'><strong>ea</strong></span> <span class='ocrx_word' id='word_1_120' title='bbox 392 1469 482 1503; x_wconf 87' lang='lat' dir='ltr'><strong>quae</strong></span> <span class='ocrx_word' id='word_1_121' title='bbox 505 1458 571 1492; x_wconf 86' lang='lat' dir='ltr'><strong>sibi</strong></span> <span class='ocrx_word' id='word_1_122' title='bbox 593 1467 852 1504; x_wconf 84' lang='lat' dir='ltr'><strong>proponuntur.</strong></span> 
     </span>
    </p>

    <p class='ocr_par' dir='ltr' id='par_1_10' title="bbox 231 1510 1696 1558">
     <span class='ocr_line' id='line_1_17' title="bbox 231 1510 1696 1558; baseline 0.001 -14"><span class='ocrx_word' id='word_1_123' title='bbox 231 1510 368 1545; x_wconf 86' lang='lat' dir='ltr'><strong>Tertio.</strong></span> <span class='ocrx_word' id='word_1_124' title='bbox 391 1511 523 1545; x_wconf 86' lang='lat' dir='ltr'>Utrum</span> <span class='ocrx_word' id='word_1_125' title='bbox 550 1512 655 1557; x_wconf 76' lang='lat' dir='ltr'><strong>judex</strong></span> <span class='ocrx_word' id='word_1_126' title='bbox 677 1513 789 1558; x_wconf 83' lang='lat' dir='ltr'><strong>possit</strong></span> <span class='ocrx_word' id='word_1_127' title='bbox 815 1512 976 1558; x_wconf 87' lang='lat' dir='ltr'><strong>aliquem</strong></span> <span class='ocrx_word' id='word_1_128' title='bbox 998 1514 1089 1558; x_wconf 84' lang='lat' dir='ltr'><strong>juste</strong></span> <span class='ocrx_word' id='word_1_129' title='bbox 1113 1512 1358 1547; x_wconf 86' lang='lat' dir='ltr'><strong>condemnare</strong></span> <span class='ocrx_word' id='word_1_130' title='bbox 1376 1523 1450 1547; x_wconf 91' lang='lat' dir='ltr'><strong>non</strong></span> <span class='ocrx_word' id='word_1_131' title='bbox 1474 1520 1696 1547; x_wconf 85' lang='lat' dir='ltr'><strong>accusatum.</strong></span> 
     </span>
    </p>

    <p class='ocr_par' dir='ltr' id='par_1_11' title="bbox 232 1564 1163 1612">
     <span class='ocr_line' id='line_1_18' title="bbox 232 1564 1163 1612; baseline 0.002 -14"><span class='ocrx_word' id='word_1_132' title='bbox 232 1564 384 1605; x_wconf 82' lang='lat' dir='ltr'><strong>Quarto.</strong></span> <span class='ocrx_word' id='word_1_133' title='bbox 409 1565 539 1599; x_wconf 86' lang='lat' dir='ltr'>Utrum</span> <span class='ocrx_word' id='word_1_134' title='bbox 561 1565 657 1599; x_wconf 80' lang='lat' dir='ltr'><strong>licite</strong></span> <span class='ocrx_word' id='word_1_135' title='bbox 679 1566 792 1612; x_wconf 83' lang='lat' dir='ltr'><strong>possit</strong></span> <span class='ocrx_word' id='word_1_136' title='bbox 811 1577 969 1612; x_wconf 85' lang='lat' dir='ltr'><strong>poenam</strong></span> <span class='ocrx_word' id='word_1_137' title='bbox 992 1565 1163 1600; x_wconf 80' lang='lat' dir='ltr'><strong>relaxare.</strong></span> 
     </span>
    </p>
   </div>
   <div class='ocr_carea' id='block_1_9' title="bbox 734 1703 1721 1775">
    <p class='ocr_par' dir='ltr' id='par_1_12' title="bbox 734 1703 1721 1775">
     <span class='ocr_line' id='line_1_19' title="bbox 734 1703 1721 1775; baseline 0.001 -13"><span class='ocrx_word' id='word_1_138' title='bbox 734 1703 1078 1764; x_wconf 82' lang='lat' dir='ltr'><strong>ARTICULUS</strong></span> <span class='ocrx_word' id='word_1_139' title='bbox 1114 1720 1146 1762; x_wconf 86' lang='lat' dir='ltr'><strong>I.</strong></span> <span class='ocrx_word' id='word_1_140' title='bbox 1656 1739 1721 1775; x_wconf 73' lang='lat'><strong>377</strong></span> 
     </span>
    </p>
   </div>
   <div class='ocr_carea' id='block_1_10' title="bbox 455 1831 1423 1941">
    <p class='ocr_par' dir='ltr' id='par_1_13' title="bbox 455 1831 1423 1941">
     <span class='ocr_line' id='line_1_20' title="bbox 455 1831 1423 1875; baseline 0.001 -15"><span class='ocrx_word' id='word_1_141' title='bbox 455 1831 608 1862; x_wconf 84' lang='lat' dir='ltr'><strong>UTRUM</strong></span> <span class='ocrx_word' id='word_1_142' title='bbox 636 1833 735 1868; x_wconf 76' lang='lat' dir='ltr'>QUIS</span> <span class='ocrx_word' id='word_1_143' title='bbox 760 1833 912 1863; x_wconf 89' lang='lat' dir='ltr'>POSSIT</span> <span class='ocrx_word' id='word_1_144' title='bbox 930 1833 1062 1875; x_wconf 89' lang='lat' dir='ltr'>JUSTE</span> <span class='ocrx_word' id='word_1_145' title='bbox 1083 1833 1297 1875; x_wconf 84' lang='lat' dir='ltr'>JUDICARE</span> <span class='ocrx_word' id='word_1_146' title='bbox 1321 1833 1423 1871; x_wconf 72' lang='lat' dir='ltr'><strong>EUM,</strong></span> 
     </span>
     <span class='ocr_line' id='line_1_21' title="bbox 605 1898 1277 1941; baseline 0.003 -14"><span class='ocrx_word' id='word_1_147' title='bbox 605 1898 682 1934; x_wconf 82' lang='lat' dir='ltr'><strong>QUI</strong></span> <span class='ocrx_word' id='word_1_148' title='bbox 704 1899 797 1929; x_wconf 70' lang='lat' dir='ltr'><strong>NON</strong></span> <span class='ocrx_word' id='word_1_149' title='bbox 819 1899 898 1928; x_wconf 90' lang='lat' dir='ltr'><strong>EST</strong></span> <span class='ocrx_word' id='word_1_150' title='bbox 923 1899 1002 1928; x_wconf 89' lang='lat' dir='ltr'>SIBI</span> <span class='ocrx_word' id='word_1_151' title='bbox 1026 1899 1277 1941; x_wconf 87' lang='lat' dir='ltr'><strong>SUBJECTUS.</strong></span> 
     </span>
    </p>
   </div>
   <div class='ocr_carea' id='block_1_11' title="bbox 197 1996 1689 2046">
    <p class='ocr_par' dir='ltr' id='par_1_14' title="bbox 197 1996 1689 2046">
     <span class='ocr_line' id='line_1_22' title="bbox 197 1996 1689 2046; baseline 0.001 -15"><span class='ocrx_word' id='word_1_152' title='bbox 197 1996 310 2043; x_wconf 79' lang='lat' dir='ltr'><strong>(Supr.</strong></span> <span class='ocrx_word' id='word_1_153' title='bbox 333 2009 362 2043; x_wconf 80' lang='lat' dir='ltr'><strong>q.</strong></span> <span class='ocrx_word' id='word_1_154' title='bbox 382 1998 438 2033; x_wconf 77' lang='lat'><strong>60,</strong></span> <span class='ocrx_word' id='word_1_155' title='bbox 461 2003 525 2033; x_wconf 81' lang='lat' dir='ltr'><strong>art.</strong></span> <span class='ocrx_word' id='word_1_156' title='bbox 546 1998 578 2033; x_wconf 83' lang='lat'><strong>6.</strong></span> <span class='ocrx_word' id='word_1_157' title='bbox 601 2003 628 2033; x_wconf 73' lang='lat' dir='ltr'><strong>ct</strong></span> <span class='ocrx_word' id='word_1_158' title='bbox 648 2010 681 2043; x_wconf 83' lang='lat'><strong>4.</strong></span> <span class='ocrx_word' id='word_1_159' title='bbox 703 1999 790 2034; x_wconf 72' lang='lat' dir='ltr'><strong>Dist.</strong></span> <span class='ocrx_word' id='word_1_160' title='bbox 812 2010 861 2045; x_wconf 87' lang='lat'><strong>17.</strong></span> <span class='ocrx_word' id='word_1_161' title='bbox 884 2011 913 2045; x_wconf 84' lang='lat' dir='ltr'><strong>q.</strong></span> <span class='ocrx_word' id='word_1_162' title='bbox 928 2011 956 2046; x_wconf 81' lang='lat'><strong>3.</strong></span> <span class='ocrx_word' id='word_1_163' title='bbox 980 2004 1042 2033; x_wconf 77' lang='lat' dir='ltr'><strong>art.</strong></span> <span class='ocrx_word' id='word_1_164' title='bbox 1059 2011 1087 2045; x_wconf 83' lang='lat'><strong>3.</strong></span> <span class='ocrx_word' id='word_1_165' title='bbox 1110 2010 1139 2044; x_wconf 81' lang='lat' dir='ltr'><strong>q.</strong></span> <span class='ocrx_word' id='word_1_166' title='bbox 1158 2010 1191 2043; x_wconf 79' lang='lat'><strong>4.</strong></span> <span class='ocrx_word' id='word_1_167' title='bbox 1210 2003 1238 2033; x_wconf 72' lang='lat' dir='ltr'><strong>et</strong></span> <span class='ocrx_word' id='word_1_168' title='bbox 1259 1999 1346 2032; x_wconf 80' lang='lat' dir='ltr'><strong>Dist.</strong></span> <span class='ocrx_word' id='word_1_169' title='bbox 1369 1998 1424 2042; x_wconf 81' lang='lat'><strong>48.</strong></span> <span class='ocrx_word' id='word_1_170' title='bbox 1448 2009 1476 2044; x_wconf 78' lang='lat' dir='ltr'><strong>q.</strong></span> <span class='ocrx_word' id='word_1_171' title='bbox 1499 2010 1526 2033; x_wconf 85' lang='lat'><strong>1.</strong></span> <span class='ocrx_word' id='word_1_172' title='bbox 1545 2002 1608 2032; x_wconf 81' lang='lat' dir='ltr'><strong>art.</strong></span> <span class='ocrx_word' id='word_1_173' title='bbox 1631 1998 1689 2044; x_wconf 78' lang='grc'><strong><em>1.).</em></strong></span> 
     </span>
    </p>
   </div>
   <div class='ocr_carea' id='block_1_12' title="bbox 157 2099 1722 2947">
    <p class='ocr_par' dir='ltr' id='par_1_15' title="bbox 158 2099 1722 2359">
     <span class='ocr_line' id='line_1_23' title="bbox 231 2099 1721 2146; baseline -0.001 -13"><span class='ocrx_word' id='word_1_174' title='bbox 231 2099 291 2133; x_wconf 86' lang='lat' dir='ltr'><strong>AD</strong></span> <span class='ocrx_word' id='word_1_175' title='bbox 313 2110 462 2134; x_wconf 74' lang='lat' dir='ltr'>PRIMUM</span> <span class='ocrx_word' id='word_1_176' title='bbox 480 2100 530 2133; x_wconf 88' lang='lat' dir='ltr'><strong>sic</strong></span> <span class='ocrx_word' id='word_1_177' title='bbox 546 2100 763 2146; x_wconf 84' lang='lat' dir='ltr'><strong>proceditur.</strong></span> <span class='ocrx_word' id='word_1_178' title='bbox 782 2100 945 2142; x_wconf 78' lang='lat' dir='ltr'><strong>Videtur,</strong></span> <span class='ocrx_word' id='word_1_179' title='bbox 960 2101 1056 2146; x_wconf 86' lang='lat' dir='ltr'><strong>quod</strong></span> <span class='ocrx_word' id='word_1_180' title='bbox 1072 2100 1198 2146; x_wconf 83' lang='lat' dir='ltr'><strong>aliquis</strong></span> <span class='ocrx_word' id='word_1_181' title='bbox 1213 2099 1325 2146; x_wconf 80' lang='lat' dir='ltr'><strong>possit</strong></span> <span class='ocrx_word' id='word_1_182' title='bbox 1343 2100 1434 2144; x_wconf 79' lang='lat' dir='ltr'><strong>juste</strong></span> <span class='ocrx_word' id='word_1_183' title='bbox 1452 2099 1610 2144; x_wconf 82' lang='lat' dir='ltr'><strong>judicare</strong></span> <span class='ocrx_word' id='word_1_184' title='bbox 1626 2110 1721 2141; x_wconf 88' lang='lat' dir='ltr'><strong>eum,</strong></span> 
     </span>
     <span class='ocr_line' id='line_1_24' title="bbox 158 2152 1720 2199; baseline 0 -13"><span class='ocrx_word' id='word_1_185' title='bbox 158 2152 219 2199; x_wconf 88' lang='lat' dir='ltr'><strong>qui</strong></span> <span class='ocrx_word' id='word_1_186' title='bbox 239 2164 314 2186; x_wconf 89' lang='lat' dir='ltr'><strong>non</strong></span> <span class='ocrx_word' id='word_1_187' title='bbox 336 2161 388 2187; x_wconf 88' lang='lat' dir='ltr'><strong>est</strong></span> <span class='ocrx_word' id='word_1_188' title='bbox 409 2153 475 2186; x_wconf 87' lang='lat' dir='ltr'><strong>sibi</strong></span> <span class='ocrx_word' id='word_1_189' title='bbox 501 2154 684 2187; x_wconf 83' lang='lat' dir='ltr'><strong>subditus:</strong></span> <span class='ocrx_word' id='word_1_190' title='bbox 713 2154 842 2188; x_wconf 88' lang='lat' dir='ltr'><strong>dicitur</strong></span> <span class='ocrx_word' id='word_1_191' title='bbox 868 2154 964 2188; x_wconf 90' lang='lat' dir='ltr'><strong>enim</strong></span> <span class='ocrx_word' id='word_1_192' title='bbox 991 2155 1085 2189; x_wconf 82' lang='lat' dir='ltr'><strong>Dan.</strong></span> <span class='ocrx_word' id='word_1_193' title='bbox 1117 2165 1180 2199; x_wconf 63' lang='lat'><strong>13„</strong></span> <span class='ocrx_word' id='word_1_194' title='bbox 1208 2154 1304 2199; x_wconf 90' lang='lat' dir='ltr'><strong>quod</strong></span> <span class='ocrx_word' id='word_1_195' title='bbox 1331 2153 1464 2188; x_wconf 78' lang='lat' dir='ltr'><strong>Daniel</strong></span> <span class='ocrx_word' id='word_1_196' title='bbox 1490 2153 1650 2187; x_wconf 86' lang='lat' dir='ltr'><strong>seniores</strong></span> <span class='ocrx_word' id='word_1_197' title='bbox 1677 2153 1720 2186; x_wconf 86' lang='lat' dir='ltr'><strong>de</strong></span> 
     </span>
     <span class='ocr_line' id='line_1_25' title="bbox 158 2206 1720 2252; baseline -0.001 -12"><span class='ocrx_word' id='word_1_198' title='bbox 158 2206 249 2240; x_wconf 81' lang='lat' dir='ltr'><strong>falso</strong></span> <span class='ocrx_word' id='word_1_199' title='bbox 275 2206 487 2240; x_wconf 89' lang='lat' dir='ltr'><strong>testimonio</strong></span> <span class='ocrx_word' id='word_1_200' title='bbox 515 2207 703 2241; x_wconf 77' lang='lat' dir='ltr'><strong>convictos</strong></span> <span class='ocrx_word' id='word_1_201' title='bbox 729 2218 794 2241; x_wconf 87' lang='lat' dir='ltr'><strong>suo</strong></span> <span class='ocrx_word' id='word_1_202' title='bbox 822 2207 956 2252; x_wconf 80' lang='lat' dir='ltr'><strong>judicio</strong></span> <span class='ocrx_word' id='word_1_203' title='bbox 986 2207 1262 2241; x_wconf 79' lang='lat' dir='ltr'><strong>condemnavit:</strong></span> <span class='ocrx_word' id='word_1_204' title='bbox 1291 2207 1353 2241; x_wconf 82' lang='lat' dir='ltr'><strong>sed</strong></span> <span class='ocrx_word' id='word_1_205' title='bbox 1380 2206 1432 2240; x_wconf 91' lang='lat' dir='ltr'><strong>illi</strong></span> <span class='ocrx_word' id='word_1_206' title='bbox 1458 2207 1620 2241; x_wconf 89' lang='lat' dir='ltr'><strong>seniores</strong></span> <span class='ocrx_word' id='word_1_207' title='bbox 1646 2216 1720 2239; x_wconf 89' lang='lat' dir='ltr'><strong>non</strong></span> 
     </span>
     <span class='ocr_line' id='line_1_26' title="bbox 158 2259 1722 2306; baseline 0 -13"><span class='ocrx_word' id='word_1_208' title='bbox 158 2268 258 2294; x_wconf 81' lang='lat' dir='ltr'><strong>erant</strong></span> <span class='ocrx_word' id='word_1_209' title='bbox 279 2260 409 2294; x_wconf 88' lang='lat' dir='ltr'><strong>subditi</strong></span> <span class='ocrx_word' id='word_1_210' title='bbox 429 2259 585 2302; x_wconf 81' lang='lat' dir='ltr'><strong>Danieli,</strong></span> <span class='ocrx_word' id='word_1_211' title='bbox 616 2261 819 2306; x_wconf 84' lang='lat' dir='ltr'><strong>quinimmo</strong></span> <span class='ocrx_word' id='word_1_212' title='bbox 834 2261 901 2306; x_wconf 90' lang='lat' dir='ltr'><strong>ipsi</strong></span> <span class='ocrx_word' id='word_1_213' title='bbox 920 2269 1021 2294; x_wconf 81' lang='lat' dir='ltr'><strong>erant</strong></span> <span class='ocrx_word' id='word_1_214' title='bbox 1035 2261 1172 2306; x_wconf 85' lang='lat' dir='ltr'><strong>judices</strong></span> <span class='ocrx_word' id='word_1_215' title='bbox 1191 2260 1336 2306; x_wconf 77' lang='lat' dir='ltr'><strong>populi3</strong></span> <span class='ocrx_word' id='word_1_216' title='bbox 1353 2271 1440 2305; x_wconf 81' lang='lat' dir='ltr'><strong>ergo</strong></span> <span class='ocrx_word' id='word_1_217' title='bbox 1458 2259 1585 2306; x_wconf 80' lang='lat' dir='ltr'><strong>aliquis</strong></span> <span class='ocrx_word' id='word_1_218' title='bbox 1603 2266 1722 2305; x_wconf 86' lang='lat' dir='ltr'><strong>potest</strong></span> 
     </span>
     <span class='ocr_line' id='line_1_27' title="bbox 158 2313 832 2359; baseline 0 -12"><span class='ocrx_word' id='word_1_219' title='bbox 158 2313 254 2347; x_wconf 89' lang='lat' dir='ltr'><strong>licite</strong></span> <span class='ocrx_word' id='word_1_220' title='bbox 276 2313 435 2359; x_wconf 80' lang='lat' dir='ltr'><strong>judicare</strong></span> <span class='ocrx_word' id='word_1_221' title='bbox 457 2313 522 2347; x_wconf 89' lang='lat' dir='ltr'><strong>sibi</strong></span> <span class='ocrx_word' id='word_1_222' title='bbox 544 2325 617 2347; x_wconf 90' lang='lat' dir='ltr'><strong>non</strong></span> <span class='ocrx_word' id='word_1_223' title='bbox 640 2314 832 2347; x_wconf 85' lang='lat' dir='ltr'><strong>subditum.</strong></span> 
     </span>
    </p>

    <p class='ocr_par' dir='ltr' id='par_1_16' title="bbox 157 2366 1722 2573">
     <span class='ocr_line' id='line_1_28' title="bbox 230 2366 1720 2412; baseline -0.001 -11"><span class='ocrx_word' id='word_1_224' title='bbox 230 2377 261 2401; x_wconf 86' lang='lat'><strong>2.</strong></span> <span class='ocrx_word' id='word_1_225' title='bbox 284 2367 519 2401; x_wconf 75' lang='lat' dir='ltr'>PRAETEREA.</span> <span class='ocrx_word' id='word_1_226' title='bbox 545 2367 710 2401; x_wconf 86' lang='lat' dir='ltr'><strong>Christus</strong></span> <span class='ocrx_word' id='word_1_227' title='bbox 740 2378 814 2400; x_wconf 87' lang='lat' dir='ltr'><strong>non</strong></span> <span class='ocrx_word' id='word_1_228' title='bbox 843 2375 918 2401; x_wconf 75' lang='lat' dir='ltr'><strong>erat</strong></span> <span class='ocrx_word' id='word_1_229' title='bbox 945 2367 1095 2412; x_wconf 77' lang='lat' dir='ltr'><strong>alicujus</strong></span> <span class='ocrx_word' id='word_1_230' title='bbox 1125 2367 1286 2401; x_wconf 85' lang='lat' dir='ltr'><strong>hominis</strong></span> <span class='ocrx_word' id='word_1_231' title='bbox 1316 2366 1495 2409; x_wconf 89' lang='lat' dir='ltr'><strong>subditus;</strong></span> <span class='ocrx_word' id='word_1_232' title='bbox 1517 2366 1720 2412; x_wconf 89' lang='lat' dir='ltr'><strong>quinimmo</strong></span> 
     </span>
     <span class='ocr_line' id='line_1_29' title="bbox 157 2419 1722 2466; baseline -0.001 -12"><span class='ocrx_word' id='word_1_233' title='bbox 157 2420 232 2466; x_wconf 88' lang='lat' dir='ltr'><strong>ipse</strong></span> <span class='ocrx_word' id='word_1_234' title='bbox 256 2429 331 2454; x_wconf 88' lang='lat' dir='ltr'><strong>erat</strong></span> <span class='ocrx_word' id='word_1_235' title='bbox 352 2432 410 2455; x_wconf 64' lang='lat' dir='ltr'><strong>rex</strong></span> <span class='ocrx_word' id='word_1_236' title='bbox 431 2432 554 2465; x_wconf 71' lang='lat' dir='ltr'><strong>regum,</strong></span> <span class='ocrx_word' id='word_1_237' title='bbox 578 2425 608 2454; x_wconf 76' lang='lat' dir='ltr'><strong>et</strong></span> <span class='ocrx_word' id='word_1_238' title='bbox 624 2420 775 2454; x_wconf 66' lang='lat' dir='ltr'><strong>dominns</strong></span> <span class='ocrx_word' id='word_1_239' title='bbox 801 2420 1066 2454; x_wconf 73' lang='lat' dir='ltr'><strong>dominantium:</strong></span> <span class='ocrx_word' id='word_1_240' title='bbox 1089 2420 1150 2454; x_wconf 88' lang='lat' dir='ltr'><strong>sed</strong></span> <span class='ocrx_word' id='word_1_241' title='bbox 1173 2421 1248 2466; x_wconf 90' lang='lat' dir='ltr'><strong>ipse</strong></span> <span class='ocrx_word' id='word_1_242' title='bbox 1271 2420 1431 2454; x_wconf 74' lang='lat' dir='ltr'><strong>exhibuit</strong></span> <span class='ocrx_word' id='word_1_243' title='bbox 1448 2431 1486 2454; x_wconf 87' lang='lat' dir='ltr'><strong>se</strong></span> <span class='ocrx_word' id='word_1_244' title='bbox 1504 2420 1636 2465; x_wconf 85' lang='lat' dir='ltr'><strong>judicio</strong></span> <span class='ocrx_word' id='word_1_245' title='bbox 1658 2419 1722 2453; x_wconf 90' lang='lat' dir='ltr'><strong>ho-</strong></span> 
     </span>
     <span class='ocr_line' id='line_1_30' title="bbox 158 2473 1722 2520; baseline -0.001 -13"><span class='ocrx_word' id='word_1_246' title='bbox 158 2474 282 2516; x_wconf 71' lang='lat' dir='ltr'><strong>minis,</strong></span> <span class='ocrx_word' id='word_1_247' title='bbox 306 2485 392 2519; x_wconf 82' lang='lat' dir='ltr'><strong>ergo</strong></span> <span class='ocrx_word' id='word_1_248' title='bbox 415 2474 566 2515; x_wconf 79' lang='lat' dir='ltr'><strong>videtur,</strong></span> <span class='ocrx_word' id='word_1_249' title='bbox 589 2473 685 2520; x_wconf 90' lang='lat' dir='ltr'><strong>quod</strong></span> <span class='ocrx_word' id='word_1_250' title='bbox 706 2473 833 2519; x_wconf 77' lang='lat' dir='ltr'><strong>aliquis</strong></span> <span class='ocrx_word' id='word_1_251' title='bbox 855 2473 952 2508; x_wconf 75' lang='lat' dir='ltr'><strong>licite</strong></span> <span class='ocrx_word' id='word_1_252' title='bbox 975 2474 1088 2520; x_wconf 83' lang='lat' dir='ltr'><strong>possit</strong></span> <span class='ocrx_word' id='word_1_253' title='bbox 1109 2474 1268 2519; x_wconf 82' lang='lat' dir='ltr'><strong>judicare</strong></span> <span class='ocrx_word' id='word_1_254' title='bbox 1295 2473 1464 2519; x_wconf 84' lang='lat' dir='ltr'><strong>aliquem,</strong></span> <span class='ocrx_word' id='word_1_255' title='bbox 1486 2473 1547 2519; x_wconf 85' lang='lat' dir='ltr'><strong>qui</strong></span> <span class='ocrx_word' id='word_1_256' title='bbox 1568 2484 1642 2507; x_wconf 90' lang='lat' dir='ltr'><strong>non</strong></span> <span class='ocrx_word' id='word_1_257' title='bbox 1669 2480 1722 2507; x_wconf 90' lang='lat' dir='ltr'><strong>est</strong></span> 
     </span>
     <span class='ocr_line' id='line_1_31' title="bbox 158 2527 429 2573; baseline 0 -12"><span class='ocrx_word' id='word_1_258' title='bbox 158 2527 320 2561; x_wconf 85' lang='lat' dir='ltr'><strong>subditus</strong></span> <span class='ocrx_word' id='word_1_259' title='bbox 343 2529 429 2573; x_wconf 83' lang='lat' dir='ltr'><strong>ejus.</strong></span> 
     </span>
    </p>

    <p class='ocr_par' dir='ltr' id='par_1_17' title="bbox 158 2579 1721 2828">
     <span class='ocr_line' id='line_1_32' title="bbox 232 2579 1721 2626; baseline -0.001 -11"><span class='ocrx_word' id='word_1_260' title='bbox 232 2592 260 2626; x_wconf 80' lang='lat'><strong>3.</strong></span> <span class='ocrx_word' id='word_1_261' title='bbox 284 2581 520 2615; x_wconf 69' lang='lat' dir='ltr'>PRAETEREA.</span> <span class='ocrx_word' id='word_1_262' title='bbox 545 2580 751 2614; x_wconf 81' lang='lat' dir='ltr'><strong>Secundum</strong></span> <span class='ocrx_word' id='word_1_263' title='bbox 772 2581 850 2625; x_wconf 75' lang='lat' dir='ltr'><strong>jura</strong></span> <span class='ocrx_word' id='word_1_264' title='bbox 864 2580 1011 2626; x_wconf 77' lang='lat' dir='ltr'><strong>quilibet</strong></span> <span class='ocrx_word' id='word_1_265' title='bbox 1030 2580 1176 2614; x_wconf 85' lang='lat' dir='ltr'><strong>sortitur</strong></span> <span class='ocrx_word' id='word_1_266' title='bbox 1193 2579 1312 2614; x_wconf 86' lang='lat' dir='ltr'><strong>forum</strong></span> <span class='ocrx_word' id='word_1_267' title='bbox 1328 2579 1527 2614; x_wconf 86' lang='lat' dir='ltr'><strong>secundum</strong></span> <span class='ocrx_word' id='word_1_268' title='bbox 1542 2579 1721 2614; x_wconf 87' lang='lat' dir='ltr'><strong>rationem</strong></span> 
     </span>
     <span class='ocr_line' id='line_1_33' title="bbox 158 2633 1719 2680; baseline 0 -13"><span class='ocrx_word' id='word_1_269' title='bbox 158 2634 296 2668; x_wconf 84' lang='lat' dir='ltr'><strong>delicti:</strong></span> <span class='ocrx_word' id='word_1_270' title='bbox 325 2634 387 2668; x_wconf 88' lang='lat' dir='ltr'><strong>sed</strong></span> <span class='ocrx_word' id='word_1_271' title='bbox 418 2634 634 2680; x_wconf 81' lang='lat' dir='ltr'><strong>quandoque</strong></span> <span class='ocrx_word' id='word_1_272' title='bbox 666 2633 725 2667; x_wconf 85' lang='lat' dir='ltr'><strong>ille</strong></span> <span class='ocrx_word' id='word_1_273' title='bbox 758 2634 818 2679; x_wconf 88' lang='lat' dir='ltr'><strong>qui</strong></span> <span class='ocrx_word' id='word_1_274' title='bbox 849 2633 1033 2680; x_wconf 86' lang='lat' dir='ltr'><strong>delinquit,</strong></span> <span class='ocrx_word' id='word_1_275' title='bbox 1064 2646 1137 2667; x_wconf 91' lang='lat' dir='ltr'><strong>non</strong></span> <span class='ocrx_word' id='word_1_276' title='bbox 1161 2643 1213 2668; x_wconf 87' lang='lat' dir='ltr'><strong>est</strong></span> <span class='ocrx_word' id='word_1_277' title='bbox 1234 2634 1394 2668; x_wconf 88' lang='lat' dir='ltr'><strong>subditus</strong></span> <span class='ocrx_word' id='word_1_278' title='bbox 1422 2635 1510 2680; x_wconf 87' lang='lat' dir='ltr'><strong>ejus,</strong></span> <span class='ocrx_word' id='word_1_279' title='bbox 1539 2633 1581 2667; x_wconf 81' lang='lat' dir='ltr'><strong>ad</strong></span> <span class='ocrx_word' id='word_1_280' title='bbox 1610 2644 1719 2679; x_wconf 87' lang='lat' dir='ltr'><strong>quem</strong></span> 
     </span>
     <span class='ocr_line' id='line_1_34' title="bbox 159 2686 1721 2732; baseline 0 -12"><span class='ocrx_word' id='word_1_281' title='bbox 159 2687 311 2732; x_wconf 84' lang='lat' dir='ltr'><strong>pertinet</strong></span> <span class='ocrx_word' id='word_1_282' title='bbox 345 2687 464 2721; x_wconf 88' lang='lat' dir='ltr'><strong>forum</strong></span> <span class='ocrx_word' id='word_1_283' title='bbox 491 2687 586 2721; x_wconf 87' lang='lat' dir='ltr'><strong>illius</strong></span> <span class='ocrx_word' id='word_1_284' title='bbox 619 2687 713 2728; x_wconf 86' lang='lat' dir='ltr'><strong>loci;</strong></span> <span class='ocrx_word' id='word_1_285' title='bbox 749 2695 831 2732; x_wconf 81' lang='lat' dir='ltr'><strong>puta</strong></span> <span class='ocrx_word' id='word_1_286' title='bbox 868 2699 950 2720; x_wconf 87' lang='lat' dir='ltr'><strong>cum</strong></span> <span class='ocrx_word' id='word_1_287' title='bbox 986 2687 1130 2721; x_wconf 80' lang='lat' dir='ltr'><strong>alterius</strong></span> <span class='ocrx_word' id='word_1_288' title='bbox 1162 2696 1215 2721; x_wconf 87' lang='lat' dir='ltr'><strong>est</strong></span> <span class='ocrx_word' id='word_1_289' title='bbox 1247 2687 1435 2729; x_wconf 82' lang='lat' dir='ltr'><strong>dioecesis,</strong></span> <span class='ocrx_word' id='word_1_290' title='bbox 1462 2686 1519 2721; x_wconf 86' lang='lat' dir='ltr'><strong>vel</strong></span> <span class='ocrx_word' id='word_1_291' title='bbox 1549 2698 1633 2720; x_wconf 87' lang='lat' dir='ltr'><strong>cum</strong></span> <span class='ocrx_word' id='word_1_292' title='bbox 1667 2694 1721 2720; x_wconf 80' lang='lat' dir='ltr'><strong>cst</strong></span> 
     </span>
     <span class='ocr_line' id='line_1_35' title="bbox 158 2739 1719 2787; baseline -0.001 -13"><span class='ocrx_word' id='word_1_293' title='bbox 158 2749 361 2786; x_wconf 81' lang='lat' dir='ltr'><strong>exemptus3</strong></span> <span class='ocrx_word' id='word_1_294' title='bbox 385 2753 472 2786; x_wconf 82' lang='lat' dir='ltr'><strong>ergo</strong></span> <span class='ocrx_word' id='word_1_295' title='bbox 493 2741 644 2782; x_wconf 76' lang='lat' dir='ltr'><strong>videtur,</strong></span> <span class='ocrx_word' id='word_1_296' title='bbox 667 2741 762 2787; x_wconf 80' lang='lat' dir='ltr'><strong>quod</strong></span> <span class='ocrx_word' id='word_1_297' title='bbox 785 2740 912 2786; x_wconf 87' lang='lat' dir='ltr'><strong>aliquis</strong></span> <span class='ocrx_word' id='word_1_298' title='bbox 942 2741 1055 2786; x_wconf 80' lang='lat' dir='ltr'><strong>possit</strong></span> <span class='ocrx_word' id='word_1_299' title='bbox 1081 2741 1240 2786; x_wconf 82' lang='lat' dir='ltr'><strong>judicare</strong></span> <span class='ocrx_word' id='word_1_300' title='bbox 1268 2752 1362 2783; x_wconf 87' lang='lat' dir='ltr'><strong>eum,</strong></span> <span class='ocrx_word' id='word_1_301' title='bbox 1390 2741 1450 2786; x_wconf 90' lang='lat' dir='ltr'><strong>qui</strong></span> <span class='ocrx_word' id='word_1_302' title='bbox 1475 2751 1549 2774; x_wconf 90' lang='lat' dir='ltr'><strong>non</strong></span> <span class='ocrx_word' id='word_1_303' title='bbox 1576 2747 1629 2774; x_wconf 87' lang='lat' dir='ltr'><strong>est</strong></span> <span class='ocrx_word' id='word_1_304' title='bbox 1654 2739 1719 2774; x_wconf 88' lang='lat' dir='ltr'><strong>sibi</strong></span> 
     </span>
     <span class='ocr_line' id='line_1_36' title="bbox 159 2794 329 2828; baseline 0 0"><span class='ocrx_word' id='word_1_305' title='bbox 159 2794 329 2828; x_wconf 86' lang='lat' dir='ltr'><strong>subditus.</strong></span> 
     </span>
    </p>

    <p class='ocr_par' dir='ltr' id='par_1_18' title="bbox 159 2846 1717 2947">
     <span class='ocr_line' id='line_1_37' title="bbox 231 2846 1717 2894; baseline -0.001 -12"><span class='ocrx_word' id='word_1_306' title='bbox 231 2848 304 2882; x_wconf 79' lang='lat' dir='ltr'><strong>SED</strong></span> <span class='ocrx_word' id='word_1_307' title='bbox 321 2858 475 2882; x_wconf 62' lang='lat' dir='ltr'>CONTRA</span> <span class='ocrx_word' id='word_1_308' title='bbox 491 2855 554 2890; x_wconf 87' lang='lat' dir='ltr'><strong>est,</strong></span> <span class='ocrx_word' id='word_1_309' title='bbox 570 2847 665 2894; x_wconf 88' lang='lat' dir='ltr'><strong>quod</strong></span> <span class='ocrx_word' id='word_1_310' title='bbox 682 2847 791 2893; x_wconf 84' lang='lat' dir='ltr'><strong>Greg.</strong></span> <span class='ocrx_word' id='word_1_311' title='bbox 808 2859 915 2893; x_wconf 80' lang='lat' dir='ltr'><strong>super</strong></span> <span class='ocrx_word' id='word_1_312' title='bbox 929 2846 1016 2880; x_wconf 87' lang='lat' dir='ltr'><strong>illud</strong></span> <span class='ocrx_word' id='word_1_313' title='bbox 1031 2847 1137 2881; x_wconf 82' lang='lat' dir='ltr'><strong>Deut.</strong></span> <span class='ocrx_word' id='word_1_314' title='bbox 1155 2857 1208 2893; x_wconf 81' lang='lat'><strong>23.</strong></span> <span class='ocrx_word' id='word_1_315' title='bbox 1225 2860 1232 2882; x_wconf 78' lang='lat' dir='ltr'>z</span> <span class='ocrx_word' id='word_1_316' title='bbox 1250 2848 1287 2882; x_wconf 75' lang='lat' dir='ltr'><strong>Si</strong></span> <span class='ocrx_word' id='word_1_317' title='bbox 1304 2848 1485 2881; x_wconf 61' lang='lat' dir='ltr'><strong>intraveris</strong></span> <span class='ocrx_word' id='word_1_318' title='bbox 1498 2851 1639 2892; x_wconf 69' lang='lat' dir='ltr'><strong>segetem,</strong></span> <span class='ocrx_word' id='word_1_319' title='bbox 1651 2853 1717 2880; x_wconf 89' lang='lat' dir='ltr'><strong>etc.</strong></span> 
     </span>
     <span class='ocr_line' id='line_1_38' title="bbox 159 2899 1717 2947; baseline 0 -13"><span class='ocrx_word' id='word_1_320' title='bbox 159 2901 245 2935; x_wconf 82' lang='lat' dir='ltr'><strong>dicit</strong></span> <span class='ocrx_word' id='word_1_321' title='bbox 270 2902 322 2946; x_wconf 83' lang='lat' dir='ltr'><strong>(in</strong></span> <span class='ocrx_word' id='word_1_322' title='bbox 345 2903 461 2946; x_wconf 51' lang='lat' dir='ltr'><strong>Regin.</strong></span> <span class='ocrx_word' id='word_1_323' title='bbox 491 2901 547 2936; x_wconf 76' lang='lat' dir='ltr'><strong>lib.</strong></span> <span class='ocrx_word' id='word_1_324' title='bbox 570 2913 618 2936; x_wconf 81' lang='lat'><strong>12.</strong></span> <span class='ocrx_word' id='word_1_325' title='bbox 641 2903 728 2947; x_wconf 73' lang='lat' dir='ltr'><strong>epist.</strong></span> <span class='ocrx_word' id='word_1_326' title='bbox 747 2913 794 2947; x_wconf 80' lang='lat'><strong>31.</strong></span> <span class='ocrx_word' id='word_1_327' title='bbox 822 2902 938 2936; x_wconf 72' lang='lat' dir='ltr'><strong>interr.</strong></span> <span class='ocrx_word' id='word_1_328' title='bbox 961 2912 992 2946; x_wconf 84' lang='lat'><strong>9.</strong></span> <span class='ocrx_word' id='word_1_329' title='bbox 1016 2906 1043 2934; x_wconf 75' lang='lat' dir='ltr'><strong>et</strong></span> <span class='ocrx_word' id='word_1_330' title='bbox 1064 2901 1138 2935; x_wconf 78' lang='lat' dir='ltr'><strong>hab.</strong></span> <span class='ocrx_word' id='word_1_331' title='bbox 1158 2907 1252 2947; x_wconf 83' lang='lat' dir='ltr'><strong>cap.:</strong></span> <span class='ocrx_word' id='word_1_332' title='bbox 1278 2901 1445 2947; x_wconf 80' lang='lat' dir='ltr'><strong>Scriptum</strong></span> <span class='ocrx_word' id='word_1_333' title='bbox 1471 2904 1524 2942; x_wconf 77' lang='lat' dir='ltr'><strong>est,</strong></span> <span class='ocrx_word' id='word_1_334' title='bbox 1548 2900 1580 2934; x_wconf 81' lang='lat'><strong>6.</strong></span> <span class='ocrx_word' id='word_1_335' title='bbox 1602 2911 1631 2945; x_wconf 84' lang='lat' dir='ltr'><strong>q.</strong></span> <span class='ocrx_word' id='word_1_336' title='bbox 1650 2899 1695 2946; x_wconf 83' lang='lat'><strong>3.)</strong></span> <span class='ocrx_word' id='word_1_337' title='bbox 1707 2912 1717 2934; x_wconf 94' lang='grc'><strong>.·</strong></span> 
     </span>
    </p>
   </div>
   <div class='ocr_carea' id='block_1_13' title="bbox 1824 1648 1859 3122">
    <p class='ocr_par' dir='ltr' id='par_1_19' title="bbox 1824 1648 1859 3122">
     <span class='ocr_line' id='line_1_39' title="bbox 1824 1648 1859 3122; baseline 0 0"><span class='ocrx_word' id='word_1_338' title='bbox 1824 1648 1859 3122; x_wconf 95' lang='lat' dir='ltr'><strong> </strong></span> 
     </span>
    </p>
   </div>
   <div class='ocr_carea' id='block_1_14' title="bbox 1821 0 1859 1226">
    <p class='ocr_par' dir='ltr' id='par_1_20' title="bbox 1821 0 1859 1226">
     <span class='ocr_line' id='line_1_40' title="bbox 1821 0 1859 1226; baseline 0 0"><span class='ocrx_word' id='word_1_339' title='bbox 1821 0 1859 1226; x_wconf 95' lang='lat' dir='ltr'><strong> </strong></span> 
     </span>
    </p>
   </div>
   <div class='ocr_carea' id='block_1_15' title="bbox 1839 1224 1856 1291">
    <p class='ocr_par' dir='ltr' id='par_1_21' title="bbox 1839 1224 1856 1291">
     <span class='ocr_line' id='line_1_41' title="bbox 1839 1224 1856 1291; textangle 90"><span class='ocrx_word' id='word_1_340' title='bbox 1840 1260 1856 1291; x_wconf 41' lang='grc' dir='ltr'><strong>ΗΑ</strong></span> <span class='ocrx_word' id='word_1_341' title='bbox 1839 1224 1850 1236; x_wconf 66' lang='lat'><strong>¹&lt;</strong></span> 
     </span>
    </p>
   </div>
   <div class='ocr_carea' id='block_1_16' title="bbox 1834 1288 1859 1528">
    <p class='ocr_par' dir='ltr' id='par_1_22' title="bbox 1834 1288 1859 1528">
     <span class='ocr_line' id='line_1_42' title="bbox 1834 1288 1859 1528; textangle 90"><span class='ocrx_word' id='word_1_342' title='bbox 1856 1523 1858 1528; x_wconf 34' lang='lat'><strong><em>⁴</em></strong></span> <span class='ocrx_word' id='word_1_343' title='bbox 1843 1455 1859 1499; x_wconf 49' lang='grc' dir='ltr'><strong>μέ</strong></span> <span class='ocrx_word' id='word_1_344' title='bbox 1834 1314 1859 1440; x_wconf 50' lang='grc' dir='ltr'><strong>ἐέὲᾒ-Ᾰ</strong></span> <span class='ocrx_word' id='word_1_345' title='bbox 1840 1288 1846 1299; x_wconf 77' lang='grc'><em>“</em></span> 
     </span>
    </p>
   </div>
  </div>
 </body>
</html>
