1859 3122
187 152 270 207 852
609 162 828 198 ΩΠΑΕΒΤΙΟ
864 162 993 193 CXXV.
1027 161 1268 192 ARTICULUS
1302 162 1329 191 Ι.

185 245 293 279 habet
325 244 503 278 rationem
538 243 695 289 peccati:
723 243 866 289 quando
894 251 1015 278 autem
1042 243 1218 290 appetitus
1244 243 1406 278 timendo
1428 243 1558 290 refugit
1577 244 1624 286 id,
1646 244 1743 290 quod

186 306 238 332 est
258 297 456 332 secundum
489 297 667 331 rationem
689 296 911 343 fugiendum,
933 305 1016 332 tunc
1041 297 1216 344 appetitus
1242 307 1316 331 non
1343 304 1396 331 est
1416 297 1649 340 inordinatus,
1675 309 1742 333 nec

185 359 386 397 peccatum.

257 404 316 437 AD
346 413 495 438 PRIMUM
518 414 604 449 ergo
633 403 837 446 dicendum,
864 405 961 450 quod
995 404 1105 438 timor
1128 404 1369 438 communiter
1399 403 1512 438 dictus
1546 404 1744 439 secundum

186 468 289 491 suam
325 457 504 491 rationem
526 457 698 503 importat
720 457 968 492 universaliter
1002 457 1142 503 fugam3
1177 457 1272 491 unde
1307 465 1480 503 quantum
1509 457 1551 491 ad
1577 457 1649 491 hoc
1671 468 1745 491 non

185 511 357 556 importat
377 510 555 544 rationem
577 511 675 553 boni,
696 510 755 544 vel
776 511 879 545 mali:
904 519 938 546 et
960 511 1124 545 similiter
1150 519 1203 545 est
1224 511 1267 545 de
1290 510 1447 557 qualibet
1468 510 1538 545 alia
1558 511 1745 557 passione3

187 572 221 598 et
256 563 338 598 ideo
380 564 516 599 Philos.
555 564 650 606 dicit,
692 564 788 610 quod
827 565 1014 611 passiones
1054 575 1129 598 non
1162 572 1244 599 sunt
1276 563 1484 606 laudabiles,
1513 575 1629 610 neque
1659 564 1747 598 vitu-

187 617 384 664 perabiles:
420 618 503 664 quia
524 617 661 653 scilicet
688 630 761 652 non
788 618 990 660 laudentur,
1018 629 1136 664 neque
1164 618 1421 664 vituperantur,
1443 617 1503 664 qui
1534 617 1745 659 irascuntur,

188 671 245 705 vel
266 671 405 713 timent,
428 672 489 705 sed
512 672 571 718 qui
595 672 689 706 circa
710 672 800 706 haec
823 680 883 706 aut
905 672 1080 713 ordinate,
1108 680 1168 706 aut
1188 672 1389 706 inordinate
1411 682 1448 705 se
1468 671 1612 706 habent.

259 725 319 759 AD
342 735 548 760 SECUNDUM
574 725 780 768 dicendum,
807 726 902 772 quod
936 725 1045 759 timor
1069 725 1143 767 ille,
1175 725 1218 759 ad
1245 736 1353 771 quem
1380 725 1516 759 inducit
1536 723 1746 770 Apostolus,

190 786 242 812 est
264 779 482 813 conveniens
504 779 653 821 rationi3
681 786 718 813 ut
751 779 889 813 scilicet
915 790 1036 814 servus
1070 779 1207 821 timeat,
1240 790 1285 814 ne
1318 778 1461 813 deficiat
1492 778 1528 812 in
1554 777 1746 824 obsequiis,

190 843 281 878 quae
296 832 446 866 domino
469 832 573 866 debet
594 832 813 879 impendere.

260 885 320 920 AD
343 896 514 920 TERTIUM
536 886 741 928 dicendum,
760 886 855 932 quod
879 886 985 928 mala,
1005 886 1132 932 quibus
1155 886 1268 920 homo
1292 885 1456 920 resistere
1477 896 1552 919 non
1573 892 1701 931 potest,
1713 893 1748 919 et

190 951 231 973 ex
247 950 401 985 quorum
419 939 630 974 sustinentia
651 939 741 973 nihil
767 940 854 974 boni
875 940 1040 986 provenit
1057 939 1210 982 homini,
1225 939 1316 974 ratio
1338 938 1448 974 dictat
1463 950 1540 973 esse
1557 937 1744 985 fugienda3

189 1000 223 1028 et
243 993 325 1027 ideo
346 993 456 1027 timor
468 992 594 1028 talium
616 1004 689 1027 non
712 1001 765 1028 est
785 1004 986 1040 peccatum.

762 1116 1106 1161 ARTICULUS
1135 1117 1190 1160 II.
1680 1126 1744 1174 635

332 1224 484 1254 UTRUM
516 1224 754 1254 PECCATUM
787 1225 965 1256 T1M0R1s
1001 1226 1266 1257 OPPONATUR
1299 1225 1603 1256 FORTrTUDm.

262 1312 322 1346 AD
345 1318 551 1347 SECUNDUM
573 1312 622 1346 sic
645 1313 861 1359 proceditur.
884 1313 1046 1356 Videtur,
1065 1314 1162 1360 quod
1176 1321 1366 1359 peccatum
1386 1314 1526 1347 timoris
1544 1324 1618 1347 non
1641 1324 1749 1359 oppo-

192 1374 296 1400 natur
314 1365 531 1399 fortitudini:
554 1365 726 1400 fortitudo
750 1367 846 1400 enim
869 1375 922 1401 est
944 1368 1037 1400 circa
1055 1366 1213 1413 pericula
1235 1367 1373 1408 mortis,
1395 1374 1433 1401 ut
1455 1378 1559 1412 supra
1585 1366 1748 1401 habitum

194 1427 246 1453 est
269 1419 314 1465 (q.
336 1431 401 1465 123.
425 1423 486 1453 art.
509 1430 541 1463 4.
564 1425 593 1454 et
609 1419 678 1465 5.):
702 1420 763 1454 sed
786 1427 975 1465 peccatum
997 1420 1137 1454 timoris
1159 1431 1233 1454 non
1256 1431 1398 1466 semper
1424 1420 1576 1466 pertinet
1597 1420 1640 1454 ad
1661 1420 1750 1466 peri-

195 1472 274 1508 cula
290 1473 434 1515 mortis;
450 1473 533 1519 quia
548 1484 654 1519 super
667 1473 755 1507 illud
772 1474 827 1508 Ps.
849 1484 942 1519 127.:
958 1475 1052 1508 Beati
1066 1485 1184 1516 omnes,
1204 1475 1260 1519 qui
1281 1475 1396 1508 timent
1414 1474 1611 1515 Dominum,
1628 1472 1748 1507 Gloss.

196 1526 281 1570 (ord.
298 1526 457 1571 August.)
479 1526 575 1568 dicit,
593 1526 688 1572 quod
714 1527 926 1560 «humanus
942 1527 1050 1560 timor
1066 1535 1128 1569 est,
1140 1538 1211 1573 quo
1225 1527 1395 1561 timemus
1411 1527 1483 1572 pati
1505 1525 1664 1572 pericula
1679 1537 1751 1560 car-

194 1579 259 1621 nis,
272 1579 329 1613 vel
342 1579 488 1625 perdere
504 1580 628 1612 mundi
644 1580 738 1613 bona
753 1594 770 1612 2>
786 1591 792 1613 :
817 1588 851 1614 et
873 1591 977 1626 super
991 1580 1090 1622 illud,
1106 1581 1233 1614 Matth.
1253 1579 1327 1614 26.:
1351 1580 1474 1615 Ora-vit
1491 1581 1585 1614 tertio
1604 1579 1750 1614 eumdem

192 1645 383 1674 sermonem,
413 1640 491 1673 etc„
519 1633 603 1666 dicit
631 1632 751 1667 Gloss.
776 1633 860 1677 (ord.
884 1635 1021 1677 August.
1045 1634 1099 1668 lib.
1122 1646 1148 1668 1.
1174 1634 1253 1678 QQ.
1276 1633 1467 1679 Evangelia
1490 1645 1519 1679 q.
1539 1633 1626 1677 ult.),
1654 1633 1750 1679 quod

197 1685 354 1732 «triplex
370 1694 421 1720 est
436 1685 551 1720 malus
567 1686 676 1720 timor
691 1686 842 1729 doloris3
862 1687 1014 1721 scilicet:
1031 1687 1140 1721 timor
1155 1687 1292 1729 mortis,
1307 1688 1416 1721 timor
1431 1685 1578 1728 doloris,
1594 1694 1627 1721 et
1641 1686 1751 1721 timor

194 1739 339 1774 vilitatis
354 1752 393 1774 »ε
416 1750 489 1773 11011
513 1751 599 1785 ergo
622 1748 811 1785 peccatum
833 1740 972 1774 timoris
995 1741 1188 1787 opponitur
1209 1740 1419 1774 fortitudini.

265 1804 296 1828 2.
318 1794 554 1828 PRAETEREA.
577 1794 828 1840 Praecipuum,
848 1795 944 1840 quod
968 1795 1245 1828 commendatur
1266 1794 1301 1828 in
1324 1793 1543 1835 fortitudine,
1567 1802 1630 1836 est,
1653 1794 1750 1840 quod

196 1847 342 1894 exponit
363 1858 400 1881 se
420 1847 586 1893 periculis
609 1847 753 1881 mortis:
778 1847 838 1882 sed
861 1848 1077 1894 quandoque
1106 1847 1233 1894 aliquis
1257 1859 1299 1882 ex
1324 1847 1456 1881 timore
1482 1847 1672 1889 servitutis,
1693 1847 1749 1881 vel

194 1900 418 1947 ignominiae
441 1900 587 1946 exponit
608 1912 645 1934 se
668 1901 795 1943 morti3
818 1901 909 1935 sicut
931 1901 1083 1947 August.
1099 1901 1134 1934 in
1154 1912 1181 1935 1.
1198 1901 1240 1935 de
1263 1900 1343 1935 Civ.
1359 1900 1428 1934 Dei
1442 1901 1530 1947 (cap.
1545 1900 1619 1945 24.)
1633 1907 1753 1934 narrat

197 1955 239 1989 de
262 1954 416 1995 Catone,
439 1954 499 1999 qui
519 1962 555 1988 ut
576 1965 650 1988 non
672 1954 868 1988 incurreret
890 1954 1057 1988 Caesaris
1073 1954 1294 1996 servitutem,
1310 1954 1419 1988 morti
1437 1965 1473 1988 se
1487 1953 1650 1996 tradidit3
1664 1964 1751 1999 ergo

196 2015 387 2054 peccatum
408 2007 547 2042 timoris
569 2004 642 2041 11011
665 2008 860 2054 opponitur
880 2007 1092 2050 fortitudini,
1115 2008 1176 2042 sed
1204 2007 1320 2054 magis
1346 2007 1455 2042 habet
1480 2006 1751 2041 similitudinem

198 2072 281 2095 cum
302 2061 390 2107 ipsa.

272 2126 300 2160 3.
323 2115 558 2149 PRAETEREA.
583 2114 715 2149 Omnis
742 2115 943 2161 desperatio
970 2115 1133 2160 procedit
1155 2126 1197 2149 ex
1219 2114 1339 2161 aliquo
1365 2115 1511 2149 timore:
1539 2114 1601 2149 sed
1628 2114 1752 2160 despe-

198 2167 288 2202 ratio
310 2179 384 2201 non
407 2167 600 2213 opponitur
621 2167 830 2210 fortitudini,
853 2169 914 2203 sed
937 2169 1052 2214 magis
1074 2168 1160 2215 spei,
1183 2175 1220 2202 ut
1241 2179 1347 2214 supra
1367 2168 1531 2202 habitum
1554 2176 1606 2203 est
1627 2168 1674 2214 (q.
1697 2179 1751 2203 20.

199 2227 261 2256 art.
284 2234 310 2256 1.
333 2226 360 2256 et
377 2231 439 2256 1-2.
456 2233 485 2267 t]-
499 2232 555 2265 40.
572 2226 634 2255 art.
656 2222 730 2266 4.);
751 2233 837 2267 ergo
852 2233 967 2268 neque
982 2230 1172 2267 peccatum
1186 2222 1326 2256 timoris
1338 2222 1530 2268 opponitur
1542 2221 1751 2256 fortitudini.

271 2275 344 2309 SED
365 2285 519 2310 CONTRA
543 2282 605 2316 est,
621 2275 716 2320 quod
733 2275 867 2309 Philos.
891 2276 926 2309 in
943 2285 973 2310 2.
990 2275 1147 2309 Ethicor.
1166 2275 1253 2322 (cap.
1269 2276 1328 2321 7.),
1344 2284 1378 2310 et
1392 2277 1427 2309 in
1449 2287 1477 2321 3.
1496 2276 1581 2322 (cap.
1601 2276 1647 2321 7.)
1661 2275 1753 2309 timi-

199 2329 346 2364 ditatem
368 2328 470 2374 ponit
489 2327 688 2362 fortitudini
710 2329 925 2374 oppositam.

270 2382 498 2416 RESPONDEO
522 2381 726 2422 dicendum,
749 2382 857 2427 quod,
885 2382 976 2416 sicut
998 2393 1102 2428 supra
1130 2382 1265 2416 dictum
1294 2391 1346 2416 est
1367 2383 1414 2428 (q.
1437 2394 1487 2428 19.
1511 2387 1573 2416 art.
1592 2394 1619 2428 3.
1642 2387 1672 2417 et
1691 2393 1752 2416 1-2.

200 2449 228 2483 q.
251 2448 300 2482 43.
323 2442 385 2471 art.
409 2436 466 2481 1.),
491 2436 609 2470 omnis
631 2435 740 2470 timor
767 2447 807 2469 ex
831 2448 954 2470 amore
978 2437 1156 2482 procedit:
1179 2436 1297 2470 nullus
1325 2437 1421 2470 enim
1443 2436 1556 2478 timet,
1582 2435 1651 2470 nisi
1673 2446 1754 2469 con-

199 2492 349 2525 trarium
371 2491 446 2535 ejus
468 2490 564 2536 quod
587 2497 698 2523 amat:
719 2500 821 2523 amor
845 2498 1051 2524 autemnon
1072 2490 1330 2524 determinatur
1344 2490 1386 2524 ad
1403 2489 1547 2535 aliquod
1563 2500 1676 2534 genus
1689 2488 1755 2522 vir-

199 2544 294 2586 tutis,
316 2543 372 2577 vel
393 2544 487 2577 vitii:
511 2543 571 2577 sed
588 2554 690 2576 amor
707 2543 889 2576 ordinatus
904 2543 1096 2577 includitur
1112 2543 1146 2576 in
1162 2543 1318 2589 qualibet
1331 2543 1475 2577 virtute:
1492 2542 1639 2589 quilibet
1657 2542 1754 2576 enirn

200 2598 380 2631 virtuosus
403 2604 499 2630 amat
522 2598 704 2642 proprium
720 2596 856 2629 bonum
878 2597 1036 2630 virtutis:
1061 2608 1164 2630 amor
1187 2605 1307 2631 autem
1326 2597 1548 2630 inordinatus
1562 2595 1755 2630 includitur

203 2652 237 2685 in
261 2650 419 2696 quolibet
442 2658 610 2696 peccato:
634 2662 674 2683 ex
694 2661 816 2683 amore
833 2650 929 2683 enim
945 2650 1148 2684 inordinato
1164 2650 1325 2695 procedit
1339 2650 1542 2683 inordinata
1561 2649 1753 2695 cupiditas;

202 2704 294 2738 unde
314 2703 477 2737 similiter
499 2703 720 2737 inordinatus
741 2703 850 2737 timor
872 2703 1064 2736 includitur
1086 2705 1119 2737 111
1143 2703 1302 2749 quolibet
1324 2711 1493 2749 peccato:
1515 2703 1606 2737 sicut
1628 2713 1754 2737 avarus

204 2757 307 2791 timet
329 2758 562 2791 amissionem
590 2757 775 2802 pecuniae,
801 2757 1058 2802 intemperatus
1086 2757 1318 2791 amissionem
1345 2756 1556 2802 voluptatis:
1585 2763 1618 2790 et
1639 2756 1689 2790 sic
1711 2755 1754 2789 de

205 2810 300 2843 aliis:
324 2810 385 2844 sed
407 2810 517 2844 timor
538 2811 749 2856 praecipuus
772 2818 824 2844 est
845 2809 1088 2855 periculorum
1111 2810 1248 2851 mortis,
1276 2818 1313 2843 ut
1334 2810 1503 2856 probatur
1522 2809 1558 2842 in
1588 2820 1616 2855 3.
1638 2808 1754 2843 Ethic.

204 2864 293 2909 (cap.
316 2863 380 2909 6.);
404 2872 437 2898 et
459 2863 539 2898 ideo
562 2863 641 2898 talis
663 2863 802 2897 timoris
818 2863 1034 2896 inordinatio
1054 2863 1247 2908 opponitur
1260 2861 1469 2905 fortitudini,
1484 2873 1575 2908 quae
1590 2869 1642 2896 est
1660 2861 1754 2896 circa
