1859 3122
469 210 690 246 QUAESTIO
726 210 900 240 CLXXIV.
934 211 1178 241 ARTICULUS
1210 212 1251 242 V.
1540 213 1645 255 1135

88 292 254 326 nuntium
264 292 452 326 veritatem
469 293 640 327 enuntiet:
656 293 747 327 sicut
762 304 825 339 per
840 292 983 327 Heliam
994 293 1184 327 veritatem
1200 293 1384 339 respondit
1397 293 1530 327 nuntiis
1544 293 1649 338 regis,

88 345 147 391 qui
162 346 394 379 mittebantur
410 347 451 379 ad
472 346 735 382 consulendum
752 347 872 380 Deum
892 346 1073 387 Accaron,
1093 354 1130 380 ut
1146 346 1299 380 habetur
1313 356 1345 389 4.
1362 346 1450 391 Reg.
1471 357 1509 380 1.:
1526 358 1650 392 quam-

88 399 140 433 vis
162 399 269 432 etiam
293 399 361 432 dici
384 400 507 444 possit,
530 400 625 445 quod
648 411 721 433 non
743 399 848 434 fuerit
871 400 991 433 anima
1015 399 1206 441 Samuelis,
1234 400 1294 433 sed
1322 399 1479 433 daemon
1506 412 1548 434 ex
1573 412 1650 445 per-

88 463 177 486 sona
189 452 264 494 ejus
278 451 429 497 loquens
441 465 447 493 ;
463 464 571 498 quern
583 453 733 499 Sapiens
745 452 954 487 Samuelem
969 453 1146 494 nominat,
1162 461 1197 487 et
1212 454 1287 498 ejus
1299 453 1649 498 praenuntiationem

88 505 350 552 propheticam,
366 506 566 540 secundum
589 506 800 552 opinionem
818 506 948 548 Saulis,
964 514 998 540 et
1013 507 1242 549 adstantium,
1257 507 1318 552 qui
1336 507 1384 540 ita
1400 506 1650 553 opinabantur.

641 635 986 680 ARTICULUS
1020 636 1098 679 vt.
1582 647 1647 694 833

241 744 256 758 ⁸
394 743 548 773 UTRUM
581 743 753 774 GRADUS
787 744 1062 774 PROPHETIAE
1094 744 1342 775 VARIENTUR

474 809 713 838 SECUNDUM
745 809 962 840 TEMPORIS
995 809 1266 840 PROCESSUM.

351 894 462 939 (Part.
484 906 509 929 Ι.
533 907 561 942 q.
579 907 631 942 52.
654 901 718 931 art.
736 907 766 942 5.
788 896 831 931 ad
847 908 876 943 3.
898 902 928 932 et
953 908 982 943 q.
1009 909 1059 932 12.
1082 902 1147 932 art.
1173 908 1225 942 14.
1251 897 1304 932 ad.
1330 897 1389 942 L).

158 984 218 1018 AD
241 994 393 1019 SEXTUM
415 985 466 1019 sic
489 985 705 1031 proceditur.
720 984 883 1027 Videtur,
902 985 999 1031 quod
1022 985 1152 1031 gradus
1173 986 1386 1032 prophetiae
1400 986 1584 1020 varientur
1598 997 1652 1020 se-

89 1037 248 1071 cundum
270 1038 443 1084 temporis
462 1049 686 1085 processum:
714 1038 903 1084 prophetia
932 1038 1029 1072 enim
1057 1039 1242 1072 ordinatur
1263 1040 1307 1073 ad
1330 1039 1579 1085 cognitionem
1601 1040 1650 1073 di-

88 1091 268 1132 vinorum,
296 1099 333 1125 ut
354 1103 396 1125 ex
418 1091 521 1125 dictis
543 1099 639 1137 patet
669 1091 716 1137 (q.
738 1097 851 1137 praec.
874 1096 938 1126 art.
962 1104 990 1137 3.
1013 1096 1041 1126 et
1061 1092 1136 1136 4.).·
1163 1092 1237 1133 scd,
1268 1092 1360 1126 sicut
1385 1093 1471 1126 dicit
1497 1093 1650 1138 Gregor.

88 1143 194 1187 (hom.
220 1144 273 1179 16.
292 1146 327 1178 in
348 1145 496 1189 EzechJ,
516 1155 607 1190 «per
632 1144 881 1178 successiones
903 1152 1110 1189 temporum
1138 1145 1250 1179 crevit
1271 1145 1413 1179 divinae
1435 1146 1653 1191 cognitionis

89 1204 326 1242 augmentum
341 1209 382 1239 »3
404 1207 492 1243 ergo
514 1204 548 1231 et
563 1197 695 1242 gradus
717 1197 930 1243 prophetiae
952 1198 1153 1231 secundum
1176 1209 1388 1244 processum
1409 1199 1582 1245 temporis
1598 1199 1654 1233 de-

87 1250 171 1284 bent
193 1250 374 1296 distingui.

160 1313 192 1337 2.
214 1303 450 1338 PRAETEREA.
472 1302 661 1338 Revelatio
684 1304 897 1350 prophetica
923 1304 962 1338 fit
987 1315 1051 1350 per
1077 1305 1231 1338 modum
1254 1305 1396 1339 divinae
1422 1305 1653 1340 allocutionis

89 1356 132 1390 ad
153 1356 359 1391 hominem:
387 1368 407 1390 a
426 1357 616 1402 Prophetis
636 1365 757 1391 autem
784 1369 825 1391 ea
853 1369 944 1403 quae
971 1366 1054 1391 sunt
1080 1358 1130 1392 eis
1152 1358 1320 1400 revelata,
1343 1359 1598 1393 denuntiantur
1620 1367 1654 1393 et

87 1409 210 1451 verbo,
233 1418 268 1444 et
288 1410 438 1456 scripto:
462 1410 591 1444 dicitur
612 1410 721 1451 enim,
748 1421 776 1444 Ι.
795 1410 885 1455 Reg.
908 1422 949 1456 3.,
971 1411 1068 1456 quod
1090 1417 1164 1446 ante
1187 1412 1371 1446 Samuelem
1392 1424 1497 1446 sermo
1513 1413 1654 1446 Domini

88 1468 159 1498 erat
174 1464 348 1510 pretiosus,
376 1463 468 1497 idest
489 1474 607 1497 rarus:
631 1464 690 1508 qui
711 1472 833 1497 tamen
860 1473 986 1509 postea
1014 1464 1057 1497 ad
1087 1464 1221 1498 multos
1249 1464 1364 1499 factus
1392 1473 1461 1499 est:
1489 1465 1654 1499 similiter

89 1517 198 1550 etiam
213 1527 286 1550 non
301 1516 532 1550 inveniuntur
545 1516 626 1550 libri
639 1516 903 1561 Prophetarum
916 1529 993 1551 esse
1006 1518 1199 1564 conscripti
1214 1527 1296 1552 ante
1312 1527 1454 1564 tempus
1470 1519 1583 1553 Isaiae
1596 1519 1654 1553 cui

90 1570 227 1603 dictum
250 1577 318 1603 est:
350 1570 447 1604 Sume
474 1571 534 1604 tibi
555 1570 678 1603 librum
703 1570 874 1615 grandem,
897 1576 926 1605 et
945 1572 1048 1605 scribe
1075 1573 1109 1604 ‘in
1138 1583 1172 1605 eo
1201 1572 1279 1617 stylo
1307 1572 1459 1614 hominis,
1491 1580 1528 1606 ut
1556 1580 1654 1618 patet

89 1623 155 1657 Isa.
184 1622 228 1664 8.,
250 1630 331 1668 post
352 1622 449 1668 quod
469 1631 612 1669 tempus
634 1623 752 1668 plures
771 1623 974 1669 Prophetae
1004 1635 1086 1658 suas
1113 1624 1320 1670 prophetias
1343 1627 1653 1671 conscripserunt;

90 1687 177 1721 ergo
204 1675 356 1717 videtur,
383 1676 479 1721 quod
510 1676 709 1710 secundum
743 1687 954 1722 processum
985 1685 1192 1723 temporum
1214 1677 1406 1724 profecerit
1439 1679 1652 1725 prophetiae

90 1730 232 1776 gradus.

165 1795 194 1829 3.
216 1783 451 1818 PRAETEREA.
474 1783 656 1817 Dominus
679 1783 774 1825 dicit,
796 1783 924 1817 Matth.
948 1794 1017 1818 11.:
1042 1784 1123 1826 Lex,
1143 1789 1172 1819 et
1187 1785 1365 1830 Prophetae
1385 1797 1483 1831 usque
1502 1785 1544 1820 ad
1552 1787 1654 1830 Joan-

90 1849 164 1871 nem
181 1837 484 1884 prophetaverunt:
508 1830 741 1882 postmodum
777 1844 896 1870 autem
927 1836 993 1871 fuit
1018 1837 1154 1871 donum
1177 1838 1387 1884 prophetiae
1408 1839 1445 1872 in
1472 1839 1654 1885 discipulis

93 1890 231 1924 Christi
252 1889 367 1924 multo
391 1889 634 1931 excellentius,
657 1901 766 1935 quarn
783 1889 888 1924 fuerit
905 1890 941 1923 in
964 1891 1118 1936 antiquis
1132 1890 1335 1936 Prophetis,
1350 1892 1548 1926 secundum
1566 1892 1654 1926 illud

93 1944 137 1978 ad
158 1944 288 1990 Ephes.
314 1955 361 1989 3.:
385 1944 473 1978 Aliis
484 1945 750 1989 generationibus
764 1955 829 1977 non
850 1949 892 1978 est
910 1945 1059 1989 agnitum
1073 1945 1156 1990 filiis
1173 1945 1354 1987 hominnm,
1371 1945 1509 1980 scilicet
1524 1953 1654 1992 myste-

93 1998 186 2031 rium
210 1997 356 2038 Christi,
381 1999 464 2031 sicut
485 2009 572 2031 nunc
592 1997 772 2031 revelatum
793 2002 837 2031 est
861 1999 980 2031 sanct-is
1002 1998 1169 2044 Apostolz's
1190 1999 1270 2043 ejus,
1292 2003 1320 2032 et
1342 1999 1514 2045 Prophetis
1535 2000 1569 2032 in
1593 2000 1656 2045 spi-

92 2052 183 2092 ritzc;
207 2062 294 2096 ergo
316 2051 468 2092 videtur,
487 2050 584 2096 quod
606 2050 806 2084 secundum
832 2061 1043 2095 processum
1069 2051 1243 2096 temporis
1266 2052 1417 2085 creverit
1442 2052 1653 2098 prophetiae

95 2104 238 2150 gradus.

165 2157 240 2192 SED
252 2167 406 2192 CONTRA
422 2165 485 2198 est,
505 2157 588 2202 quia
598 2157 744 2202 Moyses
757 2156 822 2191 fuit
837 2156 1158 2191 excellentissimus
1171 2157 1448 2204 Prophetarum,
1464 2166 1503 2192 ut
1517 2158 1653 2193 dictum

94 2219 148 2245 est
169 2211 248 2254 (art.
270 2222 303 2254 4.
326 2211 394 2256 huj.
417 2212 476 2255 q.),
500 2211 559 2256 qui
581 2219 703 2244 tamen
726 2210 815 2244 alios
841 2211 1042 2256 Prophetas
1065 2211 1276 2256 praecessit3
1299 2222 1386 2257 ergo
1414 2213 1544 2257 gradus
1571 2224 1650 2258 pro-

94 2264 238 2310 phetiae
259 2274 332 2297 non
354 2262 506 2309 profecit
527 2263 726 2297 secundum
747 2265 920 2309 temporis
942 2275 1164 2309 processum.

166 2317 396 2351 RESPONDEO
413 2316 618 2357 dicendum,
632 2316 739 2361 quod,
754 2317 846 2350 sicut
861 2317 997 2350 dictum
1014 2325 1065 2350 est
1082 2317 1161 2360 (art.
1176 2329 1206 2352 2.
1226 2322 1256 2352 et
1268 2329 1300 2361 4.
1321 2317 1388 2362 huj.
1408 2329 1437 2363 q.
1453 2323 1483 2352 et
1500 2325 1652 2364 q.praec.

95 2376 159 2405 art.
183 2382 213 2405 2.
232 2375 262 2404 et
282 2369 346 2414 4.),
369 2369 559 2415 prophetia
581 2369 765 2403 ordinatur
780 2370 823 2403 ad
839 2370 1086 2415 cognitionem
1106 2370 1247 2404 divinae
1274 2370 1448 2412 veritatis;
1470 2382 1533 2416 per
1552 2373 1654 2417 cujus

95 2422 440 2468 contemplationem
462 2433 536 2456 non
558 2422 676 2456 solum
698 2423 734 2456 in
755 2422 825 2457 fide
846 2423 1066 2465 instruimur,
1083 2423 1144 2457 sed
1164 2424 1273 2458 etiam
1287 2423 1323 2456 in
1337 2424 1469 2465 nostris
1484 2425 1651 2470 operibus

96 2476 348 2522 gubernamur,
360 2475 560 2509 secundum
570 2474 658 2508 illud
672 2474 765 2509 Psal.
776 2485 851 2521 43.:
865 2477 985 2510 Emitte
1004 2477 1105 2510 lucem
1119 2482 1221 2518 tuam,
1233 2478 1443 2511 etveritatem
1463 2482 1567 2520 tuam,
1583 2479 1653 2524 ipsa

95 2542 145 2563 me
166 2529 390 2563 deduxerunt.-
413 2528 500 2561 fides
522 2536 643 2562 autem
664 2536 787 2562 nostra
808 2529 845 2562 in
859 2529 981 2563 duobus
1001 2529 1245 2575 principaliter
1261 2530 1440 2564 consistit:
1452 2532 1565 2577 primo
1581 2531 1654 2577 qui-

97 2583 179 2616 dem
201 2582 237 2615 in
258 2593 342 2615 vera
363 2581 434 2615 Dei
456 2581 675 2625 cognitione,
697 2582 896 2615 secundum
918 2581 1005 2615 illud
1028 2582 1135 2616 Hebr.
1163 2593 1233 2617 11.:
1256 2583 1467 2617 Accedentem
1481 2584 1523 2618 ad
1543 2585 1655 2618 Deum

98 2640 224 2680 oportet
245 2634 383 2676 credere,
406 2635 483 2679 quia
505 2640 569 2668 est:
591 2634 727 2668 secumio
749 2635 785 2668 in
806 2635 980 2681 mysterio
1002 2636 1263 2669 incarnationis
1286 2635 1433 2678 Christi,
1455 2637 1654 2671 secundum

94 2687 179 2721 illud
198 2687 300 2732 Joan.
328 2696 398 2728 14:
424 2686 566 2721 Creditis
586 2688 620 2720 in
642 2688 764 2729 Deum,
791 2690 875 2722 etin
902 2701 950 2722 me
977 2689 1105 2722 credite.
1135 2688 1173 2722 Si
1201 2700 1287 2734 ergo
1315 2689 1358 2722 de
1385 2690 1574 2735 prophetia
1600 2690 1653 2724 lo-

95 2751 258 2786 quamur,
280 2740 493 2785 inquantum
513 2740 695 2774 ordinatur
714 2741 757 2774 ad
774 2741 884 2775 fidem
907 2742 1057 2782 deitatis,
1080 2742 1129 2775 sic
1158 2742 1303 2787 quidem
1323 2743 1434 2776 crevit
1453 2744 1652 2777 secundum

94 2801 166 2826 tres
192 2801 399 2838 temporum
426 2793 693 2835 distinctiones3
720 2794 857 2828 scilicet
886 2802 966 2827 ante
997 2794 1128 2839 legem,
1156 2795 1218 2828 sub
1246 2795 1337 2839 lege,
1365 2805 1399 2829 et
1430 2797 1493 2830 sub
1524 2799 1653 2842 gratia:

96 2857 180 2879 nam
204 2853 285 2879 ante
307 2845 438 2891 legem,
462 2846 660 2887 Abraham,
687 2855 721 2880 et
747 2846 806 2880 alii
832 2848 956 2881 Patres
986 2848 1195 2893 prophetice
1223 2857 1304 2882 sunt
1337 2849 1500 2883 instructi
1529 2850 1572 2883 de
1598 2850 1654 2884 his

98 2910 188 2944 quae
212 2899 390 2944 pertinent
411 2899 453 2932 ad
475 2898 584 2933 fidem
606 2899 762 2942 deitatis3
786 2900 880 2934 unde
903 2908 936 2934 et
957 2900 1160 2946 Prophetae
1187 2902 1432 2944 nominantur,
1455 2903 1653 2936 secundum
