1859 3122
523 175 744 212 QUAESTIO
779 175 890 205 CLIV.
926 173 1170 203 ARTICULUS
1203 172 1277 201 XII.
1575 171 1680 200 1011

122 259 382 305 transgreditur
399 258 514 292 horno
529 258 576 299 id,
595 256 692 304 quod
708 264 758 292 est
774 255 974 290 secundum
988 263 1155 288 naturam
1170 253 1447 287 determinatum
1469 252 1564 286 circa
1583 263 1689 286 usum

124 323 332 354 venereum,
354 311 436 345 inde
459 319 522 353 est,
544 311 640 357 quod
662 311 698 344 in
716 309 779 344 tali
794 309 943 343 materia
957 308 1028 342 hoc
1045 315 1234 354 peccatum
1250 315 1302 341 est
1317 306 1572 351 gravissimum
1587 317 1593 338 :
1610 313 1692 351 post

125 367 222 413 quod
242 373 295 400 est
313 365 482 406 incestus,
501 365 572 410 qui,
595 364 686 398 sicut
708 364 844 398 dictum
867 370 920 397 est
943 362 1023 405 (art.
1047 373 1078 407 9.
1102 361 1169 405 huj.
1192 361 1253 406 q),
1273 368 1326 394 est
1348 367 1473 393 contra
1489 358 1691 393 naturalem

124 419 376 459 reverentiam,
392 429 500 464 quam
517 417 680 463 personis
694 416 897 462 conjunctis
911 415 1104 450 debemus:
1121 425 1184 460 per
1199 413 1286 447 alias
1303 421 1423 447 autem
1438 412 1598 446 luxuriae
1617 423 1693 458 spe-

126 473 198 507 cies
219 472 430 518 praeteritur
452 471 572 506 solum
587 471 634 512 id,
650 471 746 517 quod
763 478 815 504 est
830 469 1029 504 secundum
1046 468 1225 501 rationem
1241 475 1378 500 rectam
1397 466 1692 506 determinatum,

125 537 167 560 ex
185 525 522 572 praesuppositione
543 532 666 558 tamen
688 523 907 557 naturalium
930 521 1210 568 principiorum:
1233 520 1349 566 magis
1372 528 1491 553 autem
1517 527 1693 564 repugnat

126 579 270 620 rationi,
293 579 389 624 quod
407 578 534 624 aliquis
547 577 711 612 venereis
726 585 856 618 utatur,
875 587 948 609 non
968 574 1088 609 solum
1104 583 1229 608 contra
1243 574 1278 607 id
1295 573 1390 619 quod
1411 573 1582 606 convenit
1600 571 1693 618 proli

127 633 367 679 generandae,
390 632 451 666 sed
475 632 585 666 etiam
608 643 691 664 cum
714 630 841 675 injuria
865 629 1029 671 alterius3
1053 637 1087 662 et
1108 628 1190 662 ideo
1210 627 1402 662 fornicatio
1423 626 1585 672 simplex,
1601 637 1693 672 quae

127 686 367 720 committitur
389 686 463 719 sine
485 685 613 730 injuria
637 684 780 718 alterius
802 694 990 730 personae,
1014 690 1066 716 est
1089 681 1346 715 minimaintcr
1368 680 1506 726 species
1521 679 1692 714 luxuriae:

127 740 245 785 maj0r
267 747 388 772 autern
409 738 539 783 injuria
562 746 626 779 est,
648 738 677 771 si
700 737 777 783 quis
805 737 970 770 abutatur
997 735 1147 769 muliere
1174 734 1318 769 alterius
1344 735 1511 780 potestati
1534 733 1694 778 subjecta

128 793 172 826 ad
195 804 300 827 usum
323 791 580 837 generationis,
602 802 711 837 quarn
740 790 782 824 ad
810 789 927 824 solam
960 789 1184 830 custodiam3
1213 795 1248 822 et
1277 787 1359 822 ideo
1395 786 1610 820 adulterium
1642 794 1696 820 est

128 846 284 892 gravius,
316 857 424 891 quam
452 853 632 890 stuprum:
665 852 699 878 et
731 851 922 888 utrumque
954 850 1171 887 aggravatur
1200 853 1263 887 per
1292 840 1522 882 violentiam;
1550 847 1696 886 propter

127 899 225 946 quod
247 907 368 944 raptus
390 898 537 944 virginis
559 906 612 932 est
633 897 788 943 gravius,
812 907 920 942 quam
943 904 1118 941 stuprum,
1138 904 1172 929 et
1193 903 1314 941 raptus
1329 894 1461 935 uxoris,
1476 905 1585 939 quam
1601 891 1697 926 adul—

128 953 278 987 terium:
302 960 336 986 et
356 952 446 985 haec
470 953 593 985 omnia
616 951 725 984 etiam
748 957 990 995 aggravantur
1017 948 1217 982 secundum
1244 949 1422 982 rationem
1445 946 1636 992 sacrilegii,
1659 953 1695 979 ut

129 1017 236 1052 supra
258 1005 395 1038 dictum
417 1013 470 1038 est
493 1004 572 1047 (art.
603 1014 654 1039 10.
679 1003 746 1049 huj.
765 1015 795 1048 q.
818 1002 860 1036 ad
877 1003 935 1046 2.).

200 1059 260 1092 AD
278 1068 428 1092 PRIMUM
443 1068 529 1103 ergo
549 1057 755 1097 dicendum,
771 1055 867 1101 quod
882 1055 974 1089 sicut
989 1054 1078 1089 ordo
1100 1054 1251 1088 rationis
1264 1062 1384 1088 rectae
1399 1061 1452 1087 est
1468 1053 1508 1086 ab
1525 1052 1696 1094 homine,

129 1112 178 1145 ita
201 1112 290 1145 ordo
312 1121 461 1144 naturae
485 1118 538 1144 est
559 1110 600 1143 ab
624 1109 702 1155 ipso
725 1109 824 1143 Deo:
849 1117 883 1143 et
905 1108 986 1142 ideo
1002 1109 1037 1141 in
1056 1107 1213 1154 peccatis
1229 1115 1355 1141 contra
1370 1114 1550 1147 naturam,
1569 1107 1605 1140 in
1625 1106 1698 1151 qui-

129 1165 194 1199 bus
215 1164 291 1210 ipse
315 1164 404 1198 ordo
427 1172 577 1198 naturae
598 1162 766 1203 violatur,
788 1161 826 1195 fit
847 1162 977 1207 injuria
999 1162 1066 1207 ipsi
1087 1161 1169 1195 Deo
1193 1158 1392 1195 ordinatori
1414 1168 1579 1201 naturae3
1602 1158 1697 1192 unde

130 1218 226 1263 Aug.
247 1217 333 1250 dicit
353 1217 389 1250 in
405 1217 465 1251 lib.
483 1228 512 1262 3.
530 1215 696 1250 Confess.
719 1216 808 1261 (cap.
828 1216 860 1250 8.
883 1217 942 1249 sir.
960 1216 1110 1261 princ.).·
1136 1227 1153 1246 «
1167 1213 1334 1260 Flagitia,
1357 1224 1448 1259 quae
1468 1220 1550 1247 sunt
1572 1220 1697 1246 contra

129 1278 308 1312 naturam,
331 1270 475 1316 ubique,
497 1281 538 1304 ac
560 1281 704 1316 semper
727 1269 948 1311 detestanda,
972 1277 1078 1314 atque
1099 1268 1282 1314 punienda
1308 1275 1409 1310 sunt3
1437 1266 1557 1313 qualia
1585 1266 1699 1300 Sodo-

130 1324 300 1358 mitarum
321 1323 475 1366 fuerunt,
498 1335 589 1369 quae
603 1323 634 1357 si
653 1334 781 1357 omnes
797 1331 922 1368 gentes
936 1321 1108 1363 facerent,
1125 1333 1253 1355 omnes
1272 1321 1403 1356 eodem
1419 1320 1579 1354 criminis
1597 1328 1698 1354 reatu

131 1378 252 1411 divina
273 1377 354 1423 lege
369 1385 587 1419 tenerentur,
603 1388 694 1422 quae
714 1388 787 1410 non
807 1377 856 1410 sic
879 1375 964 1410 fecit
977 1376 1158 1417 homines,
1173 1383 1212 1409 ut
1230 1386 1267 1410 se
1282 1374 1346 1408 illo
1365 1382 1550 1409 uterentur
1565 1373 1697 1407 modo:

129 1430 286 1464 violatur
307 1431 437 1476 quippe
453 1431 529 1476 ipsa
544 1430 710 1471 societas,
725 1441 817 1476 quae
833 1441 917 1463 eum
935 1430 1017 1463 Deo
1037 1429 1142 1463 nobis
1158 1440 1235 1463 esse
1255 1429 1371 1471 debet,
1392 1440 1474 1462 cum
1495 1428 1623 1462 eadem
1640 1438 1699 1461 na-

128 1493 219 1526 tura,
242 1485 342 1529 cujus
364 1483 424 1517 ille
447 1492 573 1517 auctor
595 1492 658 1525 est,
680 1483 837 1517 libidinis
860 1483 1091 1529 perversitate
1113 1482 1333 1529 polluitur».

201 1537 260 1571 AD
287 1547 495 1571 SECUNDUM
521 1537 727 1579 dicendum,
751 1536 845 1582 quod
875 1537 983 1570 etiam
1009 1536 1095 1569 vitia
1123 1544 1248 1569 contra
1269 1543 1436 1570 naturam
1463 1542 1546 1568 sunt
1572 1541 1698 1568 contra

130 1591 263 1632 Deum,
285 1598 324 1624 ut
344 1590 481 1624 dictum
503 1598 555 1624 est
576 1591 627 1634 (in
649 1591 743 1624 solut.
760 1591 906 1636 praeta),
931 1598 965 1623 et
985 1597 1086 1623 tanto
1102 1597 1185 1623 sunt
1199 1589 1378 1635 graviora,
1395 1600 1501 1634 quam
1519 1587 1699 1633 sacrilegii

132 1643 348 1689 corruptela,
371 1652 505 1689 quanto
529 1643 618 1677 ordo
641 1651 789 1677 naturae
812 1643 993 1677 humanae
1013 1643 1143 1676 inditus
1160 1651 1213 1677 est
1226 1643 1334 1689 prior,
1354 1650 1388 1676 et
1401 1641 1573 1684 stabilior,
1589 1652 1697 1687 quarn

133 1696 280 1742 quilibet
303 1696 393 1730 alius
420 1697 510 1730 ordo
537 1696 797 1741 superadditus.

203 1750 263 1784 AD
291 1760 461 1784 TERTmM
479 1749 695 1791 dicendum,
722 1749 818 1795 quod
846 1749 1040 1794 unicuique
1067 1749 1254 1783 individuo
1282 1748 1398 1794 magis
1426 1757 1478 1782 est
1505 1749 1698 1793 conjuncta

131 1811 259 1838 natura
281 1803 424 1848 speciei,
448 1814 558 1848 quam
579 1803 835 1848 quodcumque
859 1802 956 1835 aliud
978 1802 1223 1837 individuum:
1247 1810 1281 1836 et
1306 1802 1389 1836 ideo
1416 1810 1576 1848 peccata,
1605 1812 1696 1847 quae

132 1865 214 1891 sunt
236 1863 362 1890 contra
382 1864 550 1889 naturam
571 1856 716 1901 speciei,
739 1864 821 1890 sunt
843 1856 1020 1901 graviora.

203 1910 262 1943 AD
292 1919 480 1948 QUARTUM
503 1909 708 1951 dicendum,
731 1909 828 1955 quod
857 1909 1012 1954 gravitas
1040 1909 1076 1942 in
1104 1917 1255 1955 peccato
1287 1909 1404 1955 magis
1439 1909 1631 1943 attenditur
1658 1919 1699 1942 ex

134 1963 245 1996 abusu
269 1962 419 2007 alicujus
441 1963 503 2004 rei,
531 1974 641 2008 quam
667 1974 710 1996 ex
737 1963 935 1996 omissione
958 1963 1067 1997 debiti
1089 1974 1190 2005 usus,
1214 1971 1248 1997 et
1269 1963 1352 1997 ideo
1375 1963 1467 1997 inter
1487 1963 1584 2004 vitia,
1608 1972 1699 2008 quae

134 2024 216 2050 sunt
247 2024 373 2049 contra
407 2024 586 2057 naturam,
614 2015 779 2049 infimum
809 2015 933 2050 locum
963 2024 1062 2050 tenet
1090 2024 1281 2062 peccatum
1311 2016 1575 2057 immunditiae,
1602 2014 1699 2062 quod

135 2069 299 2103 consistit
320 2069 355 2102 in
382 2069 459 2102 sola
487 2069 686 2103 omissione
714 2069 926 2103 concubitus
959 2069 1001 2102 ad
1026 2069 1197 2103 alterum:
1221 2070 1475 2116 gravissimum
1500 2078 1620 2104 autem
1648 2076 1700 2103 est

135 2130 326 2168 peccatum
348 2121 589 2156 bestialitatis:
617 2122 699 2168 quia
734 2134 807 2156 non
835 2131 996 2156 servatur
1026 2123 1145 2157 debita
1174 2123 1333 2169 species;
1364 2123 1457 2157 unde
1479 2135 1586 2168 super
1612 2122 1699 2156 illud

136 2174 227 2209 Gen.
254 2186 325 2220 37.:
348 2176 532 2210 Accusavit
544 2176 672 2221 fratres
689 2188 760 2210 snos
774 2176 809 2210 de
824 2177 963 2210 crimine
973 2178 1128 2222 pessimo,
1146 2176 1232 2210 dicit
1248 2176 1368 2210 Gloss.
1385 2176 1582 2221 (inm-lin),
1603 2176 1698 2221 quod

136 2240 219 2261 curn
242 2229 432 2274 pecoribus
458 2229 717 2263 miscebantur:
740 2237 822 2275 post
843 2229 913 2263 hoc
943 2238 1063 2263 autem
1086 2238 1139 2263 est
1159 2230 1287 2263 vitium
1315 2230 1586 2270 sodomiticum,
1616 2240 1699 2262 cum

136 2281 185 2314 ibi
206 2293 279 2315 non
302 2289 463 2315 servatur
484 2282 622 2316 debitus
650 2293 772 2317 sexus:
799 2290 880 2328 post
905 2283 976 2316 hoc
1004 2291 1124 2317 autem
1152 2291 1205 2317 est
1230 2291 1422 2328 peccatum
1451 2295 1492 2317 ex
1520 2294 1575 2324 eo,
1603 2282 1699 2328 quod

136 2345 211 2368 non
233 2334 530 2369 servatur'debitns
544 2335 657 2370 modus
672 2336 956 2369 concumbendi:
981 2336 1097 2382 magis
1114 2344 1233 2370 autem
1258 2336 1287 2370 si
1309 2347 1381 2370 non
1405 2336 1448 2370 sit
1469 2336 1611 2370 debitum
1627 2346 1698 2376 vas,

137 2398 247 2433 quam
262 2388 347 2422 sisit
359 2388 578 2422 inordinatio
592 2389 793 2422 secundum
809 2388 927 2434 aliqua
939 2389 1008 2422 alia
1022 2389 1237 2435 pertinentia
1253 2390 1294 2423 ad
1307 2389 1458 2423 modum
1475 2390 1699 2423 concubitus.
