1859 3122
204 183 288 225 520
627 180 847 216 QUAESTIO
880 181 996 209 LXXI.
1029 181 1273 211 ARTICULUS
1306 181 1366 211 111.

202 263 376 309 prodere;
398 270 436 296 ut
456 261 595 296 scilicet
617 261 725 295 aliam
748 269 885 307 partem
905 262 1014 306 juvet,
1035 262 1093 296 vel
1114 270 1253 296 secreta
1279 273 1364 296 suae
1392 274 1521 297 causae
1545 262 1646 297 alteri
1668 264 1761 309 parti

202 315 350 350 revelet:
374 323 492 361 potest
512 323 646 357 tamen,
668 324 702 349 et
724 315 828 349 debet
849 326 996 348 causam
1019 315 1193 357 deserere,
1208 315 1264 349 vel
1287 327 1381 358 eum,
1397 317 1497 361 cujus
1513 328 1660 350 causam
1675 317 1764 362 agit,

203 368 246 402 ad
263 366 462 402 cedendum
481 368 663 410 inducere,
686 368 760 402 sive
782 368 825 402 ad
849 368 1145 414 componendum
1167 369 1242 403 sine
1265 369 1458 403 adversarii
1479 369 1624 404 damno.

273 421 333 455 AD
349 431 520 455 TERTIUM
546 421 751 463 dicendum,
778 422 885 467 quod,
913 422 1005 455 sicut
1026 433 1131 467 supra
1154 423 1289 456 dictum
1312 431 1364 457 est
1386 423 1432 468 (q.
1454 434 1510 467 40.
1533 429 1598 458 art.
1617 425 1675 470 3.),
1699 425 1764 458 mi-

202 473 266 515 liti,
286 473 345 507 vel
366 473 448 508 duci
469 474 644 508 exercitus
666 474 752 508 licet
781 475 816 508 in
837 474 933 508 bello
966 475 1060 519 justo
1092 486 1133 509 ex
1155 475 1291 509 insidiis
1320 487 1426 522 agere
1455 488 1507 518 ea,
1530 488 1621 522 quae
1641 476 1765 512 facere

202 527 317 570 debet,
343 527 535 573 prudenter
568 527 799 569 occultando,
833 539 908 561 non
936 536 1054 561 autem
1082 527 1275 562 falsitatem
1308 528 1551 563 fraudulenter
1575 529 1759 565 faciendo:

203 582 285 626 quia
308 588 343 615 et
362 580 460 614 hosti
485 580 594 614 fidem
624 591 765 614 servare
797 588 950 626 oportet,
984 580 1076 615 sicut
1105 580 1201 615 Tull.
1225 581 1311 615 dicit
1331 582 1366 615 in
1392 593 1420 616 1.
1445 581 1552 617 Offic.
1581 582 1631 626 (in
1653 584 1702 618 tit.
1724 583 1763 618 da

201 634 330 668 Bellicis
354 634 445 679 Offic.
465 639 494 668 et
515 634 570 668 lib.
586 646 613 679 3.
637 635 683 667 tit.
712 633 748 668 [ἵε
769 633 976 679 Ρ(η·ῐι’τιιιῖ.),·
1005 634 1098 667 unde
1121 642 1155 668 et
1176 634 1354 669 advocato
1377 634 1582 669 defendenti
1612 647 1759 670 causam

202 688 333 732 justam
355 686 439 721 licet
456 687 648 732 prudenter
670 686 853 720 occultare
873 698 934 729 ea3
962 687 1087 732 quibus
1108 687 1273 733 impediri
1299 696 1420 734 posset
1447 699 1637 734 processus
1665 690 1762 735 ejus:

201 751 275 774 non
298 748 420 774 autem
442 739 526 774 licet
548 740 580 773 ei
601 739 720 785 aliqua
742 739 894 774 falsitate
917 740 978 774 uti.

756 897 1102 942 ARTICULUS
1136 899 1211 942 tv.
1688 910 1756 957 396

203 1019 354 1049 UTRUM
368 1019 613 1048 ADVOCATO
630 1019 788 1048 LICEAT
801 1019 883 1048 PRO
907 1019 990 1048 SUO
1004 1019 1274 1048 PATROCINIO
1293 1019 1514 1049 PECUNIAM
1535 1019 1761 1049 ACCIPERE.

792 1118 934 1163 (Opzcsc‘.
957 1129 1006 1163 19.
1030 1124 1101 1164 cap.
1125 1119 1171 1163 7.)

271 1217 331 1251 AD
359 1226 546 1256 QUARTUM
569 1217 618 1250 sic
642 1218 857 1262 proceditur.
877 1217 1039 1260 Videtur,
1063 1219 1158 1264 quod
1182 1218 1359 1252 advocato
1382 1229 1456 1252 non
1478 1217 1585 1252 liceat
1605 1229 1670 1264 pro
1692 1228 1762 1252 suo

200 1270 403 1315 patrocinio
432 1270 624 1316 pecuniam
651 1271 832 1317 accipere3
860 1282 969 1316 opera
998 1273 1093 1305 enim
1121 1271 1391 1305 misericordiae
1417 1282 1490 1305 non
1517 1279 1599 1305 sunt
1631 1271 1760 1305 intuitu

199 1323 381 1356 humanae
415 1323 716 1357 remunerationis
749 1323 925 1366 facienda,
956 1325 1154 1358 secundum
1190 1324 1277 1358 illud
1304 1324 1424 1358 Lucae
1455 1334 1526 1367 14:
1565 1324 1650 1359 Cum
1671 1325 1760 1370 facis

195 1376 392 1422 prandium,
421 1381 479 1411 aut
504 1387 649 1418 coenam,
673 1377 740 1410 noli
760 1389 880 1411 vocare
901 1379 1023 1412 amicos
1042 1383 1121 1420 tuos,
1145 1390 1242 1423 neque
1263 1379 1390 1412 vicinos
1411 1377 1536 1419 divites,
1565 1390 1602 1411 ne
1615 1377 1704 1423 sorte
1730 1383 1762 1412 et

201 1430 262 1475 ipsi
280 1435 307 1464 ta
328 1431 517 1471 reinvitent,
545 1434 572 1463 et
589 1430 656 1475 fiat
683 1431 742 1464 tihi
768 1431 964 1465 retributio:
991 1431 1051 1464 sed
1079 1439 1259 1476 praestare
1286 1430 1527 1476 patrocinium
1550 1441 1678 1464 causae
1701 1430 1761 1464 ali-

201 1483 301 1527 cujus
335 1483 488 1528 pertinet
518 1482 561 1516 ad
592 1493 700 1527 opera
730 1483 1009 1526 misericordiae,
1032 1493 1068 1518 ut
1096 1484 1230 1518 dictum
1258 1492 1310 1518 est
1336 1484 1416 1528 (art.
1438 1496 1466 1518 Ι.
1494 1483 1562 1529 huj.
1585 1483 1648 1529 q.),·
1672 1493 1759 1529 ergo

199 1546 272 1570 non
295 1535 379 1569 licet
401 1535 578 1570 advocato
601 1536 764 1582 accipere
786 1537 1058 1571 retributionem
1080 1538 1253 1583 pecuniae
1272 1548 1336 1583 pro
1354 1537 1555 1583 patrocinio
1577 1537 1762 1582 praestito.

273 1599 303 1622 2.
331 1589 566 1623 PRAETEREA.
591 1589 783 1635 Spirituale
804 1601 878 1624 non
901 1599 953 1624 est
974 1602 1037 1636 pro
1059 1590 1252 1637 temporali
1273 1590 1593 1625 commutandum:
1621 1590 1682 1623 sed
1703 1600 1762 1635 pa-

199 1643 393 1676 trocinium
415 1643 625 1688 praestitum
646 1643 787 1677 videtur
809 1655 886 1678 esse
902 1644 1084 1690 quoddam
1104 1644 1297 1690 spirituale,
1317 1656 1399 1677 cum
1418 1644 1462 1677 sit
1483 1654 1567 1677 usus
1588 1643 1758 1677 scientiae

198 1695 303 1740 juris:
326 1706 412 1741 ergo
435 1706 509 1729 non
531 1695 616 1730 licet
642 1696 819 1730 advocato
846 1709 910 1742 pro
938 1697 1139 1743 patrocinio
1167 1697 1336 1743 praestito
1364 1697 1555 1743 pecuniam
1583 1696 1758 1742 accipere.

273 1760 301 1794 3.
324 1749 559 1783 ΡΒΑΕΤΕΒΕΑ.
590 1749 690 1783 Sicut
718 1750 760 1783 ad
787 1751 960 1795 judicium
988 1751 1169 1784 concurrit
1195 1762 1348 1796 persona
1375 1750 1552 1791 advocati,
1574 1750 1622 1783 ita
1649 1749 1758 1783 etiam

199 1813 354 1847 persona
368 1802 507 1846 judicis,
523 1810 557 1836 et
572 1813 725 1847 persona
741 1803 861 1837 testis:
886 1804 946 1837 sed
966 1804 1164 1838 secundum
1180 1805 1333 1849 August.
1350 1804 1392 1837 ad
1406 1803 1545 1837 Maced.
1569 1803 1675 1849 (epist.
1686 1803 1758 1848 54.)

203 1867 219 1885 α
234 1865 307 1888 non
327 1855 431 1888 debet
451 1854 557 1900 judex
571 1855 726 1889 vendere
747 1857 881 1901 justum
902 1857 1087 1902 judicium,
1106 1868 1171 1890 nec
1194 1858 1292 1891 testis
1314 1868 1440 1890 verum
1461 1856 1710 1890 testimonium
1724 1867 1759 1898 »-;

200 1919 286 1952 ergo
308 1919 374 1941 nec
399 1908 594 1942 advocatus
616 1909 747 1954 poterit
768 1911 922 1943 vendere
949 1911 1081 1955 justum
1104 1910 1356 1956 patrocinium.

271 1960 344 1994 SED
368 1971 522 1996 CONTRA
542 1969 605 2004 est,
628 1962 724 2008 quod
747 1962 899 2007 August.
923 1963 1008 1996 dicit
1028 1963 1110 1997 ibid.
1139 1963 1234 2008 quod
1264 1963 1491 1997 «advocatus
1518 1961 1613 1996 licite
1636 1961 1759 1996 vendit

200 2015 334 2059 justum
356 2014 609 2058 patrocinium,
633 2023 667 2049 et
683 2016 912 2061 Jurisperitus
934 2028 1059 2050 verum
1082 2016 1319 2050 consilium».

271 2067 500 2102 RESPONDEO
523 2068 728 2110 dicendum,
757 2069 852 2114 quod
875 2081 965 2115 quae
988 2070 1065 2115 quis
1086 2081 1159 2103 non
1181 2077 1322 2103 tenetur
1344 2069 1445 2103 alteri
1466 2069 1645 2110 exhibere,
1665 2069 1759 2113 juste

197 2129 316 2166 potest
337 2132 402 2166 pro
425 2132 552 2154 eorum
580 2122 798 2156 exhibitione
826 2123 1201 2168 recompensationem
1231 2123 1411 2168 accipere:
1443 2122 1675 2156 manifestum
1704 2130 1760 2156 est

199 2182 332 2215 autem,
355 2174 450 2219 quod
479 2175 673 2209 advocatus
696 2187 769 2209 non
794 2187 935 2222 semper
957 2185 1096 2210 tenetur
1117 2176 1359 2221 patrocinium
1380 2184 1571 2222 praestare,
1594 2184 1654 2209 aut
1675 2186 1758 2209 con-

199 2227 319 2261 silium
342 2226 426 2261 dare
449 2227 564 2261 causis
588 2227 760 2270 aliorum,
784 2237 817 2262 et
842 2229 923 2263 ideo
946 2229 974 2262 si
995 2230 1126 2263 vendat
1147 2241 1253 2263 suum
1275 2229 1527 2275 patrocinium,
1550 2229 1624 2263 sive
1643 2229 1758 2262 consi-

198 2280 299 2322 lium,
320 2292 394 2314 non
417 2281 490 2326 agit
512 2290 635 2315 contra
658 2283 848 2327 justitiam3
872 2291 905 2316 et
927 2283 1052 2316 eadem
1074 2283 1164 2317 ratio
1188 2291 1240 2316 est
1261 2283 1303 2316 de
1326 2283 1468 2316 medico
1491 2293 1599 2328 opem
1620 2281 1759 2316 ferente

199 2334 242 2367 ad
265 2335 475 2376 sanandum,
495 2343 529 2368 et
548 2335 589 2368 de
609 2335 776 2369 omnibus
795 2336 872 2370 aliis
890 2336 1098 2381 hujusmodi
1120 2336 1301 2381 personis,
1323 2337 1408 2369 dum
1426 2343 1546 2370 tamen
1570 2335 1756 2368 moderate

199 2387 388 2433 accipiant,
417 2388 642 2422 considerata
675 2389 882 2423 conditione
913 2401 1159 2435 personarum,
1182 2398 1216 2423 et
1237 2390 1479 2434 negotiorum,
1501 2397 1535 2422 et
1555 2388 1699 2429 laboris,
1722 2395 1757 2421 et

199 2441 458 2474 consuetudine
480 2441 638 2487 patriae3
661 2442 688 2475 si
713 2450 832 2476 autem
855 2454 916 2488 per
937 2443 1205 2488 improbitatem
1229 2442 1361 2488 aliquid
1383 2442 1621 2476 immoderate
1643 2449 1759 2475 extor-

198 2502 340 2539 queant,
363 2502 515 2540 peccant
528 2502 651 2528 contra
673 2495 864 2540 justitiam3
888 2496 980 2529 unde
996 2496 1148 2541 August.
1168 2496 1253 2529 dicit
1274 2496 1317 2529 ad
1339 2496 1477 2529 Maced.
1500 2496 1660 2541 (loc.snp.
1683 2495 1752 2539 cit.)

198 2547 294 2592 q‘uod
320 2560 336 2578 «
353 2547 394 2580 ab
417 2547 472 2581 his
495 2556 632 2582 extorta
654 2559 716 2593 per
737 2548 1016 2582 immoderatam
1034 2549 1302 2595 improbitatem
1321 2549 1432 2594 repeti
1450 2548 1578 2591 solent,
1597 2548 1678 2582 data
1692 2559 1759 2593 per

197 2600 423 2634 tolerabilem
447 2601 744 2635 consuetudinem
767 2612 840 2634 non
860 2602 1022 2635 solent».

268 2654 328 2688 AD
350 2664 498 2689 PRIMUM
522 2666 607 2700 ergo
631 2654 835 2695 dicendum,
859 2656 954 2700 quod
977 2667 1049 2689 non
1073 2667 1213 2700 semper
1235 2667 1325 2701 quae
1348 2655 1460 2689 homo
1483 2663 1600 2700 potest
1621 2654 1756 2688 miseri·

198 2707 352 2741 corditer
370 2707 500 2750 facere,
521 2716 663 2742 tenetur
684 2707 800 2742 facere
823 2709 948 2753 gratis:
974 2708 1132 2754 alioquin
1154 2709 1242 2742 nulli
1260 2709 1382 2743 liceret
1401 2708 1557 2754 aliquam
1576 2719 1651 2742 rem
1672 2719 1758 2741 ven—

198 2761 299 2794 dere:
320 2761 402 2806 quia
417 2761 614 2806 quamlibet
631 2772 706 2795 rem
726 2769 843 2806 potest
857 2761 970 2795 homo
988 2762 1265 2796 misericorditer
1278 2762 1507 2808 impendere:
1528 2761 1589 2795 sed
1609 2761 1757 2806 quando·

199 2825 279 2847 eam
310 2814 588 2848 misericorditer
609 2814 794 2860 impendit,
817 2825 889 2847 non
923 2814 1132 2856 humanam,
1159 2815 1221 2849 sed
1243 2815 1401 2848 divinam
1424 2814 1752 2849 remunerationem

197 2877 368 2912 quaerere
391 2867 514 2910 debet3
541 2876 575 2902 et
600 2867 763 2901 similiter
794 2867 987 2901 advocatus
1015 2868 1157 2913 quando
1181 2879 1309 2902 causae
1331 2879 1530 2914 pauperum
1552 2866 1755 2901 miserico-r-
