1859 3122
185 175 294 229 1036
584 185 803 220 QUAESTIO
838 185 982 214 CLVIII.
1015 184 1258 214 ARTICU‘LUS
1292 185 1330 214 V.

177 267 280 301 locus
302 267 404 300 datur
421 279 439 298 »
455 279 462 301 :
484 266 519 299 in
540 265 675 300 secundo
696 276 783 299 vero
806 265 950 311 ponitur
969 264 1171 307 consilium,
1189 265 1227 298 in
1245 276 1317 311 quo
1334 265 1470 311 judices
1491 267 1582 300 inter
1596 276 1633 300 se
1651 276 1735 300 con-

178 319 306 361 ferunt,
329 330 399 365 quo
422 318 598 365 supplicio
621 318 785 352 damnari
807 326 989 364 oporteat:
1012 319 1048 352 in
1070 320 1164 360 tertio
1179 319 1322 364 ponitur
1341 318 1505 364 gehenna
1523 319 1627 365 ignis,
1643 330 1734 365 quae

179 382 231 408 est
253 381 347 407 certa
371 373 566 407 damnatio.

725 513 1068 557 ARTICULUS
1100 514 1178 556 VI.
1666 534 1729 570 771

365 621 517 650 UTRUM
549 621 617 651 IRA
651 622 821 651 DEBEAT
855 622 958 651 PONI
992 622 1119 651 INTER
1151 621 1271 650 VITIA
1304 621 1548 650 CAPITALIA.

248 709 363 756 (Supr.
386 722 415 755 t]-
434 721 484 755 34.
508 715 571 744 art.
591 722 619 755 5.
641 715 669 744 ct
687 710 770 743 Μαὶ.
794 722 823 755 q.
846 711 876 744 8,
903 715 966 744 art.
986 722 1016 744 2.
1039 715 1068 744 et
1090 709 1131 743 ad
1151 721 1201 744 21.
1223 714 1253 743 et
1273 721 1326 743 22.
1348 713 1376 742 et
1397 720 1426 753 q.
1449 720 1497 743 12.
1525 712 1587 742 art.
1605 707 1663 753 5.).

248 798 307 832 AD
330 808 482 832 SEXTUM
504 798 553 832 sic
576 799 791 844 proceditur.
815 798 975 840 Videtur,
998 799 1094 844 quod
1116 799 1167 831 ira
1189 810 1262 832 non
1284 798 1411 832 debeat
1431 797 1518 843 poni
1539 796 1630 830 inter
1649 796 1735 830 vitia

178 852 362 898 capitalia:
385 852 437 885 ira
459 851 555 885 enim
577 863 619 885 ex
639 852 780 886 tristitia
801 852 976 885 nascitur:
1000 851 1061 893 sed
1083 851 1223 886 tristitia
1242 859 1294 885 est
1311 851 1437 885 vitium
1457 849 1621 897 capitale,
1639 850 1735 896 quod

178 906 306 940 dicitur
328 905 484 947 accidia;
508 916 593 951 ergo
615 905 666 939 ira
687 917 762 939 non
784 905 889 940 debet
910 905 997 950 poni
1017 906 1144 940 vitium
1167 905 1331 951 capitale.

250 970 280 993 2.
303 959 538 994 PRAETEREA.
563 959 701 994 Odium
724 967 776 993 est
795 959 937 1005 gravius
959 967 1161 1004 peccatum,
1184 959 1377 1005 quamira;
1397 970 1484 1004 ergo
1499 958 1615 1004 magis
1633 958 1736 993 debet

177 1013 264 1060 poni
284 1013 411 1047 vitium
435 1012 599 1058 capitale,
622 1024 731 1058 quarn
757 1013 819 1047 ira.

252 1078 281 1113 3.
303 1067 538 1101 PRAETEREA.
562 1066 676 1111 Super
697 1066 784 1100 illud
806 1067 976 1101 Proverb.
996 1076 1070 1113 29.:
1093 1067 1152 1100 Vir
1166 1066 1517 1112 iraczmdnsprovocat
1533 1066 1636 1107 rixas,
1652 1065 1737 1100 dicit

182 1120 301 1155 Gloss.
326 1120 532 1164 (ordinar.):
570 1119 712 1164 «Janua
735 1127 787 1154 est
817 1120 982 1154 omnium
1004 1120 1172 1154 vitiorum
1200 1119 1395 1161 iracundia,
1422 1131 1492 1165 qua
1519 1118 1650 1161 clausa,
1671 1119 1738 1152 vir-

177 1174 310 1209 tutibus
333 1174 546 1208 intrinsecus
570 1173 707 1207 dabitur
730 1174 848 1219 quies;
872 1182 993 1219 aperta
1016 1181 1148 1214 autem,
1171 1173 1213 1206 ad
1242 1185 1350 1207 omne
1376 1173 1514 1207 facinus
1542 1172 1737 1206 armabitur

180 1228 320 1262 animus
335 1241 352 1260 >³
371 1238 378 1260 :
401 1226 541 1260 nullum
565 1235 684 1260 autem
703 1227 831 1260 vitium
847 1226 999 1272 capitale
1015 1236 1066 1261 est
1081 1227 1295 1273 principium
1311 1227 1475 1260 omnium
1491 1234 1736 1272 peccatorum,

178 1282 239 1316 sed
262 1281 505 1327 quorumdam
527 1281 781 1322 determinate3
805 1292 891 1325 ergo
913 1281 965 1314 ira
990 1292 1064 1314 non
1087 1281 1190 1315 debet
1210 1281 1297 1326 poni
1317 1281 1408 1314 inter
1429 1280 1514 1313 vitia
1536 1279 1712 1325 capitalia.

251 1336 324 1369 SED
348 1345 502 1369 CONTRA
525 1343 588 1376 est,
612 1334 707 1380 quod
731 1334 839 1379 Greg.
866 1345 918 1379 31.
940 1334 1069 1368 Moral.
1093 1335 1180 1381 (cap.
1202 1336 1267 1381 17.)
1296 1334 1397 1380 ponit
1421 1334 1513 1367 iram
1539 1334 1631 1367 inter
1650 1333 1736 1366 vitia

180 1388 356 1434 capitalia.
1082 1408 1085 1410 -

249 1443 477 1476 RESPONDJ-:o
501 1441 707 1482 dicendum,
729 1441 837 1486 quod,
860 1442 950 1474 sicut
978 1452 1018 1475 ex
1044 1441 1248 1487 prae111i<sis
1276 1448 1372 1487 patet
1394 1440 1470 1484 (1-2.
1493 1453 1521 1486 q.
1544 1441 1598 1484 84.
1622 1445 1684 1474 art.
1705 1452 1734 1486 3.

179 1502 206 1531 et
227 1498 290 1541 4.),
314 1495 441 1529 vitium
464 1495 615 1540 capitale
637 1495 776 1537 dicitur,
799 1506 841 1528 ex
863 1506 933 1540 quo
957 1494 1069 1528 multa
1086 1495 1171 1528 vitia
1191 1495 1371 1528 oriuntur:
1393 1494 1502 1528 habet
1523 1501 1643 1527 autem
1664 1493 1734 1527 hoc

177 1550 240 1591 ira,
263 1549 359 1595 quod
382 1560 423 1582 ex
446 1559 487 1581 ea
509 1547 621 1582 multa
643 1548 727 1581 vitia
751 1548 836 1581 oriri
858 1556 1008 1593 possunt
1034 1548 1159 1594 dupliri
1185 1548 1339 1582 ratione:
1358 1549 1470 1594 primo
1494 1559 1536 1581 ex
1558 1554 1657 1592 parte
1683 1548 1737 1580 sui

178 1603 319 1648 objecti,
335 1601 430 1648 quod
454 1601 607 1635 multum
628 1601 736 1635 habet
752 1601 794 1635 de
810 1602 949 1635 ratione
974 1601 1259 1647 appetibilitatis:
1282 1602 1494 1647 inquantum
1514 1600 1652 1634 scilicet
1665 1599 1739 1633 vin-

178 1657 272 1690 dicta
293 1656 470 1702 appetitur
491 1655 554 1689 sub
576 1655 715 1689 ratione
738 1655 820 1699 justi
841 1654 899 1688 vel
919 1655 1074 1696 honesti,
1094 1655 1189 1701 quod
1212 1667 1275 1689 sua
1298 1655 1470 1701 dignitate
1493 1653 1613 1697 allicit,
1629 1662 1667 1687 ut
1684 1665 1738 1687 su-

177 1721 241 1756 pra
261 1709 425 1743 habitum
447 1717 500 1743 est
521 1709 600 1753 (art.
623 1720 655 1752 4.
675 1709 743 1753 lmj.
764 1709 825 1753 q.).·
845 1709 910 1742 alio
930 1708 1024 1742 modo
1045 1720 1086 1742 ex
1108 1720 1174 1742 suo
1197 1709 1343 1754 impetu,
1366 1719 1437 1754 quo
1460 1715 1619 1741 mentem
1641 1718 1739 1753 prae-

178 1763 300 1809 cipitat
315 1762 358 1796 ad
372 1762 575 1796 inordinata
598 1773 847 1807 quaecumque
870 1762 1030 1806 agenda;
1053 1762 1146 1796 unde
1168 1761 1400 1796 manifestum
1422 1769 1485 1804 est,
1500 1760 1597 1807 quod
1614 1760 1667 1794 ira
1685 1768 1738 1795 est

177 1817 305 1851 vitium
328 1815 492 1861 capitale.

249 1871 309 1904 AD
331 1879 480 1904 PRIMUM
502 1879 588 1914 ergo
613 1868 818 1910 dicendum,
847 1868 943 1914 quod
966 1868 1026 1902 illa
1048 1869 1199 1911 tristitia,
1222 1880 1263 1902 ex
1290 1880 1358 1914 qua
1381 1868 1492 1902 oritur
1512 1867 1575 1909 ira,
1603 1875 1641 1902 ut
1661 1866 1736 1913 plu-

179 1924 312 1957 rimum
326 1934 400 1956 non
416 1930 468 1956 est
481 1922 640 1956 accidiae
656 1921 794 1963 vitium,
810 1922 871 1956 sed
887 1922 1007 1968 passio
1023 1922 1196 1965 tristitiae,
1208 1933 1298 1968 quae
1314 1921 1544 1967 consequitur
1556 1932 1598 1955 ex
1608 1921 1737 1967 injuria

178 1977 288 2011 illata.

251 2031 311 2064 AD
334 2040 542 2064 SECUNDUM
558 2029 762 2070 dicendum,
783 2029 890 2074 quod,
906 2029 998 2063 sicut
1017 2040 1057 2063 ex
1079 2029 1290 2075 supradictis
1313 2036 1409 2075 patet
1423 2029 1502 2073 (1-2.
1518 2041 1547 2074 q.
1562 2029 1617 2073 84.
1633 2033 1735 2074 art.3.

179 2089 207 2118 ct
228 2085 290 2128 4),
316 2084 358 2117 ad
382 2084 558 2117 rationem
579 2082 654 2116 vitii
681 2082 841 2128 capitalis
864 2084 1026 2127 pertinet,
1050 2083 1145 2129 quod
1167 2083 1297 2117 habeat
1317 2082 1427 2117 finem
1454 2082 1609 2116 multum
1632 2093 1738 2129 appe-

178 2137 329 2178 tibilem,
345 2145 383 2171 nt
400 2137 449 2170 sic
466 2144 611 2182 propter
626 2136 822 2181 appetitum
838 2137 913 2181 ejus
929 2136 1042 2170 multa
1056 2144 1205 2182 peccata
1220 2136 1508 2170 committantur:
1531 2137 1583 2170 ira
1604 2144 1736 2178 autem,

180 2201 270 2236 quae
293 2190 427 2235 appetit
449 2189 586 2222 malum
609 2189 671 2222 sub
694 2188 832 2222 ratione
854 2189 951 2230 boni,
974 2189 1081 2223 habet
1100 2189 1210 2224 finem
1234 2189 1348 2235 magis
1371 2189 1612 2235 appetibilem,
1627 2200 1736 2235 quam

180 2244 316 2284 odium,
339 2243 434 2288 quod
458 2242 591 2288 appetit
613 2241 750 2275 malum
776 2242 840 2275 sub
864 2242 1001 2276 ratione
1024 2242 1131 2285 mali3
1155 2251 1188 2277 et
1209 2242 1290 2276 ideo
1313 2243 1428 2288 magis
1456 2250 1508 2277 est
1529 2242 1655 2276 vitium
1683 2253 1738 2276 ca-

180 2296 288 2342 pitale
310 2297 373 2337 ira,
396 2307 505 2342 quam
527 2296 662 2329 odium.

252 2350 311 2384 AD
332 2360 502 2384 TERTIUM
525 2349 728 2390 dicendum,
746 2349 841 2393 quod
856 2349 907 2382 ira
922 2349 1049 2383 dicitur
1065 2361 1140 2383 esse
1161 2351 1267 2395 janua
1286 2349 1456 2383 vitiorum
1478 2360 1539 2395 per
1558 2349 1736 2391 accidens,

181 2404 317 2438 scilicet
339 2403 563 2438 removendo
586 2403 790 2449 prohibens,
813 2403 903 2436 idest
924 2403 1154 2449 impediendo
1176 2403 1349 2449 judicium
1371 2403 1529 2445 rationis,
1552 2415 1614 2449 per
1640 2403 1735 2449 quod

180 2457 295 2491 homo
318 2457 510 2491 retrahitur
533 2468 551 2490 a
575 2456 696 2490 malis:
721 2456 854 2490 directe
877 2465 1008 2498 autem,
1033 2465 1065 2491 ct
1087 2469 1149 2503 per
1170 2468 1206 2491 se
1230 2466 1282 2491 est
1304 2468 1410 2491 causa
1438 2457 1640 2502 aliquorum
1663 2468 1737 2503 spe-

182 2510 329 2544 cialium
356 2518 600 2556 peccatorum,
623 2520 713 2555 quae
735 2509 900 2542 dicuntur
921 2509 1014 2544 filiae
1037 2511 1122 2555 ejus.
