1859 3122
502 206 721 243 Quin-:sno
756 205 902 236 cxxxt.
936 205 1178 235 ARTICULUS
1212 204 1255 233 11.
1561 191 1642 245 879

658 357 1000 403 ARTICULUS
1036 357 1091 398 H.
1578 364 1646 409 654

148 465 301 495 UTRUM
332 466 515 494 AMBITIO
550 466 815 497 OPPONATUR
848 464 1204 496 MAGNANIMITATI
1237 464 1315 493 PER
1349 462 1586 492 EXCESSUM.

158 554 217 587 AD
239 552 445 587 SECUNDmt
463 554 513 587 sic
536 554 751 600 proceditur.
775 555 935 595 Videtur,
958 553 1053 599 quod
1078 552 1226 586 ambitio
1253 562 1326 585 non
1349 558 1553 596 opponatur
1575 559 1648 582 ma-

87 606 314 651 gnanimitati
336 619 396 652 per
419 619 626 641 excessum:
652 608 712 641 uni
735 608 831 641 enim
854 607 974 640 medio
998 618 1069 640 non
1094 605 1287 652 opponitur
1305 616 1345 638 ex
1369 615 1437 637 una
1459 611 1557 649 parte
1579 601 1647 636 nisi

87 671 199 693 unum
222 667 441 693 extremum:
464 660 525 694 sed
553 661 841 706 magnanimitati
868 672 928 706 per
955 671 1142 694 excessum
1170 658 1363 704 opponitur
1391 656 1647 703 praesumptio,

88 722 125 747 ut
146 713 281 747 dictum
304 722 357 747 est
377 713 420 759 (q.
437 720 547 760 pmzec.
563 719 627 748 art.
646 714 709 758 2.),·
730 725 817 759 ergo
839 725 912 748 non
931 714 1124 758 opponitur
1146 712 1178 746 ei
1201 712 1348 745 ambitio
1368 722 1431 756 per
1446 721 1644 744 excessum.

159 776 190 799 2.
212 766 447 801 PRAETEREA.
471 767 751 812 Magnanimitas
774 775 825 801 est
845 767 939 802 circa
961 767 1137 808 honores3
1161 766 1221 800 sed
1245 765 1393 799 ambitio
1417 764 1556 798 videtur
1574 774 1647 809 per-

87 819 199 854 tinere
219 820 261 853 ad
281 820 489 864 dignitates:
509 820 637 854 dicitur
656 821 764 861 enim,
783 830 814 854 2.
836 820 1002 854 Machab.
1023 831 1062 861 1.,
1077 820 1173 865 quod
1187 820 1287 863 stzson
1303 819 1466 853 ambiebat
1482 828 1647 852 summum

87 873 318 913 sacerdotnm,-
342 885 429 918 ergo
452 874 600 907 ambitio
622 885 696 907 non
719 875 911 919 opponitur
934 872 1234 917 magnanimitati.

162 938 190 972 3.
213 926 447 961 PRAETERE&
476 927 639 960 Ambitio
666 927 806 960 videtur
832 927 875 960 ad
903 926 1118 960 exteriorem
1146 933 1356 971 apparatum
1379 923 1573 970 pertinere:
1598 922 1648 956 di-

87 979 177 1014 citur
199 980 296 1013 enim
318 980 398 1013 Act.
416 990 469 1023 25.
493 980 589 1026 quod
612 981 776 1026 Agrippa,
800 984 827 1014 at
848 981 1001 1014 Berenice
1027 991 1101 1013 clim
1122 979 1226 1012 *nzzcltiz
1248 979 1427 1012 ambitione
1449 978 1648 1011 introierant

87 1034 312 1079 practoriunm
337 1042 371 1067 et
393 1043 423 1066 2.
446 1033 597 1078 Paralip.
626 1031 676 1066 16.
700 1033 795 1078 quod
817 1039 912 1078 super
933 1039 1049 1078 corpus
1069 1033 1139 1066 Asa
1164 1032 1290 1065 mortui
1312 1032 1554 1065 combusserunt
1575 1041 1649 1063 ιιι-ο-

89 1091 188 1127 matu,
206 1092 232 1120 et
248 1091 409 1131 unguenta
430 1087 607 1120 ambitioni:
628 1087 747 1120 nimiu:
771 1086 832 1120 sed
856 1085 1136 1131 magnanimitas
1155 1095 1229 1118 non
1249 1092 1301 1118 est
1320 1085 1415 1118 circa
1433 1083 1647 1117 exteriorem

89 1147 319 1186 apparatum,
342 1151 427 1185 ergo
451 1139 599 1173 ambitio
621 1150 694 1172 non
717 1139 910 1184 opponitur
932 1138 1232 1184 magnanimitati.

160 1193 234 1226 SED
262 1203 416 1227 CONTRA
444 1201 507 1234 est,
529 1192 626 1238 quod
656 1191 798 1226 Tullius
820 1192 856 1225 in
882 1203 909 1226 1.
933 1192 976 1226 de
1001 1191 1108 1226 Offic.
1133 1192 1182 1234 (in
1209 1192 1256 1225 tit.
1278 1189 1534 1232 Fortitudinem,
1555 1190 1583 1223 si
1609 1189 1649 1223 ab

90 1246 252 1280 honestata
279 1245 416 1288 recedat,
444 1247 515 1291 etc.)
537 1246 621 1279 dicit
643 1245 739 1291 quod
769 1258 786 1277 «
809 1246 901 1279 sicut
922 1245 1072 1291 quisque
1094 1244 1343 1290 magnitudine
1363 1243 1474 1277 animi
1497 1242 1650 1284 excellit,

87 1299 136 1333 ita
159 1299 316 1333 maxime
338 1299 415 1333 vult
436 1299 601 1332 omnium
628 1300 792 1345 princeps
821 1298 919 1332 solus
947 1310 1024 1333 esse
1047 1311 1087 1333 »ς
1110 1298 1173 1332 sed
1199 1298 1270 1331 hoc
1298 1297 1451 1343 pertinet
1472 1296 1516 1331 ad
1539 1295 1650 1329 ambi-

87 1353 245 1394 tionem,
268 1363 353 1398 ergo
377 1352 525 1386 ambitio
548 1352 698 1398 pertinet
721 1352 765 1386 ad
788 1363 976 1386 excessum
998 1350 1317 1397 magnanimitatis.

159 1406 387 1440 RESPONDEO
410 1405 614 1447 dicendum,
637 1406 744 1451 quod,
766 1405 858 1439 sicut
880 1406 1017 1440 dictum
1048 1413 1100 1438 est
1130 1404 1208 1449 (art.
1233 1403 1378 1450 praec),
1412 1403 1560 1436 ambitio
1588 1402 1651 1435 im-

88 1467 207 1505 portat
229 1459 425 1505 appetitum
447 1458 693 1492 inordinatum
714 1458 883 1492 honoris:
907 1458 1188 1503 magnanimitas
1204 1465 1325 1491 autem
1348 1464 1400 1490 est
1422 1456 1517 1490 circa
1538 1455 1651 1489 hono-

89 1524 156 1555 res,
172 1520 207 1547 et
220 1512 329 1546 utitur
344 1513 404 1554 eis,
425 1512 623 1546 secundum
640 1512 736 1557 quod
752 1520 914 1557 oportet,
936 1511 1030 1545 unde
1053 1510 1285 1544 manifestum
1301 1517 1363 1551 est,
1383 1509 1478 1555 quod
1501 1508 1650 1542 ambitio

90 1566 283 1612 opponitur
305 1565 606 1611 magnanimitati,
628 1565 720 1599 sicut
740 1565 985 1598 inordinatum
1008 1565 1185 1598 ordinato.

161 1620 220 1653 AD
243 1629 392 1653 PRIMUM
407 1629 493 1664 ergo
509 1618 714 1660 dicendum,
737 1618 833 1664 quod
848 1618 1128 1663 magnanimitas
1151 1617 1194 1650 ad
1213 1616 1274 1650 duo
1298 1615 1458 1662 respicit:
1484 1615 1527 1649 ad
1548 1626 1649 1649 unum

89 1672 236 1718 quidem
262 1672 407 1718 respicit
432 1672 523 1706 sicut
551 1671 593 1705 ad
618 1671 729 1705 finem
758 1671 949 1713 intentum,
979 1671 1076 1716 quod
1099 1678 1150 1704 est
1175 1670 1320 1716 aliquod
1348 1680 1522 1714 magnum
1549 1679 1651 1714 opus,

90 1726 187 1772 quod
210 1726 464 1771 magnanimus
487 1732 636 1759 attentat
656 1725 856 1759 secundum
883 1736 986 1758 suam
1013 1723 1241 1758 facultatem:
1266 1731 1300 1757 et
1321 1730 1495 1768 quantum
1515 1722 1557 1755 ad
1580 1721 1650 1755 hoc

92 1779 286 1825 opponitur
312 1778 602 1824 magnanimitati
622 1789 685 1824 per
707 1789 894 1812 excessum
921 1777 1185 1823 praesumptio:
1213 1777 1458 1822 praesumptio
1486 1775 1582 1809 enim
1605 1783 1670 1808 at·-

89 1840 203 1867 tentat
225 1832 371 1878 aliquod
393 1843 568 1878 magnum
596 1843 686 1877 opus
712 1842 775 1877 per
801 1843 903 1865 suam
925 1830 1153 1865 facultatem:
1181 1830 1222 1864 ud
1248 1829 1339 1863 alind
1367 1837 1488 1863 autem
1510 1828 1652 1874 respicit

90 1886 382 1931 magnanimitas,
404 1886 494 1919 sicut
514 1886 557 1919 ad
575 1885 777 1926 materiam,
801 1896 870 1930 qua
892 1884 1009 1918 debite
1032 1884 1151 1925 utitur,
1173 1883 1312 1917 scilicet
1333 1883 1376 1916 ad
1398 1882 1598 1916 honorem:
1618 1889 1652 1915 et

90 1947 265 1985 quantum
295 1939 338 1972 ad
368 1939 439 1972 hoc
470 1938 664 1984 opponitur
685 1938 976 1983 magnanimitati
1002 1948 1065 1982 per
1091 1947 1278 1970 excessum
1305 1935 1470 1969 ambitio:
1497 1946 1571 1968 non
1599 1942 1652 1968 est

91 2000 210 2026 autem
231 1992 502 2033 inconveniens,
523 1991 721 2026 secundum
746 1991 886 2025 diversa
909 2002 986 2024 esse
1008 1989 1127 2035 plures
1150 2000 1315 2024 excessus
1337 1989 1441 2022 unius
1463 1987 1583 2021 medii.

161 2046 221 2079 AD
236 2055 442 2080 SECUNDUM
457 2045 662 2086 dicendum,
677 2044 773 2090 quod
788 2044 868 2086 illis,
884 2044 944 2089 qui
958 2051 1040 2077 sunt
1055 2043 1239 2077 constituti
1253 2042 1289 2076 in
1305 2042 1489 2086 dignitate,
1505 2048 1651 2087 propter

92 2097 289 2144 quamdam
311 2097 563 2132 excellentiam
589 2105 700 2131 status
728 2097 875 2131 debetur
895 2097 1031 2130 honor:
1055 2105 1090 2130 et
1110 2096 1309 2130 secundum
1335 2095 1406 2129 hoc
1428 2094 1651 2128 inordinatus

93 2151 268 2197 appetitus
295 2151 509 2196 dignitatum
530 2151 682 2197 pertinet
701 2150 743 2184 ad
766 2150 1021 2184 ambitionem:
1044 2150 1073 2183 si
1094 2149 1172 2195 quis
1195 2149 1292 2182 enim
1318 2148 1521 2182 inordinate
1548 2158 1650 2192 appe-

91 2212 183 2238 teret
203 2204 426 2250 dignitatem,
452 2215 526 2237 non
552 2204 691 2237 ratione
718 2204 879 2245 honoris,
907 2203 968 2237 sed
995 2211 1140 2249 propter
1162 2203 1321 2236 debitum
1343 2201 1524 2247 dignitatis
1546 2211 1651 2234 usum

93 2269 196 2292 suam
210 2257 417 2291 facultatem
430 2257 675 2298 excedentem,
690 2268 764 2290 non
776 2265 869 2291 esset
883 2257 1105 2298 ambitiosus,
1116 2257 1177 2290 sed
1189 2256 1305 2301 magis
1322 2263 1650 2301 praesumptuosus.

164 2311 223 2345 AD
240 2320 410 2345 TERTIUM
422 2310 625 2351 dicendum,
641 2310 737 2355 quod
752 2310 828 2355 ipsa
843 2309 1054 2344 solemnitas
1071 2309 1254 2343 exterioris
1270 2309 1384 2342 cultus
1401 2308 1443 2342 ad
1458 2307 1652 2353 quemdam

93 2365 273 2398 honorem
294 2363 463 2409 pertinet3
491 2363 584 2397 unde
611 2371 645 2397 et
671 2362 800 2397 talibus
828 2363 1018 2397 consuevit
1046 2363 1165 2396 honor
1194 2362 1368 2396 exhiberi:
1400 2361 1495 2407 quod
1523 2360 1655 2405 signifi-

94 2425 194 2452 catur
209 2417 283 2462 Jac.
307 2427 357 2451 2.:
381 2416 417 2450 Si
439 2417 601 2450 introierit
621 2418 655 2449 in
682 2422 878 2450 convantmn
898 2422 1044 2450 vestrum
1065 2418 1122 2450 vir
1142 2416 1304 2450 annulum
1322 2427 1459 2449 azimum
1483 2415 1600 2448 habens
1619 2415 1651 2446 in

92 2475 177 2505 veste
198 2470 351 2512 candidii,
374 2475 403 2504 et
423 2469 573 2504 dixeritis
593 2470 634 2503 ai:
664 2469 794 2504 Tzcsadt’
815 2470 865 2504 hic
885 2471 972 2511 luna,
996 2477 1082 2511 etc.;
1104 2469 1198 2503 unde
1222 2469 1369 2502 ambitio
1388 2479 1462 2502 non
1485 2475 1537 2501 est
1559 2467 1651 2500 circa

96 2523 310 2557 exteriorem
333 2522 482 2564 cultum,
503 2522 572 2556 nisi
598 2523 796 2556 secundum
819 2523 914 2568 quod
937 2523 1089 2568 pertinet
1111 2523 1154 2556 ad
1175 2523 1367 2556 honorem.
