1859 3122
493 221 712 257 QUAESTIO
745 222 950 253 CLXXXIV.
983 223 1228 254 ARTICULUS
1262 225 1288 254 Ι.
1566 227 1672 270 1191

114 302 211 349 quod
238 302 366 350 aliquis
386 303 563 350 patienter
583 303 713 339 toleret
735 304 894 347 adversa,
915 305 1116 340 secundum
1137 305 1224 341 illud
1248 306 1291 342 ad
1312 306 1419 342 Rom.
1439 308 1492 342 8.:
1515 307 1600 353 Quis
1619 320 1678 344 nos

114 357 280 404 separabit
305 368 325 392 a
346 357 506 393 charitate
524 359 590 394 Dei
600 359 616 394 ?
637 358 823 402 tribulatio,
847 370 891 394 an
912 361 1092 405 angustia?
1113 365 1169 395 ets.

679 500 1026 547 ARTICULUS
1055 502 1110 546 11.
1611 512 1680 563 869

262 609 414 639 UTRUM
439 610 614 647 ALIQUIS
642 610 687 641 IN
715 611 804 641 HAG
831 611 935 640 VITA
961 612 1112 642 POSSIT
1140 612 1239 641 ESSE
1267 611 1527 642 PERFECTUS.

181 697 298 745 (Supr.
321 709 350 744 q.
372 709 427 742 24.
449 703 512 733 art.
535 699 566 734 8.
589 703 617 733 et
634 711 661 745 3.
685 700 772 734 Dist.
799 711 855 745 29.
878 711 907 745 q.
929 712 956 734 1.
979 705 1043 735 art.
1066 701 1097 736 8.
1120 712 1149 746 q.
1172 712 1203 735 2.
1225 705 1255 735 et
1282 700 1368 734 Veri.
1391 712 1420 746 q.
1443 711 1475 735 2.
1497 704 1560 734 art.
1579 711 1607 735 1.

337 757 367 786 et
381 752 467 799 Eph.
484 752 516 788 6.
532 752 601 787 lect.
616 764 649 797 4.
664 757 692 787 et
707 753 790 788 Phil.
806 766 834 800 3.
849 753 918 788 lect.
933 765 963 789 2.
979 759 1008 789 et
1020 754 1090 789 lect.
1101 766 1129 800 3.
1140 755 1251 801 princ.
1267 759 1297 789 et
1312 753 1391 789 Cor.
1407 753 1465 799 1.).

187 840 247 876 AD
266 851 474 876 SECUNDUM
492 842 542 876 sic
564 842 780 888 proceditur.
802 842 964 885 Videtur,
987 843 1083 889 quod
1104 842 1223 877 nullus
1238 843 1274 876 in
1292 843 1360 877 hac
1378 842 1451 876 vita
1469 843 1583 888 possit
1600 853 1678 877 esse

115 894 311 941 perfectus:
331 895 416 930 dicit
438 896 535 930 enim
557 897 683 942 Apost.
711 907 738 930 1.
761 896 805 930 ad
829 896 914 930 Cor.
941 907 1012 942 13.:
1037 896 1123 931 Cum
1143 898 1270 931 venerit
1299 896 1384 942 quod
1411 896 1594 943 perfectum
1620 900 1675 938 est,

114 949 331 983 evacuabitur
357 949 442 995 quod
463 961 502 984 ex
517 955 615 996 parte
636 954 700 984 est:
723 950 785 984 sed
807 950 843 983 in
865 950 933 984 hac
960 950 1032 984 vita
1058 961 1132 984 non
1154 958 1348 984 evacuatur
1382 950 1478 995 quod
1509 961 1552 984 ex
1577 956 1678 995 parte

117 1009 191 1036 est:
215 1009 363 1036 manent
384 1004 482 1036 enim
504 1003 539 1036 in
561 1003 630 1037 hac
652 1003 725 1037 vita
747 1003 845 1045 fides,
867 1011 902 1038 et
922 1015 1014 1049 spes,
1037 1014 1128 1049 quae
1150 1011 1232 1038 sunt
1256 1014 1298 1037 ex
1318 1011 1436 1050 parte;
1458 1014 1544 1049 ergo
1563 1002 1682 1037 nullus

115 1057 151 1090 in
172 1055 241 1090 hac
262 1056 335 1090 vita
357 1064 409 1090 est
430 1055 618 1103 perfectus

186 1119 218 1144 2.
233 1109 470 1145 PRAETEREA.
485 1109 690 1144 Perfectum
707 1118 769 1152 est,
786 1110 843 1144 cui
856 1110 947 1144 nihil
961 1111 1071 1152 deest,
1085 1118 1124 1144 ut
1138 1110 1265 1145 dicitur
1278 1111 1314 1144 in
1332 1122 1360 1156 3.
1375 1111 1485 1157 Phys.
1502 1110 1580 1154 (tex.
1596 1109 1679 1156 63).-

115 1163 178 1198 sed
198 1162 319 1198 nullus
341 1171 405 1206 est,
425 1163 466 1197 in>
483 1163 552 1197 hac
574 1163 658 1205 vita,
681 1164 739 1197 cui
759 1175 834 1198 non
856 1163 946 1198 desit
973 1163 1126 1210 aliquid:
1155 1164 1284 1198 dicitur
1311 1164 1407 1198 enirn
1421 1163 1548 1209 Jacobi
1570 1175 1618 1209 3.:
1641 1164 1682 1198 In

115 1218 224 1252 multis
245 1217 434 1264 offendimus
451 1229 581 1258 omnes;
601 1225 635 1252 et
648 1217 684 1251 in
698 1217 756 1251 Ps.
783 1218 857 1264 138.
877 1217 1023 1251 dicitur:
1042 1218 1275 1265 Imperfectmn
1293 1230 1402 1252 meum
1417 1217 1574 1252 viderunt
1594 1217 1681 1251 oculi

116 1272 164 1306 tui
171 1283 184 1312 ;
207 1282 295 1317 ergo
321 1270 442 1305 nullus
468 1279 522 1305 est
546 1271 582 1305 in
607 1271 677 1305 hac
702 1271 776 1305 vita
801 1270 992 1318 perfectus.

190 1335 219 1370 3.
241 1324 477 1359 PRAETEREA.
503 1324 683 1359 Perfectio
710 1325 804 1359 vitae
827 1324 1057 1367 christianae,
1079 1324 1170 1360 sicut
1191 1324 1328 1359 dictum
1350 1332 1404 1359 est
1430 1324 1511 1369 (art.
1533 1324 1681 1370 praec),

116 1377 308 1412 attenditur
330 1378 531 1412 secundum
554 1377 779 1420 charitatem,
801 1389 892 1424 quae
914 1378 978 1412 sub
997 1389 1035 1413 se
1055 1378 1330 1425 comprehendit
1350 1378 1581 1412 dilectionem
1599 1377 1682 1419 Dei,

116 1438 152 1466 et
171 1431 346 1478 proximi:
369 1431 431 1466 sed
451 1439 625 1478 quantum
653 1431 696 1465 ad
723 1431 959 1466 dilectionem
979 1431 1060 1474 Dei,
1086 1443 1160 1466 non
1187 1440 1305 1477 potest
1331 1431 1458 1477 aliquis
1483 1430 1680 1478 perfectam

117 1485 332 1520 charitatem
357 1485 393 1519 in
418 1485 487 1519 hac
512 1485 586 1519 vita
611 1485 761 1526 habere:
784 1485 878 1531 quia,
900 1493 939 1519 ut
961 1484 1069 1531 Greg.
1098 1486 1184 1520 dicit
1215 1496 1322 1532 super
1342 1485 1473 1519 Ezech.
1497 1485 1599 1530 (hom.
1629 1496 1681 1529 14.

114 1544 242 1585 parum
263 1550 284 1573 α
303 1538 423 1583 med.):
449 1551 467 1570 ‹<
488 1538 637 1573 Amoris
658 1539 762 1585 ignis,
785 1539 846 1584 qui
871 1538 930 1573 hic
958 1539 1081 1573 ardere
1114 1539 1274 1580 inchoat,
1304 1550 1387 1572 curn
1417 1539 1548 1585 ipsum,
1575 1549 1684 1584 quem

119 1599 228 1634 amat,
249 1592 389 1634 viderit,
414 1591 568 1638 amplius
590 1592 626 1626 in
649 1603 773 1626 amore
799 1592 909 1638 ipsius
931 1592 1083 1638 ignescit
1104 1605 1144 1627 »z
1170 1603 1288 1638 neque
1311 1592 1418 1626 etiam
1441 1599 1617 1637 quantum
1640 1591 1683 1625 ad

118 1646 351 1680 dilectionem
373 1646 547 1692 proximi:
572 1646 653 1692 quia
676 1657 749 1680 non
768 1657 962 1692 possumus
980 1646 1015 1679 in
1033 1646 1102 1680 hac
1120 1646 1193 1680 vita
1212 1657 1339 1680 omnes
1360 1645 1547 1692 proximos
1567 1652 1684 1678 actua-

117 1699 199 1734 liter
219 1699 380 1746 diligere,
402 1699 469 1733 etsi
493 1699 722 1734 habitualiter
743 1711 806 1734 eos
833 1699 1045 1745 diligamus:
1074 1699 1219 1734 dilectio
1251 1707 1371 1734 autem
1399 1697 1592 1733 habitualis
1618 1698 1685 1732 im-

117 1752 276 1801 perfecta
297 1761 369 1795 est;
393 1763 480 1798 ergo
502 1753 652 1794 videtur,
675 1753 771 1799 quod
793 1752 912 1787 nullus
935 1753 970 1786 in
991 1753 1061 1787 hac
1082 1754 1154 1787 vita
1177 1753 1288 1798 possit
1311 1764 1387 1787 esse
1409 1751 1598 1798 perfectus.

190 1806 265 1841 SED
285 1816 439 1841 CONTRA
455 1813 518 1848 est,
540 1806 623 1852 quia
637 1806 694 1840 lex
707 1807 827 1840 divina
841 1817 915 1840 non
930 1806 1065 1840 inducit
1081 1807 1124 1840 ad
1142 1806 1383 1853 impossibile:
1405 1806 1542 1840 inducit
1560 1813 1682 1840 autem

120 1860 163 1895 ad
185 1859 457 1906 perfectionem,
480 1860 679 1894 secundum
695 1859 783 1893 illud
798 1860 925 1894 Matth.
952 1871 997 1905 5.:
1020 1861 1128 1894 Estote
1144 1861 1295 1907 perfecti,
1314 1865 1399 1894 szcut
1419 1864 1447 1894 et
1468 1860 1684 1894 Patervester

119 1914 259 1949 coelestis
276 1913 439 1960 perfectus
461 1917 522 1954 e5t;
552 1924 638 1959 ergo
659 1913 811 1955 videtur,
835 1914 930 1960 quod
953 1913 1080 1960 aliquis
1110 1914 1147 1948 in
1175 1914 1244 1948 hac
1270 1914 1343 1948 vita
1369 1914 1482 1960 possit
1508 1924 1585 1947 esse
1610 1924 1687 1959 per-

119 1967 245 2002 fectus.

193 2022 422 2056 RESPONDEO
447 2020 652 2062 dicendum,
668 2020 777 2066 quod,
792 2020 883 2055 sicut
903 2021 1040 2055 dictum
1059 2029 1111 2055 est
1135 2021 1213 2065 (art.
1228 2021 1371 2067 praec),
1396 2019 1571 2066 perfectio
1590 2019 1684 2054 vitae

121 2075 337 2110 christianae
363 2074 399 2108 in
422 2074 595 2108 charitate
619 2074 800 2108 consistit:
827 2074 1000 2120 importat
1035 2082 1155 2108 autern
1182 2074 1354 2120 perfectio
1382 2073 1578 2120 quamdam
1612 2073 1687 2107 uni-

121 2128 377 2171 versalitatem,
405 2127 499 2173 quia,
521 2135 560 2161 ut
580 2127 708 2161 dicitur
734 2129 770 2161 in
795 2139 823 2174 3.
845 2127 954 2174 Phys.
979 2128 1060 2171 (tex.
1083 2128 1162 2174 63),
1186 2127 1387 2173 perfectum
1415 2135 1478 2168 est,
1507 2127 1564 2160 cui
1596 2125 1687 2160 nihil

123 2183 238 2225 deest;
261 2189 378 2228 potest
399 2192 485 2225 ergo
509 2180 627 2227 triplex
647 2180 818 2226 perfectio
846 2181 1084 2216 considerari:
1119 2193 1186 2215 nna
1212 2181 1358 2227 quidem
1392 2179 1567 2222 absoluta,
1594 2190 1685 2225 quae

124 2235 317 2271 attenditur
337 2246 411 2268 non
433 2234 553 2268 solum
575 2234 778 2268 secundum
798 2234 1014 2268 totalitatem
1036 2246 1079 2268 ex
1100 2242 1199 2280 parte
1219 2234 1410 2280 diligentis,
1430 2233 1490 2267 sed
1513 2235 1622 2268 etiam
1644 2243 1686 2266 ex

124 2298 223 2338 parte
245 2287 444 2334 diligibilis:
467 2295 574 2334 prout
594 2287 732 2321 scilicet
750 2288 850 2322 Deus
869 2295 1010 2322 tantum
1029 2288 1198 2333 diligitur,
1218 2295 1392 2333 quantum
1412 2285 1592 2331 diligibilis
1615 2293 1687 2319 est:

125 2352 160 2379 et
179 2342 260 2378 talis
281 2341 452 2388 perfectio
474 2352 548 2375 non
567 2348 620 2374 est
637 2340 816 2387 possibilis
838 2340 945 2375 alicui
967 2349 1163 2383 creaturae,
1181 2340 1243 2375 sed
1263 2340 1435 2385 competit
1452 2339 1520 2373 soli
1537 2339 1631 2381 Deo,
1649 2338 1686 2372 in

126 2409 197 2445 quo
218 2397 356 2431 bonurn
378 2394 610 2441 integraliter,
633 2402 668 2428 et
689 2394 925 2429 essentialiter
945 2395 1142 2429 invenitur:
1171 2394 1238 2428 alia
1272 2401 1391 2427 autem
1425 2400 1477 2426 est
1502 2391 1686 2438 perfectio,

125 2462 217 2498 quae
240 2449 431 2485 attenditur
457 2448 656 2483 secundum
682 2447 900 2482 totalitatem
934 2447 1137 2482 absolutam
1165 2459 1206 2481 ex
1240 2455 1338 2493 parte
1365 2446 1560 2492 diligentis;
1583 2453 1690 2492 prout

125 2505 263 2540 scilicet
285 2502 433 2537 affectus
459 2502 659 2536 secundum
691 2509 809 2536 toturn
840 2513 943 2536 suum
978 2513 1084 2547 posse
1118 2512 1261 2546 semper
1295 2499 1479 2534 actualiter
1511 2499 1625 2532 tendit
1654 2498 1690 2532 in

127 2560 266 2600 Deum;
288 2565 322 2591 et
342 2556 421 2590 talis
444 2555 616 2602 perfectio
638 2567 711 2589 non
735 2563 787 2590 est
815 2555 996 2601 possibilis
1023 2555 1058 2588 in
1087 2555 1156 2599 via,
1179 2554 1240 2588 sed
1271 2554 1337 2587 erit
1365 2553 1401 2586 in
1435 2553 1566 2599 patria:
1595 2553 1690 2586 tertia

129 2620 249 2647 autem
271 2619 323 2645 est
345 2609 530 2656 perfectio,
553 2620 643 2655 quae
665 2620 781 2655 neque
815 2609 1008 2642 attenditur
1038 2607 1238 2642 secundum
1271 2607 1488 2640 totalitatem
1521 2616 1563 2639 ex
1588 2613 1688 2651 parte

129 2663 322 2711 diligibilis,
343 2674 460 2708 neque
482 2662 681 2697 secundum
703 2661 919 2696 totalitatem
943 2674 984 2696 ex
1006 2669 1105 2707 parte
1129 2660 1320 2705 diligentis,
1349 2667 1522 2705 quantum
1551 2659 1593 2692 ad
1619 2658 1691 2691 hoc

129 2719 226 2765 quod
249 2728 392 2763 semper
414 2724 494 2750 actu
517 2715 648 2749 feratur
669 2715 704 2749 in
727 2716 860 2757 Deum,
883 2716 943 2749 sed
967 2723 1140 2760 quantum
1165 2714 1207 2746 ad
1229 2713 1300 2746 hoc
1331 2712 1427 2758 quod
1457 2711 1692 2745 excludantur

131 2784 184 2814 ea,
206 2782 297 2817 quae
319 2777 520 2816 repugnant
545 2769 660 2802 motui
681 2768 883 2802 dilectionis
905 2769 941 2802 in
962 2768 1099 2808 Deum3
1121 2767 1212 2800 sicut
1230 2766 1381 2811 August.
1401 2765 1486 2798 dicit
1503 2765 1539 2797 in
1553 2763 1613 2797 lib.
1633 2764 1689 2808 83.

134 2825 225 2866 QQ.
252 2825 299 2870 (q.
322 2823 391 2870 36.)
415 2822 511 2868 quod
536 2836 554 2855 «
574 2833 759 2856 venenum
781 2822 966 2855 charitatis
988 2828 1041 2854 est
1067 2819 1254 2865 cupiditas,
1282 2818 1453 2864 perfectio
1480 2816 1579 2851 nulla
1601 2816 1697 2862 cupi-

134 2880 225 2913 ditas
248 2890 287 2919 »3
309 2885 343 2911 et
363 2876 444 2910 talis
470 2875 641 2922 perfectio
669 2883 787 2921 potest
811 2875 847 2908 in
873 2875 941 2908 hac
975 2874 1047 2907 vita
1081 2873 1224 2915 haberi3
1247 2881 1280 2906 et
1301 2872 1372 2905 hoc
1407 2871 1601 2917 dupliciter:
1628 2881 1694 2903 uno

137 2931 241 2973 modo,
264 2932 477 2976 inquantum
498 2929 539 2962 ab
561 2927 689 2963 affectu
707 2928 867 2962 hominis
887 2926 1084 2961 excluditur
1102 2937 1211 2960 omne
1232 2925 1332 2967 illud,
1348 2924 1443 2971 quod
1464 2923 1699 2958 contrariatur
