<?xml version="1.0" encoding="UTF-8"?>
<!DOCTYPE html PUBLIC "-//W3C//DTD XHTML 1.0 Transitional//EN"
    "http://www.w3.org/TR/xhtml1/DTD/xhtml1-transitional.dtd">
<html xmlns="http://www.w3.org/1999/xhtml" xml:lang="en" lang="en">
 <head>
  <title>
</title>
<meta http-equiv="Content-Type" content="text/html;charset=utf-8" />
  <meta name='ocr-system' content='tesseract 3.04.00' />
  <meta name='ocr-capabilities' content='ocr_page ocr_carea ocr_par ocr_line ocrx_word'/>
</head>
<body>
  <div class='ocr_page' id='page_1' title='image "./divithomaeaquina03thomuoft_0613.png"; bbox 0 0 1859 3122; ppageno 0'>
   <div class='ocr_carea' id='block_1_1' title="bbox 472 151 1635 206">
    <p class='ocr_par' dir='ltr' id='par_1_1' title="bbox 472 151 1635 206">
     <span class='ocr_line' id='line_1_1' title="bbox 472 151 1635 206; baseline 0.003 -17"><span class='ocrx_word' id='word_1_1' title='bbox 472 159 692 196; x_wconf 87' lang='lat' dir='ltr'><strong>QUAESTIO</strong></span> <span class='ocrx_word' id='word_1_2' title='bbox 727 160 885 190; x_wconf 84' lang='lat' dir='ltr'><strong>LXXXV.</strong></span> <span class='ocrx_word' id='word_1_3' title='bbox 919 160 1162 191; x_wconf 86' lang='lat' dir='ltr'>ARTICULUS</span> <span class='ocrx_word' id='word_1_4' title='bbox 1196 161 1222 191; x_wconf 92' lang='grc' dir='ltr'>Ι.</span> <span class='ocrx_word' id='word_1_5' title='bbox 1555 151 1635 206; x_wconf 78' lang='lat'>605</span> 
     </span>
    </p>
   </div>
   <div class='ocr_carea' id='block_1_2' title="bbox 80 242 1641 1632">
    <p class='ocr_par' dir='ltr' id='par_1_2' title="bbox 84 242 1641 611">
     <span class='ocr_line' id='line_1_2' title="bbox 86 242 1640 279; baseline 0.001 -2"><span class='ocrx_word' id='word_1_6' title='bbox 86 243 265 277; x_wconf 88' lang='lat' dir='ltr'>honorem</span> <span class='ocrx_word' id='word_1_7' title='bbox 291 242 455 277; x_wconf 83' lang='lat' dir='ltr'>exhibeat</span> <span class='ocrx_word' id='word_1_8' title='bbox 481 242 679 277; x_wconf 86' lang='lat' dir='ltr'>secundum</span> <span class='ocrx_word' id='word_1_9' title='bbox 706 254 810 277; x_wconf 87' lang='lat' dir='ltr'>suum</span> <span class='ocrx_word' id='word_1_10' title='bbox 838 243 1007 278; x_wconf 89' lang='lat' dir='ltr'>modum:</span> <span class='ocrx_word' id='word_1_11' title='bbox 1035 251 1088 277; x_wconf 87' lang='lat' dir='ltr'>est</span> <span class='ocrx_word' id='word_1_12' title='bbox 1113 251 1233 277; x_wconf 85' lang='lat' dir='ltr'>autern</span> <span class='ocrx_word' id='word_1_13' title='bbox 1261 243 1390 277; x_wconf 87' lang='lat' dir='ltr'>modus</span> <span class='ocrx_word' id='word_1_14' title='bbox 1420 244 1640 279; x_wconf 87' lang='lat' dir='ltr'>conveniens</span> 
     </span>
     <span class='ocr_line' id='line_1_3' title="bbox 85 296 1641 343; baseline 0.001 -13"><span class='ocrx_word' id='word_1_15' title='bbox 85 296 236 339; x_wconf 88' lang='lat' dir='ltr'>homini,</span> <span class='ocrx_word' id='word_1_16' title='bbox 260 304 297 330; x_wconf 87' lang='lat' dir='ltr'>ut</span> <span class='ocrx_word' id='word_1_17' title='bbox 317 296 542 331; x_wconf 80' lang='lat' dir='ltr'>sensibilibus</span> <span class='ocrx_word' id='word_1_18' title='bbox 564 297 674 343; x_wconf 86' lang='lat' dir='ltr'>signis</span> <span class='ocrx_word' id='word_1_19' title='bbox 698 304 815 331; x_wconf 86' lang='lat' dir='ltr'>utatur</span> <span class='ocrx_word' id='word_1_20' title='bbox 837 297 880 331; x_wconf 85' lang='lat' dir='ltr'>ad</span> <span class='ocrx_word' id='word_1_21' title='bbox 903 296 1021 343; x_wconf 85' lang='lat' dir='ltr'>aliqua</span> <span class='ocrx_word' id='word_1_22' title='bbox 1044 297 1292 342; x_wconf 79' lang='lat' dir='ltr'>exprimenda;</span> <span class='ocrx_word' id='word_1_23' title='bbox 1319 297 1402 343; x_wconf 87' lang='lat' dir='ltr'>quia</span> <span class='ocrx_word' id='word_1_24' title='bbox 1429 309 1469 332; x_wconf 86' lang='lat' dir='ltr'>ex</span> <span class='ocrx_word' id='word_1_25' title='bbox 1497 298 1641 332; x_wconf 88' lang='lat' dir='ltr'>sensibi-</span> 
     </span>
     <span class='ocr_line' id='line_1_4' title="bbox 85 349 1639 397; baseline 0.001 -13"><span class='ocrx_word' id='word_1_26' title='bbox 85 349 176 385; x_wconf 79' lang='lat' dir='ltr'>libus</span> <span class='ocrx_word' id='word_1_27' title='bbox 198 350 444 395; x_wconf 84' lang='lat' dir='ltr'>cognitionem</span> <span class='ocrx_word' id='word_1_28' title='bbox 467 351 613 396; x_wconf 88' lang='lat' dir='ltr'>accipit:</span> <span class='ocrx_word' id='word_1_29' title='bbox 638 359 671 385; x_wconf 89' lang='lat' dir='ltr'>et</span> <span class='ocrx_word' id='word_1_30' title='bbox 692 351 773 385; x_wconf 87' lang='lat' dir='ltr'>ideo</span> <span class='ocrx_word' id='word_1_31' title='bbox 802 362 843 385; x_wconf 75' lang='lat' dir='ltr'>ex</span> <span class='ocrx_word' id='word_1_32' title='bbox 868 350 1022 384; x_wconf 84' lang='lat' dir='ltr'>naturali</span> <span class='ocrx_word' id='word_1_33' title='bbox 1048 351 1185 385; x_wconf 87' lang='lat' dir='ltr'>ratione</span> <span class='ocrx_word' id='word_1_34' title='bbox 1212 351 1384 396; x_wconf 81' lang='lat' dir='ltr'>procedit,</span> <span class='ocrx_word' id='word_1_35' title='bbox 1407 351 1502 397; x_wconf 87' lang='lat' dir='ltr'>quod</span> <span class='ocrx_word' id='word_1_36' title='bbox 1524 352 1639 386; x_wconf 88' lang='grc'>1101110</span> 
     </span>
     <span class='ocr_line' id='line_1_5' title="bbox 85 403 1640 449; baseline 0.001 -12"><span class='ocrx_word' id='word_1_37' title='bbox 85 404 298 449; x_wconf 88' lang='lat' dir='ltr'>quibusdam</span> <span class='ocrx_word' id='word_1_38' title='bbox 331 403 556 438; x_wconf 80' lang='lat' dir='ltr'>sensibilibus</span> <span class='ocrx_word' id='word_1_39' title='bbox 587 405 690 438; x_wconf 86' lang='lat' dir='ltr'>rebus</span> <span class='ocrx_word' id='word_1_40' title='bbox 721 412 839 438; x_wconf 86' lang='lat' dir='ltr'>utatur</span> <span class='ocrx_word' id='word_1_41' title='bbox 868 403 1021 438; x_wconf 81' lang='lat' dir='ltr'>offerens</span> <span class='ocrx_word' id='word_1_42' title='bbox 1050 415 1109 438; x_wconf 82' lang='lat' dir='ltr'>eas</span> <span class='ocrx_word' id='word_1_43' title='bbox 1139 404 1220 439; x_wconf 87' lang='lat' dir='ltr'>Deo</span> <span class='ocrx_word' id='word_1_44' title='bbox 1253 404 1288 438; x_wconf 89' lang='grc'>111</span> <span class='ocrx_word' id='word_1_45' title='bbox 1323 405 1466 449; x_wconf 86' lang='lat' dir='ltr'>signum</span> <span class='ocrx_word' id='word_1_46' title='bbox 1501 405 1640 440; x_wconf 83' lang='lat' dir='ltr'>debitae</span> 
     </span>
     <span class='ocr_line' id='line_1_6' title="bbox 85 457 1640 504; baseline 0.001 -13"><span class='ocrx_word' id='word_1_47' title='bbox 85 457 316 502; x_wconf 89' lang='lat' dir='ltr'>subjectionis</span> <span class='ocrx_word' id='word_1_48' title='bbox 346 465 381 492; x_wconf 90' lang='lat' dir='ltr'>et</span> <span class='ocrx_word' id='word_1_49' title='bbox 409 458 570 500; x_wconf 81' lang='lat' dir='ltr'>honoris,</span> <span class='ocrx_word' id='word_1_50' title='bbox 597 458 796 492; x_wconf 83' lang='lat' dir='ltr'>secundum</span> <span class='ocrx_word' id='word_1_51' title='bbox 824 458 1097 492; x_wconf 85' lang='lat' dir='ltr'>similitudinem</span> <span class='ocrx_word' id='word_1_52' title='bbox 1129 470 1267 500; x_wconf 86' lang='lat' dir='ltr'>eorum,</span> <span class='ocrx_word' id='word_1_53' title='bbox 1295 459 1355 504; x_wconf 89' lang='lat' dir='ltr'>qui</span> <span class='ocrx_word' id='word_1_54' title='bbox 1385 459 1542 493; x_wconf 88' lang='lat' dir='ltr'>dominis</span> <span class='ocrx_word' id='word_1_55' title='bbox 1568 459 1640 494; x_wconf 90' lang='lat' dir='ltr'>suis</span> 
     </span>
     <span class='ocr_line' id='line_1_7' title="bbox 86 510 1640 558; baseline 0.002 -14"><span class='ocrx_word' id='word_1_56' title='bbox 86 510 204 557; x_wconf 86' lang='lat' dir='ltr'>aliqua</span> <span class='ocrx_word' id='word_1_57' title='bbox 226 510 381 545; x_wconf 88' lang='lat' dir='ltr'>offerunt</span> <span class='ocrx_word' id='word_1_58' title='bbox 407 511 442 545; x_wconf 86' lang='lat' dir='ltr'>in</span> <span class='ocrx_word' id='word_1_59' title='bbox 471 512 760 555; x_wconf 74' lang='lat' dir='ltr'>recognitionem</span> <span class='ocrx_word' id='word_1_60' title='bbox 787 511 958 546; x_wconf 87' lang='lat' dir='ltr'>dominii:</span> <span class='ocrx_word' id='word_1_61' title='bbox 981 512 1051 545; x_wconf 84' lang='lat' dir='ltr'>hoc</span> <span class='ocrx_word' id='word_1_62' title='bbox 1075 519 1194 546; x_wconf 85' lang='lat' dir='ltr'>autem</span> <span class='ocrx_word' id='word_1_63' title='bbox 1218 513 1370 558; x_wconf 82' lang='lat' dir='ltr'>pertinet</span> <span class='ocrx_word' id='word_1_64' title='bbox 1397 512 1439 546; x_wconf 89' lang='lat' dir='ltr'>ad</span> <span class='ocrx_word' id='word_1_65' title='bbox 1462 513 1640 547; x_wconf 87' lang='lat' dir='ltr'>rationem</span> 
     </span>
     <span class='ocr_line' id='line_1_8' title="bbox 84 564 1274 611; baseline 0.001 -13"><span class='ocrx_word' id='word_1_66' title='bbox 84 564 267 606; x_wconf 82' lang='lat' dir='ltr'>sacrificii;</span> <span class='ocrx_word' id='word_1_67' title='bbox 291 572 325 598; x_wconf 85' lang='grc'>01</span> <span class='ocrx_word' id='word_1_68' title='bbox 345 565 426 598; x_wconf 86' lang='lat' dir='ltr'>ideo</span> <span class='ocrx_word' id='word_1_69' title='bbox 449 565 584 599; x_wconf 89' lang='lat' dir='ltr'>oblatio</span> <span class='ocrx_word' id='word_1_70' title='bbox 607 564 770 599; x_wconf 87' lang='lat' dir='ltr'>sacrificii</span> <span class='ocrx_word' id='word_1_71' title='bbox 793 566 944 611; x_wconf 80' lang='lat' dir='ltr'>pertinet</span> <span class='ocrx_word' id='word_1_72' title='bbox 967 565 1009 598; x_wconf 85' lang='lat' dir='ltr'>ad</span> <span class='ocrx_word' id='word_1_73' title='bbox 1031 566 1085 610; x_wconf 75' lang='lat' dir='ltr'>jus</span> <span class='ocrx_word' id='word_1_74' title='bbox 1102 565 1274 599; x_wconf 87' lang='lat' dir='ltr'>naturale.</span> 
     </span>
    </p>

    <p class='ocr_par' dir='ltr' id='par_1_3' title="bbox 82 618 1640 982">
     <span class='ocr_line' id='line_1_9' title="bbox 155 618 1639 666; baseline 0.002 -14"><span class='ocrx_word' id='word_1_75' title='bbox 155 618 215 652; x_wconf 90' lang='lat' dir='ltr'>AD</span> <span class='ocrx_word' id='word_1_76' title='bbox 230 629 377 652; x_wconf 78' lang='lat' dir='ltr'>PRIMUM</span> <span class='ocrx_word' id='word_1_77' title='bbox 393 630 479 663; x_wconf 81' lang='lat' dir='ltr'>ergo</span> <span class='ocrx_word' id='word_1_78' title='bbox 496 619 700 660; x_wconf 82' lang='lat' dir='ltr'>dicendum,</span> <span class='ocrx_word' id='word_1_79' title='bbox 716 619 824 664; x_wconf 83' lang='lat' dir='ltr'>quod,</span> <span class='ocrx_word' id='word_1_80' title='bbox 839 619 930 652; x_wconf 88' lang='lat' dir='ltr'>sicut</span> <span class='ocrx_word' id='word_1_81' title='bbox 944 630 1049 664; x_wconf 81' lang='lat' dir='ltr'>supra</span> <span class='ocrx_word' id='word_1_82' title='bbox 1065 619 1201 652; x_wconf 86' lang='lat' dir='ltr'>dictum</span> <span class='ocrx_word' id='word_1_83' title='bbox 1221 627 1273 653; x_wconf 86' lang='lat' dir='ltr'>est</span> <span class='ocrx_word' id='word_1_84' title='bbox 1288 620 1366 664; x_wconf 75' lang='lat'><em>(1-2.</em></span> <span class='ocrx_word' id='word_1_85' title='bbox 1388 632 1417 665; x_wconf 82' lang='lat' dir='ltr'>q.</span> <span class='ocrx_word' id='word_1_86' title='bbox 1434 632 1481 666; x_wconf 81' lang='lat'>95.</span> <span class='ocrx_word' id='word_1_87' title='bbox 1497 626 1561 655; x_wconf 76' lang='lat' dir='ltr'>art.</span> <span class='ocrx_word' id='word_1_88' title='bbox 1577 622 1639 666; x_wconf 86' lang='lat'><em>2.)‚</em></span> 
     </span>
     <span class='ocr_line' id='line_1_10' title="bbox 85 671 1640 718; baseline 0.002 -13"><span class='ocrx_word' id='word_1_89' title='bbox 85 671 203 718; x_wconf 75' lang='lat' dir='ltr'>aliqua</span> <span class='ocrx_word' id='word_1_90' title='bbox 225 673 259 705; x_wconf 93' lang='lat' dir='ltr'>in</span> <span class='ocrx_word' id='word_1_91' title='bbox 283 673 469 706; x_wconf 86' lang='lat' dir='ltr'>communi</span> <span class='ocrx_word' id='word_1_92' title='bbox 492 680 573 706; x_wconf 89' lang='lat' dir='ltr'>sunt</span> <span class='ocrx_word' id='word_1_93' title='bbox 599 672 641 706; x_wconf 85' lang='lat' dir='ltr'>de</span> <span class='ocrx_word' id='word_1_94' title='bbox 668 673 742 716; x_wconf 86' lang='lat' dir='ltr'>jure</span> <span class='ocrx_word' id='word_1_95' title='bbox 769 672 933 713; x_wconf 83' lang='lat' dir='ltr'>naturali,</span> <span class='ocrx_word' id='word_1_96' title='bbox 962 683 1116 717; x_wconf 85' lang='lat' dir='ltr'>quorum</span> <span class='ocrx_word' id='word_1_97' title='bbox 1144 672 1462 707; x_wconf 68' lang='lat' dir='ltr'>determinationes</span> <span class='ocrx_word' id='word_1_98' title='bbox 1489 682 1571 708; x_wconf 90' lang='lat' dir='ltr'>sunt</span> <span class='ocrx_word' id='word_1_99' title='bbox 1597 675 1640 709; x_wconf 86' lang='lat' dir='ltr'>de</span> 
     </span>
     <span class='ocr_line' id='line_1_11' title="bbox 84 724 1638 771; baseline 0.002 -12"><span class='ocrx_word' id='word_1_100' title='bbox 84 726 157 771; x_wconf 82' lang='lat' dir='ltr'>jure</span> <span class='ocrx_word' id='word_1_101' title='bbox 183 725 356 771; x_wconf 77' lang='lat' dir='ltr'>positivo:</span> <span class='ocrx_word' id='word_1_102' title='bbox 384 726 475 760; x_wconf 87' lang='lat' dir='ltr'>sicut</span> <span class='ocrx_word' id='word_1_103' title='bbox 502 726 597 771; x_wconf 85' lang='lat' dir='ltr'>quod</span> <span class='ocrx_word' id='word_1_104' title='bbox 625 724 877 759; x_wconf 79' lang='lat' dir='ltr'>malefactores</span> <span class='ocrx_word' id='word_1_105' title='bbox 905 726 1107 771; x_wconf 76' lang='lat' dir='ltr'>puniantur,</span> <span class='ocrx_word' id='word_1_106' title='bbox 1141 725 1249 759; x_wconf 83' lang='lat' dir='ltr'>habet</span> <span class='ocrx_word' id='word_1_107' title='bbox 1276 725 1332 760; x_wconf 81' lang='lat' dir='ltr'>lex</span> <span class='ocrx_word' id='word_1_108' title='bbox 1358 727 1550 770; x_wconf 86' lang='lat' dir='ltr'>naturalis;</span> <span class='ocrx_word' id='word_1_109' title='bbox 1577 728 1638 762; x_wconf 90' lang='lat' dir='ltr'>sed</span> 
     </span>
     <span class='ocr_line' id='line_1_12' title="bbox 84 779 1638 825; baseline 0.002 -13"><span class='ocrx_word' id='word_1_110' title='bbox 84 779 180 824; x_wconf 88' lang='lat' dir='ltr'>quod</span> <span class='ocrx_word' id='word_1_111' title='bbox 201 779 263 812; x_wconf 93' lang='lat' dir='ltr'>tali</span> <span class='ocrx_word' id='word_1_112' title='bbox 282 791 410 825; x_wconf 88' lang='lat' dir='ltr'>poena,</span> <span class='ocrx_word' id='word_1_113' title='bbox 432 779 487 813; x_wconf 76' lang='lat' dir='ltr'>vel</span> <span class='ocrx_word' id='word_1_114' title='bbox 509 779 571 813; x_wconf 88' lang='lat' dir='ltr'>tali</span> <span class='ocrx_word' id='word_1_115' title='bbox 593 779 795 825; x_wconf 80' lang='lat' dir='ltr'>puniantur,</span> <span class='ocrx_word' id='word_1_116' title='bbox 818 787 870 812; x_wconf 90' lang='lat' dir='ltr'>est</span> <span class='ocrx_word' id='word_1_117' title='bbox 892 790 933 812; x_wconf 78' lang='lat' dir='ltr'>ex</span> <span class='ocrx_word' id='word_1_118' title='bbox 957 779 1212 813; x_wconf 88' lang='lat' dir='ltr'>constitutione</span> <span class='ocrx_word' id='word_1_119' title='bbox 1234 780 1364 821; x_wconf 84' lang='lat' dir='ltr'>divina,</span> <span class='ocrx_word' id='word_1_120' title='bbox 1383 780 1441 814; x_wconf 88' lang='lat' dir='ltr'>vel</span> <span class='ocrx_word' id='word_1_121' title='bbox 1459 781 1638 815; x_wconf 86' lang='lat' dir='ltr'>humana:</span> 
     </span>
     <span class='ocr_line' id='line_1_13' title="bbox 84 832 1638 878; baseline 0.003 -13"><span class='ocrx_word' id='word_1_122' title='bbox 84 832 248 866; x_wconf 83' lang='lat' dir='ltr'>similiter</span> <span class='ocrx_word' id='word_1_123' title='bbox 269 833 377 867; x_wconf 86' lang='lat' dir='ltr'>etiam</span> <span class='ocrx_word' id='word_1_124' title='bbox 396 832 530 867; x_wconf 86' lang='lat' dir='ltr'>oblatio</span> <span class='ocrx_word' id='word_1_125' title='bbox 553 832 719 866; x_wconf 89' lang='lat' dir='ltr'>sacrificii</span> <span class='ocrx_word' id='word_1_126' title='bbox 739 832 775 865; x_wconf 90' lang='lat' dir='ltr'>in</span> <span class='ocrx_word' id='word_1_127' title='bbox 795 833 982 866; x_wconf 89' lang='lat' dir='ltr'>communi</span> <span class='ocrx_word' id='word_1_128' title='bbox 1004 840 1057 866; x_wconf 86' lang='lat' dir='ltr'>est</span> <span class='ocrx_word' id='word_1_129' title='bbox 1078 832 1120 866; x_wconf 89' lang='lat' dir='ltr'>de</span> <span class='ocrx_word' id='word_1_130' title='bbox 1142 832 1222 878; x_wconf 91' lang='lat' dir='ltr'>lege</span> <span class='ocrx_word' id='word_1_131' title='bbox 1244 833 1415 877; x_wconf 84' lang='lat' dir='ltr'>naturali3</span> <span class='ocrx_word' id='word_1_132' title='bbox 1439 842 1474 868; x_wconf 88' lang='lat' dir='ltr'>et</span> <span class='ocrx_word' id='word_1_133' title='bbox 1495 835 1575 869; x_wconf 86' lang='lat' dir='ltr'>ideo</span> <span class='ocrx_word' id='word_1_134' title='bbox 1602 835 1638 869; x_wconf 86' lang='lat' dir='ltr'>in</span> 
     </span>
     <span class='ocr_line' id='line_1_14' title="bbox 84 885 1638 923; baseline 0.002 -3"><span class='ocrx_word' id='word_1_135' title='bbox 84 886 154 920; x_wconf 86' lang='lat' dir='ltr'>hoc</span> <span class='ocrx_word' id='word_1_136' title='bbox 182 897 308 920; x_wconf 89' lang='lat' dir='ltr'>omnes</span> <span class='ocrx_word' id='word_1_137' title='bbox 336 886 575 920; x_wconf 82' lang='lat' dir='ltr'>conveniunt:</span> <span class='ocrx_word' id='word_1_138' title='bbox 610 886 672 920; x_wconf 82' lang='lat' dir='ltr'>sed</span> <span class='ocrx_word' id='word_1_139' title='bbox 706 885 959 919; x_wconf 78' lang='lat' dir='ltr'>determinatio</span> <span class='ocrx_word' id='word_1_140' title='bbox 981 885 1242 920; x_wconf 68' lang='lat' dir='ltr'>sacrificiorum</span> <span class='ocrx_word' id='word_1_141' title='bbox 1269 894 1321 921; x_wconf 89' lang='lat' dir='ltr'>est</span> <span class='ocrx_word' id='word_1_142' title='bbox 1347 898 1389 921; x_wconf 81' lang='lat' dir='ltr'>ex</span> <span class='ocrx_word' id='word_1_143' title='bbox 1415 887 1638 923; x_wconf 85' lang='lat' dir='ltr'>institutione</span> 
     </span>
     <span class='ocr_line' id='line_1_15' title="bbox 82 938 1001 982; baseline 0.001 -9"><span class='ocrx_word' id='word_1_144' title='bbox 82 939 253 982; x_wconf 86' lang='lat' dir='ltr'>humana,</span> <span class='ocrx_word' id='word_1_145' title='bbox 275 939 333 974; x_wconf 85' lang='lat' dir='ltr'>vel</span> <span class='ocrx_word' id='word_1_146' title='bbox 354 940 492 982; x_wconf 80' lang='lat' dir='ltr'>divina3</span> <span class='ocrx_word' id='word_1_147' title='bbox 515 948 549 973; x_wconf 93' lang='lat' dir='ltr'>et</span> <span class='ocrx_word' id='word_1_148' title='bbox 568 939 650 974; x_wconf 90' lang='lat' dir='ltr'>ideo</span> <span class='ocrx_word' id='word_1_149' title='bbox 672 939 708 972; x_wconf 89' lang='lat' dir='ltr'>in</span> <span class='ocrx_word' id='word_1_150' title='bbox 730 939 801 973; x_wconf 89' lang='lat' dir='ltr'>hoc</span> <span class='ocrx_word' id='word_1_151' title='bbox 823 938 1001 974; x_wconf 83' lang='lat' dir='ltr'>differunt.</span> 
     </span>
    </p>

    <p class='ocr_par' dir='ltr' id='par_1_4' title="bbox 82 993 1641 1510">
     <span class='ocr_line' id='line_1_16' title="bbox 154 993 1639 1040; baseline 0.001 -12"><span class='ocrx_word' id='word_1_152' title='bbox 154 993 213 1028; x_wconf 86' lang='lat' dir='ltr'>AD</span> <span class='ocrx_word' id='word_1_153' title='bbox 241 1004 447 1028; x_wconf 76' lang='lat' dir='ltr'>SECUNDUM</span> <span class='ocrx_word' id='word_1_154' title='bbox 470 993 674 1036; x_wconf 86' lang='lat' dir='ltr'>dicendum,</span> <span class='ocrx_word' id='word_1_155' title='bbox 702 994 798 1040; x_wconf 86' lang='lat' dir='ltr'>quod</span> <span class='ocrx_word' id='word_1_156' title='bbox 825 993 957 1035; x_wconf 84' lang='lat' dir='ltr'>Adam,</span> <span class='ocrx_word' id='word_1_157' title='bbox 985 1001 1018 1027; x_wconf 92' lang='lat' dir='ltr'>et</span> <span class='ocrx_word' id='word_1_158' title='bbox 1044 993 1157 1035; x_wconf 81' lang='lat' dir='ltr'>Isaac,</span> <span class='ocrx_word' id='word_1_159' title='bbox 1179 993 1271 1027; x_wconf 89' lang='lat' dir='ltr'>sicut</span> <span class='ocrx_word' id='word_1_160' title='bbox 1297 1001 1331 1028; x_wconf 89' lang='lat' dir='ltr'>et</span> <span class='ocrx_word' id='word_1_161' title='bbox 1358 994 1418 1028; x_wconf 89' lang='lat' dir='ltr'>alii</span> <span class='ocrx_word' id='word_1_162' title='bbox 1442 995 1536 1040; x_wconf 80' lang='lat' dir='ltr'>justi,</span> <span class='ocrx_word' id='word_1_163' title='bbox 1557 995 1639 1030; x_wconf 91' lang='lat' dir='ltr'>Deo</span> 
     </span>
     <span class='ocr_line' id='line_1_17' title="bbox 85 1046 1640 1095; baseline 0.002 -15"><span class='ocrx_word' id='word_1_164' title='bbox 85 1047 302 1081; x_wconf 86' lang='lat' dir='ltr'>sacrificium</span> <span class='ocrx_word' id='word_1_165' title='bbox 325 1046 530 1082; x_wconf 90' lang='lat' dir='ltr'>obtulerunt</span> <span class='ocrx_word' id='word_1_166' title='bbox 554 1047 754 1081; x_wconf 89' lang='lat' dir='ltr'>secundum</span> <span class='ocrx_word' id='word_1_167' title='bbox 779 1049 833 1082; x_wconf 91' lang='lat' dir='ltr'>sui</span> <span class='ocrx_word' id='word_1_168' title='bbox 859 1047 1045 1092; x_wconf 88' lang='lat' dir='ltr'>temporis,</span> <span class='ocrx_word' id='word_1_169' title='bbox 1072 1047 1367 1092; x_wconf 82' lang='lat' dir='ltr'>congruentia1n3</span> <span class='ocrx_word' id='word_1_170' title='bbox 1395 1056 1432 1082; x_wconf 90' lang='lat' dir='ltr'>ut</span> <span class='ocrx_word' id='word_1_171' title='bbox 1457 1056 1553 1094; x_wconf 85' lang='lat' dir='ltr'>patet</span> <span class='ocrx_word' id='word_1_172' title='bbox 1579 1060 1640 1095; x_wconf 88' lang='lat' dir='ltr'>per</span> 
     </span>
     <span class='ocr_line' id='line_1_18' title="bbox 89 1100 1640 1147; baseline 0.003 -14"><span class='ocrx_word' id='word_1_173' title='bbox 89 1101 198 1146; x_wconf 79' lang='lat' dir='ltr'>Greg.</span> <span class='ocrx_word' id='word_1_174' title='bbox 221 1101 281 1146; x_wconf 91' lang='lat' dir='ltr'>qui</span> <span class='ocrx_word' id='word_1_175' title='bbox 302 1101 388 1134; x_wconf 87' lang='lat' dir='ltr'>dicit</span> <span class='ocrx_word' id='word_1_176' title='bbox 408 1101 482 1145; x_wconf 74' lang='lat' dir='ltr'>(lib.</span> <span class='ocrx_word' id='word_1_177' title='bbox 497 1111 529 1144; x_wconf 86' lang='lat'>4.</span> <span class='ocrx_word' id='word_1_178' title='bbox 545 1101 669 1134; x_wconf 77' lang='lat' dir='ltr'>Moral.</span> <span class='ocrx_word' id='word_1_179' title='bbox 686 1107 758 1147; x_wconf 79' lang='lat' dir='ltr'>cap.</span> <span class='ocrx_word' id='word_1_180' title='bbox 779 1102 821 1147; x_wconf 77' lang='lat'>3.)</span> <span class='ocrx_word' id='word_1_181' title='bbox 845 1101 941 1146; x_wconf 89' lang='lat' dir='ltr'>quod</span> <span class='ocrx_word' id='word_1_182' title='bbox 966 1100 1093 1146; x_wconf 89' lang='lat' dir='ltr'>«apud</span> <span class='ocrx_word' id='word_1_183' title='bbox 1109 1101 1274 1147; x_wconf 87' lang='lat' dir='ltr'>antiquos</span> <span class='ocrx_word' id='word_1_184' title='bbox 1297 1113 1359 1147; x_wconf 91' lang='lat' dir='ltr'>per</span> <span class='ocrx_word' id='word_1_185' title='bbox 1379 1102 1640 1137; x_wconf 88' lang='lat' dir='ltr'>sacrificiorum</span> 
     </span>
     <span class='ocr_line' id='line_1_19' title="bbox 85 1153 1641 1202; baseline 0.002 -15"><span class='ocrx_word' id='word_1_186' title='bbox 85 1153 286 1188; x_wconf 89' lang='lat' dir='ltr'>oblationes</span> <span class='ocrx_word' id='word_1_187' title='bbox 305 1154 550 1188; x_wconf 79' lang='lat' dir='ltr'>remittebatur</span> <span class='ocrx_word' id='word_1_188' title='bbox 568 1162 760 1200; x_wconf 88' lang='lat' dir='ltr'>peccatum</span> <span class='ocrx_word' id='word_1_189' title='bbox 782 1153 956 1199; x_wconf 82' lang='lat' dir='ltr'>originale</span> <span class='ocrx_word' id='word_1_190' title='bbox 971 1167 1011 1196; x_wconf 70' lang='grc' dir='ltr'>»ς</span> <span class='ocrx_word' id='word_1_191' title='bbox 1033 1165 1107 1188; x_wconf 89' lang='grc'>11011</span> <span class='ocrx_word' id='word_1_192' title='bbox 1129 1162 1251 1188; x_wconf 89' lang='lat' dir='ltr'>autem</span> <span class='ocrx_word' id='word_1_193' title='bbox 1274 1154 1316 1189; x_wconf 89' lang='lat' dir='ltr'>de</span> <span class='ocrx_word' id='word_1_194' title='bbox 1339 1156 1506 1190; x_wconf 91' lang='lat' dir='ltr'>omnibus</span> <span class='ocrx_word' id='word_1_195' title='bbox 1532 1157 1641 1202; x_wconf 86' lang='lat' dir='ltr'>justo-</span> 
     </span>
     <span class='ocr_line' id='line_1_20' title="bbox 84 1207 1639 1256; baseline 0.002 -15"><span class='ocrx_word' id='word_1_196' title='bbox 84 1219 162 1241; x_wconf 85' lang='lat' dir='ltr'>rum</span> <span class='ocrx_word' id='word_1_197' title='bbox 184 1207 366 1242; x_wconf 83' lang='lat' dir='ltr'>sacrificiis</span> <span class='ocrx_word' id='word_1_198' title='bbox 387 1207 426 1242; x_wconf 90' lang='lat' dir='ltr'>fit</span> <span class='ocrx_word' id='word_1_199' title='bbox 447 1207 583 1242; x_wconf 88' lang='lat' dir='ltr'>mentio</span> <span class='ocrx_word' id='word_1_200' title='bbox 606 1208 641 1242; x_wconf 87' lang='lat' dir='ltr'>in</span> <span class='ocrx_word' id='word_1_201' title='bbox 665 1208 859 1254; x_wconf 86' lang='lat' dir='ltr'>Scriptura,</span> <span class='ocrx_word' id='word_1_202' title='bbox 881 1207 943 1242; x_wconf 88' lang='lat' dir='ltr'>sed</span> <span class='ocrx_word' id='word_1_203' title='bbox 965 1207 1084 1242; x_wconf 88' lang='lat' dir='ltr'>solum</span> <span class='ocrx_word' id='word_1_204' title='bbox 1107 1208 1149 1242; x_wconf 88' lang='lat' dir='ltr'>de</span> <span class='ocrx_word' id='word_1_205' title='bbox 1171 1207 1252 1250; x_wconf 88' lang='lat' dir='ltr'>illis,</span> <span class='ocrx_word' id='word_1_206' title='bbox 1275 1208 1369 1242; x_wconf 88' lang='lat' dir='ltr'>circa</span> <span class='ocrx_word' id='word_1_207' title='bbox 1392 1221 1483 1256; x_wconf 87' lang='lat' dir='ltr'>quae</span> <span class='ocrx_word' id='word_1_208' title='bbox 1506 1209 1639 1256; x_wconf 87' lang='lat' dir='ltr'>aliquid</span> 
     </span>
     <span class='ocr_line' id='line_1_21' title="bbox 83 1260 1639 1309; baseline 0.003 -15"><span class='ocrx_word' id='word_1_209' title='bbox 83 1260 237 1306; x_wconf 86' lang='lat' dir='ltr'>speciale</span> <span class='ocrx_word' id='word_1_210' title='bbox 260 1261 407 1295; x_wconf 87' lang='lat' dir='ltr'>accidit:</span> <span class='ocrx_word' id='word_1_211' title='bbox 430 1269 547 1306; x_wconf 90' lang='lat' dir='ltr'>potest</span> <span class='ocrx_word' id='word_1_212' title='bbox 564 1270 686 1296; x_wconf 86' lang='lat' dir='ltr'>tamen</span> <span class='ocrx_word' id='word_1_213' title='bbox 709 1273 785 1296; x_wconf 88' lang='lat' dir='ltr'>esse</span> <span class='ocrx_word' id='word_1_214' title='bbox 807 1262 909 1305; x_wconf 84' lang='lat' dir='ltr'>ratio,</span> <span class='ocrx_word' id='word_1_215' title='bbox 925 1274 1034 1308; x_wconf 85' lang='lat' dir='ltr'>quare</span> <span class='ocrx_word' id='word_1_216' title='bbox 1048 1262 1169 1296; x_wconf 90' lang='lat' dir='ltr'>Adam</span> <span class='ocrx_word' id='word_1_217' title='bbox 1187 1274 1261 1297; x_wconf 89' lang='lat' dir='ltr'>non</span> <span class='ocrx_word' id='word_1_218' title='bbox 1280 1263 1409 1309; x_wconf 89' lang='lat' dir='ltr'>legitur</span> <span class='ocrx_word' id='word_1_219' title='bbox 1422 1264 1639 1298; x_wconf 90' lang='lat' dir='ltr'>sacrificium</span> 
     </span>
     <span class='ocr_line' id='line_1_22' title="bbox 85 1313 1640 1362; baseline 0.003 -14"><span class='ocrx_word' id='word_1_220' title='bbox 85 1313 273 1357; x_wconf 88' lang='lat' dir='ltr'>obtulisse;</span> <span class='ocrx_word' id='word_1_221' title='bbox 295 1326 352 1356; x_wconf 91' lang='lat' dir='ltr'>ne,</span> <span class='ocrx_word' id='word_1_222' title='bbox 374 1315 457 1360; x_wconf 87' lang='lat' dir='ltr'>quia</span> <span class='ocrx_word' id='word_1_223' title='bbox 477 1315 513 1348; x_wconf 92' lang='lat' dir='ltr'>in</span> <span class='ocrx_word' id='word_1_224' title='bbox 535 1315 613 1361; x_wconf 90' lang='lat' dir='ltr'>ipso</span> <span class='ocrx_word' id='word_1_225' title='bbox 635 1323 781 1350; x_wconf 88' lang='lat' dir='ltr'>notatur</span> <span class='ocrx_word' id='word_1_226' title='bbox 803 1316 906 1361; x_wconf 87' lang='lat' dir='ltr'>origo</span> <span class='ocrx_word' id='word_1_227' title='bbox 928 1316 1079 1362; x_wconf 85' lang='lat' dir='ltr'>peccati,</span> <span class='ocrx_word' id='word_1_228' title='bbox 1101 1316 1209 1350; x_wconf 87' lang='lat' dir='ltr'>simul</span> <span class='ocrx_word' id='word_1_229' title='bbox 1230 1317 1339 1351; x_wconf 85' lang='lat' dir='ltr'>etiam</span> <span class='ocrx_word' id='word_1_230' title='bbox 1360 1317 1396 1351; x_wconf 90' lang='lat' dir='ltr'>in</span> <span class='ocrx_word' id='word_1_231' title='bbox 1419 1329 1462 1351; x_wconf 88' lang='lat' dir='ltr'>eo</span> <span class='ocrx_word' id='word_1_232' title='bbox 1489 1318 1640 1352; x_wconf 88' lang='lat' dir='ltr'>sanctifi-</span> 
     </span>
     <span class='ocr_line' id='line_1_23' title="bbox 83 1368 1639 1418; baseline 0.003 -17"><span class='ocrx_word' id='word_1_233' title='bbox 83 1368 233 1402; x_wconf 85' lang='lat' dir='ltr'>cationis</span> <span class='ocrx_word' id='word_1_234' title='bbox 256 1368 359 1413; x_wconf 85' lang='lat' dir='ltr'>origo</span> <span class='ocrx_word' id='word_1_235' title='bbox 381 1368 599 1414; x_wconf 82' lang='lat' dir='ltr'>signaretur:</span> <span class='ocrx_word' id='word_1_236' title='bbox 625 1369 726 1403; x_wconf 84' lang='lat' dir='ltr'>Isaac</span> <span class='ocrx_word' id='word_1_237' title='bbox 747 1381 834 1404; x_wconf 91' lang='lat' dir='ltr'>vero</span> <span class='ocrx_word' id='word_1_238' title='bbox 856 1369 1071 1415; x_wconf 85' lang='lat' dir='ltr'>significavit</span> <span class='ocrx_word' id='word_1_239' title='bbox 1098 1369 1296 1413; x_wconf 89' lang='lat' dir='ltr'>Christum,</span> <span class='ocrx_word' id='word_1_240' title='bbox 1323 1371 1536 1418; x_wconf 87' lang='lat' dir='ltr'>inquantum</span> <span class='ocrx_word' id='word_1_241' title='bbox 1562 1372 1639 1418; x_wconf 89' lang='lat' dir='ltr'>ipse</span> 
     </span>
     <span class='ocr_line' id='line_1_24' title="bbox 83 1420 1639 1471; baseline 0.003 -16"><span class='ocrx_word' id='word_1_242' title='bbox 83 1420 223 1456; x_wconf 88' lang='lat' dir='ltr'>oblatus</span> <span class='ocrx_word' id='word_1_243' title='bbox 246 1430 298 1456; x_wconf 91' lang='lat' dir='ltr'>est</span> <span class='ocrx_word' id='word_1_244' title='bbox 317 1422 354 1456; x_wconf 92' lang='lat' dir='ltr'>in</span> <span class='ocrx_word' id='word_1_245' title='bbox 375 1422 603 1465; x_wconf 87' lang='lat' dir='ltr'>sacrificium,</span> <span class='ocrx_word' id='word_1_246' title='bbox 625 1424 718 1457; x_wconf 88' lang='lat' dir='ltr'>unde</span> <span class='ocrx_word' id='word_1_247' title='bbox 740 1435 813 1457; x_wconf 91' lang='lat' dir='ltr'>non</span> <span class='ocrx_word' id='word_1_248' title='bbox 836 1424 1035 1469; x_wconf 89' lang='lat' dir='ltr'>oportebat,</span> <span class='ocrx_word' id='word_1_249' title='bbox 1058 1431 1096 1458; x_wconf 94' lang='lat' dir='ltr'>ut</span> <span class='ocrx_word' id='word_1_250' title='bbox 1121 1424 1382 1470; x_wconf 89' lang='lat' dir='ltr'>significaretur</span> <span class='ocrx_word' id='word_1_251' title='bbox 1408 1426 1509 1471; x_wconf 89' lang='lat' dir='ltr'>quasi</span> <span class='ocrx_word' id='word_1_252' title='bbox 1535 1426 1639 1460; x_wconf 87' lang='lat' dir='ltr'>sacri-</span> 
     </span>
     <span class='ocr_line' id='line_1_25' title="bbox 82 1473 391 1510; baseline 0.006 -3"><span class='ocrx_word' id='word_1_253' title='bbox 82 1473 204 1508; x_wconf 89' lang='lat' dir='ltr'>ficium</span> <span class='ocrx_word' id='word_1_254' title='bbox 225 1474 391 1510; x_wconf 84' lang='lat' dir='ltr'>offerens.</span> 
     </span>
    </p>

    <p class='ocr_par' dir='ltr' id='par_1_5' title="bbox 80 1527 1639 1632">
     <span class='ocr_line' id='line_1_26' title="bbox 152 1527 1639 1577; baseline 0.003 -15"><span class='ocrx_word' id='word_1_255' title='bbox 152 1527 212 1562; x_wconf 88' lang='lat' dir='ltr'>AD</span> <span class='ocrx_word' id='word_1_256' title='bbox 239 1538 411 1563; x_wconf 83' lang='lat' dir='ltr'>TERTIUM</span> <span class='ocrx_word' id='word_1_257' title='bbox 432 1529 636 1572; x_wconf 88' lang='lat' dir='ltr'>dicendum,</span> <span class='ocrx_word' id='word_1_258' title='bbox 659 1529 755 1576; x_wconf 90' lang='lat' dir='ltr'>quod</span> <span class='ocrx_word' id='word_1_259' title='bbox 778 1530 981 1576; x_wconf 87' lang='lat' dir='ltr'>significare</span> <span class='ocrx_word' id='word_1_260' title='bbox 1004 1539 1201 1577; x_wconf 90' lang='lat' dir='ltr'>conceptus</span> <span class='ocrx_word' id='word_1_261' title='bbox 1223 1543 1308 1566; x_wconf 88' lang='lat' dir='ltr'>suos</span> <span class='ocrx_word' id='word_1_262' title='bbox 1335 1539 1386 1566; x_wconf 90' lang='lat' dir='ltr'>est</span> <span class='ocrx_word' id='word_1_263' title='bbox 1412 1533 1555 1567; x_wconf 87' lang='lat' dir='ltr'>homini</span> <span class='ocrx_word' id='word_1_264' title='bbox 1579 1544 1639 1567; x_wconf 89' lang='lat' dir='ltr'>na-</span> 
     </span>
     <span class='ocr_line' id='line_1_27' title="bbox 80 1580 1502 1632; baseline 0.004 -17"><span class='ocrx_word' id='word_1_265' title='bbox 80 1580 211 1616; x_wconf 83' lang='lat' dir='ltr'>turale:</span> <span class='ocrx_word' id='word_1_266' title='bbox 234 1582 295 1616; x_wconf 90' lang='lat' dir='ltr'>sed</span> <span class='ocrx_word' id='word_1_267' title='bbox 318 1582 568 1617; x_wconf 85' lang='lat' dir='ltr'>determinatio</span> <span class='ocrx_word' id='word_1_268' title='bbox 591 1585 777 1629; x_wconf 83' lang='lat' dir='ltr'>signorum</span> <span class='ocrx_word' id='word_1_269' title='bbox 800 1592 853 1618; x_wconf 89' lang='lat' dir='ltr'>est</span> <span class='ocrx_word' id='word_1_270' title='bbox 873 1584 1074 1619; x_wconf 85' lang='lat' dir='ltr'>secundum</span> <span class='ocrx_word' id='word_1_271' title='bbox 1095 1585 1298 1619; x_wconf 89' lang='lat' dir='ltr'>humanum</span> <span class='ocrx_word' id='word_1_272' title='bbox 1318 1585 1502 1632; x_wconf 84' lang='lat' dir='ltr'>placitum.</span> 
     </span>
    </p>
   </div>
   <div class='ocr_carea' id='block_1_3' title="bbox 298 1742 1636 1898">
    <p class='ocr_par' dir='ltr' id='par_1_6' title="bbox 298 1742 1636 1898">
     <span class='ocr_line' id='line_1_28' title="bbox 657 1742 1636 1808; baseline 0.004 -22"><span class='ocrx_word' id='word_1_273' title='bbox 657 1742 1000 1788; x_wconf 84' lang='lat' dir='ltr'>ART1CULUS</span> <span class='ocrx_word' id='word_1_274' title='bbox 1038 1745 1094 1787; x_wconf 86' lang='grc'>11.</span> <span class='ocrx_word' id='word_1_275' title='bbox 1567 1770 1636 1808; x_wconf 70' lang='lat'>459</span> 
     </span>
     <span class='ocr_line' id='line_1_29' title="bbox 298 1863 1422 1898; baseline 0.004 -6"><span class='ocrx_word' id='word_1_276' title='bbox 298 1863 450 1893; x_wconf 85' lang='lat' dir='ltr'><strong>UTRUM</strong></span> <span class='ocrx_word' id='word_1_277' title='bbox 477 1863 570 1893; x_wconf 89' lang='lat' dir='ltr'>SOLI</span> <span class='ocrx_word' id='word_1_278' title='bbox 598 1864 687 1893; x_wconf 93' lang='lat' dir='ltr'>DEO</span> <span class='ocrx_word' id='word_1_279' title='bbox 716 1865 782 1893; x_wconf 88' lang='lat' dir='ltr'>SIT</span> <span class='ocrx_word' id='word_1_280' title='bbox 811 1865 1089 1895; x_wconf 88' lang='lat' dir='ltr'>SACRIFICIUM</span> <span class='ocrx_word' id='word_1_281' title='bbox 1116 1866 1422 1898; x_wconf 87' lang='lat' dir='ltr'>OFFERENDUM.</span> 
     </span>
    </p>
   </div>
   <div class='ocr_carea' id='block_1_4' title="bbox 83 1960 1636 2065">
    <p class='ocr_par' dir='ltr' id='par_1_7' title="bbox 83 1960 1636 2065">
     <span class='ocr_line' id='line_1_30' title="bbox 83 1960 1636 2016; baseline 0.006 -21"><span class='ocrx_word' id='word_1_282' title='bbox 83 1960 159 2005; x_wconf 78' lang='lat'><strong><em>(1-2.</em></strong></span> <span class='ocrx_word' id='word_1_283' title='bbox 178 1973 207 2007; x_wconf 83' lang='lat' dir='ltr'>q.</span> <span class='ocrx_word' id='word_1_284' title='bbox 225 1974 276 1997; x_wconf 83' lang='lat' dir='ltr'>Io.</span> <span class='ocrx_word' id='word_1_285' title='bbox 296 1967 358 1996; x_wconf 80' lang='lat' dir='ltr'>art.</span> <span class='ocrx_word' id='word_1_286' title='bbox 377 1974 404 2008; x_wconf 82' lang='lat'>3.</span> <span class='ocrx_word' id='word_1_287' title='bbox 424 1969 512 2009; x_wconf 76' lang='lat' dir='ltr'>corp.</span> <span class='ocrx_word' id='word_1_288' title='bbox 531 1968 558 1997; x_wconf 75' lang='lat' dir='ltr'>et</span> <span class='ocrx_word' id='word_1_289' title='bbox 576 1969 640 1998; x_wconf 74' lang='lat' dir='ltr'>art.</span> <span class='ocrx_word' id='word_1_290' title='bbox 659 1976 688 2010; x_wconf 79' lang='lat'>3.</span> <span class='ocrx_word' id='word_1_291' title='bbox 703 1976 732 2010; x_wconf 81' lang='lat' dir='ltr'>q.</span> <span class='ocrx_word' id='word_1_292' title='bbox 747 1965 802 2008; x_wconf 79' lang='lat'>48.</span> <span class='ocrx_word' id='word_1_293' title='bbox 817 1969 881 1998; x_wconf 77' lang='lat' dir='ltr'>art.</span> <span class='ocrx_word' id='word_1_294' title='bbox 897 1977 924 2010; x_wconf 79' lang='lat'>3.</span> <span class='ocrx_word' id='word_1_295' title='bbox 941 1971 1029 2011; x_wconf 75' lang='lat' dir='ltr'>corp.</span> <span class='ocrx_word' id='word_1_296' title='bbox 1049 1971 1079 2000; x_wconf 67' lang='lat' dir='ltr'>et</span> <span class='ocrx_word' id='word_1_297' title='bbox 1096 1966 1151 2000; x_wconf 74' lang='lat' dir='ltr'>lib.</span> <span class='ocrx_word' id='word_1_298' title='bbox 1173 1979 1200 2001; x_wconf 81' lang='lat' dir='ltr'>r.</span> <span class='ocrx_word' id='word_1_299' title='bbox 1223 1966 1338 2001; x_wconf 72' lang='lat' dir='ltr'>Contr.</span> <span class='ocrx_word' id='word_1_300' title='bbox 1352 1979 1381 2013; x_wconf 77' lang='lat' dir='ltr'>g.</span> <span class='ocrx_word' id='word_1_301' title='bbox 1399 1974 1470 2014; x_wconf 72' lang='lat' dir='ltr'>cap.</span> <span class='ocrx_word' id='word_1_302' title='bbox 1486 1970 1636 2016; x_wconf 75' lang='lat' dir='ltr'>r2o.fin.</span> 
     </span>
     <span class='ocr_line' id='line_1_31' title="bbox 535 2018 1178 2065; baseline 0.003 -14"><span class='ocrx_word' id='word_1_303' title='bbox 535 2022 563 2051; x_wconf 70' lang='lat' dir='ltr'>et</span> <span class='ocrx_word' id='word_1_304' title='bbox 584 2018 635 2052; x_wconf 78' lang='lat' dir='ltr'>Ps.</span> <span class='ocrx_word' id='word_1_305' title='bbox 658 2018 711 2052; x_wconf 78' lang='lat'>28.</span> <span class='ocrx_word' id='word_1_306' title='bbox 734 2023 762 2052; x_wconf 73' lang='lat' dir='ltr'>et</span> <span class='ocrx_word' id='word_1_307' title='bbox 783 2019 878 2053; x_wconf 84' lang='lat' dir='ltr'>Rom.</span> <span class='ocrx_word' id='word_1_308' title='bbox 900 2031 927 2053; x_wconf 83' lang='lat' dir='ltr'>r.</span> <span class='ocrx_word' id='word_1_309' title='bbox 949 2019 1018 2054; x_wconf 78' lang='lat' dir='ltr'>lect.</span> <span class='ocrx_word' id='word_1_310' title='bbox 1042 2020 1178 2065; x_wconf 71' lang='lat' dir='ltr'>7.fi1z.).</span> 
     </span>
    </p>
   </div>
   <div class='ocr_carea' id='block_1_5' title="bbox 79 2115 1637 2802">
    <p class='ocr_par' dir='ltr' id='par_1_8' title="bbox 79 2115 1637 2430">
     <span class='ocr_line' id='line_1_32' title="bbox 152 2115 1637 2165; baseline 0.006 -16"><span class='ocrx_word' id='word_1_311' title='bbox 152 2115 212 2149; x_wconf 89' lang='lat' dir='ltr'>AD</span> <span class='ocrx_word' id='word_1_312' title='bbox 234 2125 440 2150; x_wconf 79' lang='lat' dir='ltr'>SECUNDUM</span> <span class='ocrx_word' id='word_1_313' title='bbox 461 2116 511 2150; x_wconf 88' lang='lat' dir='ltr'>sic</span> <span class='ocrx_word' id='word_1_314' title='bbox 533 2117 749 2163; x_wconf 89' lang='lat' dir='ltr'>proceditur.</span> <span class='ocrx_word' id='word_1_315' title='bbox 771 2117 933 2160; x_wconf 88' lang='lat' dir='ltr'>Videtur,</span> <span class='ocrx_word' id='word_1_316' title='bbox 955 2119 1052 2165; x_wconf 85' lang='lat' dir='ltr'>quod</span> <span class='ocrx_word' id='word_1_317' title='bbox 1074 2131 1147 2154; x_wconf 89' lang='lat' dir='ltr'>non</span> <span class='ocrx_word' id='word_1_318' title='bbox 1168 2119 1237 2154; x_wconf 90' lang='lat' dir='ltr'>soli</span> <span class='ocrx_word' id='word_1_319' title='bbox 1259 2132 1403 2156; x_wconf 84' lang='lat' dir='ltr'>summo</span> <span class='ocrx_word' id='word_1_320' title='bbox 1425 2122 1506 2157; x_wconf 92' lang='lat' dir='ltr'>Deo</span> <span class='ocrx_word' id='word_1_321' title='bbox 1525 2123 1568 2157; x_wconf 89' lang='lat' dir='ltr'>sit</span> <span class='ocrx_word' id='word_1_322' title='bbox 1587 2135 1637 2158; x_wconf 92' lang='lat' dir='ltr'>sa—</span> 
     </span>
     <span class='ocr_line' id='line_1_33' title="bbox 83 2168 1636 2222; baseline 0.006 -21"><span class='ocrx_word' id='word_1_323' title='bbox 83 2168 258 2202; x_wconf 85' lang='lat' dir='ltr'>crificium</span> <span class='ocrx_word' id='word_1_324' title='bbox 281 2168 524 2204; x_wconf 86' lang='lat' dir='ltr'>offerendum:</span> <span class='ocrx_word' id='word_1_325' title='bbox 548 2182 631 2204; x_wconf 90' lang='lat' dir='ltr'>cum</span> <span class='ocrx_word' id='word_1_326' title='bbox 653 2171 750 2205; x_wconf 90' lang='lat' dir='ltr'>enim</span> <span class='ocrx_word' id='word_1_327' title='bbox 768 2172 985 2206; x_wconf 87' lang='lat' dir='ltr'>sacrificium</span> <span class='ocrx_word' id='word_1_328' title='bbox 999 2173 1079 2207; x_wconf 92' lang='lat' dir='ltr'>Deo</span> <span class='ocrx_word' id='word_1_329' title='bbox 1100 2172 1220 2207; x_wconf 87' lang='lat' dir='ltr'>offerri</span> <span class='ocrx_word' id='word_1_330' title='bbox 1234 2174 1372 2217; x_wconf 87' lang='lat' dir='ltr'>debeat,</span> <span class='ocrx_word' id='word_1_331' title='bbox 1386 2175 1525 2210; x_wconf 84' lang='lat' dir='ltr'>videtur</span> <span class='ocrx_word' id='word_1_332' title='bbox 1540 2178 1636 2222; x_wconf 91' lang='lat' dir='ltr'>quod</span> 
     </span>
     <span class='ocr_line' id='line_1_34' title="bbox 82 2221 1635 2271; baseline 0.006 -17"><span class='ocrx_word' id='word_1_333' title='bbox 82 2222 249 2256; x_wconf 87' lang='lat' dir='ltr'>omnibus</span> <span class='ocrx_word' id='word_1_334' title='bbox 271 2221 340 2256; x_wconf 88' lang='lat' dir='ltr'>illis</span> <span class='ocrx_word' id='word_1_335' title='bbox 364 2222 408 2256; x_wconf 91' lang='lat' dir='ltr'>sit</span> <span class='ocrx_word' id='word_1_336' title='bbox 428 2223 645 2257; x_wconf 87' lang='lat' dir='ltr'>sacrificium</span> <span class='ocrx_word' id='word_1_337' title='bbox 667 2224 903 2267; x_wconf 87' lang='lat' dir='ltr'>offerendum,</span> <span class='ocrx_word' id='word_1_338' title='bbox 926 2226 986 2271; x_wconf 92' lang='lat' dir='ltr'>qui</span> <span class='ocrx_word' id='word_1_339' title='bbox 1013 2226 1206 2260; x_wconf 86' lang='lat' dir='ltr'>divinitatis</span> <span class='ocrx_word' id='word_1_340' title='bbox 1234 2236 1420 2263; x_wconf 87' lang='lat' dir='ltr'>consortes</span> <span class='ocrx_word' id='word_1_341' title='bbox 1443 2229 1546 2264; x_wconf 91' lang='lat' dir='ltr'>fiunt:</span> <span class='ocrx_word' id='word_1_342' title='bbox 1574 2230 1635 2264; x_wconf 90' lang='lat' dir='ltr'>sed</span> 
     </span>
     <span class='ocr_line' id='line_1_35' title="bbox 82 2275 1635 2326; baseline 0.006 -18"><span class='ocrx_word' id='word_1_343' title='bbox 82 2275 190 2309; x_wconf 87' lang='lat' dir='ltr'>etiam</span> <span class='ocrx_word' id='word_1_344' title='bbox 201 2275 316 2309; x_wconf 88' lang='lat' dir='ltr'>sancti</span> <span class='ocrx_word' id='word_1_345' title='bbox 329 2275 496 2310; x_wconf 88' lang='lat' dir='ltr'>homines</span> <span class='ocrx_word' id='word_1_346' title='bbox 512 2276 712 2312; x_wconf 85' lang='lat' dir='ltr'>efficiuntur</span> <span class='ocrx_word' id='word_1_347' title='bbox 725 2279 865 2313; x_wconf 84' lang='lat' dir='ltr'>divinae</span> <span class='ocrx_word' id='word_1_348' title='bbox 879 2287 1027 2314; x_wconf 89' lang='lat' dir='ltr'>naturae</span> <span class='ocrx_word' id='word_1_349' title='bbox 1040 2288 1238 2322; x_wconf 76' lang='grc'>0011301103,</span> <span class='ocrx_word' id='word_1_350' title='bbox 1251 2289 1289 2315; x_wconf 89' lang='lat' dir='ltr'>ut</span> <span class='ocrx_word' id='word_1_351' title='bbox 1302 2282 1430 2316; x_wconf 88' lang='lat' dir='ltr'>dicitur</span> <span class='ocrx_word' id='word_1_352' title='bbox 1440 2293 1470 2316; x_wconf 84' lang='lat'>2.</span> <span class='ocrx_word' id='word_1_353' title='bbox 1485 2283 1581 2317; x_wconf 88' lang='lat' dir='ltr'>Petri</span> <span class='ocrx_word' id='word_1_354' title='bbox 1596 2294 1635 2326; x_wconf 89' lang='lat'>1.;</span> 
     </span>
     <span class='ocr_line' id='line_1_36' title="bbox 81 2328 1637 2382; baseline 0.006 -21"><span class='ocrx_word' id='word_1_355' title='bbox 81 2328 174 2362; x_wconf 90' lang='lat' dir='ltr'>unde</span> <span class='ocrx_word' id='word_1_356' title='bbox 197 2337 232 2363; x_wconf 87' lang='lat' dir='ltr'>et</span> <span class='ocrx_word' id='word_1_357' title='bbox 253 2329 295 2363; x_wconf 91' lang='lat' dir='ltr'>de</span> <span class='ocrx_word' id='word_1_358' title='bbox 317 2329 367 2363; x_wconf 88' lang='lat' dir='ltr'>eis</span> <span class='ocrx_word' id='word_1_359' title='bbox 389 2329 425 2362; x_wconf 91' lang='lat' dir='ltr'>in</span> <span class='ocrx_word' id='word_1_360' title='bbox 446 2329 540 2364; x_wconf 88' lang='lat' dir='ltr'>Psal.</span> <span class='ocrx_word' id='word_1_361' title='bbox 563 2331 617 2364; x_wconf 83' lang='lat'>81.</span> <span class='ocrx_word' id='word_1_362' title='bbox 641 2331 786 2367; x_wconf 91' lang='lat' dir='ltr'>dicitur:</span> <span class='ocrx_word' id='word_1_363' title='bbox 808 2333 878 2378; x_wconf 73' lang='lat' dir='ltr'>Ego</span> <span class='ocrx_word' id='word_1_364' title='bbox 900 2333 994 2368; x_wconf 74' lang='lat' dir='ltr'>dixi.-</span> <span class='ocrx_word' id='word_1_365' title='bbox 1016 2334 1080 2367; x_wconf 74' lang='lat' dir='ltr'>Dii</span> <span class='ocrx_word' id='word_1_366' title='bbox 1100 2335 1181 2369; x_wconf 76' lang='lat' dir='ltr'>estis.</span> <span class='ocrx_word' id='word_1_367' title='bbox 1203 2334 1338 2381; x_wconf 89' lang='lat' dir='ltr'>Angeli</span> <span class='ocrx_word' id='word_1_368' title='bbox 1357 2336 1465 2370; x_wconf 88' lang='lat' dir='ltr'>etiam</span> <span class='ocrx_word' id='word_1_369' title='bbox 1483 2338 1552 2382; x_wconf 71' lang='lat' dir='ltr'>filii</span> <span class='ocrx_word' id='word_1_370' title='bbox 1570 2338 1637 2372; x_wconf 70' lang='lat' dir='ltr'>Dei</span> 
     </span>
     <span class='ocr_line' id='line_1_37' title="bbox 79 2381 1555 2430; baseline 0.006 -15"><span class='ocrx_word' id='word_1_371' title='bbox 79 2381 324 2424; x_wconf 88' lang='lat' dir='ltr'>nominantur,</span> <span class='ocrx_word' id='word_1_372' title='bbox 346 2390 384 2417; x_wconf 88' lang='lat' dir='ltr'>ut</span> <span class='ocrx_word' id='word_1_373' title='bbox 404 2391 502 2429; x_wconf 89' lang='lat' dir='ltr'>patet</span> <span class='ocrx_word' id='word_1_374' title='bbox 517 2383 583 2428; x_wconf 88' lang='lat' dir='ltr'>Job</span> <span class='ocrx_word' id='word_1_375' title='bbox 611 2395 655 2426; x_wconf 87' lang='lat'>1.;</span> <span class='ocrx_word' id='word_1_376' title='bbox 679 2395 766 2430; x_wconf 88' lang='lat' dir='ltr'>ergo</span> <span class='ocrx_word' id='word_1_377' title='bbox 790 2386 958 2420; x_wconf 88' lang='lat' dir='ltr'>omnibus</span> <span class='ocrx_word' id='word_1_378' title='bbox 979 2386 1034 2420; x_wconf 90' lang='lat' dir='ltr'>his</span> <span class='ocrx_word' id='word_1_379' title='bbox 1058 2386 1163 2421; x_wconf 90' lang='lat' dir='ltr'>debet</span> <span class='ocrx_word' id='word_1_380' title='bbox 1184 2388 1402 2422; x_wconf 88' lang='lat' dir='ltr'>sacrificium</span> <span class='ocrx_word' id='word_1_381' title='bbox 1425 2389 1555 2424; x_wconf 84' lang='lat' dir='ltr'>offerri.</span> 
     </span>
    </p>

    <p class='ocr_par' dir='ltr' id='par_1_9' title="bbox 81 2435 1637 2745">
     <span class='ocr_line' id='line_1_38' title="bbox 152 2435 1637 2488; baseline 0.006 -20"><span class='ocrx_word' id='word_1_382' title='bbox 152 2445 183 2468; x_wconf 90' lang='lat'>2.</span> <span class='ocrx_word' id='word_1_383' title='bbox 205 2435 440 2470; x_wconf 79' lang='lat' dir='ltr'><strong>PRAETEREA.</strong></span> <span class='ocrx_word' id='word_1_384' title='bbox 466 2436 614 2476; x_wconf 86' lang='lat' dir='ltr'>Quanto</span> <span class='ocrx_word' id='word_1_385' title='bbox 634 2437 759 2484; x_wconf 91' lang='lat' dir='ltr'>aliquis</span> <span class='ocrx_word' id='word_1_386' title='bbox 782 2440 899 2485; x_wconf 86' lang='lat' dir='ltr'>major</span> <span class='ocrx_word' id='word_1_387' title='bbox 917 2447 979 2482; x_wconf 88' lang='lat' dir='ltr'>est,</span> <span class='ocrx_word' id='word_1_388' title='bbox 998 2448 1098 2474; x_wconf 87' lang='lat' dir='ltr'>tanto</span> <span class='ocrx_word' id='word_1_389' title='bbox 1115 2441 1147 2475; x_wconf 88' lang='lat' dir='ltr'>ei</span> <span class='ocrx_word' id='word_1_390' title='bbox 1161 2443 1278 2488; x_wconf 87' lang='lat' dir='ltr'>major</span> <span class='ocrx_word' id='word_1_391' title='bbox 1291 2442 1411 2476; x_wconf 87' lang='lat' dir='ltr'>honor</span> <span class='ocrx_word' id='word_1_392' title='bbox 1425 2443 1529 2477; x_wconf 83' lang='lat' dir='ltr'>debet</span> <span class='ocrx_word' id='word_1_393' title='bbox 1543 2444 1637 2478; x_wconf 74' lang='lat' dir='ltr'>exhi-</span> 
     </span>
     <span class='ocr_line' id='line_1_39' title="bbox 81 2487 1637 2542; baseline 0.006 -21"><span class='ocrx_word' id='word_1_394' title='bbox 81 2487 176 2521; x_wconf 90' lang='lat' dir='ltr'>beri:</span> <span class='ocrx_word' id='word_1_395' title='bbox 199 2488 261 2522; x_wconf 88' lang='lat' dir='ltr'>sed</span> <span class='ocrx_word' id='word_1_396' title='bbox 284 2489 414 2535; x_wconf 83' lang='lat' dir='ltr'>angeli,</span> <span class='ocrx_word' id='word_1_397' title='bbox 437 2497 471 2524; x_wconf 93' lang='lat' dir='ltr'>et</span> <span class='ocrx_word' id='word_1_398' title='bbox 491 2490 605 2524; x_wconf 88' lang='lat' dir='ltr'>sancti</span> <span class='ocrx_word' id='word_1_399' title='bbox 626 2499 707 2525; x_wconf 89' lang='lat' dir='ltr'>sunt</span> <span class='ocrx_word' id='word_1_400' title='bbox 728 2491 844 2526; x_wconf 88' lang='lat' dir='ltr'>multo</span> <span class='ocrx_word' id='word_1_401' title='bbox 872 2495 1029 2539; x_wconf 85' lang='lat' dir='ltr'>majores</span> <span class='ocrx_word' id='word_1_402' title='bbox 1057 2494 1341 2541; x_wconf 86' lang='lat' dir='ltr'>quibuscumque</span> <span class='ocrx_word' id='word_1_403' title='bbox 1368 2497 1515 2530; x_wconf 88' lang='lat' dir='ltr'>terrenis</span> <span class='ocrx_word' id='word_1_404' title='bbox 1542 2497 1637 2542; x_wconf 90' lang='lat' dir='ltr'>prin-</span> 
     </span>
     <span class='ocr_line' id='line_1_40' title="bbox 82 2540 1635 2595; baseline 0.006 -21"><span class='ocrx_word' id='word_1_405' title='bbox 82 2540 240 2587; x_wconf 85' lang='lat' dir='ltr'>cipibus;</span> <span class='ocrx_word' id='word_1_406' title='bbox 262 2542 389 2588; x_wconf 88' lang='lat' dir='ltr'>quibus</span> <span class='ocrx_word' id='word_1_407' title='bbox 411 2551 533 2577; x_wconf 88' lang='lat' dir='ltr'>tamen</span> <span class='ocrx_word' id='word_1_408' title='bbox 557 2554 683 2578; x_wconf 90' lang='lat' dir='ltr'>eorum</span> <span class='ocrx_word' id='word_1_409' title='bbox 704 2545 835 2579; x_wconf 88' lang='lat' dir='ltr'>subditi</span> <span class='ocrx_word' id='word_1_410' title='bbox 862 2545 977 2580; x_wconf 89' lang='lat' dir='ltr'>multo</span> <span class='ocrx_word' id='word_1_411' title='bbox 999 2548 1177 2592; x_wconf 87' lang='lat' dir='ltr'>majorem</span> <span class='ocrx_word' id='word_1_412' title='bbox 1202 2548 1383 2583; x_wconf 90' lang='lat' dir='ltr'>honorem</span> <span class='ocrx_word' id='word_1_413' title='bbox 1412 2549 1635 2595; x_wconf 86' lang='lat' dir='ltr'>impendunt,</span> 
     </span>
     <span class='ocr_line' id='line_1_41' title="bbox 81 2595 1635 2648; baseline 0.006 -21"><span class='ocrx_word' id='word_1_414' title='bbox 81 2605 118 2627; x_wconf 90' lang='lat' dir='ltr'>se</span> <span class='ocrx_word' id='word_1_415' title='bbox 142 2605 265 2628; x_wconf 88' lang='lat' dir='ltr'>coram</span> <span class='ocrx_word' id='word_1_416' title='bbox 288 2595 338 2629; x_wconf 91' lang='lat' dir='ltr'>eis</span> <span class='ocrx_word' id='word_1_417' title='bbox 360 2604 638 2641; x_wconf 87' lang='lat' dir='ltr'>prosternentes,</span> <span class='ocrx_word' id='word_1_418' title='bbox 661 2605 695 2631; x_wconf 90' lang='lat' dir='ltr'>et</span> <span class='ocrx_word' id='word_1_419' title='bbox 716 2610 866 2633; x_wconf 88' lang='lat' dir='ltr'>munera</span> <span class='ocrx_word' id='word_1_420' title='bbox 893 2599 1095 2642; x_wconf 84' lang='lat' dir='ltr'>offerentes,</span> <span class='ocrx_word' id='word_1_421' title='bbox 1118 2612 1225 2646; x_wconf 84' lang='lat' dir='ltr'>quam</span> <span class='ocrx_word' id='word_1_422' title='bbox 1253 2602 1297 2635; x_wconf 88' lang='lat' dir='ltr'>sit</span> <span class='ocrx_word' id='word_1_423' title='bbox 1323 2601 1456 2636; x_wconf 90' lang='lat' dir='ltr'>oblatio</span> <span class='ocrx_word' id='word_1_424' title='bbox 1485 2602 1635 2648; x_wconf 87' lang='lat' dir='ltr'>alicujus</span> 
     </span>
     <span class='ocr_line' id='line_1_42' title="bbox 82 2647 1633 2699; baseline 0.006 -19"><span class='ocrx_word' id='word_1_425' title='bbox 82 2647 259 2690; x_wconf 85' lang='lat' dir='ltr'>animalis,</span> <span class='ocrx_word' id='word_1_426' title='bbox 277 2648 335 2682; x_wconf 88' lang='lat' dir='ltr'>vel</span> <span class='ocrx_word' id='word_1_427' title='bbox 357 2649 407 2683; x_wconf 86' lang='lat' dir='ltr'>rei</span> <span class='ocrx_word' id='word_1_428' title='bbox 430 2649 573 2683; x_wconf 81' lang='lat' dir='ltr'>alterius</span> <span class='ocrx_word' id='word_1_429' title='bbox 596 2650 631 2684; x_wconf 89' lang='lat' dir='ltr'>in</span> <span class='ocrx_word' id='word_1_430' title='bbox 653 2651 888 2694; x_wconf 83' lang='lat' dir='ltr'>sacrificium3</span> <span class='ocrx_word' id='word_1_431' title='bbox 912 2664 998 2698; x_wconf 89' lang='lat' dir='ltr'>ergo</span> <span class='ocrx_word' id='word_1_432' title='bbox 1019 2653 1133 2687; x_wconf 88' lang='lat' dir='ltr'>multo</span> <span class='ocrx_word' id='word_1_433' title='bbox 1154 2654 1268 2699; x_wconf 88' lang='lat' dir='ltr'>magis</span> <span class='ocrx_word' id='word_1_434' title='bbox 1285 2655 1432 2699; x_wconf 82' lang='lat' dir='ltr'>angelis,</span> <span class='ocrx_word' id='word_1_435' title='bbox 1452 2663 1485 2690; x_wconf 92' lang='lat' dir='ltr'>et</span> <span class='ocrx_word' id='word_1_436' title='bbox 1503 2657 1633 2690; x_wconf 83' lang='lat' dir='ltr'>sanctis</span> 
     </span>
     <span class='ocr_line' id='line_1_43' title="bbox 81 2702 587 2745; baseline 0.006 -12"><span class='ocrx_word' id='word_1_437' title='bbox 81 2708 198 2745; x_wconf 89' lang='lat' dir='ltr'>potest</span> <span class='ocrx_word' id='word_1_438' title='bbox 219 2702 435 2736; x_wconf 86' lang='lat' dir='ltr'>sacrificium</span> <span class='ocrx_word' id='word_1_439' title='bbox 457 2702 587 2737; x_wconf 83' lang='lat' dir='ltr'>offerri.</span> 
     </span>
    </p>

    <p class='ocr_par' dir='ltr' id='par_1_10' title="bbox 155 2754 1634 2802">
     <span class='ocr_line' id='line_1_44' title="bbox 155 2754 1634 2802; baseline 0.006 -15"><span class='ocrx_word' id='word_1_440' title='bbox 155 2765 183 2799; x_wconf 83' lang='lat'>3.</span> <span class='ocrx_word' id='word_1_441' title='bbox 205 2754 440 2790; x_wconf 77' lang='lat' dir='ltr'>PRAETEREA.</span> <span class='ocrx_word' id='word_1_442' title='bbox 465 2756 631 2802; x_wconf 85' lang='lat' dir='ltr'>Templa,</span> <span class='ocrx_word' id='word_1_443' title='bbox 651 2765 685 2791; x_wconf 92' lang='lat' dir='ltr'>et</span> <span class='ocrx_word' id='word_1_444' title='bbox 707 2757 830 2792; x_wconf 86' lang='lat' dir='ltr'>altaria</span> <span class='ocrx_word' id='word_1_445' title='bbox 849 2759 1080 2794; x_wconf 87' lang='lat' dir='ltr'>instituuntur</span> <span class='ocrx_word' id='word_1_446' title='bbox 1099 2761 1140 2793; x_wconf 83' lang='lat' dir='ltr'>ad</span> <span class='ocrx_word' id='word_1_447' title='bbox 1161 2760 1335 2794; x_wconf 82' lang='lat' dir='ltr'>sacrificia</span> <span class='ocrx_word' id='word_1_448' title='bbox 1355 2760 1554 2797; x_wconf 79' lang='lat' dir='ltr'>offerenda:</span> <span class='ocrx_word' id='word_1_449' title='bbox 1573 2762 1634 2796; x_wconf 88' lang='lat' dir='ltr'>sed</span> 
     </span>
    </p>
   </div>
   <div class='ocr_carea' id='block_1_6' title="bbox 81 2805 1635 2893">
    <p class='ocr_par' dir='ltr' id='par_1_11' title="bbox 81 2805 1635 2893">
     <span class='ocr_line' id='line_1_45' title="bbox 81 2805 1635 2860; baseline 0.006 -21"><span class='ocrx_word' id='word_1_450' title='bbox 81 2805 227 2851; x_wconf 81' lang='lat' dir='ltr'>templa,</span> <span class='ocrx_word' id='word_1_451' title='bbox 250 2815 283 2841; x_wconf 91' lang='lat' dir='ltr'>et</span> <span class='ocrx_word' id='word_1_452' title='bbox 305 2807 428 2842; x_wconf 87' lang='lat' dir='ltr'>altaria</span> <span class='ocrx_word' id='word_1_453' title='bbox 446 2809 676 2844; x_wconf 89' lang='lat' dir='ltr'>instituuntur</span> <span class='ocrx_word' id='word_1_454' title='bbox 691 2811 838 2857; x_wconf 88' lang='lat' dir='ltr'>angelis,</span> <span class='ocrx_word' id='word_1_455' title='bbox 854 2821 888 2846; x_wconf 88' lang='lat' dir='ltr'>et</span> <span class='ocrx_word' id='word_1_456' title='bbox 901 2814 1048 2856; x_wconf 84' lang='lat' dir='ltr'>sanctis;</span> <span class='ocrx_word' id='word_1_457' title='bbox 1068 2825 1154 2859; x_wconf 87' lang='lat' dir='ltr'>ergo</span> <span class='ocrx_word' id='word_1_458' title='bbox 1170 2814 1278 2848; x_wconf 88' lang='lat' dir='ltr'>etiam</span> <span class='ocrx_word' id='word_1_459' title='bbox 1292 2814 1468 2848; x_wconf 86' lang='lat' dir='ltr'>sacrificia</span> <span class='ocrx_word' id='word_1_460' title='bbox 1486 2823 1635 2860; x_wconf 88' lang='lat' dir='ltr'>possunt</span> 
     </span>
     <span class='ocr_line' id='line_1_46' title="bbox 82 2858 284 2893; baseline 0.01 -2"><span class='ocrx_word' id='word_1_461' title='bbox 82 2858 131 2891; x_wconf 88' lang='lat' dir='ltr'>eis</span> <span class='ocrx_word' id='word_1_462' title='bbox 154 2858 284 2893; x_wconf 84' lang='lat' dir='ltr'>offerri.</span> 
     </span>
    </p>
   </div>
  </div>
 </body>
</html>
