1859 3122
450 204 671 240 QUAESTIO
706 204 914 233 LXXXVIII.
949 203 1193 233 ARTICULUS
1227 203 1283 232 IV.
1564 191 1646 245 627

83 297 162 320 esse
189 284 411 332 periculosa3
431 286 524 320 unde
545 286 674 320 dicitur
691 285 802 320 Eccli.
829 296 899 320 11.:
925 286 995 330 Qui
1017 286 1169 320 observat
1188 289 1335 326 ventum,
1359 295 1423 317 non
1444 285 1594 325 seminat,
1621 289 1649 318 et

84 341 141 385 qui
166 339 350 374 considerat
375 340 483 380 nubas,
507 351 689 385 numquam
717 344 830 374 metat:
850 339 1051 385 periculum
1074 347 1195 373 autem
1222 338 1370 372 voventi
1387 349 1461 372 non
1484 337 1650 371 imminet

83 404 127 426 ex
146 393 226 439 ipso
248 401 347 435 voto,
366 393 428 426 sed
451 405 492 426 cx
515 392 619 439 culpa
642 393 813 435 hominis,
836 393 896 439 qui
918 393 1143 426 voluntatem
1163 400 1278 426 mutat
1299 391 1564 437 transgrediens
1590 402 1650 425 vo-

83 453 181 488 tum3
205 446 298 480 unde
318 446 470 491 August.
488 446 573 480 dicit
591 447 626 479 in
642 446 768 480 eadem
784 446 954 492 epistola:
977 459 995 477 ((
1016 446 1100 480 Non
1119 454 1153 479 te
1168 445 1310 479 vovisse
1326 445 1519 490 poeniteat,
1534 446 1648 479 immo

84 499 201 545 gaude
222 500 296 544 jam
318 500 381 533 tibi
402 500 452 533 sic
472 511 545 533 non
568 500 688 542 licere,
711 500 807 546 quod
831 511 914 534 cum
937 508 999 534 tuo
1023 499 1241 533 detrimento
1263 498 1422 532 licuisset
1443 512 1474 532 >›.

155 552 215 586 AD
239 563 411 587 TERT1UM
434 553 641 595 dicendum,
664 553 760 599 quod
784 553 931 587 Christo
953 553 1154 587 secundum
1177 563 1213 586 se
1235 563 1310 586 non
1333 552 1564 598 competebat
1589 562 1651 586 vo-

83 616 188 647 vere3
209 613 286 639 tum
309 607 391 652 quia
413 606 512 640 Deus
536 615 633 649 erat3
655 615 733 640 turn
756 606 864 652 etiam
887 607 970 652 quia
991 606 1204 652 inquantum
1220 605 1346 647 homo,
1361 605 1517 639 habebat
1531 604 1647 639 firma-

82 667 159 693 tam
179 659 406 693 voluntatem
428 660 464 693 in
485 661 595 702 bono,
619 660 721 706 quasi
743 660 1029 706 comprehensor
1051 660 1222 693 existens:
1246 659 1411 705 quamvis
1438 671 1501 705 per
1523 671 1647 705 quam-

84 712 168 746 dam
186 713 460 747 similitudinem
483 726 524 747 ex
546 725 700 760 persona
719 714 794 758 ejus
817 713 955 747 dicatur
973 713 1008 747 in
1028 714 1084 747 Ps.
1105 723 1159 747 21.
1179 712 1380 746 secundum
1400 712 1502 746 Glos.
1523 713 1647 757 (interl.

84 766 209 811 Aug.).·
228 779 246 798 «
261 767 356 800 Vota
372 777 453 800 mea
468 766 618 800 reddam
632 767 668 800 in
684 775 855 812 cospectu
877 766 1083 800 timentium
1107 777 1190 800 eum
1216 777 1256 799 »z
1278 765 1438 811 loquitur
1460 774 1581 800 autem
1604 766 1647 800 de

84 830 237 865 corpore
258 831 337 862 suo,
360 819 456 866 quod
479 828 531 854 est
552 819 733 854 Ecclesia:
762 819 932 864 Apostoli
963 828 1084 853 autem
1114 819 1363 865 intelliguntur
1383 819 1525 853 vovisse
1548 821 1651 865 perti-

84 873 207 906 nentia
228 873 271 907 ad
288 873 518 920 perfectionis
534 881 678 916 statum,
694 873 838 920 quando
859 873 1058 916 Christum,
1082 872 1214 907 relictis
1230 873 1410 914 omnibus,
1429 881 1511 906 sunt
1525 873 1648 907 secuti.

673 1015 1017 1060 ARTICULUS
1052 1015 1106 1057 V.
1581 1036 1650 1071 474

248 1122 400 1152 UTRUM
426 1122 585 1151 VOTUM
612 1122 679 1151 SIT
706 1122 848 1152 ACTUS
876 1122 1075 1159 LATRIAE,
1105 1122 1199 1151 SIVE
1226 1122 1489 1152 RELIGIONIS.

110 1209 211 1255 (Infr.
234 1221 264 1254 q.
285 1210 359 1255 139.
382 1215 447 1244 art.
469 1221 500 1244 2.
523 1216 615 1256 corp.
638 1215 668 1244 et
688 1210 744 1244 lib.
763 1222 791 1256 3.
818 1210 932 1245 Contr.
953 1221 984 1255 g.
1007 1216 1077 1256 cap.
1100 1211 1166 1256 138.
1189 1215 1218 1244 al
1240 1216 1347 1256 opusc.
1373 1219 1424 1255 17.
1448 1215 1518 1255 cap.
1544 1208 1625 1253 12).

154 1298 215 1332 AD
238 1308 419 1337 QUINTUM
440 1298 490 1332 sic
518 1298 734 1344 proceditur.
764 1298 924 1341 Videtur,
947 1298 1044 1344 quod
1065 1306 1194 1332 votum
1215 1309 1290 1332 non
1317 1298 1362 1332 sit
1388 1306 1487 1331 actus
1509 1296 1647 1339 latriae,

83 1350 161 1386 sive
183 1350 387 1397 religionis:
411 1363 520 1385 omne
548 1352 646 1385 enim
676 1363 766 1398 opus
795 1352 935 1386 virtutis
964 1352 1059 1386 cadit
1088 1352 1151 1386 sub
1182 1359 1288 1385 voto:
1317 1351 1378 1385 sed
1409 1351 1452 1385 ad
1481 1350 1648 1385 eamdem

82 1405 252 1439 virtutem
273 1406 450 1450 pertinere
472 1405 613 1440 videtur
640 1406 850 1452 promittere
881 1405 1027 1451 aliquid,
1058 1414 1093 1439 et
1121 1405 1239 1439 facere
1273 1404 1378 1447 illud3
1409 1416 1496 1450 ergo
1523 1412 1649 1438 votum

83 1460 239 1505 pertinet
260 1460 303 1493 ad
326 1459 523 1505 quamlibet
548 1460 730 1501 virtutem,
754 1468 788 1494 et
808 1471 883 1494 non
904 1459 1109 1506 specialiter
1131 1459 1174 1492 ad
1197 1458 1425 1504 religionem.

155 1523 187 1546 2.
209 1513 446 1547 PRAETEREA.
470 1513 679 1547 Secundum
703 1513 868 1547 Tullium
889 1513 963 1558 (lib.
986 1525 1017 1547 2.
1040 1513 1076 1547 da
1097 1513 1244 1556 Invmt.)
1272 1512 1315 1545 ad
1342 1511 1557 1557 religionem
1577 1522 1651 1557 per-

83 1566 174 1600 tinet
196 1565 345 1608 cultum,
368 1574 402 1599 et
424 1566 695 1600 caeremoniam
716 1567 797 1600 Deo
821 1565 966 1600 afferre:
990 1566 1051 1600 sed
1082 1565 1142 1600 ille
1170 1566 1231 1612 qui
1257 1575 1376 1609 vovet,
1403 1565 1567 1598 nondum
1590 1563 1652 1598 ali-

86 1619 171 1665 quid
192 1619 274 1653 Deo
297 1618 409 1661 affert,
432 1619 494 1653 sed
516 1619 636 1653 solum
658 1619 853 1664 promittit;
877 1631 963 1665 ergo
986 1627 1112 1653 votum
1134 1630 1209 1652 non
1232 1626 1285 1652 est
1307 1626 1407 1652 actus
1429 1618 1625 1664 religionis.

158 1683 186 1718 3.
209 1672 446 1707 PRAETEREA.
471 1672 599 1706 Cultus
622 1673 806 1719 religionis
828 1684 903 1706 non
925 1673 1031 1706 debet
1052 1672 1213 1706 exhiberi
1233 1672 1301 1706 nisi
1322 1672 1422 1705 Deo:
1443 1672 1504 1706 sed
1522 1680 1650 1705 votum

85 1737 159 1760 non
181 1725 301 1760 solum
323 1725 361 1759 fit
378 1726 472 1768 Deo,
492 1726 553 1759 sed
572 1726 681 1760 etiam
702 1726 845 1767 sanctis,
865 1734 899 1760 et
916 1725 1095 1772 praelatis,
1115 1726 1242 1772 quibus
1260 1725 1422 1771 religiosi
1442 1725 1650 1771 profitentes

88 1779 331 1813 obedientiam
351 1787 504 1822 vovent,
527 1791 612 1825 ergo
635 1788 762 1813 votum
784 1791 858 1813 non
880 1788 933 1813 est
953 1779 1140 1825 religionis
1163 1787 1274 1813 actus.

155 1832 230 1867 SED
250 1843 406 1867 CONTRA
429 1841 492 1874 est,
515 1833 612 1878 quod
630 1833 759 1866 dicitur
777 1833 844 1867 Isa.
869 1844 936 1880 19.:
958 1832 1074 1867 Colent
1090 1845 1163 1866 eum
1183 1834 1217 1866 in
1235 1833 1358 1874 hostiis,
1386 1838 1416 1867 ct
1438 1833 1648 1872 mzcneribzc5;

80 1891 112 1921 et
128 1891 209 1920 vota
227 1887 394 1920 vovebunt
415 1886 577 1928 Domino,
599 1891 630 1920 et
652 1887 795 1921 solvant:
818 1886 882 1920 sed
913 1885 1033 1920 colere
1061 1886 1183 1919 Deum
1213 1894 1266 1920 est
1286 1886 1430 1932 proprie
1451 1884 1650 1931 religionis,

83 1939 158 1974 sive
179 1939 325 1981 latriae3
349 1950 436 1985 ergo
458 1947 586 1973 votum
608 1947 661 1973 est
683 1947 782 1973 actus
805 1939 942 1981 latriae,
964 1939 1040 1973 sive
1062 1938 1258 1985 religionis.

154 1993 385 2027 RESPONDEO
415 1992 620 2034 dicendum,
642 1993 750 2038 quod,
773 1993 865 2026 sicut
886 2004 992 2038 supra
1014 1992 1151 2026 dictum
1174 2001 1227 2026 est
1250 1992 1294 2038 (q.
1317 1993 1367 2027 81.
1387 1997 1451 2027 art.
1474 2005 1501 2027 1.
1524 1992 1566 2026 ad
1591 1993 1649 2037 L),

83 2057 193 2080 omne
216 2057 306 2091 opus
327 2046 466 2079 virtutis
489 2046 532 2079 ad
553 2045 782 2091 religionem,
803 2057 867 2080 seu
888 2045 1032 2080 latriam
1058 2045 1212 2092 pertinet
1232 2056 1296 2091 per
1317 2045 1470 2079 modum
1493 2045 1648 2091 imperii,

83 2099 287 2133 secundum
309 2098 406 2144 quod
429 2099 472 2132 ad
495 2099 654 2132 divinam
676 2099 915 2133 reverentiam
938 2099 1142 2141 ordinatur,
1171 2098 1267 2144 quod
1298 2106 1351 2133 est
1380 2099 1545 2145 proprius
1571 2098 1651 2132 finis

84 2152 229 2186 latriae:
254 2152 420 2185 ordinare
443 2159 564 2186 autem
587 2151 676 2186 alios
700 2160 800 2186 actus
820 2152 857 2185 in
879 2164 984 2186 suum
1007 2152 1128 2194 finem,
1150 2152 1305 2198 pertinet
1327 2152 1370 2185 ad
1391 2152 1561 2186 virtutem
1583 2152 1651 2186 im—

83 2213 282 2251 perantem,
305 2216 382 2238 nonv
407 2204 451 2238 ad
477 2205 625 2239 virtutes
647 2205 860 2251 imperatas,
883 2214 918 2240 et
938 2206 1020 2240 ideo
1050 2208 1125 2252 ipsa
1156 2206 1336 2240 ordinatio
1368 2214 1515 2240 actuum
1538 2207 1652 2251 cujus-

82 2269 240 2304 cumque
262 2258 403 2292 virtutis
424 2258 461 2291 in
483 2258 671 2292 servitium
692 2259 772 2301 Dei,
796 2268 848 2293 est
869 2259 1034 2305 proprius
1057 2267 1156 2293 actus
1179 2259 1322 2293 latriae:
1346 2259 1579 2294 manifestum
1599 2267 1652 2294 est

82 2319 206 2345 autem
228 2322 270 2345 ex
291 2311 482 2357 praedictis
504 2311 587 2356 (art.
613 2322 640 2347 Ι.
669 2317 697 2346 et
715 2324 745 2346 2.
760 2313 829 2358 huj.
845 2314 904 2358 q.)‚
925 2313 1021 2358 quod
1040 2321 1168 2346 votum
1186 2321 1239 2346 est
1258 2313 1437 2358 quaedam
1455 2312 1649 2359 promissio

83 2365 165 2398 Deo
194 2363 301 2406 facta,
329 2364 426 2410 quod
456 2359 650 2410 promissio
680 2365 771 2398 nihil
798 2373 852 2400 est
881 2365 988 2408 aliud,
1020 2377 1129 2411 quam
1159 2366 1338 2400 ordinatio
1369 2366 1547 2412 quaedam
1575 2367 1650 2411 ejus

81 2418 182 2464 quod
204 2417 436 2463 promittitur,
457 2418 494 2451 in
517 2429 601 2452 eum
624 2418 682 2451 cui
702 2419 939 2464 promittitur3
955 2419 1048 2452 unde
1063 2427 1190 2453 votum
1205 2427 1258 2454 est
1273 2420 1452 2453 ordinatio
1471 2419 1650 2465 quaedam

82 2482 213 2505 eorum
234 2482 326 2517 quae
348 2472 426 2516 quis
447 2478 557 2504 vovet
569 2471 605 2504 in
620 2471 782 2505 divinum
798 2471 946 2514 cultum,
962 2483 1024 2506 seu
1041 2472 1275 2519 obsequium3
1298 2481 1333 2507 et
1353 2472 1404 2506 sic
1425 2480 1533 2519 patet,
1553 2472 1649 2518 quod

85 2534 218 2558 vovere
240 2524 384 2570 proprie
407 2531 459 2558 est
481 2532 580 2558 actus
602 2523 738 2566 latriae,
760 2536 822 2559 seu
845 2524 1043 2571 religionis.

155 2577 216 2611 AD
237 2587 387 2612 PRIMUM
417 2588 504 2623 ergo
527 2577 732 2620 dicendum,
754 2578 851 2624 quod
872 2577 960 2612 illud
982 2579 1079 2624 quod
1106 2578 1203 2613 cadit
1231 2578 1294 2612 sub
1325 2586 1424 2620 voto,
1457 2578 1650 2625 quandoque

84 2629 231 2675 quidem
258 2638 311 2664 est
336 2638 436 2664 actus
464 2629 608 2664 alterius
629 2631 768 2665 virtutis
803 2631 895 2666 sicut
923 2633 1096 2677 jejunare,
1126 2640 1162 2666 et
1191 2631 1454 2665 continentiam
1484 2643 1647 2666 servare:

82 2682 276 2728 quandoque
295 2694 382 2717 vero
406 2691 459 2718 est
479 2691 579 2717 actus
601 2683 786 2729 religionis
807 2684 899 2718 sicut
921 2684 1139 2718 sacrificium
1159 2683 1300 2726 offerre,
1323 2684 1380 2718 vel
1407 2696 1528 2718 orare:
1557 2692 1651 2719 utro-

89 2746 242 2781 rumque
259 2744 383 2770 tamen
405 2737 599 2783 promissio
621 2736 701 2771 Deo
722 2736 817 2771 facta
833 2737 876 2771 ad
892 2737 1106 2783 religionem
1119 2738 1282 2784 pertinet,
1309 2738 1448 2771 ratione
1465 2739 1540 2784 jam
1555 2738 1650 2772 dicta

83 2789 189 2835 (corp.
211 2791 313 2834 art.);
336 2790 430 2824 unde
452 2797 560 2836 patet,
587 2790 684 2836 quod
705 2799 876 2825 votorum
899 2791 1083 2836 quoddam
1109 2791 1262 2836 pertinet
1293 2791 1336 2824 ad
1355 2790 1571 2836 religionem
1598 2803 1650 2826 ra-

84 2841 184 2876 tione
205 2841 317 2876 solius
339 2843 589 2887 promissionis
614 2843 696 2878 Deo
722 2843 850 2886 factae,
877 2855 969 2890 quae
993 2852 1046 2878 est
1067 2844 1221 2878 essentia
1246 2844 1338 2886 voti;
1365 2844 1558 2891 quandoque
1587 2845 1648 2890 [al.

84 2894 265 2939 quoddam]
288 2895 398 2930 etiam
418 2897 557 2931 ratione
579 2896 632 2931 rei
651 2897 862 2943 promissae,
886 2908 977 2943 quae
1000 2904 1053 2930 est
1073 2897 1150 2931 voti
1171 2896 1333 2930 materia.
