1859 3122
437 178 656 213 QUAESTIO
692 177 838 207 LXVIII.
873 177 1115 207 ARTICULUS
1149 178 1204 207 IV.
1522 178 1602 220 505

51 270 167 295 torem
191 260 354 302 absolvit,
376 268 414 294 ut
435 260 562 295 dicitur
584 270 614 294 2.
638 272 670 307 q.
697 272 725 306 3.
749 263 859 307 (calm
883 260 1278 306 51?qucmpoanitmit);
1301 271 1375 293 non
1398 270 1484 305 crgo
1505 270 1607 294 accu-

51 323 158 356 sator,
181 314 240 360 qui
261 314 296 347 in
319 314 530 360 probatione
553 313 732 355 defecerit,
759 321 899 348 tenetur
921 314 962 348 ad
986 325 1141 360 poenam
1163 314 1318 348 talionis.

122 378 153 402 2.
176 368 410 402 PRAEI’EREA.
435 368 470 401 Si
494 379 610 414 poena
632 368 776 402 talionis
803 368 835 401 ci
866 367 925 413 qui
954 367 1082 412 injuste
1114 376 1269 409 accusat,
1302 367 1345 401 sit
1375 367 1605 413 injungenda,

50 423 120 457 hoc
141 423 204 456 erit
226 429 370 467 propter
392 422 557 466 injuriam
578 422 612 455 in
637 421 792 467 aliquem
820 421 1074 455 commissam:
1099 422 1158 455 scd
1178 433 1250 455 non
1271 430 1415 467 propter
1437 422 1601 465 injuriam

51 475 285 510 commissam
300 475 334 508 in
350 486 541 520 personam
559 475 736 517 accusati3
760 475 840 520 quia
857 474 905 508 sic
923 475 1088 520 princeps
1106 486 1178 508 non
1199 482 1319 520 posset
1338 475 1430 508 hanc
1449 485 1603 520 poenam

52 530 249 564 remittere:
273 540 338 563 nec
363 529 471 563 etiam
494 537 638 575 propter
660 528 827 573 injuriam
850 528 986 562 illatam
1010 529 1045 561 in
1068 529 1349 574 rempublicam,
1373 528 1453 573 quia
1476 528 1525 561 sic
1550 539 1606 560 ac-

52 591 194 616 cusatus
216 593 288 615 non
312 590 433 628 posset
455 594 537 616 eum
561 581 764 623 absolvere,
788 593 874 625 ergo
902 593 1019 626 poena
1046 581 1189 615 talionis
1216 593 1288 615 11011
1312 582 1458 615 debetur
1481 581 1523 621 ei,
1547 580 1605 626 qui

51 636 85 669 in
109 636 338 670 accusatione
366 635 544 669 defecerit.

125 701 152 735 3.
178 690 412 724 Pmursnnm.
430 689 555 723 Eidem
571 697 718 735 peccato
735 700 807 722 non
831 688 980 722 debetur
1001 687 1131 734 duplex
1153 699 1282 734 poena,
1305 687 1500 722 secundum
1519 687 1604 721 illud

50 743 196 776 Nahum
233 754 277 776 1.:
302 744 377 777 Nou
401 743 565 788 judicahil
591 744 680 776 Daus
703 744 748 776 ῥίς
772 744 803 776 iu
833 742 971 788 idipsum
986 755 994 776 .·
1018 742 1078 775 sed
1102 741 1159 775 ille
1183 742 1242 788 qui
1262 743 1296 775 in
1319 743 1531 787 probatione
1551 742 1607 775 dc-

51 796 134 838 ficit,
156 797 303 830 incurrit
324 808 480 842 poenam
504 796 684 837 infamiae,
708 807 815 842 quam
841 796 948 829 etiam
976 795 1073 841 Papa
1100 806 1173 828 non
1199 795 1340 829 videtur
1362 807 1466 841 posse
1490 795 1607 829 remit-

50 858 136 890 tere,
159 850 357 900 secundum
380 849 466 884 illud
491 849 627 884 Gelasii
649 850 768 894 Papae
793 849 841 892 (id
862 849 935 884 11111).
958 849 1112 883 Callistus
1138 849 1183 883 H.
1206 856 1253 896 ep.
1276 861 1306 884 2.
1329 856 1400 896 rap.
1415 862 1442 895 5.
1466 849 1605 889 Cuuril„

50 903 117 937 vid.
133 903 272 950 append.
295 903 392 938 Grut.
415 903 457 937 ad
471 910 539 950 cap.
554 916 563 938 :
580 903 811 949 Euphmuium‚
831 915 860 938 2.
877 915 906 948 q.
918 903 982 948 3.):
1009 915 1026 934 ‹<
1044 902 1277 948 Quamquam
1295 903 1432 936 animas
1450 914 1511 948 per
1525 913 1608 949 poe-

50 956 238 990 nitentiam
261 957 398 991 salvare
422 957 612 1002 possimus,
638 955 826 990 infamiam
853 964 975 990 tamen
998 956 1142 990 abolere
1164 967 1237 990 non
1260 967 1452 1002 possumus
1468 969 1508 999 ));
1530 967 1603 989 non

51 1022 137 1057 crgo
159 1019 301 1045 tenetur
323 1011 365 1045 ad
388 1022 543 1057 poenam
564 1010 719 1044 talionis.

121 1064 195 1098 SED
211 1075 364 1099 CONTRA
379 1073 442 1106 est,
462 1064 558 1110 quod
579 1064 782 1098 Hadrianus
800 1064 826 1098 Ι.
846 1064 943 1110 Papa
958 1064 1043 1098 dicit
1056 1066 1106 1109 (iu
1121 1064 1300 1111 capitulari
1318 1070 1389 1110 cup.
1405 1076 1455 1110 52.
1478 1063 1603 1099 Coucsl.

50 1124 79 1153 et
100 1119 174 1153 hub.
197 1125 268 1165 cap.
286 1131 315 1165 3.
338 1130 368 1153 2.
395 1130 424 1164 t]-
449 1118 518 1164 3.):
550 1118 658 1158 «Qui
684 1129 758 1152 non
785 1118 990 1165 probaverit
1017 1118 1113 1165 quod
1145 1118 1286 1164 objecit,
1313 1129 1469 1164 poenam
1497 1129 1604 1164 quam

50 1172 178 1214 intulit,
200 1172 275 1218 ipse
297 1172 492 1218 patiatur».

120 1226 348 1260 RESPONDEO
371 1226 576 1267 dicendum,
599 1225 695 1271 quod
717 1225 808 1259 sicut
829 1237 934 1272 supra
954 1226 1089 1260 dictum
1112 1233 1164 1260 est
1182 1223 1265 1271 (art.
1285 1237 1315 1260 2.
1331 1225 1398 1271 huj.
1419 1226 1478 1270 (J),
1505 1236 1607 1258 accu-

50 1287 147 1314 sator
170 1281 203 1313 in
228 1290 334 1314 causa
358 1279 599 1313 accusationis
623 1279 850 1313 constituitur
870 1291 963 1326 pars,
984 1279 1174 1314 intendens
1190 1279 1232 1312 ad
1253 1290 1408 1324 poenam
1428 1279 1604 1313 accusati:

52 1333 95 1366 ad
116 1333 274 1378 judicem
302 1340 422 1366 autem
449 1333 614 1378 pertinet,
648 1340 686 1366 ut
712 1333 803 1367 inter
833 1344 895 1367 eos
925 1333 1078 1378 justitiae
1111 1332 1364 1378 aequalitatem
1396 1333 1605 1367 constituat:

49 1386 203 1431 justitiae
227 1394 347 1420 autem
370 1386 567 1432 aequalitas
585 1387 657 1420 hoc
678 1387 835 1432 requirit,
859 1395 896 1420 ut
916 1395 1190 1428 nocumentum,
1213 1387 1309 1432 quod
1332 1386 1409 1432 quis
1432 1387 1532 1420 alteri
1560 1387 1607 1419 in-

49 1448 173 1483 tentat,
195 1442 269 1487 ipse
291 1441 456 1487 patiatur,
479 1441 680 1475 secundum
701 1440 788 1474 illud
811 1441 922 1476 Exod.
947 1451 1020 1474 21.:
1047 1441 1188 1476 Oculum
1203 1447 1267 1486 pro
1283 1441 1386 1482 oculo,
1409 1440 1604 1486 deutempro

50 1494 161 1535 deine,-
190 1502 223 1528 et
244 1494 325 1528 ideo
348 1495 481 1539 justum
504 1502 566 1536 est,
589 1502 627 1528 ut
647 1493 707 1528 ille
730 1494 789 1540 qui
811 1506 872 1540 per
888 1495 1156 1528 accusationem
1172 1493 1329 1539 aliquem
1351 1493 1385 1527 in
1405 1493 1603 1540 periculum

51 1548 168 1593 gravis
192 1559 331 1594 poenae
352 1547 500 1589 inducit,
523 1548 597 1593 ipse
620 1547 728 1581 etiam
752 1547 907 1581 similem
931 1559 1087 1593 poenam
1110 1547 1274 1593 patiatur.

121 1601 180 1635 AD
202 1612 351 1635 PRtMUM
372 1612 458 1646 ergo
481 1601 686 1643 dicendum,
707 1601 814 1646 quod,
837 1602 928 1635 sicut
949 1600 1074 1634 Philos
1097 1601 1182 1634 dicit
1202 1601 1237 1634 in
1264 1611 1291 1645 5.
1315 1600 1429 1634 Ethic.
1448 1600 1605 1646 (capy),

50 1654 85 1688 in
106 1654 238 1699 justitia
253 1665 327 1687 non
344 1665 485 1700 semper
500 1654 673 1700 competit
692 1660 938 1700 coutrupussum
955 1653 1180 1700 simpliciter:
1204 1654 1286 1699 quia
1309 1653 1463 1687 multum
1478 1653 1604 1694 differt,

0 1735 6 1745 ,
52 1719 96 1741 an
112 1707 239 1753 aliquis
254 1707 468 1749 voluntarie,
487 1707 543 1741 vel
560 1707 800 1741 involuntarie
820 1707 929 1741 alium
945 1707 1080 1741 laedat:
1099 1707 1305 1741 voluntario
1322 1715 1441 1740 autem
1461 1707 1607 1741 debetur

2 1792 5 1812 ὲ
51 1771 180 1806 poena,
202 1761 263 1794 sed
285 1760 529 1795 involuntario
554 1761 701 1794 debetur
719 1761 842 1803 venia;
865 1769 899 1794 et
922 1761 1001 1794 ideo
1024 1761 1168 1806 quando
1190 1761 1296 1806 judex
1319 1761 1530 1806 cognoverit
1549 1761 1609 1794 ali-

51 1824 158 1859 quem
182 1814 224 1847 de
247 1813 337 1847 falso
371 1825 572 1855 accusasse,
594 1825 667 1847 non
694 1814 879 1848 voluntate
902 1814 1068 1855 nocendi,
1099 1814 1159 1848 sed
1190 1813 1429 1848 involuntarie
1462 1823 1607 1860 propter

50 1866 293 1912 ignorantiam
315 1878 356 1900 ex
377 1867 470 1912 justo
494 1878 625 1908 errore,
648 1879 721 1901 non
743 1867 898 1913 imponit
919 1878 1075 1914 poenam
1097 1866 1254 1901 talionis.

121 1920 180 1954 AD
208 1930 413 1954 SECUNDUM
442 1920 646 1963 dicendum,
670 1920 766 1966 quod
794 1920 853 1954 ille
876 1921 935 1966 qui
963 1920 1057 1954 male
1085 1928 1240 1962 accusat,
1267 1928 1395 1966 peccat
1421 1928 1455 1954 et
1482 1928 1606 1954 contra

53 1984 245 2018 personam
261 1973 430 2015 accusati,
446 1981 480 2007 et
499 1982 623 2007 contra
639 1985 715 2008 rem
731 1974 932 2019 publicam;
956 1974 1049 2007 unde
1072 1982 1217 2020 propter
1239 1982 1430 2020 utrumque
1446 1974 1605 2019 punitur:

53 2033 87 2060 ct
105 2026 176 2060 hoc
199 2033 252 2060 est
272 2026 368 2072 quod
391 2026 519 2060 dicitur
540 2027 646 2060 Deut.
674 2038 744 2074 tq:
779 2027 926 2073 Cumque
952 2027 1194 2072 diligentissime
1215 2032 1455 2073 perscrutantes
1478 2029 1606 2062 inmus-

53 2080 130 2121 rint,
155 2079 276 2124 falsum
296 2084 399 2114 testem
415 2080 530 2114 dixisse
552 2085 667 2114 contra
681 2081 827 2126 fratrem
850 2093 943 2114 suum
962 2080 1181 2122 mendacium,
1206 2080 1340 2114 reddent
1357 2082 1388 2114 εἰ
1408 2081 1608 2126 si'rutsi‘uli·i

52 2143 107 2166 suo
119 2133 233 2178 jacere
255 2134 425 2178 cogitavit,
447 2133 543 2179 quod
565 2134 718 2179 pertinet
741 2134 782 2167 ad
805 2134 971 2179 injuriam
995 2144 1190 2179 personae:
1213 2142 1248 2167 et
1268 2141 1404 2179 postea,
1433 2142 1604 2180 quantum

5 2200 9 2213 1
54 2186 96 2219 ad
117 2186 284 2231 injuriam
306 2186 357 2220 rei
371 2186 546 2232 publicae,
561 2187 739 2221 subditur:
763 2188 804 2222 Et
826 2188 954 2233 auferes
976 2187 1099 2220 rutilum
1123 2187 1158 2221 de
1179 2187 1283 2221 madio
1307 2188 1368 2229 tui,
1389 2192 1423 2221 ut
1445 2187 1607 2221 rusilienses

54 2241 170 2273 caeteri
196 2241 346 2273 timorem
374 2240 526 2281 habeant,
554 2245 583 2274 et
608 2251 815 2286 nequaquam
839 2241 919 2275 tulin
947 2241 1235 2286 czztdcuutsacere:
1262 2240 1464 2286 specialiter
1485 2248 1606 2274 tamen

8 2299 10 2309 ⁴
53 2303 226 2338 personae
249 2292 407 2326 accusati
428 2292 513 2327 facit
534 2293 713 2338 injuriam,
736 2294 765 2328 si
787 2294 830 2328 de
846 2293 937 2328 falso
958 2301 1121 2336 accuset3
1144 2301 1177 2327 et
1195 2294 1277 2327 ideo
1297 2302 1494 2335 accusatus,
1515 2294 1542 2327 si
1562 2294 1609 2326 in-

53 2355 188 2379 nocens
209 2344 326 2387 fuerit,
348 2353 467 2391 potest
488 2346 521 2380 ei
543 2346 709 2391 injuriam
733 2358 836 2381 suam
856 2347 1058 2389 remittere3
1080 2347 1237 2380 maxime
1252 2347 1281 2381 si
1295 2358 1367 2380 non
1385 2347 1607 2381 calumniose

10 2405 11 2409 ’
55 2399 285 2440 accusaverit,
312 2398 374 2432 sed
397 2410 438 2432 ex
461 2399 571 2433 animi
593 2399 756 2442 levitate3
784 2400 813 2434 si
839 2411 925 2434 vero
954 2401 995 2434 ab
1024 2400 1255 2434 accusatione
1278 2401 1440 2434 nocentis
1462 2400 1608 2434 desistat

11 2473 12 2477 =
54 2458 198 2497 propter
221 2451 378 2497 aliquam
403 2451 643 2486 collusionem
672 2464 755 2486 cum
777 2453 995 2495 adversario,
1011 2452 1095 2487 facit
1111 2453 1277 2498 injuriam
1300 2453 1349 2487 rei
1365 2453 1547 2498 publicam
1576 2461 1608 2486 et

53 2502 124 2537 hoc
146 2515 220 2537 non
241 2512 359 2550 potest
381 2505 412 2538 ei
433 2505 567 2539 remitti
590 2506 631 2539 ab
655 2517 710 2547 eo,
734 2507 793 2552 qui
816 2514 1016 2548 accusatur,
1032 2506 1092 2540 sed
1111 2514 1229 2552 potest
1248 2507 1279 2540 ei
1298 2507 1428 2540 remitti
1444 2517 1505 2551 per
1518 2505 1609 2551 priu-

12 2587 14 2590 .
56 2555 184 2601 cipem,
206 2557 267 2602 qui
289 2568 413 2590 curam
434 2558 486 2591 rei
504 2558 667 2603 publicae
690 2560 790 2604 gerit.

7 2605 9 2610 ¹
125 2609 184 2643 AD
212 2619 382 2644 TERTIUM
410 2610 615 2653 dicendum,
638 2612 734 2657 quod
757 2623 912 2658 poenam
938 2612 1084 2646 talionis
1112 2620 1268 2646 meretur
1289 2619 1478 2645 accusator
1499 2612 1531 2644 in
1560 2622 1610 2644 re-

14 2682 15 2712 3
57 2662 394 2707 compensationem
415 2664 637 2705 nocumenti,
661 2665 756 2710 quod
787 2667 954 2710 proximo
988 2665 1117 2699 inferre
1143 2666 1310 2698 intentat:
1332 2664 1393 2698 sed
1418 2675 1533 2708 poena
1560 2663 1609 2697 in-

56 2712 186 2747 famiae
209 2715 241 2748 ei
262 2715 411 2749 debetur
432 2725 578 2762 propter
599 2717 787 2759 malitiam,
810 2730 851 2752 ex
874 2730 942 2764 qua
967 2718 1189 2751 calumniose
1218 2717 1327 2750 alium
1351 2717 1552 2750 accusavit:
1576 2724 1610 2751 et

14 2761 16 2772 '
58 2767 272 2813 quandoque
295 2768 440 2813 quidem
462 2771 627 2816 princeps
649 2771 797 2804 remittit
815 2782 984 2816 poenam,
1008 2779 1042 2805 et
1063 2782 1136 2804 non
1156 2769 1275 2803 abolet
1289 2769 1486 2811 infamiam,
1503 2781 1611 2815 quan-

58 2819 175 2865 doque
196 2828 317 2854 autem
339 2821 447 2855 etiam
469 2822 654 2856 infamiam
684 2823 821 2865 abolet3
844 2824 937 2857 unde
964 2832 998 2858 et
1024 2824 1121 2869 Papa
1151 2831 1269 2868 potest
1297 2822 1505 2867 hujusmodi
1527 2822 1612 2856 infa-

12 2870 17 2894 ’Ξ
59 2872 171 2906 miam
192 2873 355 2917 abolere3
378 2882 413 2908 et
434 2875 531 2920 quod
554 2875 638 2910 dicit
659 2876 757 2921 Papa
778 2876 962 2911 Gelasius:
986 2877 1168 2922 Infamiam
1196 2876 1321 2910 abolere
1340 2887 1404 2909 nou
1426 2881 1609 2922 possumus,
