1859 3122
242 192 351 234 1118
636 203 857 239 QUAESTIO
891 203 1052 234 CLXXII.
1086 203 1330 233 ARTICULUS
1362 204 1402 233 V.

801 371 1147 417 ARTICULUS
1174 373 1230 416 V.
1724 385 1792 420 822

470 478 622 509 UTRUM
649 479 815 515 ALIQUA
842 480 1090 510 PROPHETIA
1111 481 1178 510 SIT
1205 482 1232 510 A
1258 480 1555 511 DAEMONIBUS.

728 565 821 610 (Lib.
845 577 873 613 3.
901 565 1018 600 Contr.
1048 578 1075 600 σ.
1102 572 1173 613 cap.
1200 566 1295 619 154).

1044 596 1061 612 ὸ

302 653 363 688 AD
386 664 566 693 QUINTUM
588 655 639 689 sic
660 656 877 702 proceditur.
900 656 1061 699 Videtur,
1084 657 1180 703 quod
1206 656 1306 691 nulla
1331 656 1522 703 prophetia
1543 656 1588 691 sit
1609 667 1629 690 a
1649 656 1795 691 daemo-

231 706 354 741 nibus:
373 708 552 754 Prophetia
567 709 663 742 enim
683 715 725 744 est
743 710 859 744 divina
872 711 1042 752 revelatio,
1059 719 1097 745 ut
1116 710 1357 745 Cassiodorus
1379 711 1465 744 dicit
1480 710 1530 754 (in
1545 710 1634 756 prol.
1648 716 1717 756 sup.
1739 711 1793 745 Ps.

232 766 304 807 cap.
323 761 383 806 1.);
400 762 462 796 sed
476 762 563 796 illud
579 763 675 809 quod
697 763 736 798 fit
757 775 777 797 a
799 764 989 806 daemone,
1011 775 1085 798 non
1107 772 1160 799 est
1181 765 1362 807 divinum;
1384 775 1471 810 ergo
1493 763 1591 798 nulla
1604 763 1794 810 prophetia

232 820 351 860 potest
372 826 450 849 esse
472 827 492 849 a
514 815 704 850 daemone.

303 877 334 902 2.
363 868 599 904 PRAETEREA.
627 870 684 904 Ad
710 870 962 916 propheticam
985 871 1235 916 cognitionem
1262 871 1454 917 requiritur
1475 870 1595 917 aliqua
1615 870 1795 905 illumina-

231 921 294 963 tio,
315 929 354 955 ut
374 933 481 967 supra
503 923 638 957 dictum
655 932 707 958 est
725 924 771 970 (q.
785 931 897 970 praes.
916 930 981 960 art.
1000 926 1063 970 2.):
1086 925 1148 959 sed
1167 925 1364 959 daemones
1379 936 1454 959 non
1471 924 1678 959 illuminant
1693 924 1795 959 intel-

231 974 367 1009 lectum
388 975 602 1019 humanum,
625 985 663 1011 ut
683 988 789 1023 supra
811 978 949 1012 dictum
971 987 1023 1012 est
1043 979 1080 1012 in
1106 990 1133 1013 1.
1159 978 1203 1024 (q.
1225 990 1300 1024 109.
1323 980 1458 1024 art.3.);
1483 988 1569 1024 ergo
1590 977 1690 1012 nulla
1711 989 1793 1024 pro-

231 1028 352 1074 phetia
374 1037 492 1075 potest
514 1041 591 1064 esse
614 1042 633 1064 a
656 1031 904 1065 daemonibus.

305 1093 334 1128 3.
364 1082 600 1118 PRAETEREA.
628 1084 714 1118 Non
743 1093 836 1118 esset
865 1084 991 1119 efficax
1022 1086 1177 1131 signum,
1205 1085 1301 1131 quod
1331 1085 1441 1119 etiam
1472 1084 1515 1118 ad
1545 1085 1726 1119 contraria
1755 1095 1792 1120 se

230 1135 357 1178 habet3
373 1137 435 1170 sed
449 1137 636 1182 prophetia
649 1146 702 1172 est
713 1138 857 1182 signum
873 1138 1160 1173 confirmationis
1175 1139 1274 1181 fidei3
1287 1138 1382 1172 unde
1391 1149 1498 1184 super
1511 1137 1599 1172 illud
1609 1139 1716 1172 Rom.
1729 1148 1792 1172 12.:

230 1190 305 1224 Siva
323 1191 537 1236 prophetiam.
558 1191 733 1225 secundnm
756 1192 1021 1237 rationanzfidci,
1040 1192 1127 1226 dicit
1145 1192 1247 1226 Glos.
1269 1192 1354 1235 (ord.
1374 1193 1528 1226 Ambros.
1547 1193 1582 1225 in
1599 1192 1684 1226 hunc
1698 1192 1792 1236 ἶσα).-

233 1255 250 1274 «
273 1242 381 1284 Nota,
404 1244 499 1289 quod
523 1244 558 1277 in
580 1245 832 1278 numeratione
852 1246 1049 1289 gratiarum
1072 1257 1091 1279 a
1113 1245 1302 1291 prophetia
1324 1245 1459 1291 incipit,
1482 1256 1573 1291 quae
1600 1253 1652 1279 est
1677 1245 1794 1291 prima

230 1297 407 1342 probatio,
430 1297 526 1343 quod
547 1297 635 1332 fides
657 1306 779 1332 nostra
791 1298 835 1332 sit
853 1299 1086 1340 rationabilis,
1104 1299 1186 1344 quia
1209 1299 1396 1332 credentes
1412 1306 1561 1344 accepto
1577 1298 1702 1344 spiritu
1715 1309 1796 1345 pro-

231 1350 427 1396 phetabant
448 1364 481 1392 »ς
500 1363 573 1385 non
597 1363 683 1397 ergo
705 1353 895 1398 prophetia
918 1363 936 1385 a
959 1353 1196 1386 daemonibus
1219 1352 1295 1385 dari
1313 1359 1440 1397 potest.

303 1404 377 1438 SED
399 1415 553 1439 CONTRA
569 1414 631 1446 est,
648 1406 744 1450 quod
767 1406 896 1439 dicitur
918 1417 945 1449 3.
962 1406 1049 1449 Reg.
1076 1406 1147 1439 18.:
1167 1406 1337 1450 Confi-ega
1351 1405 1393 1438 ad
1411 1417 1461 1439 me
1478 1406 1670 1439 universum
1688 1405 1793 1439 Israel

232 1459 265 1491 in.
279 1463 389 1492 mont«)
414 1459 570 1499 Carmeli,
594 1464 621 1492 et
644 1459 824 1504 Prophetas
842 1459 925 1492 Βααῖ
947 1459 1198 1504 quadringentos
1216 1460 1470 1504 quinquaginta,
1486 1459 1726 1504 Prophetasque
1748 1459 1795 1493 lu-

231 1523 344 1545 corum
364 1512 630 1557 quadringentos:
653 1513 709 1557 qui
729 1512 901 1546 sontedzmt
921 1512 958 1546 da
973 1523 1080 1546 mensa
1094 1513 1236 1556 Jazalval:
1257 1512 1318 1546 sed
1340 1511 1430 1546 tales
1452 1520 1553 1546 erant
1571 1512 1792 1546 daemonum

233 1564 406 1607 cultores;
430 1576 517 1610 ergo
539 1565 689 1606 videtur,
713 1565 809 1610 quod
832 1565 940 1599 etiarn
961 1577 979 1598 a
1002 1566 1240 1599 daemonibus
1263 1566 1307 1599 sit
1329 1565 1448 1611 aliqua
1470 1565 1670 1611 prophetia.

302 1618 531 1653 RESPONDEO
555 1618 760 1660 dicendum,
783 1619 891 1664 quod,
914 1619 1006 1653 sicut
1028 1630 1134 1665 supra
1149 1619 1285 1652 dictum
1300 1626 1353 1653 est
1376 1620 1544 1664 (q.praec.
1559 1623 1624 1653 art.
1642 1619 1701 1664 L),
1715 1629 1794 1664 pro-

230 1672 530 1719 phetiaimportat
541 1673 790 1718 cognitionem
802 1673 997 1718 quamdam
1009 1672 1136 1718 procul
1147 1673 1359 1707 existentem
1370 1683 1389 1706 a
1401 1672 1610 1717 cognitione
1620 1672 1792 1706 humana:

230 1725 462 1760 manifestum
485 1735 538 1761 est
559 1735 691 1768 autem,
711 1727 807 1772 quod
829 1726 1033 1760 intellectus
1055 1726 1248 1772 superioris
1270 1726 1405 1760 ordinis
1428 1725 1548 1771 aliqua
1570 1736 1794 1771 cognoscere

229 1789 358 1826 potest,
380 1792 471 1826 quae
494 1788 575 1814 sunt
589 1789 730 1814 remota
745 1792 764 1813 a
781 1780 989 1825 cognitione
1012 1780 1217 1814 intellectus
1230 1779 1426 1814 inferioris:
1442 1790 1549 1824 supra
1568 1778 1792 1813 intellectum

231 1843 351 1868 autem
366 1835 568 1868 humanum
583 1842 637 1868 est
650 1845 723 1868 non
738 1833 857 1867 solum
875 1833 1079 1867 intellectus
1095 1834 1246 1875 divinus,
1265 1833 1327 1867 sed
1342 1833 1451 1867 etiarn
1469 1832 1672 1866 intellectus
1687 1843 1804 1878 ange-x

229 1888 349 1922 lorum
369 1888 562 1930 bonorum,
586 1896 620 1922 et
641 1887 823 1921 malorum
845 1888 1045 1921 secundum
1070 1895 1219 1921 naturae
1247 1887 1430 1929 ordinem;
1453 1894 1488 1920 et
1508 1886 1590 1920 ideo
1613 1885 1793 1932 quaedam

230 1950 458 1987 cognoscunt
483 1941 681 1975 daemones
704 1941 812 1974 etiam
833 1952 899 1975 sua
924 1940 1079 1975 naturali
1107 1941 1327 1985 cognitione,
1355 1951 1446 1986 quae
1475 1947 1558 1974 sunt
1581 1947 1723 1973 remota
1749 1938 1792 1972 ab

229 1995 423 2029 hominum
450 1995 670 2040 cognitione,
697 2006 788 2040 quae
815 2003 966 2040 possunt
984 1995 1193 2028 hominibus
1219 1993 1398 2028 revelare:
1428 1992 1640 2039 simpliciter
1658 2000 1791 2034 autem,

231 2056 266 2082 et
286 2049 443 2082 maxime
461 2056 601 2082 remota
622 2056 715 2089 sunt,
743 2059 833 2093 quae
856 2048 954 2082 solus
976 2048 1075 2082 Deus
1099 2048 1305 2093 cognoscit;
1334 2055 1368 2081 et
1393 2047 1476 2081 ideo
1503 2046 1694 2092 prophetia
1714 2057 1795 2092 pro-

230 2102 316 2147 prie,
340 2110 375 2136 et
395 2102 605 2148 simpliciter
631 2102 725 2135 dicta
748 2101 785 2135 fit
806 2113 869 2147 per
890 2102 1007 2136 solam
1029 2102 1189 2135 divinam
1211 2100 1489 2135 revelationem:
1512 2100 1574 2134 sed
1594 2100 1671 2145 ipsa
1693 2110 1794 2133 reve—

230 2155 316 2189 latio
343 2154 437 2189 facta
464 2167 526 2201 per
553 2155 749 2189 daemones
782 2163 900 2200 potest
929 2155 1129 2189 secundum
1157 2155 1241 2200 quid
1269 2154 1339 2188 dici
1365 2153 1571 2200 prophetia3
1605 2153 1699 2186 unde
1727 2151 1791 2194 illi,

230 2209 357 2254 quibus
376 2208 509 2254 aliquid
532 2220 594 2254 per
615 2209 811 2242 daemones
827 2208 1015 2250 revelatur,
1034 2219 1108 2242 non
1127 2209 1294 2242 dicuntur
1314 2208 1350 2240 in
1373 2206 1565 2252 Scripturis
1587 2206 1791 2251 Prophetae

231 2262 454 2307 simpliciter,
476 2262 537 2296 sed
560 2273 643 2295 cum
667 2262 785 2307 aliqua
805 2262 1005 2296 additione:
1041 2269 1125 2308 puta
1148 2261 1429 2307 Proplaatwjkzlsi,
1451 2259 1509 2293 vel
1531 2259 1711 2305 Prophetae
1725 2258 1793 2292 ido-

230 2315 352 2356 lorum&
375 2315 470 2349 unde
492 2315 644 2361 August.
671 2325 722 2348 12.
742 2327 848 2360 super
872 2315 962 2349 Gen.
987 2315 1030 2348 ad
1051 2315 1101 2349 lit.
1125 2316 1214 2360 (cup.
1237 2316 1320 2360 19.):
1346 2327 1363 2345 «
1387 2313 1483 2348 Cum
1505 2312 1622 2346 malus
1647 2312 1791 2358 spiritus

231 2369 353 2414 arripit
372 2369 563 2403 hominem
586 2369 621 2402 in
644 2368 747 2409 haec,
769 2368 887 2402 scilicet
908 2370 993 2410 msa,
1017 2377 1078 2402 aut
1099 2368 1358 2402 daemoniacos
1379 2366 1475 2409 facit,
1497 2374 1558 2400 aut
1579 2365 1791 2411 arreptitios,

231 2430 290 2456 aut
310 2422 420 2456 falsos
442 2422 642 2468 Prophetas
663 2435 694 2456 ».

300 2476 360 2510 AD
379 2486 528 2510 PRIMUM
551 2486 637 2521 ergo
660 2475 865 2517 dicendum,
885 2474 980 2520 quod
1004 2474 1245 2509 Cassiodorus
1266 2474 1315 2508 ibi
1335 2473 1457 2507 definit
1471 2472 1700 2519 prophetiam
1714 2483 1792 2517 pro-

229 2530 315 2576 prie,
339 2538 373 2563 et
394 2529 604 2574 simpliciter
626 2529 770 2562 dictam.

300 2583 359 2617 AD
382 2593 589 2617 sECUNDcM
608 2582 813 2622 dicendum,
837 2581 933 2627 quod
955 2581 1152 2615 daemones
1171 2593 1213 2616 ea
1232 2593 1323 2627 quae
1345 2581 1473 2622 sciunt,
1494 2579 1704 2613 hominibus
1718 2589 1793 2612 ma-

228 2635 408 2677 nifestant,
430 2647 503 2670 non
531 2635 676 2682 quidem
698 2646 759 2681 per
782 2634 1088 2668 illuminationem
1109 2634 1324 2676 intellectus,
1347 2634 1408 2668 sed
1434 2645 1497 2680 per
1523 2632 1682 2678 aliquam
1703 2631 1791 2665 ima-

230 2690 406 2735 ginariam
425 2690 616 2731 visionem,
632 2697 693 2723 aut
711 2689 819 2723 etiarn
842 2688 1055 2722 sensibiliter
1075 2688 1338 2734 colloquend03
1361 2696 1396 2721 et
1416 2687 1452 2721 in
1473 2687 1545 2720 hoc
1563 2685 1681 2720 deficit
1697 2685 1789 2719 haec

230 2743 418 2789 prophetia
441 2755 460 2776 a
483 2755 577 2777 vera.

301 2798 360 2831 AD
381 2807 551 2831 TERTiuM
574 2796 779 2838 dicendum,
802 2795 898 2842 quod
921 2795 1096 2840 aliquibus
1118 2795 1228 2840 signis
1251 2795 1360 2829 etiam
1382 2794 1614 2829 exterioribus
1636 2791 1790 2826 discerni

231 2859 348 2896 potest
361 2850 549 2896 prophetia
564 2850 785 2884 daemonum
801 2861 819 2882 a
834 2848 1021 2895 prophetia
1033 2848 1172 2890 divina3
1193 2849 1286 2882 unde
1301 2848 1386 2882 dicit
1398 2848 1526 2893 Chrys.
1542 2857 1647 2892 super
1660 2845 1788 2879 Matth.

232 2903 335 2947 (hom.
355 2915 405 2948 19.
428 2905 460 2936 in
483 2910 533 2948 op.
556 2903 700 2949 imperf.)
725 2903 820 2948 quod
846 2914 863 2934 «
882 2902 1026 2948 quidam
1055 2901 1270 2947 prophetant
1290 2901 1327 2934 in
1348 2901 1471 2946 spiritu
1498 2898 1642 2941 diaboli,
1665 2898 1788 2944 quales
