1859 3122
430 193 652 229 QUAESTIO
688 191 866 222 cxxvm.
899 191 1143 221 ART1CULUS
1177 189 1352 220 UNICUS.
1589 176 1668 232 863

113 274 472 309 communicabilium
496 285 647 320 operum
671 286 713 316 »;
735 282 770 308 et
791 273 840 307 sic
864 280 971 319 patet,
994 272 1089 318 quod
1113 283 1240 306 omnes
1262 271 1472 317 hujusmodi
1493 279 1609 317 partes
1632 269 1674 304 ad

113 335 265 374 quatuor
286 326 500 373 principales
523 327 750 368 reducuntur,
773 337 862 372 quas
884 325 1026 360 Tullius
1050 326 1161 371 ponit.

182 381 242 415 AD
265 391 456 415 summum
478 380 684 421 dicendum,
716 380 811 426 quod
834 379 894 413 illa
917 379 1086 424 quinque,
1110 390 1201 424 quae
1225 378 1326 424 ponit
1347 377 1572 419 Aristoteles,
1595 376 1677 411 defi-

114 433 212 468 ciunt
234 445 253 467 a
274 445 358 468 vera
381 433 519 467 ratione
541 433 699 468 virtutis:
722 433 805 479 quia
833 433 898 467 etsi
923 432 1143 466 conveniant
1168 432 1204 466 in
1227 441 1308 466 actu
1330 431 1559 473 fortitudinis,
1582 429 1679 465 diffe-

113 495 194 521 runt
215 495 337 522 tamen
358 487 394 520 in
417 487 568 528 motivo,
591 496 628 521 ut
649 498 755 533 supra
773 486 936 520 habitum
955 494 1007 520 est
1028 485 1072 531 (q.
1088 497 1154 532 123.
1176 491 1240 520 art.
1267 498 1294 520 ι.
1314 485 1433 530 ad2.);
1451 493 1485 519 et
1502 485 1583 519 ideo
1601 495 1676 519 non

113 548 294 588 ponuntur
315 549 432 587 partes
450 539 678 583 fortitudinis,
698 541 758 574 sed
777 539 923 586 quidam
946 538 1163 574 fortitudinis
1185 539 1296 573 modi.

578 862 932 923 QUAESTIO
975 863 1215 910 CXXIX.

258 986 321 1017 DE
360 986 780 1025 MAGNANIMITATE,
824 986 875 1017 IN
909 986 1031 1017 OCTO
1064 986 1326 1018 ARTICULOS
1358 986 1533 1017 DIVISA.

185 1125 327 1160 Deinde
341 1126 645 1160 considerandum
665 1134 718 1161 est
732 1126 775 1160 de
789 1125 939 1171 singulis
957 1125 1175 1160 fortitudinis
1194 1125 1364 1172 partibus,
1379 1125 1427 1160 ita
1441 1133 1564 1159 tamen
1583 1123 1680 1170 quod

117 1179 180 1212 sub
203 1187 357 1225 quatuor
381 1179 648 1225 principalibus,
680 1191 768 1226 quas
796 1179 938 1214 Tullius
967 1180 1079 1226 ponit,
1108 1179 1195 1213 alias
1222 1179 1588 1226 comprehendamus,
1614 1177 1684 1211 nisi

117 1233 214 1277 quod
236 1233 585 1278 magnanimitatem,
608 1233 651 1267 de
673 1244 743 1279 qua
766 1233 875 1267 etiam
898 1233 1112 1268 Aristoteles
1133 1241 1273 1275 tractat,
1295 1233 1380 1267 loco
1403 1232 1555 1266 fiduciae
1576 1241 1684 1277 pone-

117 1287 348 1332 mus;primo
372 1297 458 1332 ergo
482 1286 785 1321 considerandum
808 1287 874 1321 erit
896 1288 938 1321 de
961 1287 1280 1332 magnanimitate3
1302 1286 1450 1327 secundo,
1479 1285 1521 1319 de
1548 1285 1685 1330 magni·

116 1337 281 1381 ficentia;
304 1341 409 1380 tertio,
433 1339 476 1373 de
498 1340 692 1386 patientia;
715 1345 846 1385 quarto,
877 1340 919 1374 de
947 1340 1231 1386 perseverantia3
1263 1340 1359 1373 circa
1386 1339 1545 1384 primum
1570 1339 1684 1384 primo

118 1392 421 1426 considerandum
443 1401 496 1427 est
517 1393 560 1427 de
582 1393 900 1438 magnanimitate:
922 1393 1058 1428 secundo
1078 1393 1121 1427 de
1142 1393 1238 1427 vitiis
1260 1393 1446 1439 oppositis.

601 1482 702 1517 Circa
717 1484 869 1528 primum
891 1487 1098 1528 quaeruntur
1119 1487 1202 1516 octo.

189 1553 325 1587 Primo.
348 1553 481 1587 Utrum
502 1554 783 1599 magnanimitas
807 1554 850 1588 sit
874 1554 968 1588 circa
990 1554 1163 1587 honores.

191 1606 372 1640 Secundo.
396 1606 528 1641 Utrum
549 1607 830 1652 magnanimitas
849 1607 893 1641 sit
913 1606 1034 1641 solurn
1054 1607 1148 1640 circa
1170 1617 1325 1652 magnos
1346 1605 1517 1639 honores.

191 1658 481 1693 Tertio.·Utrum
503 1660 547 1693 sit
563 1660 686 1694 virtus.

193 1712 346 1753 Quarto.
370 1713 503 1747 Utrum
524 1713 569 1747 sit
587 1714 698 1747 virtus
721 1713 900 1759 specialis.

194 1766 345 1807 Quinto.
368 1766 500 1800 Utrum
521 1767 566 1800 sit
587 1778 668 1812 pars
689 1766 917 1801 fortitudinis.

193 1819 316 1853 Sexto.
341 1818 542 1860 Quomodo
564 1830 601 1853 se
623 1819 753 1853 habeat
776 1820 819 1853 ad
841 1820 1024 1854 fiduciam.

194 1872 370 1918 Septimo.
395 1872 595 1913 Quomodo
617 1884 655 1907 se
676 1873 807 1907 habeat
830 1873 873 1906 ad
896 1873 1136 1907 securitatem.

194 1926 350 1961 Octavo.
375 1925 577 1966 Quomodo
596 1937 634 1960 se
651 1926 782 1960 habeat
804 1926 848 1960 ad
870 1926 965 1960 bona
987 1925 1164 1960 fortunae.

703 2067 1049 2112 ARTICULUS
1085 2068 1117 2110 1.
1616 2076 1682 2123 643

401 2175 554 2205 UTRUM
580 2176 911 2206 MAGNANIMITAS
940 2177 1007 2206 SIT
1036 2176 1165 2206 CIRCA
1193 2175 1412 2206 HONORES.

264 2262 378 2308 (Supr.
401 2274 431 2308 q.
453 2263 507 2297 28.
529 2268 557 2297 et
577 2263 656 2309 infr.
669 2265 835 2310 praesenti
856 2276 885 2309 q.
909 2269 972 2298 art.
995 2275 1027 2308 4.
1047 2269 1075 2298 et
1095 2264 1126 2299 8.
1146 2269 1175 2298 et
1192 2275 1223 2309 q.
1243 2275 1304 2309 131.
1329 2268 1393 2298 art.
1412 2274 1443 2297 2.
1466 2268 1554 2308 corp.

126 2321 156 2351 et
177 2327 204 2361 3.
232 2317 320 2351 Dist.
346 2315 402 2351 26.
429 2327 458 2361 q.
485 2327 514 2350 2.
542 2321 605 2350 art.
631 2328 662 2351 2.
691 2317 732 2351 ad
757 2328 790 2362 4.
817 2323 845 2352 et
870 2318 959 2352 Dist.
982 2329 1027 2364 33.
1055 2329 1084 2363 q.
1107 2329 1136 2364 3.
1163 2322 1228 2352 art.
1251 2329 1279 2363 3.
1307 2328 1337 2362 q.
1364 2329 1391 2351 1.
1419 2322 1507 2362 corp.
1535 2320 1562 2350 et
1588 2315 1630 2349 ad
1655 2326 1686 2350 2.

609 2374 637 2404 et
662 2371 751 2405 Dist.
769 2382 821 2416 34.
843 2382 872 2416 q.
895 2383 922 2406 Ι.
944 2375 1008 2405 art.
1029 2382 1061 2405 2.
1083 2372 1201 2416 corp).

197 2456 257 2490 AD
279 2466 428 2491 PRIMUM
450 2456 500 2490 sic
522 2457 737 2502 proceditur.
759 2458 922 2500 Videtur,
941 2458 1036 2504 quod
1055 2457 1337 2504 magnanimitas
1359 2468 1433 2490 non
1455 2456 1499 2490 sit
1514 2456 1608 2489 circa
1627 2456 1689 2490 ho-

127 2519 249 2544 nores:
272 2509 553 2555 magnanimitas
575 2510 671 2544 enim
693 2519 746 2545 est
766 2511 802 2544 in
823 2511 1012 2545 irascibili:
1036 2511 1132 2557 quod
1152 2523 1194 2545 ex
1215 2513 1293 2556 ipso
1309 2511 1458 2544 nomine
1472 2517 1587 2554 patet:
1602 2520 1689 2543 nam

127 2564 382 2608 magnanimitas
404 2562 532 2596 dicitur
553 2563 654 2608 quasi
675 2564 863 2610 magnitudo
885 2566 1013 2599 animi:
1045 2565 1187 2598 animus
1217 2571 1338 2598 autem
1364 2574 1429 2608 pro
1459 2563 1495 2595 vi
1520 2562 1690 2596 irascibili

126 2616 282 2662 ponitur,
305 2623 343 2649 ut
363 2623 460 2661 patet
480 2615 516 2648 in
542 2627 571 2661 3.
593 2616 635 2649 de
657 2613 791 2650 Anima
809 2617 986 2662 (tax.42.),
1006 2617 1067 2651 ubi
1087 2617 1302 2662 Philosoph.
1325 2616 1421 2657 dicit,
1444 2616 1540 2661 quod
1563 2616 1599 2649 in
1623 2627 1690 2650 sen-

123 2669 223 2703 'sitivo
242 2670 389 2714 appetita
409 2673 452 2702 est
472 2668 680 2712 desiderium,
701 2675 729 2704 et
749 2672 891 2712 animas,
914 2671 1022 2705 idest:
1046 2670 1315 2716 εοηῐιιρῐςσῐὺῐῖῐς,
1345 2677 1379 2702 et
1405 2669 1600 2703 irascibilis:
1627 2669 1689 2703 sed

127 2721 248 2755 honor
269 2729 323 2756 est
343 2721 527 2767 quoddam
548 2721 685 2756 bonum
708 2724 1002 2769 concupiscibile,
1025 2735 1108 2757 cum
1131 2723 1175 2757 sit
1195 2722 1399 2768 praemium
1419 2721 1579 2764 virtutis3
1602 2733 1690 2768 ergo

128 2774 282 2816 videtur,
301 2774 397 2820 quod
415 2775 694 2820 magnanimitas
716 2787 790 2810 non
813 2777 857 2810 sit
878 2777 973 2810 circa
995 2777 1166 2810 honores.

201 2838 231 2861 2.
244 2828 479 2862 PRAETEREA.
496 2828 788 2873 Magnanimitas,
809 2841 891 2863 cum
905 2830 949 2864 sit
963 2830 1073 2863 virtus
1089 2827 1249 2870 moralis,
1264 2835 1407 2874 oportet
1425 2827 1522 2873 quod
1537 2827 1581 2861 sit
1595 2828 1690 2863 circa

130 2881 326 2927 passiones,
344 2880 403 2915 vel
423 2881 671 2927 operationes:
693 2893 768 2916 non
791 2890 911 2917 autem
934 2891 986 2918 est
1012 2882 1107 2916 circa
1138 2881 1383 2928 operatione53
1411 2880 1495 2926 quia
1522 2882 1570 2915 sic
1599 2890 1692 2916 esset
