1859 3122
500 161 720 198 QUAESTIO
754 160 841 190 XIX.
875 159 1118 191 ARTICULUS
1151 159 1192 190 X.
1542 158 1619 200 159

143 257 170 292 3.
194 246 427 280 PRAE‘rfflzffl.
451 244 567 278 Amor
581 243 752 290 importat
767 242 959 284 unionem3
982 242 1091 276 timor
1113 249 1233 275 autem
1255 239 1536 286 separationem:
1560 239 1621 273 scd

68 306 251 334 crescente
273 298 406 332 unione
428 297 638 331 diminuitur
664 297 861 343 separati03
889 307 977 341 ergo
1005 303 1187 330 crescente
1214 305 1338 329 amore
1367 292 1550 328 charitatis
1576 292 1624 326 di·

68 353 239 387 minuitur
259 352 378 386 timor.

139 406 214 441 SED
241 416 396 441 CONTRA
423 413 486 447 est,
513 404 608 451 quod
637 404 721 438 dicit
743 403 837 449 Aug.
860 403 895 436 in
918 403 976 436 lib.
999 403 1054 448 83.
1079 402 1180 444 QQ.‚
1202 402 1299 448 quod
1325 401 1395 436 Dei
1416 401 1525 435 timor
1550 411 1624 434 non

68 459 186 495 solum
209 459 367 501 inchoat,
390 458 450 493 sed
473 458 580 492 etiam
603 457 739 504 perficit
761 457 986 503 sapientiam,
1009 468 1100 502 quae
1127 467 1268 490 summe
1291 455 1404 501 diligit
1431 455 1564 496 Deum,
1592 461 1626 488 et

67 513 273 561 proximum
294 521 481 559 tamquam
509 512 676 558 seipsum.

138 567 366 602 RESPONDEO
380 566 585 608 dicendum,
607 565 703 611 quod
726 565 843 612 duplex
857 573 910 599 est
930 565 1040 599 timor
1061 564 1142 606 Dei,
1157 564 1249 598 sicut
1270 564 1405 598 dictum
1425 572 1478 598 est
1498 563 1575 608 (art.
1595 575 1625 598 2.

68 627 97 656 et
110 632 142 666 4.
160 621 229 667 huj.
252 621 300 667 q.)
313 633 322 655 .·
342 632 425 655 unns
444 620 590 666 quidem
612 618 741 660 filialis,
764 630 835 665 quo
858 619 935 664 quis
957 618 1060 652 timet
1082 617 1259 652 offensam
1274 617 1394 664 patris,
1409 616 1467 651 vel
1489 627 1631 662 separa-

68 676 205 709 tionem
228 674 269 708 ab
292 674 387 720 ipso:
412 674 496 707 alius
519 681 640 707 autem
659 672 807 714 servilis,
836 683 907 718 quo
935 671 1013 718 quis
1040 672 1143 705 timet
1168 682 1343 718 poenam:
1371 671 1481 704 timor
1507 678 1627 704 autem

69 727 186 762 filialis
207 738 354 761 necesse
369 735 422 761 est
440 726 535 773 quod
552 734 690 760 crescat
704 734 887 760 crescente
911 725 1103 767 charitate3
1126 724 1217 758 sicut
1239 723 1386 758 effectus
1409 725 1536 758 crescit
1557 735 1628 757 cre-

70 789 191 817 scente
213 792 340 816 causa:
363 788 497 827 quanto
520 780 615 814 enim
638 779 765 825 aliquis
784 779 900 824 magis
923 778 1038 824 diligit
1065 777 1234 824 aliquem,
1255 785 1356 812 tanto
1384 777 1500 823 magis
1526 777 1629 812 timet

71 846 155 870 eum
177 834 372 876 offendere,
387 842 421 868 et
437 834 477 868 ab
495 844 538 867 eo
553 832 733 879 separari:
757 832 818 867 sed
840 833 950 866 timor
971 831 1108 866 servilis
1131 840 1306 878 quantum
1328 831 1372 865 ad
1394 830 1628 865 servilitatem

69 888 226 924 totaliter
246 887 384 922 tollitur
402 887 575 921 charitate
598 886 822 928 adveniente,
841 894 1004 920 remanet
1024 894 1147 920 tamen
1174 885 1374 920 secundum
1393 885 1629 918 substantiam

69 943 177 978 timor
199 953 349 989 poenae,
364 950 402 975 ut
423 942 559 975 dictum
575 948 628 975 est
645 939 722 984 (art.
745 941 778 975 6.
800 940 868 986 huj.
891 940 962 986 q.).·
981 947 1014 973 et
1028 939 1093 973 iste
1108 939 1218 973 timor
1232 939 1442 972 diminuitur
1457 938 1630 972 charitate

71 1003 264 1038 crescente,
294 995 451 1029 maxime
482 1002 655 1041 quantum
687 993 730 1027 ad
760 1002 902 1028 actum:
933 993 1016 1039 quia
1046 1001 1181 1039 quanto
1209 992 1337 1039 aliquis
1371 992 1488 1037 magis
1516 991 1631 1037 diligit

70 1051 202 1091 Deum,
223 1057 323 1083 tanto
354 1049 474 1082 minus
502 1048 613 1082 timor
642 1059 822 1094 poenam:
840 1048 956 1093 prima
979 1047 1137 1093 quidem,
1160 1046 1242 1092 quia
1270 1046 1388 1080 minus
1411 1045 1560 1079 attendit
1586 1045 1629 1079 ad

72 1103 256 1150 proprium
285 1103 434 1144 bonum,
466 1102 523 1136 cui
550 1101 788 1135 contrariatur
818 1112 956 1147 poena:
985 1100 1135 1142 secundo,
1163 1101 1247 1146 quia
1273 1099 1410 1133 firmius
1437 1099 1629 1133 inhaerens

72 1157 187 1203 magis
209 1156 357 1190 confidit
378 1155 420 1189 de
443 1155 618 1201 praemio,
641 1162 676 1189 et
696 1166 759 1201 per
781 1165 1006 1200 consequens
1028 1154 1148 1188 minus
1171 1153 1274 1188 timet
1293 1153 1336 1188 de
1359 1164 1487 1199 poena.

142 1211 202 1245 AD
216 1220 364 1245 PRIMUM
383 1220 469 1255 ergo
493 1208 696 1250 dicendum,
719 1209 815 1254 quod
838 1207 1062 1253 Augustinus
1085 1207 1243 1253 loquitur
1265 1207 1308 1241 de
1330 1207 1460 1240 timore
1480 1217 1630 1252 poenae.

142 1264 200 1298 AD
223 1274 429 1298 SECUNDUM
452 1262 656 1304 dicendum,
673 1261 768 1308 quod
789 1261 899 1295 timor
912 1272 1051 1307 poenae
1067 1268 1130 1302 est,
1146 1262 1204 1306 qui
1220 1260 1431 1294 diminuitur
1450 1268 1632 1294 crescente

73 1329 153 1364 spe:
176 1316 237 1351 sed
260 1328 301 1351 ea
323 1323 504 1350 crescente
527 1315 653 1349 crescit
674 1315 785 1349 timor
805 1313 942 1348 filialis:
966 1314 1048 1360 quia
1071 1321 1204 1359 quanto
1228 1313 1355 1359 aliquis
1379 1313 1508 1347 certius
1531 1324 1632 1359 expe-

74 1379 145 1405 ctat
166 1370 315 1413 alicuius
335 1370 421 1403 boni
449 1368 747 1403 consecutionem
767 1379 828 1414 per
850 1367 1024 1402 auxilium
1043 1367 1200 1410 alterius,
1222 1376 1322 1402 tanto
1351 1367 1466 1413 magis
1489 1374 1630 1401 veretur

75 1435 158 1458 eum
181 1422 374 1464 offendere,
395 1422 453 1457 vel
475 1423 516 1456 ab
541 1433 584 1456 eo
612 1422 778 1468 separari.

145 1477 204 1511 AD
232 1486 401 1510 TERTIUM
423 1476 627 1517 dicendum,
654 1475 751 1521 quod
772 1474 881 1509 timor
907 1473 1024 1508 filialis
1054 1485 1128 1508 non
1162 1474 1334 1520 importat
1355 1473 1633 1520 separationem,

76 1530 137 1564 sed
158 1529 273 1575 magis
295 1529 554 1574 subjectionem
574 1529 616 1562 ad
639 1528 772 1574 ipsum:
796 1527 1061 1573 separationem
1085 1534 1204 1561 autem
1226 1527 1356 1573 refugit
1374 1538 1393 1560 a
1412 1527 1633 1572 subjectione

76 1583 203 1629 ipsius:
226 1582 287 1616 sed
309 1582 582 1628 quodammodo
605 1581 871 1627 separationem
892 1581 1065 1626 importat
1085 1592 1149 1625 per
1168 1580 1252 1622 hoc,
1275 1581 1372 1626 quod
1394 1591 1467 1614 non
1495 1592 1635 1626 praesu-

77 1636 142 1670 mit
163 1647 198 1670 se
222 1635 253 1669 ei
275 1635 485 1681 adaequare,
512 1635 573 1669 sed
601 1635 632 1668 ei
665 1645 702 1668 se
730 1634 889 1679 subjicit:
912 1645 1003 1680 quae
1037 1634 1145 1667 etiam
1179 1634 1357 1680 separatio
1392 1633 1572 1668 invenitur
1597 1634 1633 1667 in

77 1689 261 1731 charitate,
283 1690 494 1734 inquantum
513 1688 627 1733 diligit
642 1688 762 1721 Deum
777 1698 883 1732 supra
899 1699 948 1729 se,
964 1694 997 1720 et
1019 1698 1124 1732 supra
1147 1687 1290 1730 omnia3
1313 1687 1406 1721 unde
1427 1699 1531 1721 amor
1553 1687 1635 1721 cha-

77 1743 187 1777 ritatis
210 1749 461 1788 augmentatus
483 1741 721 1776 reverentiam
742 1740 883 1775 timoris
906 1751 980 1774 non
1002 1740 1141 1782 minuit,
1163 1740 1225 1774 sed
1248 1748 1365 1786 auget.

627 1882 969 1927 ARTICULUS
1004 1883 1080 1926 XI.
1572 1903 1635 1936 104

429 1991 580 2021 UTRUM
608 1991 747 2022 TIMOR
774 1991 1005 2020 REMANEAT
1039 1991 1081 2020 IN
1109 1990 1279 2020 PATRIA.

169 2081 260 2125 1,(1-2.
283 2092 312 2127 q.
336 2080 391 2116 68.
414 2085 476 2115 art.
499 2081 532 2116 6.
555 2086 583 2115 et
601 2092 628 2126 3.
651 2080 738 2114 Dist.
758 2091 809 2126 34.
832 2092 860 2126 q.
884 2092 910 2114 Ι.
930 2084 993 2114 art.
1013 2091 1040 2126 3.
1063 2084 1091 2114 et
1107 2084 1198 2126 part.
1217 2091 1245 2125 3.
1268 2090 1297 2124 q.
1321 2078 1353 2114 6.
1376 2083 1441 2113 art.
1467 2078 1528 2124 6.).

149 2170 207 2205 AD
230 2180 462 2204 UNDECIMUM
481 2169 530 2203 sic
551 2168 767 2215 proceditur.
784 2168 947 2210 Videtur,
970 2168 1066 2214 quod
1088 2167 1198 2202 timor
1219 2179 1293 2201 non
1315 2174 1501 2202 remaneat
1522 2167 1557 2201 in
1579 2178 1636 2213 pa-

78 2223 162 2258 tria:
184 2223 310 2257 dicitur
332 2223 428 2257 enim
450 2223 619 2256 Proverb.
647 2234 694 2256 1.:
714 2222 934 2257 Almndanticz
950 2222 1155 2269 perfruetur,
1179 2223 1296 2256 timore
1315 2221 1481 2255 malorum
1495 2221 1635 2255 sublato:

79 2276 174 2323 quod
196 2276 404 2322 intelligitur
424 2275 467 2310 de
491 2276 641 2310 homine
662 2276 735 2321 jam
757 2275 932 2321 sapientia
954 2274 1157 2320 perfruente
1175 2275 1212 2308 in
1234 2275 1454 2309 beatitudine
1474 2282 1636 2308 aeterna:

79 2330 140 2364 sed
162 2329 280 2363 omnis
300 2330 411 2363 timor
425 2337 478 2363 est
492 2329 641 2374 alicujus
660 2328 764 2371 mali;
783 2329 865 2374 quia
887 2328 1024 2362 malum
1040 2336 1093 2362 est
1107 2328 1288 2373 objectum
1306 2329 1459 2369 timoris,
1479 2335 1516 2361 ut
1530 2339 1637 2373 supra

80 2383 213 2417 dictum
236 2391 288 2417 est
309 2383 391 2428 (art.
414 2394 444 2417 2.
467 2387 497 2417 et
513 2394 541 2429 5.
564 2383 632 2428 huj.
656 2394 684 2428 q.
704 2387 735 2416 ct
755 2394 815 2416 1-2.
838 2394 867 2427 q.
883 2393 937 2426 42.
961 2387 1024 2416 art.
1047 2383 1114 2427 1.);
1138 2392 1224 2427 ergo
1247 2380 1366 2415 nullus
1387 2382 1496 2415 timor
1519 2381 1583 2414 erit
1602 2381 1637 2413 in

79 2444 202 2483 patria.

150 2499 180 2523 2.
202 2489 437 2523 PRAETEREA.
462 2488 640 2523 Homines
662 2489 697 2522 in
720 2488 832 2534 patria
856 2496 959 2522 erunt
979 2488 1060 2522 Deo
1089 2487 1307 2529 conformes,
1330 2487 1529 2521 secundum
1551 2485 1638 2520 illud

84 2543 223 2588 1.Joan.
246 2554 293 2589 3.:
312 2543 397 2577 Cum
417 2544 624 2589 apparuerit,
644 2543 762 2577 similas
781 2544 809 2577 ei
823 2544 965 2576 crimus:
985 2542 1045 2576 sed
1061 2543 1160 2576 Deus
1175 2541 1265 2576 nihil
1278 2542 1398 2583 timet3
1419 2552 1505 2586 ergo
1524 2540 1640 2574 homi-

80 2607 142 2630 nes
163 2596 198 2629 in
221 2597 332 2642 patria
353 2607 427 2629 non
449 2597 632 2630 habebunt
655 2596 811 2642 aliquem
833 2596 1014 2629 timorem.

153 2661 181 2695 3.
203 2649 437 2683 PRAETEREA.
462 2649 551 2695 Spes
574 2657 626 2683 est
660 2649 862 2695 perfectior,
886 2660 995 2694 quarn
1021 2649 1149 2683 timor:
1173 2649 1255 2694 quia
1282 2659 1362 2694 spes
1390 2655 1441 2681 est
1474 2654 1637 2692 respectu

80 2702 176 2744 boni,
197 2703 306 2736 timor
327 2710 491 2748 respectu
513 2702 614 2737 mali:
638 2703 698 2736 sed
721 2714 801 2748 spes
828 2714 901 2736 non
928 2702 992 2736 erit
1019 2703 1054 2736 in
1083 2703 1213 2748 patria3
1236 2713 1322 2747 ergo
1345 2713 1411 2736 nec
1438 2701 1548 2735 timor
1574 2702 1639 2735 erit

82 2755 118 2790 in
138 2755 262 2801 patria.

154 2808 227 2843 SED
243 2818 398 2843 CONTRA
413 2816 476 2850 est,
490 2808 585 2854 quod
601 2808 728 2842 dicitur
742 2809 777 2842 in
793 2808 925 2842 Psalm.
946 2809 1016 2843 18.:
1040 2809 1155 2843 Timor
1169 2808 1311 2842 Domini
1325 2813 1451 2843 sanctus
1467 2813 1639 2854 permanet

84 2862 116 2896 in
140 2861 316 2896 saeculum.
