1905 3137
225 132 278 186 98
677 142 898 178 QUAESTIO
932 142 972 172 X.
1007 142 1250 173 ARTICULUS
1282 143 1324 173 V.

223 225 334 266 bono,
361 232 395 258 et
420 224 550 258 iterum
575 223 775 258 secundum
801 223 958 258 diversas
983 223 1211 258 habitudines
1237 223 1457 258 inordinatas
1487 224 1530 258 ad
1555 224 1695 259 Deum:
1729 225 1780 260 sic

225 278 334 312 etiam
356 277 442 311 fides
465 285 517 311 est
537 287 609 310 una
629 277 740 311 virtus
763 288 804 311 ex
825 277 909 319 hoc,
931 277 1026 323 quod
1042 277 1212 311 adhaeret
1233 277 1295 310 uni
1314 277 1451 323 primae
1471 277 1627 313 veritati:
1647 277 1711 312 sed
1731 278 1781 312 in-

226 331 405 365 fidelitatis
427 330 565 376 species
587 338 669 364 sunt
689 329 824 365 multae
842 341 884 364 ex
904 330 988 372 hoc,
1010 331 1106 377 quod
1126 330 1288 364 infideles
1310 330 1468 365 diversas
1487 330 1594 365 falsas
1616 331 1782 366 scientias

226 392 432 430 sequuntur.

297 438 357 471 AD
380 447 587 471 SECUNDUM
608 436 814 480 dicendum,
833 437 929 483 quod
945 437 1100 482 obJectio
1122 436 1184 471 illa
1204 436 1368 483 procedit
1389 437 1432 471 de
1457 436 1687 472 distinctione
1711 449 1787 484 spe-

229 491 366 525 cierum
387 489 604 524 infidelitatis
626 490 826 525 secundum
848 491 999 533 diversa,
1021 491 1057 525 in
1080 491 1206 537 quibus
1228 499 1375 525 erratur.

299 544 359 578 AD
382 553 553 578 TERTIUM
575 543 779 586 dicendum,
795 544 890 590 quod
913 544 1006 578 sicut
1026 543 1114 578 fides
1136 551 1188 578 est
1206 555 1287 585 una,
1303 544 1386 590 quia
1408 543 1522 578 multa
1544 544 1656 579 credit
1675 545 1712 579 in
1734 556 1788 580 or-

229 597 311 631 dine
334 597 377 630 ad
399 609 529 639 unum3
551 598 600 631 ita
621 597 810 632 infidelitas
825 605 945 644 potest
958 608 1035 631 esse
1053 609 1135 639 una,
1155 597 1296 632 etiamsi
1317 598 1354 631 in
1376 597 1497 632 multis
1521 606 1623 640 erret,
1642 597 1788 644 inquan-

228 659 306 684 tum
328 651 452 684 omnia
472 650 605 684 habent
627 650 792 685 ordinem
816 651 859 684 ad
881 662 1012 684 unum:
1034 650 1125 684 nihil
1145 659 1268 685 tamen
1291 651 1469 697 prohibet,
1487 651 1727 685 hominemin
1741 651 1789 686 di-

227 703 338 738 versis
359 703 578 738 infidelitatis
604 704 791 750 speciebus
813 714 948 746 errare,
971 703 1062 738 sicut
1088 703 1197 738 etiam
1227 712 1345 750 potest
1372 715 1462 738 unus
1492 704 1605 739 homo
1640 704 1788 740 diversis

228 757 323 791 vitiis
344 757 540 802 subjacere,
563 764 597 791 et
617 757 766 791 diversis
789 755 1036 803 corporalibus
1058 757 1204 791 morbis.

783 919 1126 964 ARTICULUS
1154 920 1230 962 VI.
1747 929 1788 976 56

437 1027 589 1057 UTRUM
615 1027 888 1057 INFIDELITAS
917 1027 1171 1063 GENTILIUM,
1200 1027 1278 1057 SEU
1306 1026 1577 1058 PAGANORUM

744 1093 811 1122 SIT
840 1092 1046 1122 CAETERIS
1077 1093 1279 1122 GRAVIOR.

302 1179 363 1213 AD
386 1189 538 1213 SEXTUM
565 1179 615 1213 sic
642 1179 859 1224 proceditur.
881 1179 1043 1221 Videtur,
1072 1180 1167 1225 quod
1190 1179 1381 1214 infidelitas
1404 1179 1616 1221 Gentilium,
1634 1179 1710 1213 sive
1727 1179 1792 1213 Pa-

235 1243 413 1278 ganorum
429 1232 473 1266 sit
491 1233 633 1277 gravior
652 1233 820 1266 caeteris:
841 1233 931 1267 sicut
953 1233 1049 1267 enim
1072 1233 1268 1279 corporalis
1288 1234 1436 1267 morbus
1450 1241 1550 1267 tanto
1566 1241 1618 1267 est
1637 1232 1791 1278 gravior,

233 1294 368 1332 quanto
390 1286 496 1320 saluti
517 1286 780 1332 principalioris
803 1287 955 1320 membri
982 1287 1098 1332 magis
1121 1287 1377 1329 contrariatur3
1405 1287 1453 1320 ita
1479 1294 1669 1333 peccatum
1690 1294 1791 1320 tanto

231 1340 370 1373 videtur
396 1350 473 1373 esse
500 1339 654 1384 gravius,
682 1348 816 1385 quanto
853 1340 1091 1373 contrariatur
1127 1340 1169 1381 ei,
1197 1341 1293 1386 quod
1328 1348 1381 1374 est
1407 1339 1639 1386 principalius
1665 1341 1701 1373 in
1726 1339 1794 1373 vir-

232 1401 324 1427 tute:
351 1392 412 1426 sed
439 1392 670 1438 principalius
695 1393 732 1426 in
758 1392 827 1426 fide
854 1401 907 1426 est
924 1393 1010 1427 fides
1030 1393 1174 1427 unitatis
1201 1393 1355 1435 divinae,
1378 1405 1397 1427 a
1416 1404 1486 1439 qua
1508 1392 1676 1427 deficiunt
1699 1391 1793 1427 Gen-

232 1446 311 1480 tiles
333 1445 600 1479 multitudinem
623 1446 773 1479 deorum
796 1446 1000 1488 credentes3
1024 1457 1110 1491 ergo
1144 1446 1334 1480 infidelitas
1353 1457 1481 1480 eorum
1499 1454 1552 1480 est
1569 1445 1792 1492 gravissima.

305 1509 336 1533 2.
351 1499 586 1533 PRAETEREA.
602 1499 697 1533 Inter
712 1499 914 1533 haereticos
936 1507 1036 1533 tanto
1055 1500 1214 1534 haeresis
1237 1499 1441 1545 aliquorum
1463 1498 1706 1533 detestabilior
1728 1507 1792 1541 est,

235 1560 368 1598 quanto
384 1552 419 1585 in
434 1551 605 1598 pluribus,
621 1561 653 1586 et
669 1552 980 1598 principalioribus
993 1553 1134 1586 veritati
1147 1552 1231 1587 fidei
1246 1553 1512 1587 contradicunt:
1531 1552 1623 1586 sicut
1634 1552 1794 1586 haeresis

234 1606 324 1647 Arii,
343 1606 404 1651 qui
425 1605 603 1651 separavit
625 1605 861 1648 divinitatem,
888 1606 1132 1640 detestabilior
1153 1605 1229 1648 fuit,
1244 1617 1353 1652 quarn
1375 1606 1534 1640 haeresis
1548 1605 1718 1647 Nestorii,
1733 1605 1795 1651 qui

235 1659 413 1705 separavit
432 1659 697 1692 humanitatem
721 1658 856 1693 Christi
878 1671 896 1692 a
919 1670 1072 1705 persona
1094 1658 1174 1693 Filii
1195 1659 1278 1693 Dei:
1303 1659 1365 1693 sed
1382 1658 1544 1693 Gentiles
1565 1659 1602 1692 in
1623 1658 1794 1705 pluribus,

237 1721 271 1747 et
292 1712 603 1759 principalioribus
630 1713 803 1746 recedunt
824 1724 843 1746 a
864 1712 945 1754 fide,
968 1724 1078 1758 quam
1099 1712 1236 1757 Judaei,
1264 1720 1298 1746 et
1322 1712 1512 1754 haeretici,
1534 1712 1617 1758 quia
1644 1711 1794 1745 omnino

236 1767 325 1800 nihil
347 1767 390 1800 de
412 1766 481 1799 fide
503 1766 697 1812 recipiunt;
721 1777 808 1811 ergo
831 1777 958 1799 eorum
979 1765 1169 1800 infidelitas
1192 1774 1244 1800 est
1265 1765 1488 1811 gravissima.

312 1831 340 1865 3.
363 1820 598 1854 PRAETEREA.
624 1819 746 1854 Omne
768 1819 905 1852 bonum
927 1828 979 1853 est
1001 1819 1255 1852 diminutivum
1277 1818 1382 1852 mali:
1405 1818 1467 1852 sed
1490 1817 1636 1864 aliquod
1658 1818 1795 1852 bonum

238 1880 290 1906 est
311 1873 346 1905 in
363 1872 526 1917 Judaeis3
546 1871 628 1918 quia
647 1871 863 1906 confitentur
881 1880 982 1906 vetus
1000 1880 1255 1906 testamentum
1275 1883 1351 1906 esse
1368 1883 1387 1905 a
1404 1871 1504 1905 Deo:
1527 1872 1666 1905 bonum
1687 1871 1796 1906 etiarn

238 1934 289 1960 est
310 1926 346 1959 in
368 1925 576 1966 haereticis;
599 1925 682 1970 quia
696 1933 912 1958 venerantur
930 1936 1068 1959 novum
1086 1933 1361 1967 testamentum3
1385 1936 1471 1970 ergo
1494 1926 1612 1959 minus
1633 1933 1796 1971 peccant,

238 1990 347 2025 quam
370 1978 544 2026 Gentiles,
566 1978 627 2024 qui
648 1986 839 2024 utrumque
861 1986 1118 2012 testamentum
1141 1979 1370 2012 detestantur.

308 2031 382 2066 SED
413 2042 567 2066 CONTRA
594 2040 658 2073 est,
674 2031 776 2077 quod
810 2031 937 2065 dicitur
959 2041 990 2065 2.
1012 2031 1088 2066 Pet.
1111 2041 1159 2065 2.:
1184 2032 1301 2065 Melius
1327 2036 1397 2065 emt
1417 2031 1482 2065 illis
1512 2043 1577 2065 non
1603 2043 1795 2077 cognoscere

237 2087 331 2120 viam
352 2087 509 2131 justitiae,
537 2097 637 2130 qnam
654 2090 727 2131 post
748 2086 968 2130 cognitionem
991 2090 1168 2119 relrorsmn
1190 2087 1357 2119 converti:
1381 2085 1442 2118 sed
1463 2084 1624 2119 Gentiles
1644 2096 1720 2119 non
1741 2096 1798 2119 co-

240 2147 442 2184 gnoverunt
463 2138 560 2171 viam
580 2138 754 2183 justitiae:
777 2138 950 2172 haeretici
972 2147 1104 2179 autem,
1119 2138 1289 2183 etJudaei
1311 2137 1512 2184 aliqualiter
1533 2145 1798 2183 cognoscentes

241 2193 493 2233 deseruerunt;
516 2202 602 2237 ergo
626 2202 751 2224 eorum
775 2199 965 2236 peccatum
988 2200 1038 2225 est
1061 2191 1216 2237 gravius,

312 2245 540 2279 Rssspoxnro
564 2244 767 2286 dicendum,
790 2244 885 2290 quod
905 2245 939 2277 in
962 2244 1181 2286 infidelitate,
1204 2244 1295 2278 sicut
1317 2245 1453 2278 dictum
1480 2252 1533 2278 est
1554 2245 1635 2289 (art.
1654 2244 1796 2291 praec),

241 2299 303 2333 duo
325 2306 474 2344 possunt
497 2297 734 2339 considerari3
757 2308 911 2343 quorum
934 2310 1034 2331 unum
1059 2306 1111 2331 est
1138 2298 1362 2342 comparatio
1384 2298 1459 2343 ejus
1486 2298 1530 2331 ad
1551 2297 1677 2332 fidem:
1699 2305 1734 2331 et
1756 2308 1798 2331 ex

242 2354 310 2387 hac
332 2360 431 2399 parte
455 2351 582 2397 aliquis
604 2351 747 2397 gravius
770 2359 895 2384 contra
921 2350 1029 2384 fidem
1056 2359 1192 2396 peccat,
1214 2351 1274 2396 qui
1303 2350 1386 2385 fidei
1412 2351 1574 2384 renititur
1600 2358 1798 2396 susceptae,

244 2418 353 2452 quam
375 2405 435 2452 qui
460 2405 621 2439 renititur
648 2404 730 2438 fidei
759 2404 921 2438 nondum
951 2412 1152 2450 susceptae:
1183 2404 1275 2438 sicut
1303 2403 1446 2449 gravius
1473 2412 1610 2450 peccat,
1640 2403 1701 2450 qui
1724 2415 1798 2438 non

244 2459 369 2505 implet
390 2459 486 2505 quod
508 2458 683 2504 promisit,
710 2469 818 2503 quam
840 2457 869 2491 si
890 2468 963 2490 non
985 2457 1133 2502 impleat
1159 2457 1254 2502 quod
1276 2469 1473 2502 numquam
1489 2457 1672 2503 promisit:
1695 2464 1730 2491 et
1749 2467 1800 2491 se-

245 2513 403 2547 cundum
423 2512 494 2546 hoc
518 2510 707 2545 infidelitas
728 2510 1006 2551 haereticorum,
1029 2510 1089 2555 qui
1115 2510 1325 2556 profitentur
1351 2510 1459 2544 fidem
1485 2509 1684 2556 Evangelii,
1712 2517 1746 2544 et
1767 2509 1800 2544 ei

246 2566 445 2601 renituntur
472 2576 552 2599 eam
586 2571 870 2609 corrumpentes,
893 2563 1035 2608 gravius
1058 2571 1110 2597 est
1131 2571 1331 2608 peccatum,
1354 2574 1462 2609 quam
1480 2563 1712 2608 Judaeorum‚
1739 2562 1800 2609 qui

247 2619 355 2653 fidem
370 2617 558 2664 Evangelii
572 2628 771 2663 numquam
786 2624 1037 2662 susceperunt:
1060 2616 1121 2650 sed
1143 2617 1225 2662 quia
1247 2625 1480 2661 susceperunt
1501 2618 1575 2663 ejus
1593 2616 1746 2663 figuram
1762 2616 1800 2650 in

247 2673 357 2706 veteri
379 2671 471 2717 lege,
494 2682 602 2717 quam
624 2670 718 2704 male
740 2670 1011 2715 interpretantes
1034 2678 1278 2715 corrumpunt,
1298 2670 1378 2704 ideo
1401 2672 1510 2704 ctiam
1532 2681 1659 2705 eorum
1679 2669 1800 2704 infide-

248 2726 328 2760 litas
346 2733 398 2759 est
416 2725 558 2771 gravius
580 2732 780 2771 peccatum,
795 2735 902 2769 quam
924 2722 1113 2757 infidelitas
1130 2723 1340 2765 Gentilium,
1355 2724 1416 2769 qui
1436 2723 1536 2758 nullo
1558 2723 1669 2757 modo
1690 2722 1799 2757 fidem

249 2778 435 2823 Evangelii
457 2785 706 2823 susceperunt:
728 2776 830 2818 aliud,
854 2776 950 2822 quod
972 2776 1007 2809 in
1029 2775 1237 2810 infidelitate
1259 2776 1516 2818 consideratur,
1539 2784 1591 2811 est
1617 2776 1798 2822 corruptio

252 2843 389 2874 eorum,
411 2843 502 2878 quae
525 2831 567 2865 ad
590 2831 697 2866 fidem
719 2830 911 2877 pertinent:
935 2838 969 2864 et
995 2829 1193 2864 secundum
1221 2829 1302 2870 hoc,
1329 2841 1412 2864 cum
1437 2830 1473 2864 in
1499 2829 1657 2876 pluribus
1683 2836 1800 2864 errent
