1859 3122
186 183 296 236 1136
544 192 765 227 QUAEsrto
801 191 1006 221 chxvm.
1041 191 1285 220 ARTICULUS
1317 191 1362 220 11.

179 275 295 308 Noun-s
319 275 351 306 in
374 274 504 306 nomina
523 277 576 306 tuo
587 272 890 318 prophetavimus?
913 279 991 311 etc„
1014 271 1100 304 dicit
1120 271 1289 305 Hieron.:
1316 284 1334 303 <t
1350 272 1585 318 Prophetare,
1604 273 1663 308 vel
1675 274 1743 308 vir-

179 336 271 360 tutes
292 325 423 366 facere,
446 333 480 359 et
495 325 690 359 daemonia
705 324 846 367 ejicere,
867 323 1048 357 interdum
1069 335 1142 357 non
1158 332 1211 358 est
1229 325 1304 369 ejus
1321 325 1451 367 meriti,
1474 326 1535 371 qui
1553 334 1739 372 operatur;

180 379 241 413 sed
262 378 494 412 invocatione
517 378 675 411 nominis
699 377 835 411 Christi
860 376 931 410 hoc
960 377 1043 422 agit,
1071 385 1109 410 ut
1134 377 1302 411 homines
1328 378 1450 412 Deum
1475 379 1668 421 honorent,
1696 380 1741 414 ad

179 433 281 477 cujus
303 431 575 465 invocationem
598 430 687 464 fiunt
708 438 806 464 tanta
828 430 1003 463 miracula
1018 441 1054 463 »ε
1076 430 1212 464 secundo
1236 439 1356 465 autern
1378 432 1472 466 modo
1487 444 1561 467 non
1575 433 1666 467 fiunt
1678 433 1744 467 mi-

178 484 300 518 racula
322 484 389 518 nisi
412 495 431 517 a
453 484 596 526 sanctis,
620 483 663 516 ad
686 494 841 528 quorum
863 483 1091 517 sanctitatem
1110 484 1432 518 demonstrandam
1450 485 1625 520 miracula
1650 486 1742 521 fiunt

179 538 236 572 vel
258 539 293 571 in
315 538 388 572 vita
410 549 549 579 eorum,
571 537 630 571 vel
652 538 761 570 etiam
783 545 866 583 post
886 545 1056 578 mortem,
1078 538 1152 571 sive
1179 549 1242 584 per
1268 550 1343 580 eos,
1371 539 1445 573 sive
1472 551 1535 585 per
1562 539 1668 574 alios:
1696 540 1744 574 le-

179 592 272 637 gitur
295 591 392 625 enim
414 591 496 624 Act.
524 602 575 638 19.
600 590 698 636 quod
716 591 807 624 Deus
826 591 971 635 faciebat
990 592 1131 625 virtutes
1150 598 1209 638 per
1233 603 1353 626 manus
1378 593 1504 627 Pauli:
1531 598 1561 627 et
1580 595 1679 628 etiam
1693 593 1744 628 de-

176 651 271 690 super
289 644 458 689 lungm‘dos
476 644 706 690 &ferebantur
723 656 743 677 a
761 650 895 690 corpore
917 646 986 689 ejus
1003 644 1153 686 sudaria,
1173 650 1203 679 et
1217 644 1404 679 secedebant
1424 647 1465 679 ab
1487 647 1530 680 eis
1547 647 1720 692 languores
1731 660 1741 681 .·

179 706 212 732 et
234 698 283 731 sic
307 698 415 731 etiam
438 697 529 731 nihil
550 697 770 743 prohiberet,
792 709 855 743 per
883 697 1041 743 aliquem
1068 706 1300 743 peccatorem
1327 698 1503 733 miracula
1530 699 1607 734 fieri
1629 700 1672 734 ad
1693 700 1744 734 in-

177 751 409 784 vocationem
433 750 583 795 alicujus
606 750 738 784 sancti:
762 761 853 796 quae
874 759 996 784 tamen
1019 750 1194 785 miracula
1216 763 1290 785 non
1305 751 1434 786 dicitur
1450 751 1568 787 facere
1589 752 1661 795 ille,
1679 753 1741 787 sed

176 803 248 845 ille,
272 804 314 837 ad
338 805 437 848 cujus
459 804 688 838 sanctitatem
710 803 1030 837 demonstrandam
1052 804 1141 838 haec
1164 804 1299 838 fierent.

248 859 307 892 AD
334 868 484 892 PRIMUM
507 869 593 903 ergo
616 857 822 899 dicendum,
845 858 953 903 quod,
973 858 1064 891 sicut
1085 869 1191 903 supra
1213 858 1349 892 dictum
1372 866 1425 893 est
1445 860 1491 905 (q.
1513 860 1560 905 83.
1583 865 1646 894 art.
1668 860 1741 903 16.)

179 923 261 946 cum
284 912 327 945 de
350 911 514 945 oratione
537 919 714 957 ageretur,
736 912 851 945 oratio
874 911 910 944 in
931 911 1160 956 impetrando
1183 922 1258 945 non
1279 912 1441 945 innititur
1460 912 1602 954 merito,
1617 913 1680 947 sed
1695 913 1744 946 di-

176 965 281 998 vinae
305 965 586 1006 misericordiae,
610 976 700 1010 quae
723 964 832 998 etiam
855 964 898 997 ad
921 963 1038 997 malos
1060 975 1097 998 se
1125 964 1300 1006 extendit3
1332 973 1366 998 et
1390 965 1473 999 ideo
1496 965 1605 999 etiam
1635 977 1743 1011 quan-

179 1018 297 1063 doque
319 1026 555 1064 peccatorum
578 1018 694 1051 oratio
717 1029 736 1050 a
758 1018 838 1051 Deo
867 1017 1068 1058 exauditum
1095 1017 1189 1051 unde
1214 1017 1368 1063 August.
1401 1018 1486 1052 dicit
1515 1029 1621 1064 super
1637 1019 1741 1063 Joan.

177 1071 289 1114 (tract.
317 1072 403 1116 44),
429 1072 525 1117 quod
554 1084 572 1103 <c
592 1071 680 1104 illud
701 1071 852 1104 verbum
875 1081 1003 1104 caecus
1026 1070 1170 1104 locutus
1193 1079 1256 1112 est,
1280 1071 1382 1116 quasi
1412 1071 1530 1105 adhuc
1560 1072 1741 1114 inunctus,

175 1125 267 1159 idest
292 1125 456 1158 nondum
487 1123 643 1170 perfecte
677 1124 911 1164 illuminatus,
939 1135 1024 1157 nam
1055 1132 1266 1169 peccatores
1289 1124 1433 1158 exaudit
1461 1125 1560 1159 Deus
1574 1137 1613 1167 »ς
1644 1125 1741 1171 quod

177 1187 297 1212 autem
320 1178 459 1219 dicitur,
481 1178 577 1223 quod
601 1177 716 1211 oratio
732 1188 806 1211 non
822 1177 997 1210 audientis
1016 1176 1136 1222 legem
1156 1185 1208 1211 est
1227 1177 1450 1219 execrabilis,
1465 1177 1742 1224 intelligendum

176 1242 239 1272 est,
263 1240 437 1277 quantum
451 1240 503 1265 est
524 1243 566 1265 ex
582 1231 711 1265 merito
726 1231 926 1276 peccatoris
942 1242 948 1263 :
972 1230 1034 1264 sed
1050 1231 1229 1264 interdum
1251 1232 1420 1276 impetrat
1435 1242 1476 1265 ex
1491 1232 1741 1266 misericordia

174 1285 261 1326 Dei3
283 1285 335 1319 val
359 1293 503 1331 propter
525 1284 679 1319 salutem
706 1285 781 1329 ejus
808 1284 868 1329 qui
895 1291 990 1325 orat3
1013 1284 1105 1317 sicut
1127 1284 1266 1317 auditus
1297 1292 1350 1317 est
1379 1283 1611 1325 Publicanus,
1635 1293 1672 1318 ut
1693 1285 1743 1318 di-

179 1340 269 1372 citur
292 1338 412 1371 Lucae
439 1338 510 1379 18.;
532 1338 584 1372 vel
605 1338 714 1372 etiam
736 1345 882 1383 propter
903 1336 1056 1370 salutem
1079 1336 1246 1377 aliorum,
1266 1345 1300 1370 et
1322 1337 1477 1381 gloriam
1499 1337 1580 1371 Dei.

247 1392 306 1425 AD
326 1402 533 1425 SECUNDUM
548 1390 752 1431 dicendum,
767 1390 863 1435 quod
874 1389 956 1435 fidus
980 1391 1046 1423 sine
1068 1391 1217 1435 operibns
1235 1390 1364 1423 dicitur
1386 1401 1463 1424 esse
1484 1395 1616 1424 mortua
1633 1402 1742 1436 quan-

174 1453 253 1478 tum
275 1445 318 1478 ad
345 1445 462 1491 ipsum
486 1444 705 1485 credentem,
728 1443 788 1489 qui
814 1454 875 1488 per
898 1454 978 1476 eam
1001 1454 1074 1476 non
1101 1443 1188 1476 vivit
1209 1443 1302 1476 vitae
1330 1443 1484 1488 gratiae:
1507 1443 1598 1476 nihil
1620 1452 1738 1478 autem

176 1498 354 1543 prohibet,
381 1497 477 1543 quod
508 1509 564 1531 res
587 1497 668 1530 viva
696 1504 863 1542 operetur
888 1507 951 1542 per
976 1496 1256 1530 instrumentum
1283 1504 1486 1529 mortuum:
1509 1496 1601 1530 sicut
1625 1496 1740 1531 homo

178 1559 347 1597 operatur
361 1562 423 1596 per
438 1550 628 1592 baculum3
651 1557 685 1584 et
698 1550 770 1584 hoc
786 1549 898 1583 modo
919 1549 1019 1583 Deus
1042 1557 1211 1595 operatur
1230 1560 1292 1595 per
1312 1549 1421 1583 fidem
1438 1549 1597 1583 hominis
1618 1560 1742 1595 pecca-

174 1605 262 1639 toris
284 1603 613 1638 instrumentaliter.

248 1659 307 1692 AD
330 1668 501 1692 TERTIUM
524 1657 730 1698 dicendum,
757 1656 853 1702 quod
869 1655 1044 1689 miracula
1062 1666 1205 1700 semper
1226 1664 1308 1689 sunt
1321 1667 1406 1689 vera
1431 1655 1639 1689 testimonia
1653 1656 1740 1700 ejus,

177 1712 219 1745 ad
243 1712 339 1757 quod
359 1711 592 1752 inducuntur3
608 1710 702 1744 unde
718 1721 737 1743 a
752 1709 868 1751 malis,
888 1709 947 1755 qui
962 1708 1090 1743 falsam
1110 1709 1313 1742 doctrinam
1329 1708 1526 1750 enuntiant,
1540 1720 1741 1755 numquam

176 1765 265 1799 fiunt
290 1776 375 1799 vera
397 1764 573 1798 miracula
592 1764 635 1798 ad
658 1763 975 1797 confirmationem
997 1774 1082 1796 suae
1110 1762 1314 1797 doctrinae:
1337 1762 1501 1808 quamvis
1523 1762 1739 1808 quandoque

175 1819 251 1853 fieri
273 1818 412 1865 possint
439 1819 482 1851 ad
505 1817 863 1851 commendationem
886 1816 1045 1850 nominis
1066 1815 1213 1858 Christi,
1236 1815 1332 1862 quod
1359 1815 1543 1856 invocant,
1566 1824 1600 1849 et
1620 1816 1657 1849 in
1674 1817 1742 1849 vir-

174 1881 248 1907 tute
284 1879 609 1912 sacramentorum,
645 1881 735 1916 quae
764 1870 950 1904 exhibent:
979 1870 1021 1903 ab
1048 1869 1103 1903 his
1131 1878 1264 1911 autem,
1291 1869 1352 1915 qui
1385 1880 1510 1903 veram
1537 1869 1740 1903 doctrinam

176 1926 376 1967 enuntiant,
400 1925 489 1959 fiunt
511 1925 728 1970 quandoque
749 1935 832 1957 vera
855 1923 1031 1957 miracula
1050 1922 1093 1956 ad
1110 1922 1427 1956 confirmationem
1449 1922 1646 1964 doctrinae,
1663 1933 1738 1956 non

175 1987 295 2013 autem
311 1979 354 2012 ad
372 1978 665 2013 testificationem
679 1977 896 2018 sanctitatis;
917 1977 1010 2010 unde
1025 1976 1177 2021 August.
1192 1976 1276 2009 dicit
1290 1976 1326 2009 in
1345 1975 1402 2009 lib.
1419 1975 1474 2021 83.
1491 1974 1580 2016 QQ.
1591 1976 1638 2021 (q.
1651 1976 1738 2021 79.):

178 2046 195 2064 «
218 2032 333 2066 Aliter
356 2032 454 2078 magi
475 2031 611 2065 faciunt
632 2030 817 2071 miracula,
840 2030 942 2064 aliter
962 2030 1048 2064 boni
1073 2029 1267 2070 christiani,
1296 2029 1398 2063 aliter
1424 2027 1528 2062 mali:
1556 2029 1654 2074 magi
1675 2040 1739 2074 per

175 2086 333 2132 privatos
356 2093 560 2119 contractus
576 2095 660 2117 cum
675 2083 931 2117 daemonibus:
953 2083 1039 2116 boni
1054 2082 1238 2116 christiani
1268 2093 1330 2128 per
1348 2081 1531 2128 publicam
1544 2081 1737 2127 justitiam:

175 2138 262 2173 mali
283 2138 466 2172 christiani
488 2149 552 2183 per
572 2137 674 2183 signa
693 2136 857 2181 publicae
879 2136 1076 2181 justitiae».

247 2193 306 2226 AD
329 2201 517 2231 QUARTUM
539 2190 745 2231 dicendum,
768 2190 876 2235 quod,
894 2190 987 2223 sicut
1007 2189 1102 2234 Aug.
1125 2188 1211 2222 dicit
1231 2188 1267 2221 in
1282 2187 1341 2221 lib.
1364 2188 1419 2234 83.
1444 2187 1533 2229 QQ.
1556 2188 1632 2232 (loc.
1652 2188 1737 2232 cit.),

178 2245 383 2279 «admonet
397 2256 463 2278 nos
478 2244 672 2284 Dominus,
686 2251 725 2276 ut
746 2242 990 2288 intelligamus
1013 2242 1192 2288 quaedam
1215 2241 1390 2275 miracula
1412 2242 1520 2276 etiam
1543 2241 1738 2276 sceleratos

175 2300 342 2333 homines
358 2297 487 2339 facere,
507 2297 626 2343 qualia
648 2296 763 2330 sancti
781 2295 898 2330 facere
916 2307 990 2329 non
1013 2303 1163 2341 possunt
1181 2307 1217 2328 »z
1238 2303 1283 2336 et,
1303 2295 1394 2329 sicut
1415 2295 1509 2340 Aug.
1528 2294 1611 2328 ibid.
1639 2294 1737 2336 dicit,

179 2352 292 2386 «ideo
308 2363 381 2386 non
401 2352 569 2386 omnibus
584 2350 716 2384 sanctis
731 2350 797 2383 ista
824 2349 1072 2389 attribuuntur,
1088 2359 1133 2382 ne
1160 2348 1470 2393 perniciosissimo
1498 2359 1619 2382 errore
1646 2347 1738 2382 deci-

176 2406 316 2451 piantur
337 2405 479 2446 infirmi,
493 2404 725 2438 aestimantes
746 2403 782 2436 in
796 2402 926 2436 talibus
952 2401 1054 2436 factis
1077 2413 1154 2436 esse
1178 2402 1316 2446 majora
1338 2401 1446 2443 dona,
1469 2413 1579 2448 quam
1597 2401 1633 2435 in
1655 2412 1740 2447 ope-

174 2459 270 2492 ribus
292 2459 458 2504 justitiae,
482 2458 609 2504 quibus
635 2457 708 2490 vita
731 2464 875 2491 aeterna
898 2463 1129 2501 comparatur
1148 2469 1180 2488 n.
