1859 3122
187 162 273 215 926
578 169 796 205 QUAESTIO
829 169 942 199 CXLI.
976 169 1218 199 ARTICULUS
1250 169 1340 198 VIII.

256 253 485 286 Respoxnsso
508 250 715 291 dicendum,
738 250 847 295 quod,
868 250 960 284 sicut
981 249 1117 284 Philos.
1139 249 1226 283 dicit
1246 250 1282 283 in
1307 261 1335 283 1.
1356 250 1472 285 Ethic.
1497 250 1584 297 (cap.
1603 250 1652 296 2),
1680 251 1741 285 bo-

185 318 273 340 num
301 303 538 338 multitudinis
565 303 718 336 divinius
741 311 804 344 est,
835 314 942 348 quarn
971 303 1108 336 bonum
1137 303 1258 337 unius:
1282 311 1316 336 et
1343 302 1426 337 ideo
1456 311 1591 350 quanto
1621 303 1740 350 aliqua

183 359 295 392 virtus
318 357 433 401 magis
455 356 608 402 pertinet
625 356 668 390 ad
684 357 820 390 bonum
840 356 1089 397 multitudinis,
1107 364 1208 390 tanto
1228 355 1358 389 melior
1373 364 1440 390 est:
1456 357 1588 401 justitia
1608 364 1740 398 autem,

185 420 219 445 et
239 410 412 444 fortitudo
435 410 552 453 magis
573 409 753 456 pertinent
772 409 814 442 ad
829 409 966 443 bonum
986 408 1237 451 multitudinis,
1252 420 1360 454 quam
1378 409 1634 454 temperantia:
1658 409 1741 455 quia

183 464 317 510 justitia
333 463 496 497 consistit
514 463 550 496 in
566 462 1071 507 communicationibus,quae
1086 471 1168 496 sunt
1183 462 1226 495 ad
1241 461 1409 495 alterum:
1425 461 1597 496 fortitudo
1620 470 1741 496 autem

183 518 219 551 in
242 516 411 563 periculis
441 510 631 557 bellorum,
659 527 750 561 quae
777 515 996 549 sustinentur
1029 526 1093 561 pro
1123 514 1237 549 salute
1265 515 1471 549 communi:
1501 515 1741 561 temperantia

185 578 305 604 autem
327 569 536 603 moderatur
557 568 678 603 solum
700 568 1024 614 concupiscentias,
1047 576 1081 602 et
1107 567 1364 602 delectationes
1386 579 1525 610 eorum,
1548 579 1639 614 quae
1665 579 1742 615 per-

182 623 297 657 tinent
323 623 366 656 ad
395 623 514 668 ipsum
539 622 751 664 hominem;
773 622 867 655 unde
888 621 1119 656 manifestum
1141 629 1204 664 est,
1227 621 1323 667 quod
1344 621 1490 666 justitia,
1513 629 1547 656 et
1567 620 1739 656 fortitudo

183 685 265 711 sunt
287 676 559 710 excellentiores
577 676 737 717 virtutes,
759 685 869 721 quam
890 675 1140 721 temperantia,
1162 675 1288 721 quibus
1310 674 1509 721 prudentia,
1531 682 1566 708 et
1591 674 1740 709 virtutes

183 729 414 776 theologicae
437 737 519 763 sunt
540 729 712 775 potiores.

254 784 313 817 AD
338 794 488 817 PRIMUM
510 794 597 828 ergo
618 782 822 823 dicendum,
837 782 933 827 quod
948 781 1132 823 honestas,
1154 789 1188 815 et
1206 781 1316 815 decor
1330 781 1487 815 maxime
1503 780 1741 815 attribuuntur

181 837 454 882 temperantiae,
476 847 550 870 non
578 844 724 882 propter
744 835 1047 881 principalitatem
1069 835 1203 881 proprii
1224 835 1322 877 boni,
1345 834 1407 869 sed
1428 842 1573 880 propter
1593 834 1742 880 turpitu-

183 890 304 924 dinem
327 889 499 924 contrarii
520 889 619 931 mali,
635 900 654 922 a
676 899 747 934 quo
770 888 936 931 retrahit3
958 888 1173 934 inquantum
1195 887 1334 922 scilicet
1359 887 1569 922 moderatur
1590 886 1742 922 delecta-

181 943 310 985 tiones,
333 954 424 989 quae
445 950 527 977 sunt
548 942 664 983 nobis,
687 950 722 976 et
742 941 852 976 brutis
875 952 1100 975 communes.

254 998 313 1031 AD
336 1007 543 1031 SECUNDUM
570 995 774 1037 dicendum,
803 995 898 1041 quod
926 1006 1008 1028 curn
1030 995 1141 1029 virtus
1163 995 1207 1029 sit
1229 994 1325 1028 circa
1347 993 1504 1037 difficile,
1531 1001 1566 1029 et
1589 994 1740 1037 bonum,

182 1051 336 1097 dignitas
366 1051 507 1084 virtutis
529 1050 645 1095 magis
669 1050 860 1084 attenditur
881 1049 1080 1086 secundum
1106 1049 1286 1083 rationem
1307 1049 1405 1091 boni,
1433 1049 1470 1082 in
1501 1059 1572 1094 quo
1602 1048 1742 1082 excedit

181 1105 328 1150 justitia,
351 1116 459 1150 quarn
479 1103 679 1138 secundum
702 1103 880 1136 rationem
903 1101 1069 1144 difficilis,
1091 1103 1127 1135 in
1149 1114 1220 1148 quo
1237 1102 1376 1136 excedit
1396 1102 1645 1148 temperantia.

253 1160 312 1193 AD
336 1168 507 1193 TERTIUM
535 1157 740 1198 dicendum,
767 1156 863 1202 quod
890 1155 951 1190 illa
979 1156 1233 1198 communitas,
1262 1167 1331 1201 qua
1359 1155 1492 1201 aliquid
1519 1154 1672 1201 pertinet
1697 1155 1741 1189 ad

182 1212 451 1246 multitudinem
462 1211 668 1252 hominum,
678 1210 794 1255 magis
813 1209 898 1243 facit
912 1209 956 1243 ad
975 1208 1227 1243 excellentiam
1241 1209 1422 1251 bonitatis,
1437 1220 1546 1255 quarn
1559 1208 1633 1250 illa,
1649 1219 1740 1254 quae

183 1265 431 1300 consideratur
452 1264 653 1298 secundum
674 1263 771 1309 quod
794 1262 928 1308 aliquid
949 1261 1154 1308 frequenter
1181 1262 1354 1304 occurrit;
1382 1262 1418 1296 in
1446 1273 1598 1308 quarum
1624 1261 1741 1306 prima

182 1318 320 1353 excedit
340 1317 524 1358 fortitudo,
545 1317 581 1350 in
603 1316 762 1351 secunda
783 1315 1042 1361 temperantia3
1064 1315 1158 1349 unde
1178 1315 1391 1361 simpliciter
1411 1314 1584 1349 fortitudo
1607 1321 1660 1348 est
1680 1325 1741 1360 po-

181 1373 270 1414 tior3
292 1371 377 1406 licet
397 1371 517 1417 quoad
533 1370 666 1416 aliquid
680 1369 793 1415 possit
808 1368 878 1403 dici
899 1368 1137 1414 temperantia
1151 1368 1272 1414 potior
1285 1379 1360 1403 non
1378 1367 1499 1403 solum
1518 1367 1739 1410 fortitudine,

181 1426 242 1459 sed
261 1425 371 1459 etiam
391 1424 536 1470 justitia.

657 1671 1013 1733 QUAESTIO
1056 1670 1252 1718 CXLII.

340 1798 403 1828 DE
442 1796 596 1835 VITHS,
639 1795 768 1835 QUAE
807 1795 1156 1827 ADVERSANTUR
1192 1791 1575 1832 TEMPERANTIAE,

558 1868 609 1899 IN
643 1867 872 1907 QUATUOR
898 1865 1159 1897 ARTICULOS
1185 1865 1359 1896 DIVISA.

251 2008 393 2044 Deinde
415 2008 720 2044 considerandum
741 2015 794 2042 est
814 2007 858 2042 de
878 2006 973 2041 vitiis
995 2005 1168 2052 oppositis
1186 2004 1455 2052 temperantiae.

643 2099 687 2134 Et
707 2099 797 2133 circa
818 2098 876 2132 hoc
897 2101 1102 2143 quaeruntur
1121 2100 1274 2141 quatuor.

250 2171 386 2205 Primo.
406 2169 536 2204 Utrum
557 2169 810 2204 insensibilitas
833 2167 877 2202 sit
894 2175 1095 2214 peccatum.

252 2223 434 2258 Secundo.
456 2223 587 2257 Utrum
609 2221 885 2267 intemperantia
909 2221 952 2255 sit
972 2220 1099 2254 vitium
1118 2219 1265 2265 puerile.

251 2276 390 2311 Tertio.
413 2276 468 2310 De
492 2275 764 2321 comparatione
786 2273 1084 2319 intemperantiae
1107 2273 1149 2306 ad
1171 2272 1410 2307 timiditatem.

253 2330 404 2371 Quarto.
430 2330 559 2364 Utrum
577 2329 705 2363 vitium
726 2327 1022 2374 intemperantiae
1044 2326 1089 2361 sit
1109 2326 1266 2360 maxime
1288 2325 1575 2372 opprobriosum.

758 2469 1101 2513 ARTICULUS
1131 2469 1163 2510 I.
1668 2475 1732 2525 691

422 2579 609 2608 UTRUM
649 2576 1113 2608 INSENSIBILITAS
1153 2575 1239 2605 SIT
1276 2574 1499 2605 VITIUM.

583 2666 671 2710 (Lib.
695 2677 726 2700 2.
748 2665 823 2700 Eth.
846 2665 914 2699 lust.
936 2665 967 2699 S.
990 2670 1019 2699 ct
1040 2664 1095 2698 lili.
1114 2676 1141 2710 3.
1165 2664 1235 2698 lect.
1258 2664 1334 2707 21.)-

251 2757 311 2790 ΑΙ)
338 2765 486 2790 PRIMUM
513 2755 563 2788 sic
590 2754 804 2800 proceditur.
832 2752 993 2794 Videtur,
1016 2753 1111 2798 quod
1138 2752 1391 2787 insensibilitas
1417 2763 1491 2786 non
1517 2751 1561 2786 sit
1586 2752 1733 2786 vitium:

182 2810 346 2843 dicuntur
367 2808 464 2842 enim
482 2807 717 2849 insensibiles,
741 2807 801 2853 qui
819 2806 987 2841 deficiunt
1010 2807 1103 2839 circa
1126 2806 1382 2840 delectationes
1397 2813 1534 2840 tactus:
1553 2805 1614 2840 sed
1629 2805 1664 2839 in
1678 2805 1733 2839 his

181 2863 320 2909 penitus
342 2862 494 2896 deficere
515 2862 654 2896 videtur
673 2871 749 2896 esse
768 2859 959 2902 laudabile,
979 2867 1013 2894 et
1033 2860 1253 2894 virtuosum:
1273 2859 1401 2894 dicitur
1422 2859 1519 2893 enim
1540 2859 1632 2893 Dan.
1664 2868 1732 2893 10.:
