1859 3122
170 175 283 216 1016
581 182 802 219 QUAEsTIO
837 182 933 212 etv.
966 182 1210 212 ARTICULUS
1243 182 1304 212 111.

161 266 199 300 in
224 266 285 300 illa
306 265 341 299 vi
363 264 517 307 animae,
541 265 642 311 cujus
665 272 764 299 actus
787 271 840 298 est
858 263 1007 298 electio:
1036 271 1071 298 et
1090 263 1181 297 haec
1205 271 1258 298 est
1277 262 1456 306 voluntas,
1479 272 1518 299 ut
1538 275 1645 311 supra
1665 264 1726 300 ha-

162 320 278 354 bitum
302 326 354 352 est
375 318 458 362 (1-2.
481 330 510 363 q.
540 327 585 363 13.
614 322 678 352 art.
700 318 758 362 1.).

235 372 294 406 AD
321 381 471 405 PRIMUM
493 381 579 416 ergo
602 370 810 412 dicendum,
833 370 929 416 quod
953 370 1175 404 continentia
1200 370 1310 405 habet
1335 371 1524 406 materiam
1559 372 1728 419 concupi-

163 425 316 460 scentias
339 424 622 458 delectationum
643 432 770 465 tactus,
793 435 867 458 non
889 424 982 458 sicut
1007 435 1095 469 quas
1118 424 1326 458 moderetur
1363 424 1477 470 (quod
1510 425 1665 471 pertinet
1683 425 1727 460 ad

162 478 451 524 temperantiam,
479 488 570 523 quae
593 485 645 511 est
677 478 713 510 in
736 477 1038 523 concupiscibili),
1053 477 1116 511 sed
1143 485 1195 511 est
1222 477 1317 511 circa
1352 489 1422 520 eas,
1444 479 1546 523 quasi
1575 478 1625 512 eis
1647 479 1730 513 resi-

166 539 280 573 stens;
300 530 394 564 unde
417 538 570 576 oportet,
597 531 694 576 quod
725 531 770 564 sit
789 531 826 564 in
848 530 917 564 alia
943 531 997 572 vi3
1020 531 1103 576 quia
1137 530 1337 564 resistentia
1365 539 1416 565 est
1443 530 1586 565 alterius
1617 531 1661 565 ad
1683 531 1730 566 al-

167 593 296 618 terum.

237 638 296 671 AD
324 647 530 671 SECUNDUM
558 637 762 678 dicendum,
786 637 882 682 quod
896 636 1064 670 voluntas
1081 636 1201 670 media
1218 645 1271 671 est
1284 637 1376 671 inter
1393 637 1584 679 rationem,
1599 645 1634 672 et
1648 648 1731 672 con-

165 689 424 736 cupiscibilem,
447 698 481 724 et
502 698 620 735 potest
642 690 683 723 ab
712 698 864 736 utroque
892 690 1048 724 moveri:
1078 690 1114 723 in
1142 701 1184 724 eo
1214 698 1335 724 autem
1363 690 1424 736 qui
1450 698 1503 724 est
1529 691 1730 732 continens,

166 751 333 777 movetur
355 754 373 776 a
396 743 553 785 ratione;
572 743 607 776 in
631 754 674 776 eo
698 751 819 776 autem
842 743 901 788 qui
922 751 974 777 est
1000 743 1241 784 incontinens,
1267 751 1435 777 movetur
1461 754 1480 776 a
1507 743 1733 789 concupisci-

166 796 243 830 bili:
267 804 301 830 et
322 796 404 830 ideo
433 796 654 830 continentia
680 805 797 842 potest
824 796 969 830 attribui
996 796 1139 837 rationi,
1161 796 1254 829 sicut
1279 796 1397 842 primo
1424 797 1598 838 moventi,
1625 805 1659 831 et
1679 797 1732 830 in-

169 849 390 883 continentia
414 849 707 894 concupiscibili:
728 850 893 895 quamvis
916 858 1108 894 utrumque
1130 849 1339 883 immediate
1362 850 1538 895 pertineat
1551 850 1595 884 ad
1608 849 1732 884 volun-

167 910 291 943 tatem,
313 902 406 936 sicut
428 902 471 936 ad
493 902 679 948 proprium
702 903 916 947 subjectum.
949 902 955 908 '

240 955 300 989 AD
328 965 498 990 TERTIUM
518 956 724 996 dicendum,
750 956 846 1001 quod
869 955 953 989 licet
974 956 1159 1001 passiones
1181 966 1255 989 non
1276 955 1346 989 sint
1367 955 1402 988 in
1423 955 1620 998 voluntate,
1641 956 1734 990 sicut

168 1008 205 1042 in
227 1008 406 1054 subject03
429 1017 482 1042 est
502 1017 626 1042 tamen
648 1009 684 1042 in
698 1017 876 1054 potestate
891 1009 1087 1042 voluntatis
1106 1009 1155 1042 eis
1177 1009 1359 1050 resistere3
1382 1017 1416 1043 et
1436 1009 1508 1043 hoc
1531 1009 1643 1043 modo
1669 1021 1731 1044 vo-

169 1062 287 1096 luntas
310 1062 526 1096 continentis
548 1062 679 1096 resistit
701 1063 1015 1108 concupiscentiis.

739 1185 1084 1230 ARTICULUS
1119 1185 1195 1228 iv.
1667 1208 1734 1244 757

299 1294 449 1323 UTRUM
484 1294 789 1324 CONTINENTIA
822 1295 889 1323 SIT
923 1294 1100 1333 MELIOR,
1137 1293 1261 1329 QUAM
1293 1294 1613 1324 TEMPERANTIA.

246 1381 305 1415 AD
328 1390 516 1420 QUARTUM
538 1380 587 1414 sic
610 1380 826 1426 proceditur.
849 1379 1012 1422 Videtur,
1032 1380 1127 1426 quod
1152 1379 1373 1413 continentia
1391 1379 1436 1413 sit
1457 1379 1597 1422 melior,
1625 1391 1734 1426 quam

173 1435 430 1482 temperantia:
455 1435 583 1468 dicitur
605 1436 701 1468 enim
723 1433 833 1468 Eccli.
850 1433 924 1468 26:
954 1434 1071 1469 Omnis
1099 1433 1242 1478 (autam)
1266 1433 1463 1479 ponderatio
1489 1445 1555 1467 non
1583 1438 1625 1468 est
1638 1433 1737 1480 digna

174 1490 367 1524 continentis
389 1489 541 1528 animam
562 1499 648 1533 ergo
670 1487 769 1521 nulla
790 1487 900 1521 virtus
923 1495 1041 1532 potest
1063 1487 1305 1521 continentiae
1328 1486 1531 1532 adaequari.

247 1552 278 1576 2.
301 1542 537 1575 PRAETEREA.
555 1541 704 1581 Quanto
717 1540 835 1586 aliqua
846 1541 956 1574 virtus
972 1548 1129 1574 meretur
1144 1540 1259 1584 majus
1274 1539 1488 1585 praemium,
1502 1547 1602 1574 tanto
1618 1539 1738 1586 potior

176 1603 244 1630 est:
272 1595 333 1629 sed
362 1594 582 1628 continentia
608 1594 748 1628 videtur
774 1594 905 1628 mereri
940 1594 1056 1638 majus
1084 1593 1304 1639 praemium:
1338 1592 1466 1625 dicitur
1502 1592 1599 1626 enim
1634 1603 1666 1627 2.
1693 1593 1737 1626 ad

177 1648 341 1682 Timoth.
365 1658 414 1681 2.:
438 1648 515 1682 Non
537 1648 762 1689 coronabitur,
782 1648 845 1681 nisi
871 1648 927 1692 qni
945 1647 1086 1692 legitime
1114 1647 1309 1680 certaverit:
1338 1645 1454 1691 magis
1483 1653 1603 1680 autem
1627 1653 1740 1680 certat

177 1702 377 1742 continens,
400 1701 459 1746 qui
480 1700 612 1746 patitur
632 1700 866 1734 vehementes
881 1700 1078 1746 passiones,
1094 1707 1128 1733 et
1148 1698 1460 1744 concupiscentias
1474 1710 1613 1745 pravas,
1630 1710 1739 1745 quam

177 1763 408 1801 temperatus,
431 1754 490 1800 qui
504 1765 579 1788 non
597 1754 705 1788 habet
719 1764 778 1787 eas
792 1753 1047 1795 vehemente53
1068 1764 1155 1798 ergo
1177 1751 1400 1786 continentia
1414 1759 1467 1786 est
1484 1752 1604 1798 potior
1617 1752 1740 1794 virtus,

178 1820 287 1855 quam
309 1807 558 1853 temperantia.

252 1873 281 1906 3.
304 1862 540 1896 PRAETEREA.
562 1859 741 1894 Voluntas
762 1867 815 1894 est
840 1859 983 1905 dignior
1010 1859 1184 1905 potentia,
1212 1870 1321 1904 quam
1347 1857 1401 1892 vis
1427 1857 1741 1904 concupiscibilis:

178 1915 240 1949 sed
260 1914 481 1949 continentia
504 1922 557 1948 est
578 1914 613 1947 in
632 1912 829 1954 voluntate,
855 1913 1095 1959 temperantia
1123 1920 1244 1945 autem
1268 1911 1305 1945 in
1331 1911 1366 1944 vi
1393 1911 1676 1957 concupiscibili,
1703 1919 1743 1946 ut

180 1981 222 2003 ex
241 1968 342 2002 dictis
365 1975 462 2013 patet
483 1967 687 2013 (cz1·t.praec.
705 1968 737 2000 in
756 1973 846 2013 corp.
869 1971 897 2000 ct
912 1966 953 2000 ad
971 1966 1038 2010 1.),·
1062 1976 1148 2011 ergo
1172 1964 1393 1999 continentia
1411 1972 1464 1998 est
1477 1964 1596 2010 potior
1617 1964 1742 2007 virtus,

181 2033 290 2068 quam
311 2021 561 2067 temperantia.

253 2075 327 2108 SED
355 2084 510 2108 CONTRA
533 2081 596 2114 est,
616 2073 712 2118 quod
736 2072 877 2106 Tullius
901 2073 973 2118 (lily.
989 2084 1019 2108 2.
1039 2072 1075 2107 dc
1096 2072 1256 2116 lavent),
1285 2079 1319 2105 et
1344 2071 1575 2106 Andronicus
1601 2079 1742 2119 ponunt

181 2127 443 2162 continentiam
467 2127 673 2171 adjunctam
694 2126 966 2171 temperantiae,
989 2125 1080 2160 sicut
1101 2124 1290 2171 principali
1310 2124 1441 2158 virtuti.

253 2181 481 2215 RESPONDEO
505 2179 710 2220 dicendum,
733 2180 840 2224 quod,
857 2179 948 2212 sicut
962 2190 1067 2224 supra
1083 2179 1219 2212 dictum
1239 2186 1292 2212 est
1306 2178 1387 2222 (art.
1403 2190 1430 2212 I.
1445 2178 1513 2223 huj.
1529 2178 1591 2224 q.)‚
1606 2189 1743 2212 nomen

182 2234 425 2268 continentiae
447 2233 620 2278 dupliciter
639 2232 829 2277 accipitur:
854 2243 916 2265 uno
945 2231 1053 2273 modo,
1080 2231 1280 2265 secundum
1307 2231 1403 2276 quod
1429 2231 1601 2277 importat
1627 2242 1743 2265 cessa-

181 2288 320 2322 tionem
343 2287 384 2320 ab
408 2286 575 2320 omnibus
597 2285 895 2318 delectationibus
919 2284 1099 2318 venereis:
1127 2292 1161 2318 et
1187 2284 1236 2317 sic
1264 2283 1441 2317 sumendo
1468 2295 1604 2318 nomen
1627 2285 1744 2318 conti-

181 2341 337 2381 nentiae,
361 2339 581 2373 continentia
603 2346 654 2372 est
676 2338 795 2384 potior
816 2340 1054 2384 temperantia
1076 2336 1286 2383 simpliciter
1308 2337 1414 2379 dicta,
1446 2345 1483 2371 ut
1504 2345 1601 2383 patet
1622 2348 1665 2371 ex
1685 2337 1742 2371 his

183 2406 274 2440 quae
297 2404 403 2439 supra
425 2393 519 2426 dicta
541 2400 624 2426 sunt
645 2392 692 2437 (q.
719 2403 784 2437 [52.
805 2396 867 2425 art.
884 2392 931 2437 5.)
954 2391 996 2425 de
1019 2390 1302 2437 praeeminentia
1327 2390 1540 2435 virginitatis
1569 2390 1612 2424 ad
1639 2390 1744 2424 casti-

182 2455 294 2481 tatem
316 2445 526 2492 simpliciter
553 2445 705 2479 dictam:
728 2445 793 2478 alio
812 2444 906 2478 modo
929 2452 1047 2489 potest
1069 2444 1183 2489 accipi
1201 2454 1336 2477 nomen
1352 2443 1606 2485 continentiae,
1621 2454 1745 2478 secun-

184 2501 270 2534 dum
293 2500 389 2545 quod
407 2499 579 2544 importat
596 2497 835 2532 resistentiam
855 2497 1002 2531 rationis
1018 2497 1060 2530 ad
1078 2496 1388 2542 concupiscentias
1403 2507 1543 2542 pravas,
1559 2507 1650 2542 quae
1665 2504 1747 2531 sunt

184 2555 220 2587 in
242 2552 392 2586 homine
413 2552 667 2586 vehementes:
683 2559 718 2584 et
732 2550 929 2584 secundum
945 2550 1015 2583 hoc
1035 2549 1273 2595 temperantia
1289 2557 1342 2583 est
1360 2548 1475 2583 multo
1490 2549 1620 2595 potior,
1636 2561 1745 2596 quam

186 2606 426 2647 continentia;
449 2605 532 2651 quia
549 2605 687 2638 bonum
708 2603 847 2637 virtutis
873 2602 1052 2636 laudabile
1075 2611 1128 2636 est
1146 2614 1187 2636 ex
1210 2614 1266 2644 eo,
1288 2602 1385 2648 quod
1407 2610 1461 2636 est
1478 2603 1678 2636 secundum
1691 2613 1746 2636 ra-

184 2660 342 2694 tionem:
366 2658 444 2704 plus
463 2667 584 2692 autern
605 2659 704 2703 viget
724 2657 861 2690 bonum
884 2656 1032 2690 rationis
1059 2656 1094 2689 in
1117 2667 1160 2690 eo
1188 2656 1249 2702 qui
1275 2663 1327 2690 est
1352 2663 1584 2701 temperatus,
1611 2656 1647 2690 in
1673 2667 1745 2702 quo

187 2713 295 2747 etiam
318 2712 392 2758 ipse
415 2711 591 2756 appetitus
613 2710 802 2745 sensitivus
825 2717 877 2743 est
898 2709 1078 2754 subjectus
1101 2709 1242 2750 rationi,
1270 2717 1304 2743 et
1325 2709 1427 2754 quasi
1455 2720 1473 2742 a
1500 2710 1638 2743 ratione
1661 2709 1746 2743 edo-

187 2767 306 2807 mitus,
328 2777 436 2811 quam
458 2766 493 2798 in
516 2776 558 2798 eo
581 2765 641 2810 qui
664 2772 717 2798 est
739 2763 938 2804 continens,
957 2762 992 2795 in
1016 2773 1086 2807 quo
1107 2762 1284 2808 appetitus
1305 2761 1496 2796 sensitivus
1511 2762 1746 2796 vehementer

186 2819 316 2854 resistit
338 2818 467 2852 rationi
488 2829 551 2864 per
573 2816 885 2862 concupiscentias
903 2826 1050 2860 pravas3
1074 2815 1167 2849 unde
1195 2814 1418 2849 continentia
1444 2822 1675 2861 comparatur
1701 2814 1744 2849 ad

185 2871 472 2918 temperantiam,
496 2870 588 2905 sicut
609 2868 863 2915 imperfectum
886 2868 928 2902 ad
951 2867 1160 2914 perfectum.
