1859 3122
112 121 191 162 160
523 130 743 166 QUAESTIO
775 130 864 160 XIX.
897 129 1141 161 ARTICULUS
1173 129 1231 159 x1.

175 213 404 247 RESPONDEO
426 211 631 254 dicendum,
646 212 743 258 quod
756 212 866 246 timor
883 211 1032 253 servilis,
1047 211 1121 245 sive
1138 210 1248 245 timor
1266 221 1404 256 poenae
1425 210 1525 246 nullo
1547 211 1659 246 modo

105 266 171 300 erit
191 266 227 300 in
248 266 376 311 patria:
400 264 598 300 excluditur
620 266 717 299 enim
738 266 818 299 talis
844 267 953 300 timor
979 276 1042 310 per
1071 264 1302 298 securitatem
1329 271 1494 298 aeternae
1514 264 1661 299 beatitu-

105 319 208 361 dinis,
230 331 321 365 quae
343 326 395 353 est
417 319 459 353 de
480 319 591 364 ipsius
612 319 840 353 beatitudinis
861 319 1011 360 ratione,
1027 317 1117 358 sicut
1137 328 1243 362 supra
1265 316 1400 351 dictum
1422 325 1476 355 est
1498 317 1574 361 (1-2.
1589 330 1619 364 q.
1629 329 1659 364 5.

105 378 167 407 art.
189 373 262 417 4.):
285 372 394 406 timor
416 380 536 406 autem
558 371 674 406 filialis
693 372 785 406 sicut
804 380 953 418 augetur
972 378 1205 416 augmentata
1225 370 1410 411 charitate,
1424 370 1472 404 ita
1487 370 1660 405 charitate

104 425 261 472 perfecta
282 425 503 471 perficietur3
519 426 612 459 unde
626 437 700 459 non
714 426 859 460 habebit
871 426 907 459 in
922 425 1035 470 patria
1051 423 1220 458 eumdem
1241 431 1361 457 actum
1377 424 1538 465 omnino,
1553 435 1661 469 quem

104 479 211 512 habet
232 479 355 512 modo.
382 478 440 512 Ad
468 479 567 523 cujus
595 479 813 513 evidentiam
840 478 1026 512 sciendum
1054 485 1117 518 est,
1145 476 1241 522 quod
1268 476 1453 522 proprium
1480 476 1662 522 objectum

103 532 243 566 timoris
265 540 318 566 est
338 531 476 565 malum
498 531 690 578 possibile3
713 532 804 566 sicut
825 533 1008 578 proprium
1030 531 1212 575 objectum
1239 530 1315 576 spei
1341 538 1394 564 est
1426 530 1563 563 bonum
1583 541 1662 576 pos-

104 585 222 619 sibile:
245 593 279 619 et
300 597 384 618 cum
406 593 526 619 motus
544 585 684 619 timoris
698 586 742 619 sit
764 585 864 631 quasi
882 585 999 629 fugae,
1014 584 1185 630 importat
1198 583 1308 617 timor
1321 582 1445 628 fugam
1460 583 1548 617 mali
1561 583 1663 619 ardui

105 638 294 684 possibilis,
305 649 415 683 parva
433 638 531 672 enim
549 638 645 672 mala
659 639 830 672 timorem
843 649 918 672 non
932 638 1122 671 inducunt:
1146 637 1238 670 sicut
1252 644 1372 670 autem
1386 636 1524 670 bonurn
1545 636 1663 671 unius-

105 693 276 737 cujusque
299 700 362 733 est,
384 699 422 726 ut
447 691 483 725 in
510 703 575 726 suo
610 692 734 725 ordine
766 691 957 726 consistat:
978 691 1027 724 ita
1060 689 1198 724 malum
1228 689 1507 735 uniuscujusque
1533 697 1597 732 est,
1623 697 1663 724 ut

105 757 211 780 suum
233 745 396 779 ordinem
416 745 578 787 deserat;
600 744 689 779 ordo
713 752 833 778 autem
861 752 1045 778 creaturae
1067 743 1253 777 rationalis
1275 751 1338 785 est,
1360 750 1399 776 ut
1419 743 1463 777 sit
1483 742 1546 776 sub
1567 743 1662 786 DeO,

105 807 139 833 et
159 810 266 845 supra
293 806 452 833 caeteras
479 806 678 840 creaturas;
706 798 800 832 unde
827 797 919 832 sicut
951 797 1090 831 malum
1116 805 1299 831 creaturae
1334 796 1518 830 rationalis
1539 804 1603 838 est,
1625 804 1664 830 ut

104 853 232 887 subdat
251 863 288 886 se
311 860 494 886 creaturae
514 851 675 886 inferiori
696 863 758 897 per
780 862 960 899 amorem3
982 851 1031 885 ita
1053 851 1161 885 etiam
1183 850 1322 884 malum
1344 851 1419 896 ejus
1441 858 1505 893 est,
1526 850 1555 884 si
1580 850 1662 884 Deo

104 918 142 941 se
163 918 237 940 non
258 906 434 951 subjiciat,
456 905 518 940 sed
549 906 585 939 in
619 907 737 951 ipsum
764 913 1061 951 praesumptuose
1087 904 1231 946 insiliat,
1252 904 1310 938 vel
1337 911 1555 938 contemnat.
1582 903 1662 938 Hoc

105 969 225 995 autem
247 960 385 994 malum
408 968 592 994 creaturae
614 959 781 994 rationali
799 960 998 994 secundum
1017 971 1119 993 suam
1138 967 1304 993 naturam
1323 958 1570 993 consideratae
1585 969 1664 1004 pos-

103 1013 204 1048 sibile
226 1021 289 1055 est,
311 1021 454 1060 propter
475 1013 677 1048 naturalem
691 1013 792 1047 liberi
812 1013 944 1047 arbitrii
964 1012 1241 1047 flexibilitatem:
1260 1012 1322 1047 sed
1343 1012 1379 1046 in
1397 1012 1510 1046 beatis
1530 1011 1569 1046 fit
1588 1022 1664 1045 non

104 1067 274 1113 possibile
297 1079 359 1113 per
382 1066 518 1113 gloriae
540 1066 818 1113 perfectionem3
840 1065 925 1111 fuga
948 1077 1035 1111 ergo
1056 1066 1162 1111 hujus
1184 1065 1282 1107 mali,
1301 1065 1397 1111 quod
1416 1073 1469 1099 est
1486 1065 1567 1099 Deo
1588 1076 1664 1099 non

103 1120 241 1166 subjici,
264 1128 301 1154 ut
322 1120 501 1166 possibilis
521 1128 682 1162 naturae,
704 1119 937 1165 impossibilis
956 1127 1078 1153 autem
1095 1119 1316 1161 beatitudini,
1332 1121 1397 1153 erit
1416 1119 1453 1152 in
1471 1118 1605 1165 patria:
1625 1117 1663 1152 in

103 1175 160 1208 via
194 1181 316 1209 autem
349 1181 402 1208 est
434 1173 518 1219 fuga
550 1174 656 1218 hujus
684 1174 784 1215 mali,
807 1181 845 1207 ut
879 1173 1029 1207 omnino
1063 1172 1258 1218 possibilis;
1281 1180 1316 1206 et
1336 1172 1417 1206 ideo
1441 1171 1550 1217 Greg.
1572 1171 1664 1206 dicit

108 1239 158 1273 17.
177 1226 305 1261 Moral.
329 1238 511 1273 exponens
533 1226 620 1260 illud
637 1226 704 1272 Job
730 1237 803 1271 27.:
829 1227 1009 1261 Columnae
1031 1226 1110 1260 coeli
1135 1226 1400 1266 contremiscunt,
1420 1230 1450 1260 et
1469 1230 1595 1271 pavent
1620 1224 1663 1258 ad

103 1286 222 1316 nutum
243 1283 310 1326 ejus
332 1281 426 1326 (cap.
453 1291 504 1325 17.
526 1280 562 1313 in
584 1279 678 1324 fin.):
699 1280 833 1325 «ipsae
853 1279 1001 1313 virtutes
1023 1278 1248 1320 coelestium,
1267 1290 1358 1324 quae
1379 1278 1475 1312 hunc
1497 1279 1573 1312 sine
1591 1289 1664 1312 ces-

103 1334 242 1368 satione
262 1333 499 1379 conspiciunt,
514 1333 549 1367 in
565 1334 640 1379 ipsa
660 1332 967 1378 contemplatione
987 1332 1289 1366 contremiscunt:
1312 1331 1374 1365 sed
1395 1331 1492 1365 idem
1514 1338 1662 1373 tremor,

104 1399 148 1421 ne
171 1388 221 1421 eis
243 1387 404 1433 poenalis
427 1387 482 1428 sit,
504 1398 578 1420 non
603 1386 743 1420 timoris
771 1393 833 1427 est,
863 1385 925 1420 sed
956 1385 1203 1419 admirationis
1225 1396 1265 1418 »ε
1288 1385 1371 1430 quia
1397 1383 1534 1418 scilicet
1554 1383 1664 1418 admi-

105 1449 227 1474 rantur
248 1441 369 1474 Deum
392 1448 430 1474 ut
450 1451 556 1486 supra
583 1451 620 1474 se
647 1439 872 1480 existentem,
895 1447 929 1472 et
955 1439 1005 1472 eis
1030 1437 1448 1483 incomprehensibilem.
1470 1437 1662 1483 Augustin.

105 1494 213 1528 etiam
240 1504 290 1536 14.
314 1494 356 1527 de
380 1493 487 1527 Civit.
509 1493 580 1527 Dei
594 1494 683 1539 (cap.
699 1494 746 1538 9.)
763 1493 834 1526 hoc
856 1492 968 1526 modo
991 1492 1093 1537 ponit
1112 1492 1283 1525 timorem
1304 1492 1340 1524 in
1359 1492 1483 1536 patria,
1498 1489 1662 1536 quamvis

104 1548 174 1581 hoc
197 1547 260 1581 sub
284 1547 392 1580 dubio
415 1546 654 1592 derelinquat:
675 1559 692 1578 t(
716 1545 856 1587 Timor,
878 1545 1004 1591 inquit,
1026 1545 1086 1579 ille
1108 1553 1227 1579 castus
1248 1555 1463 1590 permanens
1484 1544 1521 1577 in
1542 1555 1664 1578 saecu-

103 1601 179 1635 lum
201 1600 347 1642 saeculi,
369 1601 399 1634 si
420 1602 485 1634 erit
505 1601 541 1634 in
562 1599 681 1634 futuro
704 1599 863 1641 saeculo,
884 1610 958 1633 non
981 1599 1046 1633 erit
1067 1598 1177 1632 timor
1199 1605 1377 1632 exterrens
1396 1609 1416 1632 a
1437 1596 1547 1640 malo,
1566 1598 1662 1643 quod

104 1655 267 1688 accidere
290 1661 419 1700 potest,
438 1653 499 1688 sed
520 1661 647 1688 tenens
669 1653 705 1687 in
727 1653 837 1694 bono,
859 1652 955 1698 quod
980 1652 1095 1686 amitti
1116 1663 1190 1686 non
1211 1659 1339 1698 potest.
1362 1651 1434 1686 Ubi
1455 1651 1552 1685 enim
1579 1651 1663 1685 boni

105 1708 223 1754 adepti
244 1719 348 1741 amor
369 1706 603 1741 immutabilis
626 1714 689 1748 est,
711 1705 885 1752 profecto,
908 1705 938 1739 si
960 1705 1029 1739 dici
1051 1713 1180 1750 potest,
1203 1704 1290 1738 mali
1312 1704 1464 1738 cavendi
1483 1704 1593 1738 timor
1613 1715 1664 1738 se-

105 1773 210 1795 curus
232 1769 294 1795 est.
319 1760 479 1794 Timoris
502 1760 632 1806 quippe
655 1759 742 1793 casti
763 1759 912 1792 nornine
940 1769 981 1792 ea
1003 1757 1170 1792 voluntas
1196 1757 1396 1803 significata
1423 1765 1486 1798 est,
1505 1768 1574 1802 qua
1594 1767 1662 1791 nos

103 1826 252 1849 necesse
274 1814 340 1848 erit
360 1813 458 1847 nolle
472 1824 636 1859 peccare,
652 1821 686 1847 et
699 1823 772 1846 non
795 1811 1036 1846 sollicitudine
1058 1811 1273 1845 infirmitatis
1287 1822 1332 1844 ne
1347 1810 1438 1844 forte
1457 1820 1662 1855 peccemus,

103 1868 164 1902 sed
186 1867 442 1913 tranquillitate
464 1866 648 1900 charitatis
676 1876 801 1899 cavere
834 1872 1040 1910 peccatum:
1064 1872 1124 1898 aut
1145 1864 1174 1898 si
1195 1863 1326 1897 nullius
1349 1863 1498 1897 omnino
1520 1863 1662 1907 generis

104 1921 213 1955 timor
234 1921 282 1954 ibi
304 1932 381 1955 esse
403 1920 544 1965 poterit,
567 1919 615 1953 ita
636 1918 787 1953 fortasse
813 1918 923 1952 timor
949 1918 985 1950 in
1012 1917 1197 1951 saeculum
1219 1916 1354 1951 saeculi
1379 1916 1493 1950 dictus
1515 1923 1568 1950 est
1588 1927 1662 1962 per-

105 1986 267 2016 manens,
291 1974 372 2020 quia
394 1973 428 2007 id
451 1972 685 2019 permanebit,
707 1983 778 2018 quo
801 1972 910 2006 timor
931 1971 1006 2016 ipse
1028 1970 1189 2017 perducit
1207 1984 1237 2004 ».

176 2029 236 2063 AD
265 2038 415 2063 PRIMUM
444 2038 530 2071 ergo
559 2025 764 2067 dicendum,
800 2025 896 2071 quod
917 2025 954 2058 in
977 2025 1188 2058 auctoritate
1215 2023 1395 2070 praedicta
1418 2021 1616 2056 excluditur
1642 2033 1662 2056 a

104 2082 217 2116 beatis
238 2081 348 2115 timor
369 2079 636 2115 solicitudinem
657 2079 805 2120 habens,
825 2079 867 2112 de
889 2077 987 2112 malo
1010 2088 1239 2122 praecavens,
1254 2087 1327 2110 non
1350 2084 1470 2110 autem
1490 2075 1600 2109 timor
1613 2086 1663 2110 se-

106 2146 222 2176 curus,
245 2142 283 2168 ut
303 2135 456 2179 August.
478 2133 563 2167 dicit
585 2132 663 2176 (loc.
683 2139 755 2179 sup.
778 2131 860 2176 cit).

177 2189 237 2222 AD
252 2197 458 2222 SECUNDUM
473 2185 678 2227 dicendum,
701 2185 808 2231 quod,
830 2185 922 2218 sicut
940 2183 1025 2217 dicit
1042 2183 1238 2229 Dionysius
1254 2193 1286 2227 c).
1304 2193 1380 2227 cap.
1397 2182 1439 2216 de
1454 2181 1536 2216 Div.
1551 2181 1660 2215 Nom.

107 2243 145 2286 (ιι
166 2241 248 2275 med.
268 2241 338 2275 lect.
359 2241 417 2285 3.):
443 2252 460 2271 «
483 2239 619 2273 Eadem
642 2247 677 2273 et
698 2237 829 2273 similia
844 2245 926 2272 sunt
943 2237 1036 2278 Deo,
1056 2244 1090 2270 et
1108 2235 1312 2270 dissimilia:
1334 2235 1425 2269 haec
1448 2234 1595 2280 quidem
1612 2245 1662 2268 se-

107 2295 265 2329 cundum
288 2296 558 2337 contingentem
580 2303 654 2326 non
675 2291 858 2325 imitabilis
879 2290 1121 2324 imitationem
1144 2302 1176 2330 >›,
1195 2288 1286 2322 idest
1308 2288 1522 2333 inquantum
1539 2298 1663 2322 secun-

106 2349 191 2382 dum
213 2358 319 2382 suum
341 2357 446 2392 posse
468 2346 654 2379 imitantur
675 2344 880 2390 Deum,qui
894 2354 967 2377 non
983 2351 1035 2376 est
1049 2341 1203 2388 perfecte
1226 2341 1428 2375 imitabilis:
1454 2341 1585 2374 «Haec
1605 2351 1662 2374 au-

106 2410 178 2436 tem
205 2399 404 2435 secundum
431 2399 526 2444 quod
554 2399 611 2432 hic
640 2406 784 2432 causata
811 2397 929 2431 minus
963 2396 1095 2429 habent
1123 2406 1141 2428 a
1169 2406 1275 2428 causa
1302 2394 1447 2428 infinitis
1483 2393 1661 2428 mensuris

106 2463 139 2488 et
161 2452 502 2499 incomparabilibus
525 2451 726 2485 deficientia
749 2463 789 2492 »3
812 2450 905 2484 unde
932 2460 1005 2482 non
1032 2456 1184 2493 oportet,
1218 2449 1244 2481 si
1279 2447 1359 2481 Deo
1394 2458 1467 2480 non
1494 2446 1663 2481 convenit

105 2508 225 2549 timor,
247 2507 329 2552 quia
355 2517 429 2539 non
454 2505 562 2538 habet
588 2504 821 2549 superiorem,
850 2503 906 2536 cui
940 2502 1156 2546 subjiciatur,
1191 2501 1286 2546 quod
1321 2509 1465 2546 propter
1490 2500 1561 2533 hoc
1588 2511 1661 2534 non

107 2561 299 2594 conveniat
316 2559 440 2600 beatis,
460 2569 613 2603 quorum
628 2557 809 2591 beatitudo
827 2556 989 2590 consistit
1003 2555 1037 2588 in
1058 2553 1213 2600 perfecta
1237 2554 1456 2599 subjectione
1471 2554 1513 2587 ad
1529 2553 1660 2587 Deum.

178 2614 237 2647 AD
261 2623 430 2647 Tmt'slun
453 2611 657 2652 dicendum,
681 2610 775 2655 quod
799 2621 878 2654 spes
900 2609 1069 2654 importat
1092 2608 1284 2653 quemdam
1308 2607 1499 2648 desectum,
1526 2606 1662 2641 scilicet

107 2667 305 2700 absentiam
336 2665 396 2710 [al.
417 2664 666 2710 futuritionam]
695 2662 906 2703 beatudinis,
935 2673 1024 2707 quae
1051 2660 1187 2694 tollitur
1214 2672 1275 2706 per
1303 2661 1376 2705 ejus
1403 2660 1660 2706 praesentiam:

107 2719 167 2752 sed
185 2719 293 2752 timor
314 2719 485 2764 importat
506 2716 684 2751 defectum
706 2715 907 2749 naturalem
931 2722 1125 2755 creaturae,
1145 2714 1343 2747 secundum
1366 2714 1462 2759 quod
1482 2712 1660 2746 inlinitum

107 2772 213 2805 distat
235 2784 253 2805 a
275 2773 373 2806 Deo:
397 2771 493 2817 quod
516 2770 623 2804 etiam
645 2770 681 2803 in
696 2769 809 2815 patria
828 2767 1043 2809 remanebit,
1065 2775 1099 2801 et
1116 2767 1198 2801 ideo
1216 2767 1325 2800 timor
1343 2778 1416 2802 non
1431 2765 1660 2800 evacuabitur

107 2825 274 2859 totaliter.
