1859 3122
385 186 606 222 QUAESTIO
641 185 786 216 XLVIII.
822 185 1065 216 ARTICULUS
1100 186 1274 216 UNICUS.
1530 187 1610 230 373

54 271 184 312 demin,
200 281 291 316 quae
313 278 367 304 cst
389 269 625 303 multitudinis
644 268 806 313 regitiva,
821 268 990 302 dividitur
1011 268 1046 302 in
1069 268 1228 302 diversas
1250 267 1400 314 species,
1415 267 1615 302 secundum

53 325 210 359 diversas
233 323 368 369 species
392 322 645 357 multitudinis:
666 331 718 357 cst
733 323 829 356 enim
844 321 1003 368 quaedam
1019 321 1212 356 multitudo
1233 322 1387 355 adunata
1407 321 1449 355 ad
1470 321 1615 367 aliquod

54 377 208 424 speciale
230 377 439 422 negotium余
457 377 548 410 sicut
563 376 737 411 exercitus
752 384 992 421 congregatur
1011 376 1054 409 ad
1073 375 1328 420 pugnandum3
1351 376 1450 420 cujus
1465 375 1616 421 regitiva

53 439 106 465 est
122 431 299 478 prudentia
322 431 499 465 militaris:
521 429 681 475 quaedam
704 441 789 463 vero
813 428 1005 463 multitudo
1029 437 1082 462 est
1103 429 1257 462 adunata
1281 429 1323 462 ad
1345 436 1461 462 totam
1484 429 1615 470 vitam3

53 485 144 518 sicut
165 484 356 518 multitudo
381 484 483 518 unius
506 484 647 524 domus,
674 483 732 517 vel
754 483 931 524 {amiliae3
955 483 1054 527 cujus
1078 483 1229 527 regitiva
1257 490 1309 516 est
1330 482 1509 528 prudentia
1531 494 1618 516 oeco-

53 539 208 572 nomica:
231 545 264 571 et
286 537 395 571 etiam
418 537 609 571 multitudo
633 537 736 570 unius
760 536 926 577 civitatis,
949 535 1005 569 vel
1040 536 1160 581 regni3
1193 537 1292 580 cujus
1315 535 1461 581 quidem
1493 535 1617 579 regula

53 591 223 625 directiva
246 599 298 625 est
320 591 353 624 in
377 591 535 637 principe
558 591 740 634 regnczlivcz,
764 590 798 623 in
821 590 968 623 subditis
988 597 1108 623 autem
1125 589 1264 635 politica
1283 589 1495 635 simpliciter
1510 589 1615 623 dicta.

55 645 93 679 Si
122 656 208 679 vero
243 645 430 690 prudentia
460 652 622 678 sumatur
643 643 753 688 large,
776 643 975 678 secundum
998 643 1096 688 quod
1116 642 1268 676 includit
1289 642 1397 676 etiam
1429 642 1617 677 scientiam

53 698 326 744 speculativam,
350 706 386 731 ut
408 709 513 743 supra
536 697 671 731 dictum
699 705 751 731 est
775 696 818 742 (q.
835 703 948 743 praes.
972 701 1035 730 art.
1058 707 1088 730 2.
1112 696 1153 730 ad
1175 696 1236 740 2.),
1260 704 1344 730 tunc
1366 696 1475 730 etiam
1498 705 1616 742 partes

54 754 128 797 ejus
151 760 333 797 ponuntur
355 752 554 792 Dinlectica,
580 751 766 793 Rhetorica,
790 758 824 784 et
843 751 991 796 Physica,
1015 749 1216 784 secundum
1243 757 1314 784 tres
1342 750 1472 783 modos
1495 761 1618 795 proce-

54 805 160 840 dendi
181 806 216 839 in
238 805 413 840 scientiis:
437 816 591 850 quorum
613 816 695 838 nnus
717 812 769 838 est
790 816 852 850 per
874 803 1224 837 demonstrationem
1253 804 1296 836 ad
1323 803 1511 837 scientiam
1539 815 1619 837 cau-

53 859 226 901 sandam3
261 859 357 904 quod
388 859 539 905 pertinet
573 857 615 891 ad
650 858 834 903 physic-(2111,
863 865 900 891 ut
926 857 989 891 sub
1024 857 1181 903 Physica
1215 856 1461 902 intelligantur
1488 868 1616 890 omnes

53 913 223 947 scientiae
246 912 567 946 demonstrativae:
591 911 674 945 alius
696 911 826 944 modus
849 918 902 945 est
924 922 966 944 ex
985 909 1228 956 probabilibus
1257 910 1301 944 ad
1328 910 1540 956 opinionem
1568 909 1618 944 fa<

53 966 238 1008 ciendam余
259 966 355 1012 quod
376 965 530 1011 pertinet
543 965 587 999 ad
602 965 845 999 Dirzlssrticam:
866 966 979 999 tertius
994 963 1125 998 modus
1141 972 1193 997 est
1209 974 1250 998 ex
1267 963 1482 1010 quibusdam
1502 964 1619 1009 conje-

54 1021 161 1054 cturis
189 1020 232 1053 ad
259 1019 504 1065 suspicionem
530 1018 783 1060 inducendam,
806 1017 864 1051 vel
892 1017 935 1051 ad
964 1017 1167 1063 aliqualiter
1188 1017 1500 1063 persuadendum3
1523 1017 1619 1063 quod

54 1073 206 1120 pertinet
227 1073 270 1107 ad
292 1073 523 1108 Rhetoricam:
546 1080 664 1118 potest
684 1080 807 1106 tamen
836 1071 917 1113 dici,
940 1071 1037 1117 quod
1064 1071 1155 1105 haec
1177 1071 1244 1105 tria
1266 1071 1445 1117 pertinent
1472 1071 1515 1105 ad
1543 1083 1621 1117 pru-

54 1127 214 1161 dentiam
247 1126 356 1160 etiam
389 1126 532 1172 proprie
566 1125 711 1168 dictam,
735 1136 826 1171 quae
861 1125 1096 1159 ratiocinatur
1116 1124 1299 1158 interdum
1327 1136 1368 1158 ex
1394 1125 1620 1166 necessariis,

52 1180 233 1214 interdum
256 1191 297 1214 ex
318 1179 572 1225 probabilibus,
593 1179 774 1214 interdum
797 1187 917 1213 autem
941 1190 983 1213 ex
1005 1179 1220 1225 quibusdam
1243 1179 1472 1225 conjecturis.
1495 1180 1619 1213 Partes

55 1242 175 1268 autem
192 1232 406 1279 potentiales
426 1233 575 1278 alicujus
590 1233 729 1267 virtutis
744 1233 910 1266 dicuntur
924 1233 1072 1266 virtutes
1088 1233 1288 1278 adjunctae,
1304 1244 1395 1279 quae
1411 1233 1622 1267 ordinantur

55 1288 98 1321 ad
120 1287 258 1333 aliquos
280 1287 512 1321 secundarios
540 1294 650 1328 actus,
673 1286 731 1320 vel
753 1286 931 1329 materias,
952 1287 1054 1332 quasi
1072 1297 1146 1320 non
1168 1286 1342 1320 habentes
1362 1294 1477 1320 totam
1496 1295 1621 1332 poten-

54 1341 142 1375 tiam
157 1340 363 1386 principalis
376 1340 534 1374 virtutis:
551 1348 585 1374 et
599 1340 799 1374 secundum
814 1340 885 1373 hoc
901 1348 1082 1386 ponuntur
1097 1347 1215 1385 partes
1232 1339 1441 1385 prudentiae
1455 1353 1461 1375 :
1477 1340 1620 1382 ambulaz,

54 1405 145 1440 quae
167 1402 220 1428 est
241 1394 336 1427 circa
358 1393 571 1428 consilium:
593 1394 719 1439 synesis,
740 1404 831 1440 quae
855 1401 907 1427 est
926 1393 1021 1427 circa
1040 1393 1215 1438 judicium
1231 1404 1370 1435 eorum,
1386 1405 1477 1440 quae
1496 1405 1620 1427 secun-

56 1447 141 1481 dum
163 1447 305 1493 regulas
328 1458 542 1481 communes
569 1446 673 1481 fiunt:
698 1455 733 1481 et
752 1459 879 1492 gnoma,
903 1458 995 1492 quae
1023 1454 1076 1480 est
1102 1447 1197 1480 circa
1222 1446 1398 1492 judicium
1421 1458 1560 1489 eorum,
1582 1447 1618 1481 in

56 1501 182 1547 quibus
205 1509 347 1546 oportet
364 1501 580 1546 quandoque
604 1512 622 1534 a
645 1501 833 1535 communi
851 1500 931 1546 lege
949 1500 1136 1535 recedere:
1153 1500 1334 1546 prudentia
1352 1511 1438 1534 vero
1459 1508 1511 1535 est
1525 1501 1622 1535 circa

56 1554 292 1600 principalem
315 1562 446 1595 actum,
469 1554 530 1600 qui
552 1562 605 1588 est
625 1555 845 1600 praecipere.

127 1608 187 1641 AD
209 1618 358 1642 PRIMUM
373 1618 459 1653 ergo
482 1607 687 1648 dicendum,
710 1607 818 1652 quod,
838 1606 999 1641 diversae
1019 1606 1280 1652 assignationes
1299 1606 1477 1648 differunt,
1496 1618 1623 1641 secun-

57 1661 144 1694 dum
175 1661 271 1706 quod
299 1661 439 1694 diversa
461 1671 593 1706 genera
622 1660 777 1706 partium
805 1669 998 1706 ponuntur,
1020 1660 1078 1694 vel
1104 1660 1302 1695 secundum
1339 1661 1435 1706 quod
1457 1661 1520 1695 sub
1552 1672 1623 1695 una

57 1722 155 1760 parte
171 1714 275 1748 unius
291 1714 544 1759 assignationis
558 1713 789 1748 includuntur
804 1714 938 1748 multae
953 1722 1070 1760 partes
1087 1714 1230 1748 alterius
1246 1714 1515 1760 assignationis:
1531 1715 1623 1749 sicut

57 1767 200 1802 Tullius
226 1768 288 1801 sub
317 1768 541 1814 providentia
562 1767 731 1802 includit:
759 1769 954 1809 cautionem,
978 1776 1012 1802 et
1038 1769 1384 1814 circumspectionem余
1408 1768 1471 1802 sub
1493 1768 1622 1802 intelli-

57 1822 177 1867 gentia
199 1830 336 1856 autem:
360 1823 533 1863 rationem,
556 1821 769 1864 docilitatem,
790 1830 824 1855 et
844 1822 1022 1856 solertiam.

128 1875 188 1909 AD
219 1885 426 1909 SECUNDUM
449 1875 653 1916 dicendum,
676 1875 772 1921 quod
803 1875 1057 1917 oeconomica,
1080 1883 1114 1909 et
1135 1874 1282 1920 politica
1303 1886 1378 1909 non
1400 1875 1623 1921 accipiuntur

55 1929 126 1970 hic,
144 1928 343 1963 secundum
365 1928 461 1975 quod
480 1937 562 1963 sunt
583 1928 764 1970 scientiae,
779 1928 840 1962 sed
855 1928 1054 1962 secundum
1070 1929 1167 1974 quod
1182 1937 1263 1963 sunt
1284 1929 1495 1974 prudentiae
1515 1940 1622 1975 quae-

57 1982 160 2016 dam:
183 1983 226 2016 de
249 1981 325 2016 aliis
349 1990 470 2016 autern
491 1982 602 2016 tribus
624 1990 721 2028 patet
742 1982 930 2028 responsio
953 1993 995 2016 ex
1015 1982 1118 2016 dictis
1139 1984 1189 2026 (in
1215 1989 1305 2029 corp.
1327 1983 1420 2027 art).

128 2035 187 2069 AD
207 2045 378 2070 TERTIUM
401 2035 606 2077 dicendum,
626 2035 722 2081 quod
738 2036 861 2069 omnia
883 2034 944 2069 illa
966 2043 1148 2081 ponuntur
1167 2043 1284 2082 partes
1306 2036 1528 2082 prudentiae,
1548 2047 1622 2070 non

58 2089 257 2123 secundum
279 2100 382 2123 suam
411 2089 724 2132 communitatem,
747 2089 807 2123 sed
835 2089 1034 2123 secundum
1056 2089 1152 2135 quod
1174 2100 1212 2123 se
1233 2089 1368 2123 habent
1390 2089 1433 2123 ad
1456 2101 1509 2132 ea,
1531 2101 1622 2136 quae

58 2142 237 2189 pertinent
258 2143 301 2176 ad
323 2142 562 2189 prudentiam.

129 2196 189 2230 AD
216 2206 404 2234 QUARTUM
426 2195 629 2238 dicendum,
653 2196 748 2242 quod
771 2203 865 2230 recte
888 2196 1105 2242 praecipere,
1129 2203 1163 2230 et
1183 2195 1323 2230 ratione
1345 2196 1395 2230 uti
1418 2207 1560 2242 semper
1582 2207 1619 2230 se

59 2249 368 2291 concomitantur余
391 2249 474 2294 quia
501 2249 544 2283 ad
566 2256 798 2296 praeceptum
826 2249 973 2283 rationis
997 2249 1156 2295 sequitur
1179 2249 1384 2283 obedientia
1410 2249 1621 2283 inferiorum

59 2302 202 2344 virium,
224 2313 315 2348 quae
334 2302 511 2348 pertinent
532 2302 575 2336 ad
597 2314 713 2336 usum.
1186 2330 1189 2331 粒

130 2355 190 2389 AD
207 2366 387 2395 QuiNTUM
403 2355 607 2398 dicendum,
623 2356 720 2402 quod
735 2355 927 2391 solicitudo
942 2355 1135 2391 includitur
1152 2356 1189 2390 in
1208 2356 1348 2391 ratione
1363 2356 1621 2403 providentiae.

205 2973 234 3000 S.
255 2973 376 3000 Tuomoe
399 2974 502 3000 Summa
529 2974 687 3010 Theologica.
709 2976 772 3002 Vol.
797 2975 849 3002 .
