1859 3122
495 183 715 219 QUAESTIO
750 182 836 212 XLI.
868 182 1112 212 ARTICULUS
1146 182 1189 212 ΙΙ.
1556 181 1635 224 321

83 277 157 300 non
179 265 275 300 enim
298 264 428 300 sufficit
448 265 551 307 irato,
579 265 675 311 quod
698 264 848 299 latenter
869 272 1000 298 noceat
1027 264 1059 298 ei
1086 271 1212 298 contra
1238 275 1346 310 quem
1372 263 1553 305 irascitur;
1581 262 1642 297 sed

83 319 170 362 vult,
192 320 287 365 quod
314 319 389 365 ipse
416 319 556 361 sentiat,
579 327 612 353 et
634 318 730 365 quod
753 326 878 352 contra
900 317 1126 352 voluntatem
1147 329 1250 352 suam
1271 317 1404 363 aliquid
1427 317 1581 362 patiatur
1606 317 1642 350 in

83 373 280 407 vindictam
303 374 377 418 ejus
400 373 495 418 quod
518 372 619 415 fecit;
643 380 679 406 ut
700 379 797 418 patet
818 383 880 416 per
896 382 937 405 ea
953 382 1044 416 quae
1067 383 1172 416 supra
1195 371 1289 405 dicta
1311 379 1393 405 sunt
1411 371 1454 404 de
1476 370 1642 417 passione

82 426 156 461 irae
180 426 255 470 (1-2.
278 438 308 471 q.
327 427 384 470 46.
407 431 471 461 art.
495 426 527 461 6.
550 426 591 460 ‹ziz'
613 426 676 470 2.);
700 434 734 459 et
755 424 836 458 ideo
859 424 933 458 rixa
960 425 1103 470 proprie
1127 425 1236 458 oritur
1260 436 1300 458 ex
1322 425 1385 458 ira.

153 480 213 514 AD
236 491 385 515 Pitinum
407 491 494 524 ergo
518 479 721 519 dicendum,
744 478 840 524 quod
863 478 955 512 sicut
975 489 1082 523 supra
1100 478 1235 512 dictum
1259 486 1312 512 est
1332 479 1412 523 (1-2.
1428 490 1457 524 q.
1472 489 1519 524 25.
1535 483 1600 513 art.
1616 487 1643 511 Ι.

82 537 111 568 cl
131 534 192 578 2),
216 544 343 567 omnes
366 534 549 579 passiones
571 531 758 566 irascibilis
781 544 823 566 ex
845 531 1071 577 passionibus
1094 531 1385 576 concupiscibilis
1408 532 1590 565 oriuntur:
1610 538 1644 564 et

83 587 283 621 secundum
318 587 388 620 lioc
423 586 522 628 illud,
549 585 645 632 quod
672 585 835 631 proxime
858 585 970 619 oritur
993 596 1034 619 ex
1054 585 1118 626 ira,
1142 585 1254 618 oritur
1276 585 1385 619 etiam
1413 597 1454 620 ex
1478 585 1646 631 concupi-

84 640 232 681 scentia,
255 641 346 674 sicut
368 652 409 674 ex
431 640 545 685 prima
568 639 698 673 radice.

156 693 215 728 AD
243 704 449 729 SECUNDUM
470 692 674 734 dicendum,
697 692 792 738 quod
814 691 973 737 jactatio,
996 700 1030 726 et
1056 691 1216 726 dilatatio
1244 691 1310 734 sui,
1332 703 1423 738 quae
1446 692 1484 726 iit
1505 703 1566 738 per
1592 703 1646 726 su-

85 747 259 794 perbiam,
281 746 339 782 vel
368 747 514 781 inanem
537 745 703 792 gloriam,
725 756 799 779 non
822 745 955 779 directe
979 746 1137 779 concitat
1157 745 1327 791 jurgium,
1350 754 1409 779 aut
1431 746 1556 787 rixam,
1582 745 1644 779 sed

85 800 381 843 occasionaliter3
403 801 616 846 inquantum
637 798 775 833 scilicet
796 810 839 833 ex
859 799 931 832 hoc
955 799 1157 833 concitatur
1175 799 1238 840 ira,
1258 799 1344 832 dum
1364 799 1490 844 aliquis
1513 799 1579 833 sibi
1601 798 1644 832 ad

85 855 253 900 injuriam
275 862 424 900 reputat,
439 854 535 900 quod
551 852 638 888 alter
656 852 689 887 ei
715 864 791 886 sese
818 851 1012 898 praeferat3
1035 860 1070 887 et
1090 853 1141 886 sic
1164 863 1207 886 ex
1228 852 1281 886 ira
1302 860 1498 898 sequuntur
1519 853 1647 900 jurgia,

87 916 122 942 et
143 919 249 942 rixae.

157 962 217 996 AD
238 971 407 1008 TERTrUM
423 960 627 1002 dicendum,
642 959 738 1006 quod
753 959 815 1001 ira,
835 959 927 994 sicut
948 971 1054 1006 supra
1076 959 1213 994 dictum
1233 967 1285 994 est
1303 959 1426 1005 (1-2.q.
1441 961 1495 1004 48.
1512 965 1576 995 art.
1589 960 1645 1006 3.),

85 1015 236 1061 impedit
256 1014 428 1060 judicium
449 1014 615 1056 rationis;
638 1013 732 1048 unde
754 1013 864 1048 habet
884 1013 1158 1048 similitudinem
1180 1025 1264 1047 cum
1285 1013 1446 1055 stultitia,
1461 1021 1496 1048 et
1514 1025 1554 1048 ex
1574 1014 1646 1047 hoc

86 1069 255 1115 sequitur,
277 1067 373 1114 quod
394 1067 552 1102 habeant
573 1078 808 1101 communem
830 1066 1019 1100 effectum:
1043 1078 1086 1101 ex
1108 1066 1252 1101 defectu
1274 1067 1372 1102 enim
1393 1067 1542 1102 rationis
1566 1079 1648 1102 con-

87 1121 203 1167 tingit,
225 1121 321 1167 quod
344 1120 471 1166 aliquis
492 1120 694 1154 inordinate
717 1119 828 1154 aliurn
850 1119 992 1154 laedere
1014 1119 1172 1154 molitur.

152 1175 212 1209 AD
235 1184 421 1213 QUARTUM
440 1174 644 1215 dicendum,
667 1173 764 1219 quod
786 1173 872 1215 rixa,
895 1174 960 1208 etsi
982 1174 1200 1220 quandoque
1226 1185 1269 1208 ex
1290 1175 1374 1209 odio
1397 1175 1543 1217 oriatur,
1571 1186 1645 1209 non

87 1235 209 1263 tamen
231 1235 282 1261 est
303 1227 468 1273 proprius
491 1226 638 1261 effectus
657 1227 749 1261 odii:
773 1227 855 1273 quia
874 1235 1014 1273 praeter
1035 1227 1274 1262 intentionem
1297 1228 1451 1262 odientis
1473 1236 1537 1270 est,
1552 1228 1648 1274 quod

88 1281 216 1322 rixose,
235 1288 270 1315 et
292 1280 479 1315 manifeste
509 1280 699 1314 inimicum
725 1279 862 1314 laedat:
890 1281 1107 1326 quandoque
1134 1281 1231 1315 enim
1259 1281 1368 1315 etiarn
1395 1281 1538 1316 occulte
1565 1293 1649 1316 eum

89 1333 231 1369 laedere
255 1334 411 1380 quaerit3
427 1333 488 1368 sed
500 1333 643 1379 quando
658 1333 757 1368 videt
774 1345 811 1368 se
833 1333 1053 1380 praevalere,
1070 1345 1152 1368 curn
1169 1335 1255 1376 rixa,
1270 1342 1305 1368 et
1318 1335 1434 1380 jurgio
1450 1335 1651 1369 laesionem

88 1387 256 1422 intendit:
279 1388 340 1421 sed
362 1387 479 1421 rixose
502 1387 661 1433 aliquem
687 1386 829 1421 laedere
853 1394 905 1421 est
930 1389 1094 1433 proprius
1122 1387 1271 1422 effectus
1296 1388 1383 1430 irae,
1410 1389 1549 1422 ratione
1576 1390 1649 1434 jam

90 1441 185 1475 dicta
208 1440 257 1485 (in
279 1441 397 1487 corp).

162 1494 221 1528 AD
251 1505 430 1533 QUINTUM
458 1494 664 1536 dicendum,
693 1493 789 1540 quod
817 1505 859 1528 ex
886 1494 969 1528 rixis
995 1494 1155 1540 sequitur
1182 1495 1318 1536 odium,
1353 1504 1387 1529 et
1409 1495 1588 1529 discordia
1614 1495 1649 1528 in

93 1547 260 1582 cordibus
283 1547 496 1589 rixantium3
519 1555 553 1581 et
573 1547 655 1581 ideo
677 1547 737 1581 ille
754 1547 814 1593 qui
828 1548 1031 1589 meditatur,
1053 1548 1144 1582 idest
1159 1548 1219 1593 qui
1232 1548 1384 1582 intendit
1405 1549 1496 1582 inter
1511 1548 1650 1594 aliquos

92 1601 272 1636 seminare
295 1600 503 1642 discordias,
525 1608 695 1646 procurat
716 1600 812 1646 quod
828 1601 871 1634 ad
890 1600 1046 1634 invicem
1065 1601 1241 1635 rixentur:
1264 1602 1356 1636 sicut
1375 1601 1559 1647 quodlibet
1573 1613 1652 1647 pec-

93 1662 214 1688 catum
233 1662 351 1700 potest
364 1654 541 1700 imperare
557 1662 678 1688 actum
693 1653 837 1688 alterius
860 1654 1009 1699 peccati,
1025 1654 1226 1688 ordinando
1242 1654 1345 1688 illum
1359 1655 1395 1688 in
1409 1667 1514 1689 suum
1529 1655 1649 1688 finem:

94 1707 156 1743 sed
178 1719 220 1742 ex
241 1708 312 1742 hoc
334 1719 408 1742 non
430 1707 599 1754 sequitur,
621 1707 718 1753 quod
739 1707 813 1741 rixa
827 1706 872 1741 sit
891 1706 964 1740 filia
985 1707 1101 1741 inanis
1117 1707 1253 1753 gloriae
1274 1708 1428 1754 proprie,
1451 1716 1486 1742 et
1506 1708 1650 1743 directe.

600 2051 955 2113 QUAESTIO
996 2051 1149 2098 XLII.

283 2188 353 2220 DE
393 2187 711 2227 SEDITIONE,
758 2187 908 2228 QUAE
959 2187 1281 2219 OPPONITUR
1327 2188 1474 2226 PACI,

511 2259 562 2290 IN
599 2259 724 2291 DUOS
763 2259 1024 2290 ARTICULOS
1062 2259 1237 2290 DIVISA.

172 2399 313 2434 Deinde
336 2399 638 2434 considerandum
660 2407 713 2434 est
734 2399 777 2434 de
799 2398 987 2441 seditione,
1010 2410 1101 2445 quae
1124 2399 1318 2446 opponitur
1339 2399 1429 2445 paci.

598 2489 643 2524 Et
664 2490 753 2523 circa
775 2488 833 2523 hoc
855 2493 1058 2534 quaeruntur
1079 2487 1154 2522 duo.

175 2560 309 2594 Primo.
331 2559 462 2594 Utrum
484 2560 528 2594 sit
549 2559 704 2606 speciale
726 2568 926 2606 peccatum.

178 2613 357 2647 Secundo.
381 2613 512 2647 Utrum
533 2614 577 2648 sit
598 2612 751 2648 mortale
772 2621 973 2660 peccatum.
