1859 3122
531 194 751 230 QUAESTIO
787 194 870 224 etv.
905 193 1146 223 ARTICULUS
1181 192 1223 220 11.
1563 190 1644 233 735

91 276 119 310 si
141 284 261 310 autem
283 275 317 309 id
345 275 442 321 quod
469 275 500 309 ei
523 276 749 322 praecipitur,
772 276 815 310 sit
836 283 982 321 propter
1009 285 1045 308 se
1068 273 1100 307 ei
1121 273 1286 313 volitum,
1309 272 1417 305 etiam
1445 270 1577 316 absque
1600 281 1650 304 ra-

89 328 187 362 tione
209 329 401 375 praecepti,
424 329 515 363 sicut
537 329 667 363 accidit
688 331 722 363 in
745 329 934 375 prosperis,
956 329 1030 374 jam
1046 338 1088 361 ex
1111 326 1255 372 propria
1276 325 1462 359 voluntate
1484 324 1595 358 tendit
1613 324 1649 357 in

89 381 189 424 illud,
216 390 250 416 et
269 393 343 416 non
366 382 504 416 videtur
526 382 613 416 illud
635 382 783 429 implere
805 390 951 428 propter
972 388 1216 428 praeceptum,
1238 379 1300 414 sed
1322 386 1468 425 propter
1486 377 1648 411 volunta-

89 443 162 469 tem
178 435 378 481 propriam:
391 436 451 469 sed
473 436 616 481 quando
633 435 719 469 illud
731 436 826 482 quod
842 435 1067 482 praecipitur,
1083 432 1182 467 nullo
1199 432 1309 466 modo
1326 440 1377 466 est
1392 431 1591 466 secundum
1613 442 1649 465 se

90 489 255 531 volitum,
270 490 329 524 sed
347 498 400 524 est
422 491 620 524 secundum
640 502 676 524 se
696 490 965 524 consideratum
981 488 1123 534 propria
1138 486 1315 521 voluntati
1331 496 1545 531 repugnans,
1560 484 1650 518 sicut

89 543 220 577 accidit
240 543 275 576 in
298 543 441 589 asperis,
460 551 544 577 tunc
561 543 711 577 omnino
734 542 964 577 manifestum
993 550 1056 584 est,
1077 540 1172 586 quod
1194 551 1266 574 non
1291 539 1459 585 impletur
1480 538 1547 572 nisi
1573 549 1651 583 pro-

89 604 168 642 pter
189 605 442 642 praeceptum3
469 605 504 631 et
530 597 612 631 ideo
641 596 749 642 Greg.
772 597 856 630 dicit
871 596 905 629 in
921 595 979 629 lib.
1003 594 1064 629 ult.
1088 595 1179 628 Mor.
1209 594 1296 640 (cap.
1319 593 1386 636 10.)
1413 592 1509 638 quod
1535 605 1552 623 «
1571 592 1652 626 obe-

89 649 233 692 dientia,
254 661 345 696 quae
367 650 476 685 habet
503 650 635 696 aliquid
663 650 705 684 de
735 661 800 684 suo
829 651 863 683 in
892 648 1083 695 prosperis,
1106 655 1158 682 est
1184 646 1243 682 vel
1263 645 1373 688 nulla,
1395 645 1453 679 vel
1475 646 1649 687 minor»;

89 702 172 749 quia
189 703 327 738 scilicet
340 703 508 738 voluntas
523 704 666 750 propria
687 715 761 738 non
783 703 922 737 videtur
936 702 1179 749 principaliter
1192 701 1338 736 tendere
1361 700 1403 734 ad
1425 699 1649 746 implendum

89 765 332 802 praeceptum,
354 757 415 792 sed
439 758 482 791 ad
505 757 770 803 assequendum
793 757 978 803 proprium
992 755 1164 790 volitum:
1184 755 1256 788 «In
1272 754 1429 788 adversis
1445 761 1578 794 autem,
1594 751 1650 786 vel

89 808 292 844 difficilibus
314 819 366 845 est
393 812 509 856 maj0r
524 824 560 854 »3
583 811 665 856 quia
687 810 854 844 voluntas
876 809 1019 856 propria
1046 810 1081 843 in
1103 807 1193 842 nihil
1215 807 1310 841 aliud
1336 807 1460 848 tendit,
1483 818 1591 852 quam
1613 806 1648 839 in

89 872 341 910 praeceptum:
365 865 425 898 sed
441 865 512 898 hoc
534 863 809 909 intelligendum
831 871 884 897 est
905 862 1105 897 secundum
1121 862 1166 903 id,
1190 861 1286 907 quod
1309 860 1461 894 exterius
1484 867 1648 906 apparet:

89 917 290 951 secundum
316 926 437 952 tamen
465 918 533 952 Dei
559 918 744 963 judicium,
767 918 825 963 qui
849 916 958 950 corda
982 916 1142 956 rimatur,
1165 922 1282 960 potest
1309 913 1531 958 contingere,
1553 912 1648 958 quod

90 970 199 1004 etiam
221 971 257 1004 in
284 971 463 1018 prosperis
486 971 689 1005 obedientia
709 970 842 1016 aliquid
861 970 904 1003 de
926 980 992 1003 suo
1014 969 1151 1002 habens
1172 979 1246 1002 non
1269 975 1416 1014 propter
1433 967 1505 1000 hoc
1529 966 1574 1000 sit
1589 966 1651 1000 mi-

91 1035 157 1057 nus
179 1023 385 1067 laudabilis;
404 1025 433 1059 si
455 1024 592 1059 scilicet
610 1024 753 1070 propria
773 1023 941 1058 voluntas
964 1021 1162 1057 obedientis
1188 1032 1263 1055 non
1286 1021 1405 1054 minus
1433 1020 1565 1054 devote
1579 1027 1651 1053 ten-

89 1077 149 1111 dat
170 1077 214 1110 ad
234 1077 487 1123 impletionem
508 1078 699 1124 praecepti.

158 1130 219 1164 AD
246 1141 433 1170 QUARTUM
455 1131 660 1172 dicendum,
675 1130 771 1176 quod
787 1129 986 1164 reverentia
1001 1128 1134 1163 directe
1153 1127 1298 1174 respicit
1319 1137 1516 1173 personam
1538 1124 1651 1160 excel-

90 1183 244 1226 lentem;
266 1192 300 1218 et
326 1184 408 1218 ideo
431 1185 630 1218 secundum
658 1184 837 1218 diversam
866 1183 1045 1217 rationem
1067 1181 1302 1216 excellentiae
1329 1181 1488 1214 diversas
1513 1180 1650 1226 species

88 1236 215 1272 habet:
237 1237 442 1272 obedientia
462 1248 548 1271 vero
564 1237 708 1284 respicit
721 1244 954 1283 praeceptum
968 1247 1146 1282 personae
1169 1234 1396 1276 excellentis3
1418 1242 1453 1268 et
1473 1233 1555 1267 ideo
1576 1243 1650 1267 non

90 1297 143 1324 est
169 1289 237 1324 nisi
265 1290 370 1325 unius
398 1291 564 1325 rationis:
601 1290 662 1325 sed
693 1291 777 1337 quia
803 1298 949 1337 propter
978 1289 1216 1323 reverentiam
1242 1299 1418 1334 personae
1445 1287 1651 1322 obedientia

89 1343 237 1378 debetur
259 1346 334 1391 ejus
357 1353 562 1391 praecepto,
578 1356 802 1391 consequens
831 1352 894 1384 est,
917 1343 1013 1389 quod
1041 1342 1245 1377 obedientia
1266 1341 1426 1376 hominis
1452 1341 1497 1375 sit
1523 1341 1650 1375 eadem

91 1398 223 1444 specie,
245 1410 288 1433 ex
309 1399 458 1433 diversis
483 1407 605 1433 tamen
627 1398 746 1444 specie
775 1398 892 1432 causis
918 1396 1128 1443 procedens.

639 1538 984 1584 ARTICULUS
1019 1539 1098 1581 III.
1582 1546 1646 1590 548

366 1648 518 1678 UTRUM
545 1647 814 1677 OBEDIENTIA
835 1647 901 1676 SIT
929 1646 1097 1675 MAXIMA
1121 1644 1363 1674 VIRTUTUM.

681 1735 844 1780 (Philipp.
867 1746 896 1769 2.
921 1734 991 1768 lect.
1009 1735 1066 1780 3.).

161 1824 220 1857 AD
240 1833 411 1858 TERTIUM
432 1825 482 1858 sic
501 1822 716 1869 proceditur.
744 1822 904 1864 Videtur,
932 1821 1028 1868 quod
1051 1821 1255 1855 obedientia
1282 1820 1326 1854 sit
1356 1819 1513 1853 maxima
1545 1819 1650 1853 virtu-

89 1885 186 1912 tum:
208 1876 336 1910 dicitur
352 1877 447 1911 enim
471 1888 498 1910 1.
516 1877 604 1922 Reg.
632 1887 703 1920 15.:
723 1876 845 1910 Melior
858 1881 903 1910 est
924 1875 1106 1910 ohedientia
1126 1886 1224 1920 quam
1237 1875 1410 1909 victimae:
1431 1873 1491 1908 sed
1514 1872 1649 1907 oblatio

90 1930 320 1964 victimarum
346 1931 498 1976 pertinet
524 1930 567 1963 ad
589 1929 814 1975 religionem,
837 1940 928 1975 quae
951 1937 1003 1963 est
1028 1928 1217 1974 potissima
1238 1929 1328 1962 inter
1355 1938 1482 1961 omnes
1503 1926 1650 1960 virtutes

91 1983 260 2025 morales,
282 1992 320 2017 ut
341 1995 383 2018 ex
409 1994 516 2029 supra
537 1982 640 2017 dictis
661 1990 759 2028 patet
779 1979 830 2030 (q.
856 1983 907 2017 81.
933 1987 997 2016 art.
1017 1982 1091 2026 6.);
1122 1993 1208 2028 ergo
1240 1980 1445 2016 obedientia
1467 1988 1519 2015 est
1544 1980 1652 2026 potis-

91 2048 182 2071 sima
207 2044 301 2070 mter
322 2047 450 2070 omnes
476 2044 635 2070 virtutes.

163 2100 194 2124 2.
221 2090 456 2124 PRAETERE.a.
481 2089 680 2135 Gregorius
706 2089 791 2123 dicit
817 2088 878 2122 ult.
905 2088 1033 2122 Moral.
1058 2088 1143 2134 (cap.
1175 2099 1227 2124 10.
1248 2089 1378 2135 princ.)
1406 2088 1502 2134 quod
1533 2100 1550 2119 «
1570 2087 1650 2121 obe-

92 2142 225 2177 dientia
254 2142 332 2176 sola
357 2143 467 2177 virtus
494 2151 558 2184 est,
585 2154 676 2189 quae
697 2142 844 2177 virtutes
872 2150 1030 2177 caeteras
1053 2142 1166 2176 menti
1186 2142 1320 2184 inserit,
1342 2142 1563 2188 insertasque
1594 2153 1651 2175 cu-

92 2196 219 2230 stodit:
242 2209 260 2228 »
285 2195 346 2230 sed
377 2207 484 2230 causa
506 2196 624 2242 potior
651 2204 703 2230 est
733 2195 882 2239 effectu;
909 2207 996 2242 ergo
1025 2196 1229 2230 obedientia
1259 2203 1312 2230 est
1337 2196 1456 2242 potior
1483 2195 1649 2229 omnibus

92 2249 289 2283 virtutibus.

167 2315 195 2349 3.
216 2303 452 2338 PRAETEREA.
477 2303 675 2349 Gregorius
707 2303 792 2337 dicit
817 2303 879 2337 ult.
910 2302 1039 2337 Moral.
1072 2303 1182 2348 (ibid.)
1206 2302 1301 2349 quod
1327 2313 1559 2348 «numquam
1588 2312 1650 2347 per

93 2357 336 2391 obedientiam
359 2357 495 2390 malum
525 2357 630 2391 debet
655 2356 748 2392 fieri:
776 2356 969 2403 aliquando
994 2365 1114 2391 autem
1144 2369 1205 2403 per
1232 2356 1475 2391 obedientiam
1500 2356 1649 2396 bonum,

93 2411 188 2456 quod
211 2411 363 2456 agimus,
385 2410 570 2444 intermitti
593 2410 696 2444 debet
710 2423 750 2445 n:
773 2411 833 2444 sed
848 2422 921 2445 non
942 2411 1236 2456 praetermittitur
1259 2410 1391 2456 aliquid
1413 2409 1481 2442 nisi
1495 2420 1558 2454 pro
1579 2420 1651 2442 me-

91 2463 190 2506 liori;
214 2475 300 2509 ergo
323 2464 539 2505 obedientia,
561 2475 625 2509 pro
648 2475 716 2509 qua
739 2465 1069 2510 praetermittuntur
1099 2464 1195 2498 bona
1217 2463 1369 2497 aliarum
1391 2462 1573 2503 virtutum,
1597 2469 1650 2495 est

92 2517 278 2551 virtutibus
301 2516 377 2551 aliis
399 2516 540 2551 melior.

164 2570 238 2604 SED
261 2581 415 2605 CONTRA
439 2578 502 2611 est,
517 2570 613 2615 quod
636 2570 839 2604 obedientia
860 2571 969 2604 habet
989 2570 1134 2605 laudem
1162 2582 1203 2604 ex
1227 2581 1282 2611 eo,
1305 2569 1401 2615 quod
1421 2581 1461 2603 ex
1477 2568 1649 2602 charitate

91 2623 271 2669 procedit:
300 2623 384 2658 dicit
407 2625 503 2657 enim
527 2623 636 2668 Greg.
664 2623 725 2657 ult.
748 2623 876 2658 Moral.
901 2623 1010 2669 (ibid.)
1043 2624 1137 2670 quoti
1163 2623 1399 2657 «obedientia
1429 2633 1503 2656 non
1530 2621 1649 2656 servili

92 2684 202 2718 metu,
237 2677 301 2711 sed
328 2677 510 2711 charitatis
544 2675 673 2710 affectu
700 2677 875 2711 servanda
898 2685 968 2719 est3
996 2688 1068 2710 non
1097 2677 1227 2710 timore
1254 2687 1404 2722 poenae,
1434 2675 1495 2709 sed
1525 2686 1649 2709 amore

92 2729 248 2775 justitiae
263 2741 302 2772 »3
329 2741 416 2775 ergo
439 2729 593 2763 charitas
616 2738 669 2764 est
689 2730 807 2776 potior
828 2731 950 2772 virtus,
972 2742 1081 2776 quam
1104 2730 1317 2764 obedientia.

164 2783 393 2818 RESPONDEO
408 2783 612 2824 dicendum,
635 2783 731 2828 quod
749 2783 841 2818 sicut
861 2791 1052 2830 peccatum
1068 2783 1230 2817 consistit
1250 2783 1286 2816 in
1300 2783 1383 2824 hoc,
1403 2782 1499 2828 quod
1521 2782 1647 2824 homo,

95 2844 303 2881 contempto
325 2836 418 2878 Deo,
446 2835 761 2871 commutabilibus
782 2837 886 2871 bonis
913 2837 1093 2878 inhaeret3
1114 2837 1160 2870 ita
1187 2836 1355 2870 meritum
1377 2835 1526 2869 virtuosi
1548 2843 1646 2870 actus

95 2889 257 2923 consistit
282 2890 317 2923 in
339 2889 422 2930 hoc,
446 2890 541 2935 quod
569 2890 695 2931 homo,
718 2890 933 2936 contemptis
955 2890 1057 2924 bonis
1086 2890 1223 2931 creatis,
1246 2890 1326 2924 Deo
1360 2890 1521 2923 inhaeret
1558 2890 1648 2924 sicut
