1859 3122
480 155 700 190 QUAESTIO
737 155 864 184 CXXV.
898 153 1142 184 ARTICULUS
1175 153 1220 183 ΙΙ.
1561 141 1640 196 853

84 236 241 283 pericula
268 237 413 278 mortis;
442 245 476 270 et
501 245 647 283 propter
672 236 743 270 hoc
771 236 1060 270 antonomastice
1087 235 1216 269 dicitur
1243 234 1415 269 timiditas
1445 234 1643 269 fortitudini

86 291 231 336 opponi

155 343 214 377 AD
236 353 383 377 PRIMUM
407 354 494 388 ergo
517 343 722 384 dicendum,
745 342 840 389 quod
864 342 1094 376 auctoritates
1117 342 1200 376 illae
1222 341 1417 387 loquuntur
1444 342 1486 376 de
1514 343 1645 377 timore

82 396 288 430 inordinato
311 396 554 429 communiter
575 406 732 442 sumpto,
755 396 814 441 qui
837 396 984 430 diversis
1005 396 1191 429 virtutibus
1219 395 1354 441 opponi
1377 403 1503 440 potest.

154 449 213 483 AD
235 459 441 483 SECUNDUM
464 449 670 490 dicendum,
693 449 788 494 quod
817 458 917 483 actus
943 448 1095 482 humani
1121 449 1313 494 praecipue
1340 448 1580 494 dijudicantur
1603 460 1644 483 ex

84 502 164 544 fine,
188 510 224 536 ut
246 514 287 536 ex
310 514 415 548 supra
438 502 541 536 dictis
563 511 659 548 patet
683 503 758 546 (1-2.
774 514 803 548 q.
820 515 844 537 ι,
862 507 963 548 arl.3.
980 507 1007 536 ct
1023 514 1052 547 q.
1068 503 1116 537 18.
1139 507 1206 536 ιιι-ί.
1227 502 1296 547 6.);
1320 501 1362 535 ad
1379 501 1509 536 fortem
1525 511 1646 536 autem

83 555 246 602 pertinet,
270 564 305 589 ut
328 566 365 589 se
388 563 544 601 exponat
566 555 733 601 periculis
756 555 883 589 mortis
905 563 1050 601 propter
1070 555 1227 588 bonum:
1251 555 1312 589 sed
1335 554 1395 588 ille
1418 555 1477 601 qui
1500 567 1536 589 se
1559 555 1647 600 peri-

85 609 172 642 culis
196 609 323 642 mortis
346 609 505 654 exponit,
527 617 564 642 ut
591 608 703 654 fugiat
730 609 950 650 servitutem,
977 608 1034 642 vel
1060 608 1194 654 aliquid
1216 608 1451 650 laboriosum,
1474 620 1493 642 a
1515 610 1644 643 timore

84 662 250 703 vincitur,
266 662 362 707 quod
380 669 431 695 est
445 661 643 695 fortitudini
667 662 908 703 contrarium3
931 662 1024 695 unde
1039 661 1176 695 Philos.
1193 661 1277 695 dicit
1291 661 1327 694 in
1346 673 1373 707 3.
1389 661 1470 695 Eth.
1489 662 1575 708 (cap.
1599 662 1646 708 7.)

84 714 180 761 quod
206 715 333 748 «mori
360 714 557 760 fugientem
585 715 758 761 inopiam,
781 714 837 748 vel
865 714 1083 760 cupidinem,
1110 714 1168 748 vel
1195 714 1327 760 aliquid
1354 715 1465 757 triste,
1492 726 1566 748 non
1594 723 1646 749 est

84 767 196 810 fortis,
220 767 281 801 sed
304 768 420 813 magis
442 768 578 810 timidi3
601 768 772 801 mollities
795 776 847 801 est
869 768 963 801 enim
983 767 1107 813 fugere
1129 767 1358 802 laboriosa».

156 822 215 855 AD
239 831 410 855 TERTIUM
434 821 639 862 dicendum,
662 821 770 866 quod,
792 822 883 854 sicut
905 832 1011 866 supra
1038 821 1175 854 dictum
1198 829 1250 854 est
1271 822 1351 865 (1-2.
1380 833 1408 866 q.
1431 832 1479 865 45.
1502 826 1565 855 art.
1585 822 1644 866 2),

84 875 176 908 sicut
202 885 282 920 spes
311 883 363 908 est
389 874 605 920 principium
632 874 816 915 audaciae,
838 874 886 906 ita
912 874 1022 907 timor
1049 881 1101 907 est
1126 874 1343 920 principium
1370 874 1646 920 desperationis:

85 929 178 962 unde
201 928 293 962 sicut
316 928 358 961 ad
381 936 528 969 sortem,
556 928 617 973 qui
644 927 752 961 utitur
779 923 1148 968 audacia'moderate,
1171 927 1411 972 praeexigitur
1432 939 1531 973 spes,
1554 928 1601 961 ita
1628 939 1646 961 e

85 992 263 1015 converso
279 981 480 1026 desperatio
496 992 538 1014 ex
552 980 672 1026 aliquo
688 981 819 1014 timore
835 980 1015 1025 procedit:
1035 991 1108 1013 non
1125 988 1245 1013 autem
1261 988 1415 1025 oportet,
1432 981 1527 1026 quod
1544 992 1648 1026 quae-

83 1033 169 1068 libet
191 1034 393 1080 desperatio
416 1033 589 1079 procedat
615 1044 656 1067 ex
678 1033 808 1067 timore
832 1032 1004 1078 quolibet,
1027 1033 1088 1066 sed
1111 1044 1154 1066 ex
1176 1044 1231 1074 eo,
1255 1033 1315 1078 qui
1337 1041 1388 1067 est
1411 1033 1551 1078 generis
1573 1034 1646 1067 sui:

85 1087 288 1133 desperatio
312 1095 444 1127 autem,
468 1098 558 1132 quae
582 1086 775 1132 opponitur
797 1086 883 1132 spei,
899 1087 942 1119 ad
963 1085 1056 1119 aliud
1073 1096 1185 1131 genus
1203 1085 1363 1127 refertur,
1379 1085 1515 1120 scilicet
1534 1086 1576 1119 ad
1592 1097 1647 1120 res

86 1141 242 1175 divinas:
264 1140 374 1174 timor
396 1147 529 1180 autem,
552 1139 611 1185 qui
634 1139 829 1185 opponitur
848 1139 1059 1181 fortitudini,
1081 1139 1235 1184 pertinet
1257 1139 1300 1172 ad
1322 1139 1480 1185 pericula
1502 1140 1646 1181 mortis3

86 1193 179 1227 unde
201 1193 292 1227 ratio
316 1204 389 1226 non
411 1192 581 1238 sequitur.

642 1315 986 1360 ARTICULUS
1017 1316 1096 1358 ΠΙ.
1579 1328 1647 1374 636

394 1424 547 1454 UTRUM
579 1425 719 1454 TIMOR
752 1425 819 1454 SIT
853 1425 1091 1454 PECCATUM
1118 1424 1340 1454 MORTALE.

160 1511 219 1544 AD
242 1521 412 1545 TERTIUM
435 1511 484 1545 sic
508 1511 724 1557 proceditur.
746 1511 908 1552 Videtur,
932 1511 1027 1556 quod
1050 1510 1160 1544 timor
1181 1521 1256 1543 non
1279 1509 1323 1543 sit
1344 1517 1534 1555 peccatum
1556 1520 1649 1543 mor-

87 1563 178 1597 tale:
193 1564 302 1598 timor
325 1565 433 1605 enim,
456 1573 494 1598 ut
515 1575 620 1610 supra
643 1564 779 1598 dictum
802 1572 853 1597 est
877 1564 952 1608 (1-2.
972 1575 1001 1609 q.
1017 1575 1064 1610 23.
1083 1569 1145 1597 art.
1165 1564 1221 1607 L),
1238 1571 1290 1596 est
1303 1563 1340 1596 in
1357 1562 1538 1603 irascibili,
1557 1574 1648 1608 quae

88 1625 141 1651 est
167 1629 247 1663 pars
275 1617 533 1651 sensualitatis:
562 1617 622 1651 sed
650 1619 685 1651 in
712 1617 943 1651 sensualitate
972 1625 1023 1650 est
1048 1625 1188 1650 tantum
1216 1623 1403 1662 peccatum
1433 1615 1584 1657 veniale,
1612 1624 1650 1649 ut

88 1683 196 1716 supra
218 1671 381 1704 habitum
405 1679 457 1705 est
478 1673 554 1715 (1-2.
577 1683 605 1716 q.
629 1682 681 1716 74.
700 1676 763 1704 art.
785 1670 858 1715 4.),·
879 1681 966 1716 ergo
985 1671 1094 1704 timor
1115 1681 1186 1703 non
1205 1677 1257 1703 est
1271 1677 1461 1715 peccatum
1484 1668 1648 1703 mortale.

159 1734 189 1757 2.
212 1725 446 1758 PRAETEREA.
473 1724 594 1759 Omne
617 1732 808 1769 peccatum
831 1722 983 1757 mortale
1005 1723 1163 1757 totaliter
1186 1734 1248 1756 cor
1271 1723 1397 1756 avertit
1416 1734 1435 1755 a
1457 1723 1557 1756 Deo:
1578 1723 1647 1756 hoc

89 1785 210 1811 autem
228 1788 302 1810 non
324 1776 409 1811 facit
429 1777 556 1820 timor3
580 1777 662 1822 quia
690 1788 796 1822 super
821 1776 909 1810 illud
931 1776 1046 1821 Judic.
1071 1787 1122 1821 7.:
1146 1775 1463 1821 Quiformidolosus
1484 1781 1539 1818 est,
1563 1784 1642 1817 etc.‚

88 1831 173 1864 dicit
201 1830 320 1864 Gloss.
351 1830 504 1875 (ordin),
533 1829 630 1876 quod
655 1830 837 1864 «timidus
860 1838 923 1871 est,
951 1830 1010 1875 qui
1032 1831 1149 1875 primo
1173 1836 1318 1875 aspectu
1346 1829 1388 1862 ad
1412 1839 1648 1874 congressum

86 1884 251 1930 trepidat,
273 1895 347 1917 non
368 1892 492 1917 tamen
512 1891 591 1918 toto
614 1883 723 1917 corde
746 1891 908 1925 terretur,
931 1883 992 1916 sed
1015 1883 1183 1928 reparari,
1207 1890 1241 1916 et
1268 1882 1418 1916 animari
1446 1882 1564 1916 denuo
1586 1893 1650 1928 po-

86 1945 155 1971 test
168 1950 207 1979 »3
232 1948 318 1982 ergo
341 1938 450 1971 timor
471 1948 545 1971 non
568 1945 619 1971 est
641 1944 831 1982 peccatum
855 1935 1020 1970 mortale.

161 2001 189 2036 3.
211 1990 448 2025 PRAETEREA.
471 1991 668 2024 Peccatum
690 1989 844 2024 mortale
866 2001 940 2023 non
963 1989 1083 2023 solum
1109 1989 1258 2023 retrahit
1285 2000 1303 2022 a
1330 1988 1562 2034 perfectione,
1590 1989 1650 2022 sed

40 2045 43 2048 ’
89 2043 197 2078 etiam
226 2055 245 2076 a
270 2051 485 2089 praecepto:
508 2043 569 2077 sed
591 2043 701 2077 timor
721 2054 795 2077 non
817 2042 966 2076 retrahit
989 2054 1008 2076 a
1029 2050 1235 2087 praecepto,
1257 2036 1318 2076 sed
1341 2041 1460 2075 solum
1491 2053 1510 2075 a
1540 2041 1651 2087 perfe-

90 2096 221 2137 ctione,
233 2096 315 2141 quia
327 2108 433 2142 super
447 2096 532 2130 illud
548 2097 655 2130 Deut.
672 2106 726 2130 20.
739 2108 746 2130 :
758 2097 843 2140 Quis
856 2101 900 2130 est
910 2096 1005 2130 homo
1019 2095 1262 2140 formidolosus,
1275 2100 1302 2129 et
1316 2095 1410 2129 corda
1418 2094 1558 2141 pavido,
1572 2102 1649 2137 etc.,

90 2149 175 2183 dicit
198 2149 318 2184 Gloss.
336 2149 500 2193 (ordinas.
516 2149 625 2193 Isid.).·
652 2150 813 2191 «Docet,
832 2161 906 2183 non
924 2160 1031 2194 posse
1050 2160 1271 2195 quemquam
1289 2147 1553 2194 professionem
1569 2159 1652 2181 con-

89 2202 346 2248 templationis,
364 2202 421 2236 vel
440 2202 588 2236 militiae
607 2202 798 2248 spiritualis
818 2203 983 2248 arripere,
1000 2202 1059 2248 qui
1077 2202 1193 2236 adhuc
1211 2201 1338 2236 nudari
1355 2201 1505 2236 terrenis
1524 2201 1649 2247 opibus

90 2255 311 2301 pertimescit
329 2268 368 2297 »ς
392 2267 478 2301 ergo
500 2255 611 2289 timor
631 2267 704 2289 non
728 2263 780 2290 est
800 2264 989 2302 peccatum
1013 2255 1177 2290 mortale.

164 2309 237 2343 SED
261 2319 415 2343 CONTRA
439 2317 502 2350 est,
525 2310 621 2355 quod
643 2321 707 2354 pro
734 2309 814 2343 solo
837 2317 988 2355 peccato
1016 2308 1162 2343 mortali
1187 2309 1335 2343 debetur
1362 2319 1479 2354 poena
1506 2307 1648 2341 inferni:

91 2374 182 2408 quae
205 2370 327 2396 tamen
350 2362 497 2396 debetur
518 2363 663 2405 timidis,
678 2363 877 2397 secundum
895 2362 982 2396 illud
1001 2363 1117 2408 Apoc.
1141 2373 1217 2396 21.:
1245 2362 1395 2404 Timidis,
1416 2367 1446 2396 et
1464 2361 1648 2402 incredulis,

90 2421 119 2450 et
139 2418 310 2459 execratis,
333 2421 390 2450 etc.
403 2423 485 2461 pars
506 2417 569 2450 erit
587 2418 619 2450 in
639 2421 753 2461 stagno
775 2418 867 2462 ignis,
884 2421 911 2450 et
927 2416 1103 2462 sulphuris,
1123 2415 1208 2461 qnod
1225 2421 1268 2449 ast
1283 2427 1372 2449 mors
1389 2414 1547 2454 seczmda;
1563 2425 1650 2459 ergo

90 2469 262 2503 timiditas
285 2477 337 2502 est
359 2477 549 2514 peccatum
571 2469 736 2503 mortale.

161 2521 390 2556 RESPONDEO
414 2521 617 2564 dicendum,
640 2522 747 2568 quod,
770 2522 862 2556 sicut
883 2533 990 2567 supra
1012 2522 1149 2555 dictum
1165 2530 1218 2555 est
1239 2521 1442 2565 (α)·ί.1.])ιι]”.
1462 2520 1524 2566 q),
1542 2520 1652 2553 timor

90 2583 278 2621 peccatum
298 2583 362 2617 est,
381 2575 579 2608 secundum
598 2576 694 2620 quod
713 2584 766 2609 est
779 2575 1023 2617 inordinatus3
1046 2583 1150 2620 prout
1169 2574 1306 2608 scilicet
1324 2573 1452 2618 refugit
1467 2573 1563 2618 quod
1578 2584 1652 2606 non

92 2636 145 2661 est
166 2628 365 2661 secundum
387 2628 565 2661 rationem
588 2627 858 2673 refugiendum:
881 2628 971 2662 haec
995 2637 1115 2662 autem
1142 2627 1358 2661 inordinatio
1385 2626 1526 2660 timoris
1552 2638 1653 2671 quan-

92 2680 193 2726 doque
211 2681 355 2726 quidem
376 2680 538 2714 consistit
558 2681 593 2714 in
615 2680 695 2714 solo
715 2681 872 2727 appetitu
891 2681 1075 2723 sensitivo,
1090 2691 1164 2714 non
1179 2679 1453 2726 superveniente
1473 2690 1652 2713 consensu

92 2733 276 2767 rationalis
300 2734 494 2779 appetitus·‚
517 2741 551 2767 et
572 2733 621 2767 sic
643 2745 717 2767 non
739 2741 856 2780 potest
879 2745 956 2768 esse
979 2742 1169 2779 peccatum
1192 2732 1357 2774 mortale,
1376 2732 1439 2766 sed
1461 2731 1579 2765 solum
1597 2743 1653 2766 ve-

92 2786 204 2820 niale:
227 2786 419 2831 quandoque
435 2797 521 2820 vero
543 2786 752 2831 hujusmodi
770 2787 988 2820 inordinatio
1007 2787 1147 2820 timoris
1167 2785 1333 2831 pertingit
1347 2796 1459 2831 usque
1482 2785 1524 2818 ad
1548 2795 1652 2830 appe-

92 2840 196 2873 titum
217 2838 444 2880 rationalem,
467 2839 526 2885 qui
549 2839 676 2873 dicitur
697 2839 876 2882 voluntas,
896 2851 987 2886 quae
1010 2852 1051 2874 ex
1073 2839 1186 2873 libero
1207 2839 1351 2872 arbitrio
1370 2837 1501 2884 refugit
1519 2837 1651 2883 aliquid

237 2920 265 2948 S.
286 2920 408 2946 ΤΗΟΜΑΕ
429 2920 533 2946 Summa
559 2919 718 2955 Theologica.
740 2920 804 2947 Vol.
826 2920 879 2947 111.
1481 2928 1509 2953 55
