1859 3122
246 161 357 202 1166
625 171 847 206 QUAESTIO
884 171 1041 200 cmxx.
1072 171 1315 201 ARTICULUS
1349 172 1388 200 v.

238 253 390 286 habetur
413 252 504 286 Gen.
541 261 592 297 32.
622 251 734 297 Jacob
759 252 862 286 dixit:
893 252 967 286 Vidi
993 253 1103 286 Deum
1121 252 1212 298 facie
1238 252 1281 286 ad
1299 253 1435 298 faciem,
1464 258 1492 287 et
1515 253 1610 288 salva
1632 254 1730 300 sacta
1754 259 1797 289 est

238 308 351 339 αιιίηιιι
374 317 465 339 maa:
488 305 550 339 sed
571 305 662 338 visio
678 304 783 339 faciei
801 305 871 338 Dei
885 313 938 339 est
951 305 1042 339 visio
1059 305 1201 339 divinae
1216 306 1410 339 essentiae:
1427 317 1512 352 ergo
1534 307 1685 350 videtur,
1699 308 1796 353 quod

237 358 364 404 aliquis
387 369 448 403 per
471 357 818 404 contemplationem
838 358 875 391 in
896 359 1076 404 praesenti
1097 358 1169 392 vita
1190 359 1304 405 possit
1323 370 1361 393 se
1383 360 1571 394 extendere
1598 360 1642 394 ad
1672 361 1797 395 viden-

237 412 322 445 dum
343 412 464 446 Deum
486 422 548 457 per
570 412 774 446 essentiam.

306 474 337 498 2.
360 465 596 499 PRAETEREA.
622 465 730 510 Greg.
754 465 839 499 dicit
860 465 896 498 in
919 464 950 500 6.
967 465 1095 500 Moral.
1118 465 1206 513 (cap.
1226 467 1306 512 17.)‚
1333 477 1350 497 ‹<
1372 465 1469 511 quod
1490 466 1556 500 viri
1577 466 1798 514 contempla-

234 518 295 552 tivi
318 518 361 551 ad
383 518 596 564 semetipsos
618 517 792 552 introrsus
814 519 975 561 redeunt,
997 519 1033 553 in
1056 531 1099 553 eo
1121 520 1217 565 quod
1244 519 1441 565 spiritualia
1466 519 1652 563 rimantur,
1679 529 1714 555 et
1737 532 1798 556 ne-

234 583 415 617 quaquam
441 583 566 606 secum
599 583 719 605 rerum
755 572 998 618 corporalium
1034 574 1179 607 umbras
1211 573 1369 615 trahunt,
1399 572 1457 606 vel
1485 572 1636 608 fortasse
1664 582 1795 609 tractas

234 635 344 658 manu
371 624 596 659 discretionis
623 625 787 670 abigunt:
816 625 878 659 sed
905 626 1256 672 incircumscriptum
1289 625 1413 660 lumen
1445 626 1566 661 videre
1599 627 1796 674 cupientes,

234 686 380 712 cunctas
403 678 746 724 circumscriptionis
767 690 852 713 suae
874 679 1052 725 imagines
1074 679 1299 726 deprimunt3
1322 687 1356 713 et
1377 681 1413 713 in
1436 690 1479 713 eo
1502 680 1598 725 quod
1625 692 1730 727 super
1755 692 1794 716 se

234 731 444 777 contingere
466 740 648 778 appetunt,
666 732 826 774 vincunt,
846 732 942 778 quod
961 741 1045 767 sunt
1059 745 1094 767 »t
1111 733 1173 767 sed
1191 733 1305 767 homo
1324 744 1398 767 non
1417 733 1609 779 impeditur
1623 745 1642 768 a
1655 734 1794 769 visione

233 785 374 819 divinae
397 786 584 826 essentiae,
607 796 698 831 quae
721 794 774 820 est
795 785 919 820 lumen
939 786 1305 832 incircumscriptum,
1327 787 1395 820 nisi
1421 797 1484 832 per
1513 787 1585 821 hoc
1615 789 1712 833 quod
1736 799 1795 823 ne-

233 849 331 872 cesse
352 839 460 872 habet
480 839 666 873 intendere
689 840 937 885 corporalibus
957 840 1284 886 phantasmatibu33
1307 851 1394 886 ergo
1415 840 1566 883 videtur,
1589 841 1686 886 quod
1712 852 1796 876 con-

231 892 420 937 templatio
442 893 639 939 praesentis
660 894 755 927 vitae
776 902 896 940 potest
909 905 946 928 se
961 894 1152 928 extendere
1167 894 1210 928 ad
1224 894 1421 928 videndum
1440 894 1794 941 incircumscriptum

232 945 354 980 lumen
376 959 438 993 per
460 949 664 982 essentiam.

305 1012 332 1046 3.
352 1001 588 1035 PRAETEREA.
614 1001 722 1048 Greg.
745 1002 782 1036 in
804 1012 833 1036 2.
857 1001 1004 1048 Dialog.
1020 1002 1182 1049 (cap.3)·.)
1205 1002 1307 1036 dicit:
1327 1002 1515 1036 «Animae
1533 1002 1669 1036 videnti
1687 1002 1795 1037 Crea-

228 1061 347 1088 torem
369 1064 519 1101 angusta
542 1065 594 1091 est
617 1056 734 1090 omnis
757 1065 938 1091 creatura:
961 1057 1014 1090 vir
1037 1067 1123 1102 ergo
1145 1056 1215 1090 Dei
1238 1055 1392 1100 (scilicet
1412 1056 1538 1090 beatus
1560 1055 1792 1101 Benedictus)

229 1107 290 1153 qui
311 1109 346 1141 in
368 1110 455 1142 turri
477 1108 627 1154 globum
653 1111 812 1155 igneum,
835 1109 984 1155 angelos
1007 1121 1150 1155 quoque
1179 1109 1221 1143 ad
1249 1109 1394 1143 coelum
1420 1109 1610 1144 redeuntes
1636 1109 1793 1152 videbat,

227 1161 299 1194 hoc
318 1161 446 1207 procul
461 1162 568 1197 dubio
585 1174 731 1197 cernere
745 1164 888 1197 nonnisi
907 1163 977 1197 Dei
991 1163 1127 1198 lumine
1141 1171 1282 1209 poterat
1296 1177 1314 1195 »
1329 1175 1335 1196 :
1359 1163 1421 1198 sed
1435 1163 1559 1197 beatus
1573 1163 1793 1198 Benedictus

229 1214 345 1249 adhuc
367 1215 404 1248 in
424 1216 604 1262 praesenti
624 1217 696 1250 vita
718 1217 876 1260 vivebat3
891 1228 978 1263 ergo
1002 1217 1262 1264 contemplatio
1284 1219 1482 1263 praesentis
1503 1217 1598 1251 vitae
1619 1225 1740 1263 potest
1752 1228 1791 1252 se

229 1269 418 1303 extendere
441 1269 484 1303 ad
506 1270 700 1304 videndam
722 1270 791 1304 Dei
813 1272 1017 1305 essentiam.

300 1321 374 1356 SED
395 1333 549 1358 CONTRA
571 1332 634 1365 est,
662 1323 758 1369 quod
790 1323 899 1369 Greg.
924 1324 1008 1358 dicit
1029 1335 1134 1370 super
1156 1324 1286 1358 Ezech.
1309 1324 1414 1369 (hom.
1442 1325 1512 1370 14.)
1524 1338 1534 1360 :
1564 1324 1788 1366 «Quamdiu

226 1375 263 1408 in
289 1375 357 1409 hac
380 1376 525 1410 mortali
552 1388 658 1411 carne
688 1377 830 1419 vivitur,
855 1376 976 1411 nullus
998 1377 1046 1411 ita
1075 1378 1112 1411 in
1135 1377 1454 1423 contemplationis
1482 1378 1613 1413 virtute
1637 1378 1791 1424 proficit,

227 1436 264 1462 ut
285 1429 322 1462 in
342 1429 420 1475 ipso
442 1430 744 1476 incircumscripti
764 1430 911 1464 luminis
932 1431 1033 1465 radio
1056 1431 1187 1465 mentis
1210 1430 1337 1464 oculos
1358 1430 1484 1476 infigat
1497 1445 1530 1465 n.

299 1482 526 1518 RESPONDEO
558 1484 763 1526 dicendum,
794 1484 902 1530 quod,
924 1485 1016 1518 sicut
1049 1485 1203 1530 August.
1227 1484 1313 1518 dicit
1345 1494 1396 1518 12.
1423 1495 1530 1530 super
1553 1483 1645 1519 Gen.
1669 1485 1713 1518 ad
1739 1484 1790 1519 lit.

225 1536 314 1582 (cap.
329 1538 412 1583 27),
438 1550 456 1569 «
474 1549 584 1572 nemo
606 1537 732 1572 videns
753 1537 875 1572 Deum
896 1538 984 1572 vivit
1004 1539 1070 1572 ista
1091 1538 1175 1581 vita,
1197 1549 1267 1584 qua
1289 1537 1491 1572 mortaliter
1511 1538 1644 1572 vivitur
1663 1538 1701 1572 in
1714 1538 1791 1573 istis

225 1590 388 1624 sensibus
411 1591 591 1637 corporis:
615 1591 677 1625 sed
700 1591 769 1625 nisi
790 1591 832 1624 ab
855 1591 924 1625 hac
946 1591 1019 1625 vita
1041 1591 1191 1638 quisque
1213 1591 1488 1637 quodammodo
1508 1591 1694 1634 moriatur,
1715 1591 1791 1626 sive

224 1643 375 1677 omnino
399 1644 519 1678 exiens
537 1645 580 1678 de
604 1656 768 1691 corpore,
782 1644 857 1679 sive
877 1644 1052 1679 alienatus
1076 1657 1095 1679 a
1118 1645 1321 1679 carnalibus
1343 1645 1517 1687 sensibus,
1540 1645 1693 1679 inillam
1714 1656 1789 1679 non

222 1697 431 1732 subvehitur
452 1698 679 1740 visionem»,
702 1709 793 1744 quae
812 1710 919 1745 supra
941 1698 1147 1745 diligentius
1169 1706 1383 1745 pertractata
1405 1707 1488 1733 sunt
1505 1699 1552 1745 (q.
1580 1710 1645 1745 175.
1664 1703 1728 1734 art.
1755 1710 1789 1744 4.

222 1755 251 1785 εἰ
267 1752 326 1797 5),
349 1752 410 1785 ubi
431 1752 568 1786 dictum
590 1760 642 1786 est
663 1752 706 1786 de
728 1760 843 1798 raptu,
878 1760 913 1786 et
932 1752 970 1786 in
996 1763 1036 1795 1.,
1059 1753 1119 1787 ubi
1141 1761 1263 1786 actum
1285 1760 1338 1786 est
1359 1752 1402 1786 de
1423 1752 1492 1786 Dei
1514 1752 1654 1787 visione
1677 1751 1723 1799 (q.
1737 1764 1788 1788 12.

222 1809 286 1839 art.
307 1805 394 1850 11.);
418 1806 468 1839 sic
503 1817 590 1852 ergo
614 1805 809 1840 dicendum
832 1813 895 1848 est,
918 1806 1015 1852 quod
1037 1807 1074 1840 in
1095 1807 1163 1840 hac
1197 1806 1271 1840 vita
1292 1814 1410 1851 potest
1431 1816 1508 1840 esse
1531 1805 1661 1852 aliquis
1685 1805 1791 1853 dupli-

222 1859 327 1893 citer:
355 1871 419 1893 uno
446 1859 540 1893 modo
563 1860 764 1893 secundum
797 1868 929 1903 actum,
959 1860 1175 1906 inquantum
1202 1859 1341 1894 scilicet
1375 1859 1562 1894 actualiter
1583 1860 1692 1894 utitur
1712 1871 1790 1894 sen-

221 1911 317 1945 sibus
340 1913 518 1958 corporis;
541 1922 575 1948 et
596 1914 646 1947 sic
668 1913 769 1947 nullo
800 1913 912 1948 modo
935 1913 1196 1960 contemplatio
1227 1913 1424 1959 praesentis
1445 1913 1540 1947 vitae
1570 1921 1689 1959 potest
1714 1924 1789 1959 per-

221 1967 359 2011 tingere
381 1967 425 2000 ad
446 1967 644 2000 videndum
664 1967 734 2001 Dei
756 1967 967 2001 essentiam:
991 1968 1057 2001 alio
1078 1967 1171 2001 modo
1187 1975 1305 2013 potest
1327 1978 1403 2001 esse
1427 1966 1554 2012 aliquis
1576 1968 1611 2000 in
1633 1966 1701 2001 hac
1715 1968 1788 2001 vita

222 2019 475 2064 potentialiter,
498 2029 533 2054 et
549 2032 623 2054 non
646 2021 845 2054 secundum
865 2029 997 2063 actum,
1022 2021 1237 2067 inquantum
1252 2020 1392 2054 scilicet
1413 2020 1533 2053 anima
1552 2021 1629 2066 ejus
1644 2028 1697 2054 est
1712 2031 1789 2054 cor-

222 2075 299 2118 pori
322 2074 467 2108 mortali
489 2076 683 2119 conjuncta
698 2083 735 2108 ut
756 2073 892 2113 forma;
915 2075 963 2108 ita
984 2084 1106 2109 tamen
1124 2084 1161 2109 ut
1182 2086 1256 2109 non
1275 2082 1391 2108 utatur
1414 2074 1598 2119 corporeis
1612 2074 1787 2117 sensibus,

221 2134 282 2160 aut
312 2127 422 2161 etiam
444 2128 715 2173 imaginatione,
751 2128 842 2162 sicut
864 2129 994 2162 accidit
1022 2129 1058 2162 in
1089 2137 1208 2175 raptu3
1233 2137 1267 2162 et
1296 2129 1346 2162 sic
1373 2135 1493 2174 potest
1526 2127 1786 2173 contemplatio

221 2180 326 2225 hujus
348 2181 440 2214 vitae
462 2182 665 2227 pertingere
689 2182 732 2215 ad
753 2182 934 2216 visionem
957 2183 1098 2216 divinae
1117 2182 1312 2224 essentiae3
1335 2181 1429 2216 unde
1447 2192 1637 2227 supremus
1655 2181 1787 2227 gradus

221 2234 539 2281 contemplationis
573 2237 769 2281 praesentis
800 2236 893 2269 vitae
929 2244 992 2277 est,
1027 2235 1171 2282 qualem
1202 2236 1326 2269 habuit
1358 2234 1491 2269 Paulus
1526 2236 1561 2268 in
1589 2243 1702 2280 raptu,
1736 2246 1788 2269 se-

221 2288 378 2322 cundum
406 2300 514 2334 quem
543 2288 609 2323 fuit
636 2289 757 2323 medio
780 2289 892 2323 modo
915 2301 952 2323 se
974 2290 1111 2324 habens
1137 2290 1230 2324 inter
1251 2297 1385 2324 statum
1406 2289 1603 2335 praesentis
1624 2289 1730 2332 vitae,
1752 2298 1786 2324 et

219 2339 370 2375 futurae.

290 2395 349 2428 An
372 2405 521 2430 PR1MUM
541 2407 627 2441 ergo
655 2396 860 2438 dicendum,
887 2396 982 2441 quod
1006 2396 1097 2430 sicut
1118 2396 1227 2429 Dion.
1250 2396 1285 2429 in
1313 2396 1413 2442 epist.
1442 2396 1485 2430 ad
1509 2395 1641 2441 Cajum
1662 2407 1787 2430 mona-

220 2448 329 2482 chum
345 2449 443 2494 (quiza
458 2450 643 2495 estprinnz)
656 2450 752 2491 dicit,
775 2462 792 2481 (ι
807 2450 835 2484 si
851 2449 978 2495 aliquis
1000 2449 1127 2483 videns
1138 2450 1270 2491 Deum,
1293 2449 1467 2483 intellexit
1488 2450 1584 2495 quod
1599 2449 1697 2491 vidit,
1710 2460 1785 2483 non

218 2501 336 2547 ipsum
354 2503 452 2544 vidit,
476 2503 537 2536 sed
561 2503 693 2549 aliquid
717 2514 843 2537 corum
865 2514 956 2548 quae
979 2511 1060 2537 sunt
1082 2504 1156 2547 ejus
1172 2516 1212 2545 »3
1235 2512 1268 2537 et
1292 2503 1402 2547 Greg.
1425 2503 1510 2537 dicit
1528 2514 1634 2548 super
1652 2502 1782 2537 Ezech.

218 2555 321 2599 (hom.
344 2557 411 2600 14.)
436 2556 532 2601 quod
556 2570 573 2588 «
589 2568 819 2602 nequaquam
842 2557 1073 2602 omnipotens
1096 2558 1194 2590 Deus
1215 2558 1289 2602 jam
1313 2558 1347 2590 in
1369 2567 1433 2590 sua
1456 2555 1616 2590 claritate
1646 2557 1784 2602 conspi-

219 2608 319 2649 citur;
342 2609 402 2642 sed
427 2610 597 2654 quiddam
625 2610 687 2644 sub
710 2610 771 2643 illa
793 2610 996 2656 speculatur
1031 2610 1164 2651 anima,
1191 2611 1285 2644 unde
1308 2609 1422 2644 refota
1444 2609 1620 2655 proficiat,
1643 2618 1677 2644 et
1702 2618 1784 2656 post

219 2662 262 2694 ad
284 2663 431 2696 visionis
463 2664 538 2707 ejus
561 2663 714 2709 gloriam
736 2665 915 2709 pertingat
928 2676 968 2705 »ς
1004 2675 1066 2708 per
1087 2664 1157 2697 hoc
1194 2674 1280 2709 ergo
1303 2663 1399 2709 quod
1428 2663 1541 2708 Jacob
1565 2663 1668 2699 dixit:
1709 2663 1784 2697 Vidi

218 2715 433 2760 Daumsacie
448 2716 489 2750 ad
507 2717 645 2762 faciam,
668 2728 743 2750 non
767 2725 818 2751 est
840 2716 1127 2761 intelligendum,
1147 2717 1243 2763 quod
1268 2717 1335 2751 Dei
1351 2717 1545 2751 essentiam
1566 2716 1705 2759 viderit,
1720 2716 1782 2751 sed

218 2769 313 2814 quod
336 2769 505 2812 formam,
532 2770 669 2804 scilicet
697 2771 961 2816 imaginariam,
983 2771 1081 2813 vidit,
1104 2771 1139 2804 in
1170 2782 1239 2816 qua
1264 2771 1363 2804 Deus
1391 2770 1534 2804 locutus
1557 2777 1611 2804 est
1640 2771 1690 2804 ei:
1723 2769 1782 2804 vel

221 2834 238 2853 «
253 2822 335 2867 quia
357 2834 419 2868 per
440 2822 573 2858 faciem
590 2824 788 2870 quemlibet
807 2824 1075 2870 cognoscimus,
1091 2824 1340 2869 cognitionem
1358 2823 1427 2857 Dei
1441 2822 1572 2857 faciem
1588 2824 1663 2869 ejus
1676 2834 1782 2857 voca-

218 2876 312 2917 vit»,
338 2876 429 2910 sicut
452 2876 570 2911 Gloss.
595 2877 705 2923 Greg.
730 2877 815 2922 (ord.
837 2877 892 2912 lib.
915 2889 969 2921 24.
998 2877 1121 2911 Μαι-αὶ.
1150 2884 1222 2924 cap.
1246 2877 1292 2922 5.)
1319 2877 1453 2911 ibidem
1475 2876 1570 2910 dicit.

1855 1942 1859 2017 l
