1859 3122
177 143 286 198 1248
539 157 756 192 QUAESTIO
791 157 1011 186 CLXXXVII.
1044 157 1288 187 ARTICULUS
1321 159 1362 187 V.

168 241 320 282 pauper;
337 236 397 270 ubi
419 237 505 270 dicit
527 236 647 271 Gloss.
668 237 755 282 (ord.
785 237 971 282 Cassiam:
997 237 1110 271 «Hoc
1129 237 1216 271 dixit
1235 237 1399 272 Christus
1421 238 1465 273 de
1486 250 1524 274 se
1547 251 1590 274 ex
1612 239 1732 274 forma

173 289 266 322 servi
281 301 321 331 »ς
345 298 379 323 et
400 289 510 323 infra:
530 303 547 321 «
562 289 750 324 Mendicus
773 298 836 331 est,
859 290 919 335 qui
941 290 983 323 ab
1007 289 1077 323 alio
1099 290 1211 336 petit;
1241 300 1276 324 et
1301 302 1446 337 pauper,
1476 292 1537 338 qui
1566 293 1632 327 sibi
1657 304 1732 327 non

173 341 301 376 sufficit
315 355 352 384 »3
376 350 409 376 et
431 344 466 376 in
488 342 581 376 Psal.
604 341 672 390 69.:
690 344 759 389 Ego
781 355 906 388 egenus,
934 348 964 378 et
979 349 1112 390 pauper
1130 355 1226 378 sum:
1257 344 1318 378 ubi
1348 344 1433 378 dicit
1456 345 1575 380 Gloss.
1605 346 1730 390 (interl.

171 399 200 428 et
217 395 287 429 ord.
303 394 488 440 Cassiam.-
512 409 529 427 α
544 395 699 441 Egenus,
715 396 806 430 idest
826 404 968 442 petens;
988 404 1022 430 et
1035 407 1181 443 pauper,
1200 396 1291 431 idest
1304 397 1521 432 insufficiens
1536 399 1637 442 mihi,
1649 400 1732 446 quia

173 448 374 482 mundanas
397 449 519 494 copias
541 460 615 482 non
644 449 763 483 habeo
778 462 811 491 »3
842 457 876 483 et
906 449 1152 496 Hieronymus
1183 450 1268 484 dicit
1300 450 1337 484 in
1371 451 1528 496 quadam
1561 452 1729 498 epistola:

176 500 321 543 «Cave,
343 513 389 536 ne
411 502 575 536 Domino
593 510 656 536 tuo
678 503 907 536 mendicante
930 502 1086 547 (scilicet
1107 502 1271 548 Christo)
1306 503 1442 538 alienas
1475 505 1615 540 divitias
1643 517 1729 540 con-

174 565 276 599 geras
290 567 323 596 »3
347 565 433 600 ergo
461 555 681 590 conveniens
704 564 757 590 est
777 555 955 601 religiosis
976 556 1194 590 mendicare.

241 606 470 643 RESPONDEO
486 608 690 651 dicendum,
705 609 801 655 quod
817 609 911 642 circa
928 609 1237 644 mendicationem
1255 609 1318 644 duo
1333 617 1483 656 possunt
1497 611 1731 647 considerari.

179 660 289 694 Unum
317 661 462 706 quidem
484 673 526 696 ex
547 670 646 708 parte
670 670 768 696 actus
791 662 899 709 ipsius
921 662 1209 704 mendicationis,
1232 663 1292 708 qui
1313 663 1423 698 habet
1443 663 1511 697 sibi
1532 665 1731 710 quamdam

174 713 414 758 abjectionem
437 716 688 760 conjunctam:
710 715 762 750 illi
783 716 881 750 enim
903 716 1068 750 videntur
1085 716 1318 761 abjectissimi
1339 717 1432 752 inter
1452 717 1621 753 homines
1641 730 1731 762 esse,

172 767 233 813 qui
253 779 327 801 non
350 768 469 802 solum
492 777 574 803 sunt
595 781 781 815 pauperes,
804 770 865 803 sed
887 770 1068 803 intantum
1089 778 1172 804 sunt
1197 778 1356 815 egentes,
1378 771 1474 817 quod
1496 783 1646 806 necesse
1672 773 1733 807 ha-

172 820 258 854 bent
279 822 322 855 ab
345 821 422 855 aliis
442 822 579 856 victum
603 823 784 868 accipere3
807 831 841 857 et
862 823 1063 857 secundum
1084 823 1155 857 hoc
1178 834 1285 857 causa
1303 823 1518 859 humilitatis
1533 824 1643 871 aliqui
1661 825 1736 860 lau-

172 873 335 908 dabiliter
356 875 580 918 mendicant3
602 875 695 910 sicut
716 884 750 910 et
771 875 840 910 alia
863 884 1061 918 assumunt,
1083 887 1174 922 quae
1202 877 1245 910 ad
1273 877 1515 922 abjectionem
1537 879 1733 924 quamdam

170 927 360 973 pertinent,
387 928 489 974 quasi
517 928 808 963 efficacissimam
843 929 1062 963 medicinam
1091 936 1216 963 contra
1242 930 1459 976 superbiam,
1481 942 1590 976 quam
1612 931 1671 966 vel
1695 932 1733 966 in

171 980 308 1026 seipsis,
329 981 389 1015 vel
410 982 520 1016 etiam
541 982 577 1015 in
601 982 677 1016 aliis
699 993 762 1028 per
784 981 991 1028 exemplum
1013 982 1221 1028 extinguere
1244 982 1387 1016 volunt:
1411 983 1502 1018 sicut
1523 984 1620 1018 enirn
1641 984 1734 1019 infir-

171 1034 289 1076 mitas,
309 1046 400 1080 quae
423 1043 476 1069 est
497 1047 539 1069 ex
560 1047 816 1081 superexcessu
831 1035 974 1077 caloris,
989 1034 1239 1070 efficacissime
1261 1044 1407 1070 sanatur
1427 1048 1491 1082 per
1512 1048 1565 1080 ea,
1584 1049 1675 1084 quae
1696 1038 1733 1072 in

173 1086 367 1133 frigiditate
394 1088 587 1122 excedunt:
614 1089 662 1122 ita
691 1089 800 1123 etiam
829 1089 988 1135 pronitas
1016 1089 1059 1122 ad
1086 1089 1291 1134 superbiam
1319 1088 1567 1124 efficacissime
1590 1099 1734 1126 curatur

172 1152 234 1186 per
257 1153 310 1183 ea,
332 1153 424 1187 quae
452 1141 607 1176 multum
635 1142 774 1187 abjecta
799 1142 985 1184 videntur3
1015 1150 1050 1175 et
1078 1142 1160 1176 ideo
1183 1142 1311 1176 dicitur
1332 1142 1369 1176 in
1390 1143 1499 1178 Decr.
1521 1143 1565 1177 de
1591 1143 1732 1179 Poenit.

170 1193 262 1228 Dist.
286 1205 317 1228 2.
342 1195 502 1241 (caps-Si
525 1197 595 1241 quis
608 1195 741 1240 semel):
766 1208 784 1227 «
798 1194 976 1229 Exercitia
997 1195 1210 1229 humilitatis
1232 1203 1325 1237 sunt,
1340 1195 1370 1229 si
1386 1196 1463 1242 quis
1484 1208 1522 1231 se
1543 1196 1732 1232 vilioribus

172 1246 301 1281 officiis
323 1248 462 1290 subdat,
486 1257 520 1282 et
541 1249 747 1282 ministeriis
769 1248 1032 1294 indignioribus
1053 1249 1180 1290 tradat,
1195 1248 1243 1282 ita
1265 1260 1423 1294 namque
1446 1250 1686 1295 arrogantiae,
1699 1258 1735 1286 et

171 1301 353 1335 humanae
369 1301 506 1346 gloriae
521 1302 648 1335 vitium
666 1301 781 1336 curari
796 1303 956 1346 poterit»
972 1313 980 1343 ;
1002 1302 1095 1335 unde
1119 1301 1365 1347 Hieronymus
1379 1302 1415 1335 in
1430 1302 1540 1348 Epist.
1557 1303 1599 1337 ad
1617 1303 1734 1338 Ocea-

171 1365 260 1387 num
277 1354 320 1399 (q.
333 1367 385 1400 30.
401 1361 472 1400 sap.
487 1355 536 1399 4.)
554 1355 789 1388 commendat
803 1353 991 1388 Fabiolam
1007 1355 1049 1387 de
1070 1354 1154 1395 hoc,
1177 1355 1273 1400 quod
1295 1355 1442 1400 optabat
1466 1368 1484 1387 c(
1498 1363 1536 1389 ut
1554 1356 1626 1390 suis
1647 1356 1734 1390 divi-

170 1408 227 1442 tiis
249 1408 379 1453 pariter
399 1407 520 1442 effusis
542 1419 607 1453 pro
630 1407 790 1449 Christo,
808 1407 938 1453 stipem
954 1407 1134 1453 acciperet
1147 1420 1165 1439 »
1180 1419 1187 1448 ;
1207 1407 1302 1453 quod
1319 1408 1428 1441 etiam
1441 1408 1567 1443 beatus
1582 1409 1732 1444 Alexius

170 1460 329 1507 perfecit,
356 1461 416 1507 qui
443 1461 612 1494 omnibus
639 1460 711 1494 suis
737 1468 884 1506 propter
911 1459 1100 1494 Christum
1121 1460 1289 1502 dimissis,
1311 1460 1490 1506 gaudebat
1511 1472 1548 1495 se
1575 1462 1685 1496 etiam
1711 1474 1731 1497 a

172 1514 282 1549 servis
304 1515 388 1556 suis,
411 1514 663 1560 eleemosynas
687 1514 885 1559 accepisse:
909 1521 943 1547 et
964 1513 1007 1547 de
1028 1513 1135 1547 beato
1158 1513 1314 1547 Arsenio
1335 1513 1467 1558 legitur
1493 1513 1529 1548 in
1554 1514 1646 1548 Vitis
1668 1515 1733 1549 Pa-

170 1576 265 1602 trum
290 1568 360 1611 (lib.
376 1580 404 1614 5.
427 1567 534 1602 libello
557 1567 619 1612 6.)‚
643 1567 740 1613 quod
762 1567 896 1612 gratias
919 1566 992 1611 egit
1018 1567 1061 1600 de
1091 1566 1175 1609 hoc,
1198 1566 1294 1612 quod
1324 1567 1538 1601 necessitate
1566 1577 1731 1614 cogente,

172 1621 332 1667 oportuit
353 1632 438 1654 eum
459 1620 734 1667 eleemosynam
759 1629 899 1666 petere3
928 1620 1021 1653 unde
1052 1627 1086 1653 et
1115 1620 1150 1653 in
1173 1620 1434 1666 poenitentiam
1468 1631 1533 1665 pro
1563 1621 1732 1666 gravibus

171 1674 284 1721 culpis
305 1674 504 1719 injungitur
522 1673 712 1720 aliquibus,
734 1682 772 1707 ut
793 1673 1068 1719 peregrinentur
1081 1673 1348 1708 mendicantes:
1371 1673 1434 1707 sed
1456 1673 1516 1719 qui
1534 1673 1732 1718 humilitas,

170 1728 262 1762 sicut
283 1737 317 1762 et
340 1735 502 1761 caeterae
523 1727 684 1768 virtutes,
707 1727 840 1773 absque
863 1726 1079 1761 discretione
1102 1737 1178 1760 esse
1200 1737 1274 1760 non
1297 1726 1413 1768 debet,
1428 1725 1509 1760 ideo
1526 1735 1669 1773 oportet
1685 1727 1734 1761 di-

172 1790 286 1816 screte
313 1781 585 1815 mendicitatem
614 1781 657 1814 ad
683 1780 977 1814 humiliationem
1008 1791 1209 1822 assumere,
1237 1788 1275 1813 ut
1301 1791 1342 1813 ex
1368 1780 1439 1813 hoc
1467 1779 1582 1814 homo
1604 1789 1730 1815 notam

172 1835 375 1881 cupiditatis
390 1846 464 1868 non
486 1835 656 1876 incurrat,
671 1833 730 1868 vel
745 1835 1006 1880 cujuscumque
1025 1833 1170 1868 alterius
1188 1833 1404 1867 indecentis:
1424 1833 1489 1867 alio
1505 1834 1599 1868 modo
1613 1842 1733 1880 potest

175 1888 395 1923 considerari
418 1888 632 1922 mendicitas
653 1898 694 1921 ex
716 1896 816 1933 parte
839 1888 926 1933 ejus,
948 1887 1044 1933 quod
1067 1888 1144 1932 quis
1167 1886 1410 1920 mendicando
1433 1887 1604 1933 acquirit;
1626 1895 1660 1922 et
1681 1888 1730 1922 sic

172 1942 216 1976 ad
238 1942 521 1976 mendicandum
543 1949 662 1986 potest
682 1941 797 1974 homo
821 1952 864 1974 ex
884 1941 1007 1975 duobus
1028 1940 1167 1974 induci:
1191 1952 1254 1974 uno
1274 1940 1369 1974 modo
1392 1951 1435 1974 ex
1458 1940 1650 1986 cupiditate
1669 1941 1732 1975 ha-

170 1995 277 2029 bendi
299 1995 452 2037 divitias,
474 1994 532 2028 vel
553 1994 689 2028 victum
712 1994 848 2028 otiose:
871 2001 905 2027 et
926 1993 1006 2027 talis
1028 1993 1241 2027 mendicitas
1261 2002 1312 2028 est
1326 1993 1468 2027 illicita:
1492 1994 1558 2027 alio
1577 1994 1672 2028 modo
1689 2005 1730 2029 ex

170 2049 395 2089 necessitate,
414 2047 472 2081 vel
494 2047 665 2082 utilitate:
689 2059 730 2081 ex
750 2047 964 2081 necessitate
984 2047 1141 2093 quidem,
1163 2047 1254 2080 sicut
1274 2058 1356 2080 cum
1377 2046 1503 2092 aliquis
1524 2057 1598 2080 non
1612 2055 1732 2093 potest

171 2102 314 2136 aliunde
336 2102 469 2135 habere
492 2101 586 2134 unde
607 2101 716 2142 vivat,
737 2100 806 2134 nisi
827 2100 1027 2134 mendicet:
1052 2111 1094 2134 ex
1116 2099 1267 2134 utilitate
1294 2108 1426 2141 autem,
1448 2099 1540 2134 sicut
1566 2111 1650 2134 cum
1672 2099 1733 2134 ali-

172 2155 249 2202 quis
271 2155 421 2188 intendit
444 2154 487 2187 ad
511 2153 644 2199 aliquid
667 2153 752 2187 utile
779 2153 1050 2199 perficiendum,
1073 2153 1169 2199 quod
1196 2153 1271 2187 sine
1299 2152 1543 2198 eleemosynis
1569 2153 1731 2188 fidelium

170 2208 289 2243 facere
310 2219 384 2241 non
407 2216 543 2253 potest:
566 2207 657 2241 sicut
675 2215 843 2252 petuntur
865 2206 1122 2252 eleemosynae
1149 2218 1214 2253 pro
1238 2206 1506 2240 constructione
1527 2207 1657 2252 pontis,
1671 2206 1730 2241 vel

172 2261 357 2303 ecclesiae,
380 2260 438 2295 vel
460 2261 748 2306 quibuscumque
771 2259 848 2294 aliis
871 2260 1052 2305 operibus,
1075 2271 1166 2306 quae
1188 2269 1342 2305 vergunt
1363 2260 1398 2293 in
1426 2259 1617 2294 utilitatem
1633 2271 1732 2294 com-

170 2326 340 2356 munem3
363 2315 453 2347 sicut
475 2313 672 2355 scholares,
695 2322 733 2347 ut
757 2313 895 2360 possint
916 2325 1045 2347 vacare
1073 2314 1191 2347 studio
1218 2313 1432 2359 sapientiae3
1460 2321 1495 2347 et
1514 2313 1586 2347 hoc
1616 2313 1728 2348 modo

170 2368 382 2403 mendicitas
405 2376 457 2401 est
478 2366 586 2409 licita,
609 2369 701 2401 sicut
721 2366 975 2407 saecularibus,
998 2367 1045 2400 ita
1068 2366 1256 2412 religiosis.

242 2423 301 2456 An
328 2431 477 2455 Panion
500 2431 587 2465 ergo
611 2421 816 2462 dicendum,
832 2420 927 2466 quod
947 2420 1170 2465 Augustinus
1188 2420 1237 2453 ibi
1258 2419 1416 2465 loquitur
1435 2430 1600 2465 expresse
1616 2419 1659 2454 de
1673 2419 1729 2454 his

171 2476 231 2522 qui
253 2487 296 2509 ex
319 2475 512 2520 cupiditate
539 2474 757 2508 mendicant.

242 2529 301 2562 AD
321 2538 526 2562 SECUNDUM
550 2527 755 2571 dicendum,
778 2526 874 2572 quod
896 2526 1011 2571 prima
1035 2499 1166 2560 Glossa
1187 2525 1347 2571 loquitur
1369 2525 1411 2560 de
1433 2525 1618 2572 petitione,
1638 2537 1729 2572 quae

171 2582 209 2616 fit
231 2593 272 2616 ex
295 2581 500 2627 cupiditate,
523 2588 559 2614 ut
581 2588 677 2625 patet
700 2592 741 2614 ex
763 2580 879 2614 verbis
906 2578 1091 2624 Apostoli:
1115 2578 1183 2612 alia
1206 2587 1326 2612 autem
1350 2578 1482 2613 Glossa
1504 2579 1663 2625 loquitur
1685 2579 1729 2613 de

171 2635 252 2677 illis,
275 2635 335 2681 qui
358 2634 490 2679 absque
513 2634 614 2667 omni
636 2633 798 2675 utilitate,
821 2644 928 2679 quan]
948 2631 1094 2673 faciunt,
1117 2632 1319 2666 necessaria
1343 2640 1478 2678 petunt,
1500 2640 1538 2666 ut
1560 2632 1668 2666 otiosi
1681 2631 1730 2666 vi-

169 2697 272 2722 vant:
295 2700 369 2722 non
393 2697 512 2721 autem
535 2687 649 2720 otiose
671 2687 769 2728 vivit,
792 2687 850 2732 qui
873 2685 1182 2732 qualitercumque
1204 2684 1337 2719 utiliter
1359 2686 1455 2719 vivit.

242 2743 300 2775 AD
329 2752 498 2775 TERTIUM
527 2740 731 2781 dicendum,
755 2740 850 2785 quod
873 2751 915 2773 ex
937 2739 999 2772 illo
1022 2747 1214 2784 praecepto
1237 2738 1327 2783 legis
1350 2739 1492 2772 divinae
1514 2749 1587 2772 non
1610 2738 1728 2784 prohi-

170 2795 272 2829 betur
294 2794 399 2828 alicui
423 2794 648 2835 mendicare;
672 2794 732 2826 sed
755 2793 962 2838 prohibetur
984 2792 1161 2833 divitibus,
1177 2804 1221 2826 ne
1243 2800 1318 2825 tam
1333 2800 1477 2826 tenaces
1492 2792 1572 2833 sint,
1595 2799 1632 2825 ut
1643 2801 1729 2837 ,pro-

171 2849 325 2894 pterhoc
339 2848 447 2894 aliqui
463 2856 620 2893 egestate
632 2847 837 2880 mendicare
855 2854 1045 2892 cogantur:
1065 2845 1121 2879 lex
1136 2853 1257 2879 autem
1273 2845 1386 2879 civilis
1402 2845 1556 2892 imponit
1569 2855 1727 2891 poenam
