1859 3122
461 180 682 216 Quafisrto
717 179 834 210 cvm.
868 179 1112 210 ARTICULUS
1146 179 1202 208 1v.
1526 170 1606 223 761

59 273 154 304 men,
176 262 272 308 quod
291 273 490 307 numquam
506 262 684 296 medicina
699 262 875 296 subtrahit
896 263 1012 308 majus
1034 262 1183 303 bonum,
1198 269 1236 295 ut
1257 269 1472 307 promoveat
1493 262 1610 296 minus

58 316 210 350 bonum:
226 316 317 350 sicut
332 315 511 349 medicina
522 315 674 350 carnalis
688 327 887 362 numquam
903 323 1026 350 caecat
1037 315 1196 356 oculum,
1211 326 1249 348 ut
1263 323 1363 348 sanet
1378 315 1609 350 calcaneum:

58 369 274 415 quandoque
296 377 418 402 tamen
433 368 537 402 infert
552 377 814 403 nocumentum
836 370 871 403 in
890 368 1100 410 minoribus,
1115 376 1152 402 ut
1166 368 1202 402 in
1218 367 1428 402 melioribus
1440 368 1611 402 auxilium

58 430 232 468 praestet3
255 430 289 456 ct
310 421 392 467 quia
413 422 509 455 bona
531 422 726 468 spiritualia
745 430 826 456 sunt
840 422 998 456 maxima
1016 422 1122 463 bona,
1137 422 1233 455 bona
1254 429 1374 456 autem
1397 421 1611 467 temporalia

57 483 138 509 sunt
158 475 327 517 minima,
349 475 430 508 ideo
453 475 669 521 quandoque
691 476 834 521 punitur
855 475 983 521 aliquis
1004 475 1040 508 in
1066 474 1325 521 temporalibus
1346 474 1450 508 bonis
1478 475 1610 520 absque

58 528 182 574 culpa;
216 528 419 574 cujusmodi
450 537 531 562 sunt
558 528 676 574 plures
703 540 842 575 poenae
863 529 1060 574 praesentis
1081 529 1175 562 vitae
1197 528 1365 562 divinitus
1386 527 1544 562 inflictae
1568 527 1610 561 ad

57 582 359 623 humiliationem,
381 581 439 616 vel
461 582 732 628 probationem:
759 593 834 616 non
856 590 976 616 autem
999 584 1143 628 punitur
1164 581 1291 628 aliquis
1312 582 1349 615 in
1371 581 1611 627 spiritualibus

57 635 160 669 bonis
181 635 257 669 sine
272 637 416 681 propria
439 635 543 682 culpa
561 647 678 681 neque
699 635 736 669 in
758 636 947 681 praesenti,
961 647 1079 681 neque
1093 636 1129 669 in
1142 635 1280 677 futui-03
1302 635 1386 682 quia
1406 635 1453 669 ibi
1472 645 1610 681 poenae

56 699 130 722 non
152 697 233 723 sunt
260 688 473 731 medicinae,
496 689 557 723 sed
579 696 848 734 consequuntur
868 688 1090 734 spiritualem
1112 688 1396 722 damnationem.

127 742 188 776 AD
202 752 351 777 PR1MUM
374 753 459 787 ergo
482 742 687 783 dicendum,
710 742 806 787 quod
828 753 919 776 unus
940 742 1054 776 homo
1077 753 1194 787 poena
1216 741 1390 788 spirituali
1411 753 1610 788 numquam

58 795 200 841 punitur
222 806 285 841 pro
309 804 460 841 peccato
484 795 647 829 alterius:
671 795 753 841 quia
775 806 893 841 poena
914 794 1106 841 spiritualis
1128 795 1281 840 pertinet
1303 795 1346 828 ad
1370 795 1540 837 animam,
1562 806 1612 829 se-

57 848 215 882 cundum
238 860 346 894 quam
370 848 517 894 quilibet
539 857 591 882 est
612 848 701 882 liber
722 848 794 882 sui:
817 859 934 894 poena
954 856 1073 882 autem
1087 848 1280 894 temporali
1292 849 1509 895 quandoque
1519 860 1611 883 unus

56 901 200 947 punitur
222 913 286 947 pro
308 910 460 948 peccato
483 902 638 943 alterius,
662 901 784 947 trijulici
805 901 962 935 ratione:
980 903 1093 947 primo
1115 902 1274 947 quidem,
1295 902 1378 947 quia
1391 914 1481 936 unus
1495 902 1610 936 horno

56 955 302 1001 temporaliter
325 964 377 989 est
398 966 452 989 res
475 955 638 997 alterius;
661 963 695 988 et
716 954 764 988 ita
786 955 821 988 in
843 965 1001 1000 poenam
1023 955 1098 999 ejus
1120 955 1229 988 etiarn
1243 955 1318 1000 ipse
1338 955 1498 1000 punitur3
1520 955 1612 989 sicut

57 1007 119 1041 filii
141 1008 340 1042 secundum
363 1019 492 1054 corpus
515 1016 596 1042 sunt
616 1007 795 1053 quaedam
817 1018 872 1041 res
894 1008 1014 1052 patris,
1041 1015 1075 1041 et
1096 1007 1189 1041 servi
1210 1008 1390 1053 quaedam
1417 1019 1472 1042 res
1499 1008 1612 1043 dorni·

55 1072 207 1096 norum:
230 1062 296 1096 alio
318 1062 424 1103 modo,
450 1062 664 1107 inquantum
685 1069 875 1107 peccatum
898 1062 1001 1095 unius
1023 1061 1203 1095 derivatur
1220 1062 1256 1095 in
1279 1062 1451 1104 alterum3
1472 1063 1524 1097 vel
1549 1073 1612 1108 per

57 1114 311 1156 imitationem,
337 1117 429 1149 sicut
454 1114 517 1148 filii
538 1115 724 1149 imitantur
745 1123 893 1161 peccata
915 1123 1116 1161 parentum,
1144 1123 1178 1149 et
1204 1115 1297 1149 servi
1324 1123 1473 1160 peccata
1500 1115 1612 1149 domi-

55 1180 199 1211 norum,
218 1177 256 1203 ut
278 1169 447 1203 audacius
470 1176 640 1215 peccent;
666 1169 719 1202 vel
743 1180 806 1214 per
832 1169 983 1202 modum
1009 1169 1139 1210 meriti,
1166 1168 1258 1202 sicut
1282 1177 1431 1214 peccata
1457 1169 1611 1203 subdito-

55 1233 135 1256 rum
157 1230 339 1256 merentur
359 1230 589 1267 peccatorem
612 1221 826 1268 praelatum,
849 1221 1062 1255 secumdum
1084 1221 1171 1255 illud
1189 1221 1267 1266 Job.
1294 1232 1368 1267 34:
1393 1223 1611 1268 Quiregnare

51 1275 136 1320 facit
156 1276 317 1310 hominem
340 1276 545 1322 hypocritam
571 1281 710 1322 propter
724 1280 861 1321 peccata
879 1275 1016 1321 populi‚·
1044 1275 1137 1309 unde
1166 1283 1200 1308 et
1220 1286 1285 1321 pro
1312 1283 1464 1321 peccato
1490 1275 1609 1309 David

53 1328 230 1375 populum
250 1329 485 1371 numerantis,
504 1327 660 1374 populus
681 1327 793 1362 Israel
814 1330 957 1374 punitus
977 1336 1040 1366 est,
1063 1336 1101 1362 ut
1121 1328 1272 1362 habetur
1294 1338 1324 1363 2.
1344 1328 1433 1374 Reg.
1457 1328 1531 1371 ult.;
1545 1329 1611 1363 sive

55 1382 164 1416 etiam
186 1393 248 1428 per
269 1381 463 1427 aliqualem
486 1393 716 1423 consensum,
739 1393 802 1415 seu
824 1381 1163 1423 dissimulationem,
1185 1382 1277 1415 sicut
1299 1381 1408 1415 etiam
1428 1382 1610 1415 interdurn

54 1435 142 1469 boni
162 1434 270 1469 simul
291 1435 486 1481 puniuntur
506 1434 754 1481 temporaliter
775 1446 859 1469 cum
881 1434 999 1476 malis,
1025 1436 1107 1480 quia
1130 1445 1258 1468 eorum
1284 1443 1433 1480 peccata
1459 1446 1534 1468 non
1561 1446 1612 1469 re-

55 1489 285 1534 darguerunt,
308 1497 346 1522 ut
366 1488 519 1534 August.
542 1488 628 1522 dicit
648 1489 684 1522 in
710 1499 736 1523 1.
761 1488 803 1522 de
826 1487 906 1522 Civ.
928 1487 996 1521 Dei
1021 1487 1108 1533 (cap.
1131 1489 1179 1533 9.)
1192 1500 1202 1522 .·
1230 1489 1327 1522 tertio
1355 1488 1399 1521 ad
1427 1499 1611 1522 commen-

54 1541 212 1576 dandum
235 1541 410 1575 unitatem
431 1542 614 1575 humanae
635 1541 830 1583 societatis,
853 1552 894 1574 ex
917 1551 987 1586 qua
1009 1552 1099 1575 unus
1127 1541 1231 1575 debet
1257 1552 1322 1587 pro
1350 1540 1421 1574 alio
1448 1541 1610 1576 solicitus

54 1606 142 1636 esse,
164 1606 209 1629 ne
230 1603 373 1641 peccet:
398 1603 432 1629 et
453 1595 497 1628 ad
520 1595 798 1629 detestationem
820 1594 971 1640 peccati,
990 1594 1076 1627 dum
1098 1605 1216 1639 poena
1243 1594 1347 1628 unius
1373 1594 1548 1629 redundat
1573 1594 1609 1628 in

24 1692 28 1696 ἢ
53 1659 192 1690 omnes,
215 1648 316 1694 quasi
337 1659 464 1682 omnes
488 1656 607 1682 essent
628 1659 740 1681 unum
763 1658 905 1692 corpus,
927 1654 964 1680 ut
986 1647 1138 1692 August.
1155 1647 1240 1681 dicit
1255 1648 1298 1681 de
1313 1655 1462 1693 peccato
1479 1647 1608 1682 Achan

54 1701 128 1744 (lib.
153 1701 232 1745 QQ.
254 1701 434 1746 suffsosue
461 1713 490 1746 q.
517 1701 592 1745 S.).·
617 1700 712 1746 quod
740 1708 861 1734 autem
886 1700 1070 1734 Dominus
1097 1700 1200 1734 dicit:
1231 1701 1374 1735 I'isitcms
1393 1706 1530 1746 peccata
1550 1707 1611 1747 pa-

51 1759 179 1789 rentum
203 1756 235 1788 in
253 1755 344 1800 filios
366 1756 399 1788 ἰιι
422 1755 567 1795 tertiam,
586 1759 614 1787 et
640 1758 795 1799 quartam
819 1755 1071 1799 generationem,
1095 1754 1212 1799 magis
1238 1754 1377 1788 videtur
1404 1754 1448 1787 ad
1475 1754 1611 1788 miseri-

53 1807 226 1848 cordiam,
249 1818 358 1853 quam
382 1807 425 1840 ad
447 1807 676 1840 severitatem
698 1807 894 1852 pertinere3
918 1807 1002 1840 dum
1014 1817 1088 1840 non
1103 1807 1223 1840 statim
1237 1807 1434 1841 vindictam
1453 1808 1608 1850 adhibet,

52 1860 113 1894 sed
136 1868 300 1906 expectat
321 1860 357 1893 in
379 1868 577 1905 posterum,
600 1867 637 1893 ut
658 1859 716 1893 vel
741 1859 870 1894 saltem
895 1861 1030 1905 posteri
1058 1861 1305 1906 corrigantur:
1336 1861 1398 1895 sed
1425 1869 1608 1896 crescente

52 1912 189 1947 malitia
211 1921 452 1959 posterorum,
474 1913 576 1958 quasi
597 1924 746 1947 necesse
766 1921 818 1947 est
841 1912 1017 1946 ultionem
1039 1913 1170 1947 inferri.

122 1966 182 2000 AD
197 1976 405 2000 SECUNDUM
427 1965 632 2007 dicendum,
656 1965 763 2011 quod,
783 1966 875 2000 sicut
893 1966 1046 2012 August.
1069 1967 1155 2001 dicit
1167 1967 1243 2011 (loc.
1260 1969 1345 2013 cit),
1360 1968 1533 2013 judicium
1548 1968 1610 2002 hu-

53 2031 202 2053 manum
218 2019 321 2053 debet
342 2019 475 2053 imitari
497 2019 658 2052 divinum
676 2018 851 2065 judicium
871 2019 908 2052 in
930 2018 1128 2053 manifestis
1149 2020 1219 2054 Dei
1233 2021 1387 2066 judiciis,
1403 2021 1530 2066 quibus
1546 2021 1609 2055 ho-

53 2073 168 2107 mines
189 2072 420 2118 spiritualiter
442 2072 590 2105 damnat
610 2083 674 2117 pro
697 2072 843 2117 proprio
872 2080 1042 2117 peccato:
1078 2072 1221 2106 occulta
1250 2085 1336 2107 vero
1365 2074 1436 2108 Dei
1463 2075 1607 2120 judicia,

52 2126 179 2172 quibus
200 2124 448 2171 temporaliter
471 2124 610 2170 aliquos
631 2125 733 2170 punit
754 2125 886 2171 absque
910 2125 1025 2171 culpa,
1051 2137 1126 2159 non
1152 2134 1270 2172 potest
1295 2127 1497 2161 humanum
1523 2128 1609 2173 judi-

52 2179 148 2213 cium
168 2179 318 2220 imitari3
347 2178 427 2224 quia
455 2178 570 2211 homo
592 2189 666 2211 non
687 2186 806 2224 potest
827 2179 1136 2224 comprehendere
1162 2180 1296 2213 horum
1316 2181 1532 2225 judiciorum
1558 2192 1609 2214 ra-

51 2232 180 2273 tiones,
202 2240 240 2265 ut
261 2232 350 2265 sciat
372 2231 456 2276 quid
479 2231 642 2276 expediat
663 2231 876 2277 unicuique3
896 2240 931 2266 et
948 2232 1030 2266 ideo
1053 2244 1253 2278 numquam
1268 2234 1469 2267 secundum
1483 2235 1609 2268 huma-

51 2296 139 2318 num
153 2285 327 2330 judicium
351 2284 478 2329 aliquis
501 2284 605 2318 debet
625 2284 743 2330 puniri
764 2284 840 2319 sine
855 2284 960 2331 culpa
978 2297 1096 2330 poena
1114 2285 1258 2332 flagelli,
1281 2295 1319 2320 ut
1340 2288 1536 2329 occidatur,
1550 2287 1608 2322 vel

52 2337 246 2379 mutiletur,
267 2337 325 2371 vel
346 2338 570 2372 verberetur:
591 2348 709 2383 poena
732 2346 854 2372 autem
876 2338 998 2372 damni
1020 2339 1164 2385 punitur
1191 2340 1318 2386 aliquis
1346 2341 1454 2375 etiam
1480 2352 1606 2375 secun-

52 2391 138 2425 dum
162 2391 364 2424 humanum
386 2390 573 2435 judicium,
596 2391 704 2424 etiam
726 2391 802 2425 sine
824 2391 940 2438 culpa,
963 2392 1024 2426 sed
1043 2404 1117 2426 non
1140 2393 1216 2426 sine
1239 2405 1366 2435 causa,
1389 2402 1423 2428 et
1452 2394 1523 2428 hoc
1551 2395 1608 2428 tri-

46 2445 198 2490 pliciter:
218 2456 282 2478 uno
301 2444 395 2477 modo
419 2455 460 2477 ex
481 2443 553 2477 hoc
576 2444 671 2489 quod
695 2443 822 2490 aliquis
844 2445 985 2491 ineptus
1007 2446 1166 2479 redditur
1187 2446 1263 2480 sine
1285 2458 1349 2481 sua
1364 2447 1467 2493 culpa
1486 2447 1530 2480 ad
1549 2446 1608 2480 ali-

51 2497 148 2543 quod
168 2497 306 2531 bonum
327 2496 546 2539 habendum,
567 2496 626 2530 vel
645 2498 964 2543 consequendum:
986 2498 1078 2532 sicut
1095 2507 1241 2544 propter
1262 2500 1386 2533 vitium
1411 2499 1530 2545 leprae
1549 2498 1607 2533 ali-

51 2550 129 2596 quis
148 2558 354 2584 removetur
374 2550 415 2582 ab
439 2549 749 2584 administratione
767 2550 971 2593 Ecclesiae;
993 2558 1027 2585 et
1045 2560 1190 2597 propter
1208 2552 1420 2597 bigamiam,
1442 2552 1500 2586 vel
1519 2553 1607 2598 judi-

51 2604 147 2636 cium
169 2602 352 2647 sanguinis
375 2601 502 2647 aliquis
524 2602 716 2648 impeditur
739 2614 759 2636 a
780 2603 890 2637 sacris
908 2604 1108 2638 ordinibus:
1130 2605 1280 2647 seczmdo,
1297 2606 1379 2651 quia
1399 2606 1548 2647 bonum,
1570 2607 1605 2640 in

51 2667 122 2702 quo
145 2655 406 2696 damnificatur,
428 2666 503 2689 non
526 2663 578 2688 est
598 2657 784 2701 proprium
797 2657 947 2698 bonum,
962 2657 1024 2690 sed
1039 2668 1254 2692 commune:
1269 2659 1361 2692 sicut
1375 2658 1471 2703 quod
1487 2658 1605 2704 aliqua

50 2708 212 2743 Ecclesia
233 2708 364 2741 habeat
386 2707 648 2753 episcopatum,
670 2709 823 2754 pertinet
844 2709 888 2743 ad
909 2709 1046 2743 bonum
1068 2710 1177 2743 totius
1201 2711 1364 2752 civitatis,
1386 2722 1461 2744 non
1485 2719 1605 2745 autem

51 2762 94 2795 ad
115 2762 252 2796 bonum
272 2761 501 2795 Clericorum
522 2768 682 2794 tantum:
707 2763 812 2803 tertio,
836 2762 918 2807 quia
940 2763 1078 2796 bonurn
1105 2763 1208 2796 unius
1236 2764 1413 2809 dependet
1439 2775 1482 2798 ex
1506 2764 1603 2798 bono

52 2814 214 2849 alterius:
237 2814 328 2848 sicut
348 2814 384 2846 in
415 2813 565 2847 crimine
599 2813 718 2848 laesae
740 2816 935 2860 majestatis
964 2815 1058 2849 filius
1087 2816 1218 2849 amittit
1251 2817 1512 2850 haereditatem
1537 2828 1603 2862 pro

50 2875 199 2913 peccato
221 2875 389 2913 parentis.
