1859 3122
159 134 241 176 792
568 131 790 166 QUAESTIO
826 130 940 160 CXVI.
975 130 1216 160 ARTICULUS
1249 130 1276 159 Ι.

727 282 1069 328 ARTICULUS
1102 283 1135 326 I.
1645 297 1708 341 588

362 385 513 414 UTRUM
540 385 741 414 LITIGIUM
765 385 1028 415 OPPONATUR
1053 384 1233 414 VIRTUTI
1260 385 1502 425 AMICITiAE,

710 450 788 479 SEU
817 450 1154 480 AFFABILITATIS.

225 537 284 570 AD
310 546 458 570 PR1MUM
480 536 529 570 sic
552 537 767 582 proceditur.
790 537 951 579 Videtur,
973 537 1070 583 quod
1091 537 1247 583 litigium
1269 548 1343 571 non
1365 545 1569 583 opponatur
1589 538 1710 572 virtuti

155 589 344 630 amicitiae,
370 588 428 623 vel
454 588 687 624 affabilitatis:
714 589 870 636 litigium
897 590 993 624 enim
1027 590 1071 624 ad
1103 589 1324 624 discordiam
1348 590 1526 636 pertinere
1558 590 1710 633 videtur,

154 642 244 676 sicut
266 650 300 676 et
321 643 524 676 contentio:
547 643 608 677 sed
631 643 810 678 discordia
833 644 1026 690 opponitur
1047 643 1223 685 charitati,
1246 643 1337 677 sicut
1359 643 1495 678 dictum
1517 651 1569 678 est
1591 643 1636 689 (q.
1658 655 1709 690 37.

154 701 215 730 art.
238 696 295 737 1.),·
320 707 405 741 ergo
429 704 463 730 et
485 696 651 741 litigium.

224 759 255 783 2.
281 749 516 784 PRAi-:Ti-mffl.
544 750 651 784 Prov.
679 748 734 784 26.
766 750 911 784 dicitur:
938 750 1051 784 Homo
1073 749 1253 784 iracundus
1274 749 1418 784 incendit
1438 750 1541 790 litem;
1565 749 1626 784 sed
1646 749 1712 784 ira-

155 803 285 837 cundia
307 803 501 849 opponitur
522 803 805 846 mansuetudini,
829 815 916 849 ergo
940 811 974 838 et
994 803 1048 845 lis,
1071 803 1144 837 sive
1166 803 1332 848 litigium.

225 867 253 901 3.
275 856 510 891 PRAETEREA.
528 857 654 902 Jacobi
674 867 706 900 4.
727 857 870 892 dicitur:
899 857 989 891 Unde
1011 857 1103 898 bella,
1124 862 1152 891 et
1169 857 1239 892 lites
1263 858 1298 890 in
1315 857 1425 892 vobis?
1452 857 1568 891 Nonne
1588 868 1626 891 ex
1640 868 1713 891 con-

155 911 358 956 cupiscentiis
378 911 504 952 vestris,
528 922 608 955 quae
630 911 774 945 militant
795 912 830 944 in
852 911 1006 945 membris
1023 911 1164 945 vestris?
1183 909 1253 944 Sed
1275 910 1375 956 sequi
1403 909 1711 956 concupiscentias

152 963 293 997 videtur
307 963 441 1009 opponi
456 964 733 1009 temperantiae;
757 975 843 1010 ergo
865 963 1004 998 videtur
1023 963 1119 1010 quod
1137 962 1293 1009 litigium
1314 974 1388 997 non
1410 971 1614 1009 opponatur
1627 963 1701 998 ami

155 1017 269 1058 citiae,
292 1017 353 1050 sed
375 1017 646 1062 temperantiae.

225 1069 299 1104 SED
318 1080 472 1104 CONTRA
488 1078 550 1112 est,
566 1070 661 1116 quod
679 1069 814 1105 Philos.
834 1070 870 1104 in
887 1080 920 1112 4.
940 1069 1203 1116 Etichor.,(cap.
1219 1070 1267 1116 6.)
1284 1069 1440 1116 litigium
1459 1071 1610 1117 opponit
1628 1069 1714 1104 ami-

156 1131 270 1157 cltlae.

225 1176 453 1211 Respoxmzo
476 1176 680 1219 dicendum,
700 1177 794 1223 quod
817 1177 959 1223 proprie
981 1177 1137 1223 litigium
1158 1177 1194 1210 in
1215 1177 1331 1211 verbis
1352 1177 1525 1220 consistit,
1545 1188 1629 1212 cum
1650 1177 1715 1211 sci-

155 1229 241 1264 licet
262 1241 352 1264 unus
376 1230 491 1264 verbis
513 1230 656 1264 alterius
679 1230 903 1274 contradicit,
931 1231 966 1264 in
990 1242 1059 1276 qua
1082 1230 1227 1276 quidem
1250 1231 1534 1265 contradictione
1555 1231 1617 1265 duo
1635 1242 1714 1276 pos-

155 1291 236 1317 sunt
252 1283 403 1317 attendi:
419 1283 609 1329 quandoque
628 1283 724 1317 enim
741 1284 918 1329 contingit
932 1284 1168 1318 contradictio
1184 1291 1328 1330 propter
1342 1295 1536 1329 personam
1551 1284 1712 1325 dicentis,

154 1337 213 1370 cui
234 1336 484 1371 contradicens
500 1336 703 1370 consentire
718 1345 859 1370 recusat
876 1345 1021 1382 propter
1036 1335 1216 1370 defectum
1233 1337 1367 1371 amoris
1382 1337 1523 1371 animos
1539 1337 1712 1380 unienti83

155 1398 189 1425 et
210 1391 280 1424 hoc
302 1390 442 1424 videtur
464 1390 507 1424 ad
530 1390 747 1424 discordiam
770 1390 946 1436 pertinere
969 1390 1133 1424 charitati
1156 1390 1392 1424 contrariam:
1415 1391 1606 1436 quandoque
1625 1402 1711 1425 vero

158 1443 393 1477 contradictio
422 1443 533 1477 oritur
556 1443 695 1477 ratione
716 1454 903 1489 personae,
932 1454 1039 1489 quam
1067 1442 1194 1489 aliquis
1221 1443 1431 1477 contristare
1459 1455 1533 1477 non
1553 1451 1712 1478 veretur:

160 1505 193 1530 ct
219 1497 267 1530 sic
296 1496 333 1530 fit
359 1496 525 1542 litigium,
553 1497 649 1542 quod
676 1497 880 1542 praedictae
907 1496 1098 1538 amicitiae,
1125 1496 1183 1530 vel
1209 1495 1407 1531 affabilitati
1433 1497 1638 1543 opponitur,
1669 1496 1712 1531 ad

160 1561 268 1596 quam
289 1550 443 1596 pertinet
461 1549 718 1584 delectabiliter
740 1549 817 1584 aliis
841 1550 1050 1592 convivere3
1073 1549 1167 1584 unde
1189 1549 1325 1584 Philos.
1345 1550 1430 1584 dicit
1450 1550 1487 1584 in
1504 1560 1536 1593 4.
1553 1550 1711 1584 Ethicor.

158 1605 246 1650 (cap.
269 1603 320 1648 6.)
343 1603 439 1649 quod
460 1603 512 1636 illi
537 1616 554 1635 ‹<
576 1604 636 1649 qui
659 1603 700 1637 ad
724 1603 847 1637 omnia
870 1603 1143 1646 contrariantur,
1166 1615 1273 1637 causa
1295 1604 1369 1649 ejus
1391 1603 1487 1650 quod
1510 1611 1563 1638 est
1584 1604 1713 1638 contri-

157 1665 261 1698 stare,
283 1668 398 1702 neque
421 1668 669 1703 quoscumque
693 1665 869 1698 curantes,
891 1657 1021 1703 dvscoli,
1046 1664 1079 1690 et
1101 1657 1235 1702 litigiosi
1255 1665 1431 1691 vocantur
1451 1671 1483 1691 ».

228 1711 287 1744 AD
313 1721 462 1744 PRIMUM
489 1721 574 1755 ergo
603 1710 806 1752 dicendum,
834 1711 928 1756 quod
964 1710 1147 1744 contentio
1179 1710 1295 1756 magis
1321 1710 1464 1757 proprie
1489 1711 1642 1757 pertinet
1669 1711 1712 1744 ad

159 1763 482 1798 contradictionem
506 1764 718 1805 discordiae,
744 1763 900 1810 litigium
923 1771 1043 1798 autern
1066 1763 1109 1797 ad
1137 1764 1473 1806 contradictionem,
1495 1775 1587 1810 quae
1608 1764 1647 1799 fit
1666 1764 1716 1798 in-

157 1817 316 1851 tentione
336 1817 580 1851 contristandi.

228 1871 288 1904 AD
304 1869 509 1905 SECUND'UM
525 1871 729 1912 dicendum,
753 1871 848 1916 quod
868 1870 1001 1904 directa
1024 1870 1204 1916 oppositio
1219 1870 1390 1904 vitiorum
1409 1870 1453 1904 ad
1471 1871 1619 1905 virtutes
1640 1882 1715 1905 non

159 1925 349 1958 attenditur
375 1924 573 1958 secundum
601 1935 738 1965 causas,
762 1935 845 1958 cum
867 1924 1043 1969 contingit
1069 1936 1182 1958 unum
1208 1924 1336 1958 vitium
1359 1936 1401 1958 ex
1423 1924 1570 1958 diversis
1598 1924 1714 1958 causis

157 1977 254 2019 oriri,
274 1977 335 2011 sed
357 1977 548 2011 attenditur
569 1978 766 2011 secundum
782 1977 940 2022 speciem
956 1986 1070 2011 actus:
1090 1977 1173 2011 licet
1187 1985 1307 2011 autem
1323 1977 1539 2024 quandoque
1560 1977 1714 2023 litigium

159 2042 200 2064 ex
214 2031 266 2064 ira
280 2030 425 2071 oriatur,
439 2039 555 2076 potest
569 2040 690 2064 tamen
707 2031 816 2065 etiam
831 2042 873 2064 ex
888 2030 1009 2064 multis
1025 2030 1102 2065 aliis
1119 2031 1233 2065 causis
1250 2031 1353 2074 oriri;
1368 2031 1462 2065 unde
1476 2042 1550 2065 non
1563 2039 1714 2078 oportet,

158 2084 255 2130 quod
278 2083 410 2117 directe
433 2093 636 2129 opponatur
659 2084 934 2118 mansuetudini.

229 2137 288 2170 AD
316 2147 486 2171 TERTIUM
508 2137 710 2179 dicendum,
733 2137 829 2182 quod
846 2137 1002 2182 Jacobus
1024 2136 1182 2183 loquitur
1208 2137 1255 2170 ibi
1278 2137 1320 2171 de
1344 2137 1647 2184 concupiscentia,
1665 2148 1716 2171 se-

159 2190 317 2224 cundum
340 2190 435 2236 quod
458 2198 508 2224 est
531 2190 697 2235 generale
721 2190 870 2232 malum,
892 2201 933 2224 ex
956 2201 1026 2236 quo
1050 2190 1172 2224 omnia
1195 2190 1280 2224 vitia
1303 2190 1484 2233 oriuntur;
1505 2198 1612 2237 prout
1629 2191 1716 2225 dicit

162 2243 280 2278 Gloss.
297 2243 339 2277 ad
356 2244 461 2278 Rom.
478 2254 508 2288 7.
525 2243 610 2288 (ord.
627 2245 712 2288 Aug.
730 2244 784 2278 lili.
801 2244 836 2278 de
850 2244 939 2290 Spir.
955 2249 983 2278 et
999 2244 1064 2278 Lit.
1081 2250 1149 2289 cap.
1165 2255 1197 2288 4.
1212 2250 1281 2290 sup.
1299 2243 1392 2278 illud:
1408 2244 1713 2290 Concupiscentiam

157 2297 367 2341 umidum).-
387 2310 403 2328 «
420 2297 520 2330 Bona
536 2305 587 2331 est
606 2296 672 2338 leX,
691 2308 782 2342 quae
798 2297 883 2330 dum
899 2297 1230 2343 concupiscentiam
1249 2297 1424 2343 prohibet,
1445 2308 1554 2332 omne
1578 2296 1714 2331 malum

160 2350 326 2395 prohibet
348 2364 378 2383 >›.

727 2473 1069 2517 ARTICULUS
1107 2474 1159 2516 11.
1646 2486 1709 2532 589

249 2582 399 2611 UTRUM
428 2582 627 2610 Ll'slGiUfsl
650 2582 715 2609 Sil·
741 2581 922 2609 Gltftvlus
952 2582 1200 2619 PECCATUM,
1232 2582 1354 2616 QUAM
1383 2582 1625 2610 ADULATIO.

231 2670 289 2703 AD
312 2680 517 2704 SECUNDUM
537 2669 584 2703 sic
601 2669 815 2715 proceditur.
836 2668 995 2709 Videtur,
1019 2669 1113 2714 quod
1134 2669 1288 2713 litigium
1311 2669 1353 2702 sit
1377 2669 1493 2702 minus
1514 2676 1714 2715 peccatum,

159 2735 266 2769 quum
291 2723 509 2756 contrarium
537 2723 674 2764 vitium,
701 2722 836 2756 scilicet
866 2721 1063 2767 placiditas,
1086 2722 1142 2755 vel
1166 2721 1342 2756 adulatio:
1372 2730 1505 2768 quanto
1532 2722 1628 2756 enim
1656 2721 1714 2755 ali-

159 2777 253 2822 quod
273 2784 461 2822 peccatum
477 2776 554 2821 plus
574 2784 691 2817 uocet,
713 2783 813 2809 tanto
837 2776 936 2821 pejus
956 2786 1033 2808 esse
1055 2775 1213 2809 videtur:
1238 2775 1297 2809 >ed
1321 2775 1477 2808 adulatio
1497 2774 1574 2820 plus
1595 2782 1714 2816 nocet,

160 2841 267 2874 quam
290 2829 462 2874 litigium:
487 2829 613 2863 dicitur
635 2829 731 2862 enirn
754 2829 819 2862 Isa.
846 2839 892 2873 3.:
917 2827 1038 2874 Populo
1060 2840 1159 2870 uncus,
1182 2829 1238 2873 qui
1260 2829 1387 2862 beatum
1410 2833 1437 2862 ta
1458 2827 1579 2869 diczmt,
1602 2829 1663 2873 ipsi
1688 2832 1715 2862 te
