1859 3122
479 190 699 228 QUAESTIO
732 189 880 220 XXXIX.
914 187 1157 219 ARTICULUS
1190 187 1246 217 IV.
1557 185 1635 228 313

87 276 240 317 duxistis;
256 275 341 322 quod
353 276 514 323 perierat,
524 286 588 309 non
607 274 793 321 quaesistis:
813 271 874 307 sed
894 271 1114 306 schismatici
1130 267 1402 305 convenientius
1424 266 1642 302 reducuntur

87 341 149 376 per
175 329 326 376 aliquos,
361 329 420 376 qui
448 329 498 364 eis
520 327 809 369 communicent,
832 336 919 371 ergo
941 325 1092 366 videtur,
1119 323 1215 370 quod
1241 334 1314 357 non
1341 324 1410 356 sint
1435 331 1644 355 excommu-

87 383 240 417 nicandi.

162 448 190 481 3.
210 436 445 471 PRAETEREA.
465 436 535 470 Pro
555 435 684 470 eodem
702 441 852 480 peccato
872 444 945 467 non
965 432 1135 477 infligitur
1150 431 1278 478 duplex
1296 441 1425 477 poena,
1444 427 1643 463 secundum

87 489 173 523 illud
192 490 339 524 Nahum
366 501 412 524 1.:
436 490 512 524 Non
527 489 692 534 judicabit
708 488 796 521 Deus
811 488 857 520 liis
876 488 908 519 in
929 485 1093 533 [dipsium.-
1116 485 1177 519 sed
1193 496 1257 530 pro
1273 491 1423 530 peccato
1439 481 1643 516 schismatis

89 543 196 589 aliqui
221 555 337 589 poena
359 543 551 589 temporali
571 542 776 588 puniuntur,
799 548 836 574 ut
857 540 1008 574 habetur
1031 549 1084 583 23.
1109 551 1139 584 q.
1168 549 1194 583 5.
1222 539 1333 584 (r.1p..·
1360 537 1464 581 Quali
1486 537 1556 581 1105)
1584 534 1643 568 ubi

89 597 233 630 dicitur:
259 610 276 628 ‹<
297 597 464 638 Divinae,
483 604 517 630 et
535 595 739 629 mundanae
761 593 859 639 leges
881 601 1092 634 statuerunt,
1116 599 1152 625 ut
1174 592 1215 625 ab
1239 590 1422 625 Ecclesiae
1445 590 1578 623 unitate
1598 588 1645 621 di-

88 650 166 692 visi,
187 659 220 685 et
243 651 316 695 ejus
335 661 463 696 pacem
482 649 738 696 perturbantes,
755 658 773 680 a
788 646 1030 681 saecularibus
1049 645 1283 692 potestatibus
1303 644 1588 689 comprimantur
1602 654 1642 684 >›;

87 714 161 737 non
184 715 270 748 ergo
290 712 371 738 sunt
391 702 561 750 puniendi
582 713 645 748 per
666 700 1095 735 excommunicationem.

160 757 234 791 SED
257 768 411 792 CONTRA
435 764 497 798 est,
520 755 616 802 quod
638 754 746 788 Num.
774 752 824 789 16.
848 753 993 787 dicitur:
1019 752 1164 788 Recedite
1192 763 1211 786 a
1233 751 1452 787 tabernaculis
1474 751 1644 785 hominum

88 811 282 857 impiorum,
305 811 365 857 qui
387 809 524 844 scilicet
545 809 702 843 schisma
729 807 901 849 fecerunt,
924 815 959 841 et
979 807 1076 841 nolite
1103 811 1232 852 tangere
1253 817 1302 849 ea,
1330 817 1411 852 quaa
1437 805 1479 839 ad
1500 816 1549 839 005
1570 811 1646 851 per-

89 865 199 905 tinent,
223 876 261 898 ne
283 864 504 898 involvamini
529 864 563 896 in
585 863 730 909 pacratii·
750 874 874 896 eorum.

160 917 388 952 Responm-:o
411 916 616 958 dicendum,
639 915 734 962 quod
752 922 814 962 par
832 927 912 961 quae
929 919 1046 962 peccat
1066 915 1147 960 quis,
1166 920 1227 960 per
1240 925 1277 948 etz
1298 913 1386 948 debet
1398 913 1529 960 puniri,
1546 919 1584 945 ut
1599 910 1647 944 di-

89 971 180 1005 citur
202 971 285 1017 Sap.
312 982 382 1005 11.:
406 970 656 1005 schismaticus
672 977 805 1011 autem,
823 977 862 1003 ut
876 980 917 1003 ex
932 968 1035 1002 dictis
1053 975 1151 1013 patet
1167 967 1246 1012 (art.
1262 980 1289 1002 1.
1305 967 1373 1013 lmj.
1389 967 1451 1012 q.),
1472 966 1507 999 in
1522 965 1646 999 duolms

90 1033 233 1071 peccat:
254 1025 289 1058 in
311 1036 375 1058 uno
390 1025 547 1070 quidem,
562 1024 644 1070 quia
660 1030 801 1069 separat
813 1033 850 1057 se
867 1034 886 1056 a
901 1021 1161 1056 communione
1176 1021 1424 1055 membrorum
1442 1019 1645 1053 Ecclesiae:

90 1086 124 1112 et
151 1086 325 1124 quantum
353 1078 395 1112 ad
422 1077 492 1112 hoc
520 1077 740 1111 conveniens
766 1087 884 1123 poena
911 1075 1228 1110 schismaticorum
1251 1082 1314 1116 est,
1342 1082 1380 1108 ut
1402 1072 1648 1108 excommuni-

91 1140 233 1166 centur:
256 1132 292 1165 in
311 1131 376 1166 alio
402 1142 502 1173 vero,
524 1130 607 1176 quia
629 1130 732 1165 subdi
753 1137 921 1164 recusant
939 1129 1046 1175 capiti
1067 1127 1269 1163 Ecclesiae:
1293 1135 1328 1162 et
1348 1127 1430 1162 ideo
1449 1126 1532 1173 quia
1552 1137 1649 1160 coer-

91 1186 163 1220 ceri
183 1184 312 1219 nolunt
333 1196 396 1230 per
416 1183 638 1231 spiritualem
652 1191 868 1231 potestatem
886 1183 1082 1225 Ecclesiae,
1097 1183 1231 1229 justum
1250 1190 1303 1216 est
1318 1190 1355 1216 ut
1371 1188 1547 1228 potestate
1561 1187 1649 1214 tem-

88 1238 205 1285 porali
225 1245 469 1273 coerceantur.

159 1292 220 1327 AD
234 1302 383 1327 PR1MUM
402 1303 488 1338 ergo
511 1291 715 1334 dicendum,
737 1291 834 1338 quod
856 1291 1076 1338 baptismum
1096 1301 1115 1324 a
1134 1289 1374 1325 schismaticis
1392 1288 1551 1335 recipere
1572 1298 1646 1321 non

90 1345 184 1388 licet,
205 1345 275 1380 nisi
300 1346 336 1379 in
364 1345 515 1380 articulo
541 1346 782 1380 necessitatis:
811 1345 893 1391 quia
922 1344 1052 1379 melius
1082 1352 1135 1379 est
1160 1344 1203 1378 de
1233 1343 1300 1377 hac
1328 1343 1400 1376 vita
1431 1353 1513 1376 cum
1543 1341 1647 1386 signo

92 1399 228 1433 Christi
255 1399 361 1441 exire,
389 1410 408 1433 a
435 1410 665 1446 quocumque
692 1399 804 1440 detur,
832 1398 973 1433 etiamsi
999 1398 1044 1432 sit
1059 1393 1228 1443 Judaeus,
1253 1396 1311 1430 vel
1337 1396 1516 1442 Paganus,
1539 1405 1647 1441 quam

92 1452 168 1486 sine
188 1452 259 1486 hoc
282 1452 398 1497 signo,
425 1453 521 1498 quod
543 1464 606 1499 per
625 1452 847 1498 baptismum
869 1451 1062 1486 confertur.

163 1505 223 1539 AD
242 1516 448 1540 SECUNDUM
467 1506 672 1547 dicendum,
691 1506 787 1551 quod
808 1517 871 1551 per
892 1503 1309 1539 excommunicationem
1330 1514 1404 1536 non
1427 1500 1649 1536 interdicitur

92 1558 154 1592 illa
175 1559 471 1601 communicatio,
490 1571 553 1606 per
571 1571 679 1605 quam
699 1559 825 1605 aliquis
840 1558 1039 1593 salubribus
1056 1558 1203 1592 monitis
1222 1557 1354 1591 divisos
1374 1556 1510 1591 reducit
1529 1555 1572 1589 ad
1586 1555 1649 1589 Ec-

94 1611 223 1646 clesiae
246 1613 438 1655 unitatem;
461 1624 543 1646 cum
566 1612 674 1646 etiam
696 1612 773 1658 ipsa
795 1612 974 1658 separatio
1001 1611 1275 1657 quodammodo
1298 1621 1360 1645 eos
1383 1610 1541 1651 reducat,
1563 1609 1649 1643 dum

94 1665 137 1699 de
163 1677 227 1700 sua
248 1666 472 1712 separatione
500 1665 650 1708 confusi,
672 1665 887 1712 quandoque
910 1665 953 1699 ad
975 1665 1234 1711 poenitentiam
1255 1664 1483 1698 reducuntur.

164 1719 223 1752 AD
243 1729 413 1754 TERTIUM
428 1719 632 1761 dicendum,
648 1719 743 1765 quod
762 1730 901 1764 poenae
919 1719 1115 1765 praesentis
1129 1719 1223 1752 vitae
1245 1727 1326 1752 sunt
1345 1716 1597 1759 medicinales3
1617 1724 1651 1750 et

93 1771 175 1806 ideo
198 1772 342 1818 quando
364 1785 435 1807 una
456 1784 573 1820 poena
595 1784 669 1807 non
691 1771 821 1807 sufficit
843 1772 886 1806 ad
909 1772 1152 1806 coercendum
1173 1771 1376 1813 hominem,
1403 1770 1652 1817 superadditur

96 1825 224 1859 altera:
247 1826 338 1861 sicut
363 1835 397 1861 et
417 1827 550 1861 medici
572 1826 729 1860 diversas
751 1826 948 1860 medicinas
969 1825 1176 1872 corporales
1195 1833 1392 1871 apponunt,
1414 1824 1558 1870 quando
1581 1835 1651 1857 una

94 1890 168 1912 non
191 1887 244 1913 est
265 1879 405 1915 efficax:
429 1888 463 1914 et
484 1880 532 1914 ita
555 1879 729 1921 Ecclesia,
752 1879 897 1926 quando
919 1879 1029 1925 aliqui
1056 1890 1118 1925 per
1145 1878 1563 1912 excommunicationem
1586 1876 1654 1911 suf-

93 1931 254 1967 ficienter
279 1945 352 1967 non
382 1933 634 1979 reprimuntur,
665 1933 811 1967 adhibet
841 1932 1101 1967 coercitionem
1127 1932 1265 1966 brachii
1295 1931 1506 1966 saecularis:
1536 1931 1597 1965 sed
1625 1931 1653 1964 si

94 1996 165 2019 una
187 1997 303 2032 poena
325 1989 368 2021 sit
390 1986 582 2029 sufficiens,
603 1998 678 2021 non
700 1986 804 2021 debet
826 1986 895 2020 alia
918 1986 1090 2020 adhiberi.

625 2301 979 2362 QUAESTIO
1019 2301 1127 2349 XL.

336 2431 399 2461 DE
425 2430 588 2470 BELLO,
619 2431 669 2461 IN
697 2430 925 2470 QUATUOR
952 2430 1214 2463 ARTICULOS
1240 2431 1414 2463 DIVISA.

171 2571 311 2605 Deinde
334 2571 635 2606 considerandum
658 2580 711 2606 est
732 2572 775 2606 de
795 2571 903 2607 bello.

559 2662 605 2696 Et
625 2663 714 2695 circa
736 2662 795 2696 hoc
816 2666 1022 2707 quaeruntur
1043 2665 1195 2706 quatuor.

172 2732 307 2766 Primo.
330 2732 462 2766 Utrum
484 2731 628 2778 aliquod
650 2732 785 2766 bellum
807 2733 850 2767 sit
871 2733 1021 2767 licitum.

175 2785 355 2819 Secundo.
378 2785 510 2819 Utrum
533 2785 684 2819 Clericis
705 2786 749 2820 sit
769 2786 908 2820 licitum
928 2785 1073 2820 bellare.

174 2837 312 2872 Tertio.
340 2839 472 2872 Utrum
493 2838 598 2873 liceat
620 2838 833 2874 bellantibus
856 2839 906 2873 uti
928 2839 1077 2872 insidiis

176 2891 329 2933 Quarto.
353 2892 484 2927 Utrum
505 2891 612 2927 liceat
632 2892 668 2926 in
690 2892 814 2926 diebus
835 2892 969 2926 festivis
990 2890 1134 2925 bellare.
