1859 3122
219 183 332 237 1136
596 192 817 229 QUAESTIO
852 192 1027 222 CLXXIV.
1060 192 1307 223 ARTICULUS
1339 194 1398 224 VI.

212 274 300 309 illud
331 274 425 308 Psal.
457 283 552 317 104:
579 274 620 308 In
645 274 815 320 Prophetis
841 275 920 308 meis
939 273 1039 309 nolite
1063 274 1248 320 malignari
1254 287 1267 316 ;
1291 274 1388 320 quod
1416 275 1619 321 specialiter
1646 276 1776 311 dicitur

213 336 358 374 propter
380 327 579 369 Abraham,
602 335 636 361 et
656 327 775 361 Isaac:
798 327 861 361 sub
884 327 965 373 lege
987 335 1109 362 autem
1129 327 1224 362 facta
1246 336 1299 362 est
1311 327 1483 363 revelatio
1505 329 1717 375 prophetica
1732 329 1775 364 de

211 381 279 423 his,
301 392 392 427 quae
414 381 593 426 pertinent
614 381 657 414 ad
676 380 785 414 fidem
804 380 955 422 deitatis,
971 380 1204 415 excellentius
1223 392 1332 427 quam
1352 389 1452 424 ante3
1474 382 1558 428 quia
1577 383 1652 427 jam
1674 393 1777 429 opor-

211 431 318 475 tebat,
342 434 437 467 circa
458 433 530 467 hoc
552 433 690 468 institui
710 445 785 467 non
807 433 927 467 solum
949 433 1123 479 speciales
1143 445 1327 480 personas,
1342 442 1403 468 aut
1416 435 1592 480 quasdam
1605 435 1774 478 familias,

211 487 274 521 sed
295 494 413 521 totum
436 487 632 532 populum:
654 486 749 520 unde
771 487 953 521 Dominus
976 487 1061 521 dicit
1081 487 1202 534 Moysi
1223 487 1336 522 Exod.
1355 486 1407 522 6.:
1429 489 1499 534 Ego
1520 489 1699 531 Dominus,
1719 490 1777 535 qui

211 541 353 587 apparui
379 541 567 582 Abraham,
595 541 701 582 Isaac,
725 545 753 575 et
772 541 887 584 Jacob,
914 541 949 574 ‘in
974 541 1046 574 Deo
1066 542 1286 587 omnipotente
1294 553 1306 582 ,·
1323 546 1354 576 et
1374 553 1492 575 nomen
1512 553 1620 576 meum
1638 541 1775 577 Adonai

211 606 275 627 non
297 593 447 627 indicavi
467 595 530 627 ais.-
555 593 637 639 quia
659 593 798 627 scilicet
817 593 1074 639 praecedentes
1096 594 1220 628 Patres
1242 593 1383 628 fuerant
1403 594 1568 629 instructi
1589 595 1625 628 in
1646 594 1716 630 fide
1732 595 1776 630 de

212 647 476 692 omnipotentia
497 647 602 681 unius
624 647 711 680 Dei:
735 646 797 681 sed
819 647 966 693 Moyses
988 655 1114 692 postea
1135 647 1275 693 plenius
1296 647 1362 682 fuit
1375 647 1570 682 instructus
1584 648 1628 682 de
1642 647 1778 694 simpli-

212 701 317 734 citate
340 700 481 734 divinae
501 700 690 742 essentiae,
713 712 797 734 cum
816 700 954 734 dictum
977 708 1029 734 est
1043 701 1087 742 ei,
1106 700 1219 734 Exod.
1245 712 1291 747 3.:
1314 702 1384 747 Ego
1403 713 1474 736 sum
1495 703 1552 747 qui
1571 713 1663 747 sum:
1679 701 1776 747 quod

211 754 357 800 quidem
378 765 515 788 nomen
537 754 757 800 significatur
779 765 799 787 a
816 754 962 798 Judaeis
984 765 1047 799 per
1067 754 1139 788 hoc
1165 765 1302 788 nomen
1328 755 1475 797 Adonai,
1503 762 1648 801 propter
1668 765 1774 789 vene-

212 808 389 841 rationem
412 807 505 841 illius
526 806 717 841 ineffabilis
731 807 901 841 nominis.
924 807 1166 851 Postmodum
1180 819 1267 842 vero
1282 816 1447 854 tempore
1470 808 1606 853 gratiae
1629 808 1671 842 ab
1694 808 1774 854 ipso

212 860 302 894 Filio
324 861 394 894 Dei
416 860 616 894 revelatum
639 868 691 895 est
717 860 932 907 mysterium
963 859 1163 902 Trinitatis,
1191 861 1391 895 secundum
1420 861 1508 895 illud
1538 861 1666 896 Matth.
1693 861 1775 897 ult.:

212 915 332 948 Ezmtes
358 914 465 948 docete
491 926 599 948 omnes
623 914 750 956 Gentes,
775 915 972 960 baptizantes
993 926 1043 948 eos
1060 915 1095 947 ‘in
1116 915 1248 948 nomine
1276 915 1396 956 Patris,
1419 919 1448 949 et
1468 915 1564 957 Filii,
1587 919 1615 949 et
1635 915 1777 960 Spiritus

209 969 343 1002 Sancti:
379 969 413 1001 in
443 967 594 1013 singulis
620 976 743 1001 tamen
769 967 918 1001 statibus
945 967 1061 1013 prima
1087 967 1260 1002 revelatio
1289 967 1523 1002 excellentior
1549 967 1624 1002 fuit.
1653 967 1775 1002 Prima

212 1029 333 1055 autem
355 1020 527 1055 revelatio
551 1029 632 1055 ante
653 1020 773 1066 legem
795 1020 890 1055 facta
912 1029 966 1055 est
987 1020 1168 1065 Abrahae,
1192 1022 1293 1067 cujus
1314 1029 1480 1066 ternpore
1502 1028 1698 1067 coeperunt
1715 1021 1779 1056 ho-

212 1074 327 1108 mines
350 1086 369 1108 a
390 1074 458 1108 fide
480 1074 585 1108 unius
607 1075 678 1108 Dei
699 1074 842 1108 deviare
865 1074 908 1108 ad
930 1073 1177 1108 idololatriam
1196 1074 1432 1114 declinando:
1456 1082 1537 1109 ante
1560 1083 1682 1109 autem
1702 1086 1777 1109 non

211 1135 287 1161 erat
306 1128 510 1161 necessaria
532 1128 613 1162 talis
634 1127 807 1161 revelatio
824 1128 992 1162 omnibus
1006 1128 1042 1161 in
1058 1127 1154 1162 cultu
1171 1129 1275 1162 unius
1289 1129 1359 1162 Dei
1373 1129 1661 1174 persistentibus:
1676 1129 1778 1164 Isaac

210 1192 296 1215 vero
307 1180 401 1215 facta
415 1189 468 1215 est
481 1180 629 1215 inferior
644 1181 828 1223 revelatio,
844 1181 947 1226 quasi
960 1181 1107 1215 fundata
1122 1193 1228 1227 super
1242 1182 1464 1216 revelatione
1477 1181 1573 1216 facta
1586 1182 1776 1226 Abrahae3

211 1234 305 1268 unde
328 1234 464 1268 dictum
491 1242 544 1268 est
565 1235 609 1276 ei,
625 1234 717 1268 Gen.
741 1233 818 1268 ;6.;
843 1235 911 1279 Ego
933 1247 1003 1269 sum
1018 1235 1109 1269 Deus
1130 1235 1307 1269 Abraham
1331 1237 1441 1282 patris
1467 1237 1515 1270 tui
1530 1249 1540 1270 .·
1555 1243 1590 1270 et
1610 1235 1778 1270 similiter

213 1288 255 1321 ad
278 1288 390 1333 Jacob
420 1288 557 1321 dictum
591 1295 654 1331 est,
683 1287 775 1322 Gen.
799 1288 872 1322 28.:
900 1289 968 1333 Ego
995 1300 1066 1322 sum
1096 1289 1186 1322 Deus
1207 1289 1383 1323 Abraham
1407 1290 1517 1335 patris
1539 1291 1599 1332 tui,
1627 1294 1656 1324 et
1684 1290 1776 1324 Deus

213 1342 329 1375 Isaac:
359 1349 393 1375 et
426 1341 592 1375 similiter
613 1343 648 1374 in
676 1348 768 1374 statu
799 1341 889 1386 legis
923 1342 1039 1386 prima
1060 1341 1232 1375 revelatio
1259 1341 1354 1376 facta
1386 1342 1507 1388 Moysi
1540 1341 1776 1377 excellentior

213 1393 296 1436 suit3
324 1405 430 1439 supra
452 1405 561 1440 quam
594 1393 763 1427 fundatur
790 1394 908 1428 omnis
939 1394 1008 1428 alia
1030 1394 1296 1440 Prophetarum
1318 1395 1503 1430 revelatio.
1534 1396 1586 1430 Ita
1609 1397 1718 1430 etiam
1739 1396 1775 1430 in

213 1455 377 1493 tempore
404 1448 539 1493 gratiae
561 1458 668 1493 super
689 1446 909 1481 revelatione
931 1446 1026 1481 facta
1053 1447 1240 1493 Apostolis
1260 1448 1303 1482 de
1320 1448 1389 1482 fide
1412 1449 1580 1490 Unitatis,
1603 1456 1638 1483 et
1660 1447 1778 1483 Trini-

212 1503 291 1535 tatis
315 1501 483 1535 fundatur
516 1509 592 1535 tota
617 1501 705 1535 fides
732 1500 929 1544 Ecclesiae,
951 1501 1154 1535 secundum
1187 1501 1274 1535 illud
1308 1501 1436 1536 Matth.
1463 1500 1530 1536 16.:
1557 1502 1662 1548 Super
1690 1503 1774 1537 hano

204 1560 346 1601 petrum,
378 1555 514 1589 scilicet
536 1553 774 1588 confessionis
796 1563 888 1596 tuae,
911 1554 1089 1599 tractitiraho
1116 1555 1297 1589 Erclasiam
1319 1567 1437 1590 meam.
1463 1555 1652 1596 Quantum
1679 1567 1767 1590 vero

212 1609 255 1642 ad
278 1608 385 1642 tidem
407 1608 669 1642 incarnationis
691 1607 838 1650 Christi,
861 1607 1093 1642 manifestum
1109 1617 1172 1650 est,
1192 1609 1288 1654 quod
1311 1617 1445 1654 quanto
1467 1608 1610 1643 fuerunt
1622 1609 1768 1644 Christo

210 1662 498 1708 propinquiores,
521 1663 596 1696 sive
617 1670 709 1703 ante,
725 1662 799 1695 sive
818 1670 910 1707 post,
926 1669 963 1695 ut
984 1661 1181 1707 plurimum
1204 1662 1343 1708 plenius
1365 1662 1408 1696 de
1422 1663 1494 1696 hoc
1516 1663 1681 1697 instructi
1701 1662 1775 1698 fue-

211 1724 309 1749 runt:
338 1724 419 1761 post
440 1724 562 1750 tamen
590 1716 741 1761 plenius,
769 1727 877 1760 quam
902 1723 994 1757 ante,
1022 1723 1060 1749 ut
1082 1716 1210 1761 Apost.
1235 1716 1320 1750 dicit
1346 1716 1388 1750 ad
1412 1716 1542 1762 Ephes.
1569 1728 1597 1762 3.

285 1770 475 1810 Quantum
497 1781 583 1803 vero
606 1769 649 1803 ad
672 1769 905 1803 directionem
927 1769 1173 1803 humanorum
1196 1778 1354 1812 actuum,
1369 1770 1581 1816 prophetica
1601 1770 1774 1804 revelatio

211 1823 447 1857 diversificata
471 1831 533 1864 est,
555 1834 629 1857 non
644 1823 845 1857 secundum
867 1822 1040 1867 temporis
1064 1824 1287 1868 processum,
1303 1824 1365 1858 sed
1381 1824 1581 1858 secundum
1604 1825 1776 1858 conditio-

211 1889 294 1911 nem
317 1877 569 1922 negotiorum:
593 1876 688 1922 quia,
710 1884 747 1909 ut
764 1876 891 1910 dicitur
909 1876 1013 1910 Prov.
1037 1887 1111 1922 29.:
1137 1876 1223 1911 Cum
1250 1877 1401 1921 defecerit
1423 1877 1608 1923 prophetia,
1629 1877 1772 1924 dissipa-

210 1932 297 1965 bitur
313 1931 475 1976 populus,·
496 1938 530 1964 et
559 1930 641 1963 ideo
664 1929 825 1975 quolibet
844 1938 1009 1975 tempore
1039 1930 1202 1964 instructi
1223 1938 1305 1964 sunt
1339 1930 1506 1964 homines
1534 1930 1703 1965 divinitus
1731 1930 1774 1965 de

211 1984 371 2029 agendis,
394 1983 594 2018 secundum
617 1983 713 2029 quod
737 1991 811 2016 erat
838 1983 1033 2028 expediens
1061 1984 1103 2017 ad
1126 1983 1280 2018 salutem
1303 1984 1514 2019 electorum.

284 2037 344 2071 AD
370 2047 520 2071 PRIMUM
543 2048 628 2081 ergo
657 2036 862 2077 dicendum,
885 2037 981 2082 quod
1003 2037 1138 2072 dictum
1163 2037 1332 2083 Gregorii
1354 2037 1630 2084 intelligendum
1657 2046 1710 2072 est
1731 2038 1774 2073 de

210 2099 375 2135 tempore
391 2098 472 2123 ante
490 2089 627 2123 Christi
641 2090 944 2132 incarnationem,
961 2099 1136 2135 quantum
1152 2091 1195 2124 ad
1212 2092 1461 2136 cognitionem
1479 2091 1584 2135 hujus
1601 2091 1773 2138 mysterii.

282 2144 342 2178 AD
365 2154 572 2178 SECUNDUM
595 2143 800 2184 dicendum,
823 2144 930 2188 quod,
954 2144 1045 2178 sicut
1078 2144 1231 2189 August.
1255 2145 1338 2179 dicit
1364 2146 1400 2179 in
1425 2145 1476 2180 18.
1500 2144 1544 2179 de
1571 2144 1678 2179 Civit.
1704 2145 1772 2179 Dei

213 2197 299 2244 (sap.
315 2198 398 2243 27),
424 2210 441 2228 «
465 2197 775 2242 quemadmodum
788 2197 887 2241 regni
900 2197 1134 2243 Assyriorum
1150 2198 1267 2242 primo
1279 2206 1442 2244 tempore
1466 2198 1579 2232 extitit
1588 2198 1774 2232 Abraham

213 2251 271 2284 cui
293 2251 550 2296 promissiones
573 2250 796 2296 apertissime
818 2250 958 2284 fierent:
981 2250 1029 2284 ita
1059 2251 1095 2284 in
1118 2251 1352 2285 occidentalis
1374 2251 1581 2298 Babylonis,
1602 2252 1682 2287 idest
1702 2253 1774 2288 Ro-

214 2316 329 2338 manae
346 2305 448 2344 urbis,
477 2304 624 2337 exordio
657 2315 725 2349 qua
747 2304 946 2349 imperante
967 2303 1081 2338 fuerat
1110 2304 1275 2338 Christus
1296 2312 1478 2347 venturus,
1499 2305 1535 2339 in
1557 2316 1629 2351 quo
1651 2305 1775 2351 imple-

212 2366 332 2392 rentur
354 2357 413 2391 illa
436 2358 614 2403 promissa
641 2356 785 2391 oracula
814 2357 1092 2401 Prophetarum,
1130 2369 1203 2391 non
1238 2358 1358 2392 solum
1387 2358 1626 2404 loquentium,
1647 2370 1773 2392 verum

213 2412 321 2445 etiam
344 2411 579 2445 scribentium
601 2410 636 2443 in
658 2418 778 2444 tantae
800 2410 851 2443 rei
872 2409 1012 2444 suturae
1034 2411 1283 2445 testimonium
1303 2411 1540 2453 solverentur,
1560 2413 1680 2446 scilicet
1696 2418 1775 2458 pro-

214 2466 378 2499 missiones
411 2465 569 2499 Abrahae
590 2465 713 2510 factae.
745 2463 841 2497 Cum
873 2463 969 2496 enim
1004 2464 1208 2509 Prophetae
1242 2475 1443 2510 numquam
1476 2464 1550 2499 fere
1577 2465 1773 2499 defuissent

214 2518 348 2563 populo
373 2517 496 2559 Israel,
520 2529 561 2551 ex
576 2528 647 2563 quo
670 2517 718 2550 ibi
740 2528 840 2562 reges
865 2528 942 2550 esse
963 2525 1168 2562 coeperunt,
1191 2517 1225 2550 in
1245 2529 1351 2551 usum
1373 2518 1627 2552 tantummodo
1647 2529 1773 2552 eorum

214 2571 324 2613 suere,
346 2582 420 2604 non
443 2572 621 2615 gentium:
645 2570 789 2616 quando
813 2577 933 2603 autem
956 2581 997 2603 ea
1023 2570 1197 2616 scriptura
1214 2571 1423 2616 prophetica
1447 2570 1670 2605 manifestius
1692 2582 1775 2605 con-

216 2625 478 2669 ‹lebatur,quae
495 2624 661 2669 gentibus
683 2623 900 2669 quandoque
915 2623 1111 2667 prodesset,
1134 2632 1218 2658 tunc
1234 2625 1423 2669 oportebat
1443 2625 1612 2670 incipere,
1628 2625 1772 2670 quando

214 2678 435 2711 condebatur
457 2677 547 2711 haec
572 2677 708 2717 civitas,
730 2677 849 2710 sfiliset
867 2678 1026 2716 Romam,
1052 2688 1142 2721 quae
1163 2678 1327 2721 gentibus
1346 2679 1536 2723 imperaret
1552 2690 1589 2719 »3
1611 2678 1694 2712 ideo
1717 2689 1774 2711 au-

213 2739 286 2764 tem
316 2731 472 2764 maxime
495 2738 657 2776 tempore
684 2730 828 2774 Regum
856 2729 1014 2774 oportuit
1040 2729 1241 2775 Prophetas
1262 2731 1299 2764 in
1320 2731 1383 2764 illo
1410 2731 1546 2777 populo
1581 2731 1772 2773 abundare,

214 2786 295 2828 quia
317 2792 401 2817 tunc
424 2783 579 2829 populus
605 2794 679 2816 non
707 2783 976 2828 opprimebatur
1010 2782 1052 2815 ab
1073 2782 1303 2827 alienigenis,
1330 2784 1393 2817 sed
1420 2784 1605 2829 proprium
1633 2784 1770 2829 Regem

214 2837 386 2878 habebat3
420 2845 454 2870 et
482 2837 562 2869 ideo
595 2836 784 2881 oportebat
820 2847 881 2881 per
908 2835 1108 2880 Prophetas
1139 2847 1221 2869 eum
1256 2837 1382 2870 instrui
1417 2838 1459 2871 de
1486 2836 1645 2882 agendis,
1671 2837 1773 2882 quasi

214 2889 415 2923 libertatem
432 2890 639 2923 habentem.
