1859 3122
520 173 738 208 QUAESTIO
771 173 882 203 CLVI.
918 172 1163 202 ARTICULUS
1196 171 1256 201 ΙΙΙ.
1564 170 1667 200 1021

114 254 342 288 incontinens
367 262 488 288 autem
511 255 630 289 omnis
652 262 705 289 est
719 254 922 301 poenitivus
945 267 962 286 >›
977 266 984 296 ;
1002 265 1088 299 ergo
1105 253 1364 299 intemperatus
1380 252 1523 298 gravius
1538 259 1676 298 peceat,

114 319 222 353 quarn
246 307 484 341 incontinens.

187 361 414 395 RESPONDEO
438 362 643 403 dicendum,
667 362 761 407 quod
778 369 967 407 peccatum
983 361 1180 395 secundnm
1200 360 1352 403 August.
1370 361 1403 393 in
1423 359 1481 393 lib.
1501 359 1544 393 de
1560 358 1676 392 Duab.

114 414 283 447 Auimab.
307 415 397 460 (cap.
418 428 467 449 w.
491 420 518 448 ct
535 415 610 459 m),
634 415 824 460 praecipue
848 415 881 447 in
899 414 1083 448 voluntate
1105 414 1286 447 consistit:
1307 413 1474 447 voluntas
1498 413 1592 446 enim
1613 420 1697 453 est,.

113 478 183 512 qua
206 476 386 512 peccatur,
410 477 443 501 et
465 476 560 502 recte
582 469 729 510 vivitur3
754 476 788 502 et
809 468 890 501 ideo
914 468 972 500 ubi
996 475 1048 501 est
1070 469 1187 512 major
1209 467 1395 500 inclinatio
1417 466 1612 500 voluntatis
1635 466 1678 498 ad

113 521 353 566 peccandum,
377 521 423 554 ibi
446 529 497 555 est
520 522 662 566 gravius
685 529 894 567 peccatum:
917 521 952 554 in
972 532 1015 555 eo
1039 529 1158 554 autem
1179 522 1237 566 qui
1254 528 1307 554 est
1328 521 1598 564 intemperatus,
1619 530 1680 552 vo-

113 573 232 608 luntas
255 574 446 608 inclinatur
466 575 508 608 ad
524 575 748 620 peccandum
772 586 811 608 ex
835 574 978 619 propria
1001 573 1190 615 electione,
1212 585 1303 619 quae
1319 573 1482 619 procedit
1499 585 1540 607 ex
1556 572 1678 606 habitu

113 637 175 673 per
197 628 498 661 consuetudinem
522 628 716 674 acquisito:
740 628 775 661 in
799 639 842 661 eo
866 636 985 661 autem
1014 627 1072 673 qui
1096 635 1148 661 est
1170 627 1411 668 incontinens,
1438 626 1605 660 voluntas
1631 625 1680 659 in-

114 680 268 714 clinatur
291 681 334 714 ad
358 682 583 726 peccandum
600 693 641 715 ex
661 681 781 727 aliqua
803 681 990 727 passione,
1006 689 1040 715 et
1062 681 1144 726 quia
1160 681 1280 726 passio
1297 681 1368 714 cito
1383 680 1519 724 transit,
1537 679 1679 713 habitus

113 741 235 767 autem
257 742 311 768 est
333 734 485 779 qualitas
508 734 652 768 difficile
672 734 828 776 mobilis,
848 735 930 768 inde
946 742 998 768 est
1013 734 1108 780 quod
1125 734 1354 768 incontinens
1368 734 1488 768 statim
1507 732 1678 779 poenitet,

111 795 319 822 transeunte
342 788 528 833 passione:
552 789 647 833 quod
667 799 740 822 non
763 788 894 822 accidit
915 788 958 821 de
980 788 1242 833 intemperato,
1264 787 1466 833 quinimmo
1489 786 1619 832 gaudet
1641 796 1679 819 se

112 852 294 887 peccasse,
327 852 370 875 eo
406 842 501 887 quod
537 842 700 887 operatio
735 841 874 887 peccati
901 849 954 875 est
979 841 1046 875 sibi
1072 840 1166 875 facta
1200 840 1444 875 connaturalis
1478 839 1679 874 secundum

112 894 296 936 habitum3
320 895 413 929 unde
436 895 479 928 de
501 895 556 929 his
588 895 717 928 dicitur
743 895 914 929 Proverb.
938 905 981 936 2.,
1005 895 1101 940 quod
1133 895 1301 929 laetantur
1322 906 1394 928 cum
1417 894 1502 928 male
1523 894 1678 939 fecerint,

112 953 142 983 et
162 948 309 982 exultant
324 949 357 982 in
372 949 464 982 rebus
476 949 624 994 pessimis
635 960 646 988 ,·
664 948 758 982 unde
774 955 882 994 patet,
905 947 1001 993 quod
1024 949 1260 994 intemperatus
1277 953 1320 982 cst
1334 947 1434 981 multo
1452 949 1561 993 pejor,
1581 958 1680 993 quam

113 1002 327 1043 incontinens,
348 1009 386 1035 ut
407 1002 516 1035 etiarn
539 1001 675 1035 Philos.
699 1001 785 1035 dicit
806 1001 841 1034 in
866 1012 896 1046 7.
920 1000 1035 1034 Ethic.
1061 1000 1146 1046 (sap.
1171 1001 1229 1046 7.).

185 1055 244 1089 AD
264 1065 413 1089 PRIMUM
436 1066 523 1099 ergo
546 1054 752 1096 dicendum,
769 1054 865 1100 quod
887 1053 1092 1099 ignorantia
1106 1053 1310 1087 intellectus
1329 1053 1521 1099 quandoque
1533 1052 1681 1098 quidem

114 1108 298 1154 praecedit
326 1107 601 1142 inclinationem
630 1108 818 1153 appetitus,
842 1115 876 1142 et
899 1115 1022 1141 causat
1052 1117 1149 1148 eam;
1173 1114 1207 1140 et
1240 1106 1290 1140 sic
1318 1114 1453 1152 quanto
1485 1114 1538 1140 est
1564 1106 1682 1151 maior

112 1161 330 1206 ignorantia,
348 1168 450 1195 tanto
473 1161 589 1206 magis
611 1168 800 1206 peccatum
826 1160 1004 1201 diminuit,
1026 1159 1084 1193 vel
1101 1159 1260 1193 totaliter
1282 1167 1439 1201 excusat,
1466 1159 1680 1204 inquantum

115 1223 239 1248 causat
258 1214 561 1249 involuntarium:
585 1214 650 1248 alio
673 1214 767 1248 modo
791 1225 809 1248 e
825 1225 1004 1248 converso
1019 1213 1225 1259 ignorantia
1243 1213 1392 1247 rationis
1411 1213 1570 1259 sequitur
1584 1211 1682 1246 incli-

113 1268 300 1302 nationem
323 1268 517 1314 appetitus:
542 1276 576 1302 et
596 1267 677 1302 talis
699 1268 903 1312 ignorantia
923 1275 1057 1313 quanto
1080 1275 1134 1301 est
1148 1267 1276 1312 major,
1298 1274 1398 1300 tanto
1419 1273 1609 1311 peccatum
1628 1273 1682 1299 est

116 1321 282 1367 gravius3
305 1321 388 1366 quia
417 1321 616 1355 ostenditur
637 1321 824 1355 inclinatio
848 1321 1025 1366 appetitus
1048 1332 1125 1354 esse
1157 1321 1293 1365 major:
1322 1319 1525 1366 ignorantia
1559 1327 1679 1352 autem

114 1383 189 1408 tam
211 1375 478 1416 incontinentis,
506 1386 614 1420 quam
641 1374 869 1420 intemperati
895 1375 1062 1420 provenit
1089 1386 1130 1407 ex
1152 1385 1208 1415 eo,
1236 1374 1333 1419 quod
1361 1373 1537 1419 appetitus
1565 1380 1619 1406 est
1643 1372 1681 1406 in

116 1428 250 1474 aliquid
272 1427 475 1469 inclinatus,
498 1428 572 1462 sive
595 1439 658 1473 per
678 1428 899 1474 passionem,
918 1428 1011 1461 sicut
1028 1427 1063 1461 in
1079 1427 1339 1469 incontinente,
1354 1426 1412 1460 vel
1426 1438 1489 1473 per
1502 1426 1678 1467 habitum,

116 1481 208 1515 sicut
229 1481 265 1514 in
287 1482 545 1527 intemperato:
570 1482 688 1526 major
709 1489 830 1515 autern
860 1481 1066 1526 ignorantia
1088 1488 1254 1514 causatur
1276 1491 1318 1514 ex
1344 1480 1415 1513 hoc
1444 1480 1480 1513 in
1508 1479 1682 1525 intempe-

118 1542 211 1568 rato:
235 1545 344 1580 quam
370 1534 407 1567 in
429 1534 694 1568 incontinente:
717 1542 751 1568 et
771 1546 835 1568 uno
859 1534 1005 1579 quidem
1032 1533 1144 1567 modo
1172 1540 1345 1579 quantum
1373 1533 1417 1566 ad
1439 1532 1679 1574 durationem,

117 1587 200 1633 quia
222 1589 257 1621 in
279 1587 525 1621 incontinente
547 1587 651 1621 durat
671 1587 732 1620 illa
759 1587 964 1633 ignorantia
991 1586 1111 1621 solum
1133 1587 1302 1632 passione
1325 1586 1491 1629 durante;
1513 1586 1605 1620 sicut
1626 1597 1681 1619 ac-

118 1640 234 1675 cessio
256 1640 363 1674 febris
383 1641 555 1675 tertianae
578 1640 682 1675 durat
696 1641 844 1675 durante
868 1640 1118 1674 commotione
1133 1640 1318 1674 humoris:
1336 1639 1540 1685 ignorantia
1559 1647 1680 1673 autem

116 1694 343 1740 intemperati
371 1694 474 1728 durat
495 1694 636 1728 assidue
663 1702 809 1740 propter
834 1693 1125 1740 permanentiam
1152 1693 1312 1735 habitu33
1340 1693 1434 1727 unde
1462 1692 1679 1727 assimilatur

116 1747 249 1793 phthisi
274 1747 422 1792 (φδίσῃ)
448 1747 506 1781 vel
529 1748 744 1793 cuicumque
766 1747 895 1781 morbo
919 1747 1105 1788 continuo,
1127 1754 1164 1780 ut
1186 1746 1322 1780 Philos.
1347 1746 1432 1780 dicit
1450 1746 1486 1779 in
1509 1756 1540 1791 7.
1563 1746 1680 1780 Ethic.

115 1801 204 1847 (cap.
223 1802 286 1842 8.):
309 1801 374 1834 alio
398 1809 519 1834 autem
540 1800 634 1834 modo
658 1808 710 1834 est
732 1801 849 1845 major
870 1800 1074 1845 ignorantia
1106 1800 1346 1845 intemperati,
1381 1808 1554 1845 quantum
1579 1799 1622 1832 ad
1644 1799 1680 1832 id

116 1854 212 1899 quod
233 1854 436 1899 ignoratur:
459 1865 542 1887 nam
566 1854 771 1899 ignorantia
788 1854 1045 1887 incontinentis
1065 1853 1258 1887 attenditur
1276 1861 1450 1898 quantum
1470 1853 1514 1886 ad
1535 1852 1681 1898 aliquod

115 1907 329 1952 particulare
349 1906 525 1951 eligibile3
550 1915 655 1952 prout
676 1906 814 1940 scilicet
833 1907 999 1940 aestimat
1019 1907 1090 1940 hoc
1123 1918 1217 1940 nunc
1251 1917 1328 1940 esse
1364 1906 1591 1950 eligendum:
1618 1905 1680 1940 sed

115 1961 373 2006 intemperatus
394 1960 503 1994 habet
523 1960 767 2006 ignorantiam
783 1959 877 1993 circa
890 1960 1009 2005 ipsum
1024 1959 1152 2001 finem3
1166 1960 1380 2005 inquantum
1395 1959 1533 1993 scilicet
1545 1959 1682 2005 judicat

115 2013 187 2047 hoc
214 2024 291 2047 esse
311 2013 460 2055 bonum,
480 2021 518 2046 ut
534 2012 764 2047 irrefraenate
787 2013 1100 2058 concupiscentias
1120 2019 1308 2058 sequatur3
1326 2012 1422 2046 unde
1440 2011 1576 2045 Philos.
1596 2011 1680 2045 dicit

116 2066 153 2099 in
179 2076 210 2111 7.
236 2066 318 2100 Eth.
346 2065 431 2112 (cap.
455 2077 484 2112 7.
506 2070 534 2100 et
554 2066 616 2110 8.),
643 2065 738 2111 quod
764 2065 993 2099 incontinens
1016 2073 1069 2100 est
1087 2065 1216 2099 melior
1234 2065 1497 2111 intemperato;
1516 2065 1599 2111 quia
1617 2065 1682 2099 sal-

116 2126 220 2153 vatur
244 2119 280 2152 in
307 2130 350 2152 eo
378 2119 555 2164 optimum
583 2119 810 2164 principium,
837 2119 975 2152 scilicet
1000 2127 1097 2153 recta
1125 2119 1328 2153 aestimatio
1357 2119 1399 2152 de
1424 2118 1505 2152 fine.

188 2172 248 2206 AD
270 2182 476 2206 SECUNDUM
499 2171 704 2213 dicendum,
726 2172 822 2217 quod
845 2172 888 2205 ad
910 2172 1136 2206 sanationem
1160 2171 1416 2206 incontinentis
1446 2182 1520 2205 non
1551 2170 1681 2205 sufficit

117 2224 194 2259 sola
217 2225 390 2270 cognitio,
412 2225 474 2258 sed
496 2225 686 2270 requiritur
706 2225 852 2258 interius
876 2225 1050 2258 auxilium
1072 2225 1207 2271 gratiae
1231 2225 1566 2270 concupiscentiam
1589 2224 1680 2258 miti-

119 2279 254 2323 gantis;
277 2286 311 2311 et
333 2277 520 2311 adhibetur
542 2279 651 2311 etiam
674 2278 826 2311 exterius
854 2278 1054 2312 remedium
1085 2279 1355 2319 admonitionis,
1379 2286 1412 2311 et
1434 2277 1681 2319 correctionis,

120 2343 161 2365 ex
183 2331 309 2377 quibus
337 2331 463 2376 aliquis
486 2331 610 2376 incipit
632 2332 933 2377 concupiscentiis
955 2332 1130 2373 resistere,
1153 2344 1195 2366 ex
1217 2343 1288 2377 quo
1312 2331 1604 2377 concupiscentia
1626 2331 1684 2365 de-

118 2384 287 2425 bilitatur,
310 2392 347 2417 ut
368 2395 472 2429 supra
495 2384 630 2417 dictum
653 2393 705 2418 est
727 2385 773 2429 (q.
797 2396 869 2429 142.
892 2390 955 2419 art.
978 2385 1040 2430 2.);
1065 2394 1100 2419 et
1121 2386 1249 2419 iisdem
1277 2385 1386 2419 etiam
1416 2384 1534 2418 modis
1564 2392 1683 2429 potest

119 2437 238 2471 sanari
258 2437 533 2483 intemperatus:
557 2437 617 2471 sed
641 2437 819 2471 difficilior
841 2446 892 2472 est
915 2439 990 2483 ejus
1012 2438 1152 2472 sanatio
1175 2446 1320 2484 propter
1338 2437 1423 2471 duo:
1444 2448 1600 2482 quorum
1611 2438 1683 2483 pri-

118 2503 210 2525 mum
233 2499 284 2524 est
306 2501 348 2524 ex
369 2499 466 2536 parte
488 2490 648 2531 rationis,
671 2501 761 2536 quae
785 2500 952 2537 corrupta
974 2499 1026 2525 est
1042 2492 1136 2525 circa
1153 2491 1442 2525 aestimationem
1458 2489 1576 2523 ultimi
1590 2489 1682 2532 finis3

121 2543 217 2589 quod
239 2555 276 2577 se
297 2543 406 2577 habet
426 2545 517 2577 sicut
537 2544 751 2589 principium
774 2545 808 2577 in
831 2544 1140 2579 demonstrativis:
1161 2543 1340 2577 difficilius
1361 2551 1481 2576 autem
1503 2543 1684 2576 reducitur

122 2597 165 2630 ad
186 2597 375 2630 veritatem
396 2596 455 2630 ille
479 2597 538 2642 qui
560 2604 653 2630 errat
675 2597 769 2630 circa
790 2597 1026 2643 principium;
1049 2606 1083 2631 et
1105 2597 1269 2631 similiter
1282 2597 1317 2630 in
1333 2596 1526 2642 operativis
1544 2595 1604 2630 ille
1623 2596 1683 2642 qui

122 2658 216 2684 errat
237 2650 331 2684 circa
354 2650 481 2683 finem:
505 2650 596 2684 aliud
623 2658 742 2683 autem
765 2658 817 2684 est
839 2662 880 2684 ex
902 2659 1000 2696 parte
1023 2650 1267 2684 inclinationis
1301 2649 1498 2696 appetitus;
1532 2660 1623 2694 quae
1646 2649 1682 2682 in
1712 2671 1715 2673 -

121 2704 361 2749 intemperato
384 2712 436 2737 est
457 2714 499 2736 ex
519 2703 654 2744 habitu,
677 2704 738 2749 qui
759 2703 901 2738 difficile
923 2704 1076 2746 tollitur3
1091 2703 1277 2737 inclinatio
1294 2711 1415 2737 autem
1428 2702 1684 2736 incontinentis

124 2765 176 2791 est
197 2768 239 2790 ex
259 2756 439 2802 passione,
462 2767 553 2802 quae
574 2755 714 2790 facilius
736 2757 883 2802 reprimi
904 2765 1031 2803 potest.

194 2810 253 2844 AD
273 2820 444 2844 TERTHJM
466 2809 671 2852 dicendum,
701 2810 797 2855 quod
831 2810 942 2844 libido
975 2809 1181 2852 voluntatis,
1216 2820 1307 2855 quae
1341 2817 1448 2856 auget
1480 2817 1684 2855 peccatum,

125 2863 242 2908 major
264 2870 316 2897 est
336 2862 372 2897 in
392 2862 646 2908 intemperato,
669 2874 777 2909 quam
798 2863 835 2897 in
856 2863 1116 2905 incontinente,
1137 2871 1176 2898 ut
1197 2875 1240 2898 ex
1262 2863 1365 2897 dictis
1398 2870 1496 2909 patet
1519 2861 1568 2907 (in
1591 2869 1682 2909 corp.
