1859 3122
225 191 333 233 1072
633 190 850 225 QUAESTIO
883 190 1025 219 CLXIV.
1060 189 1302 219 ARTICULUS
1335 189 1362 218 Ι.

788 358 1131 403 ARTICULUS
1166 359 1199 401 Ι.
1709 368 1776 417 796

362 463 513 492 UTRUM
536 465 650 494 MORS
673 465 739 493 SIT
763 466 908 495 POENA
928 466 1113 495 PECCATI
1135 466 1361 495 PRIMORUM
1388 466 1633 496 PARENTUM.

256 549 336 592 (1-2.
364 561 393 595 q.
420 551 466 596 85.
496 555 558 584 art.
582 563 610 596 5.
638 556 666 586 el
691 563 722 586 2.
751 553 838 586 Dist.
862 565 914 599 30.
942 565 971 598 q.
1000 566 1026 588 Ι.
1055 559 1118 587 art.
1146 566 1172 588 1.
1200 558 1228 587 et
1253 553 1308 587 lib.
1335 564 1368 598 4.
1399 553 1515 588 Contr.
1540 564 1570 598 g.
1598 558 1670 599 cap.
1693 563 1740 598 51.

787 611 814 640 a!
843 607 924 640 Mal.
952 619 981 652 q.
1009 619 1053 652 15.
1081 612 1144 641 art.
1172 618 1204 651 4.

387 662 416 691 et
430 664 536 703 opusc.
549 670 576 704 3.
593 665 664 705 sap.
679 670 751 705 197.
768 660 842 705 198.
856 671 929 703 241.
945 665 973 694 et
986 671 1062 704 242.
1078 665 1106 694 et
1122 661 1254 706 Rom.5.
1270 661 1339 694 last.
1351 672 1378 706 3.
1395 665 1422 694 et
1436 660 1538 694 Hebr.
1554 659 1613 705 9.).

292 745 352 779 AD
378 756 527 780 PRIMUM
558 746 607 780 sic
634 748 850 793 proceditur.
878 748 1039 789 Videtur,
1073 748 1169 793 quod
1200 759 1297 782 mors
1324 759 1398 782 non
1428 748 1473 781 sit
1498 758 1615 792 poena
1641 746 1778 792 peccati

221 798 422 844 primorum
456 808 668 845 parentum:
690 801 725 834 id
756 801 853 834 enim
888 802 983 846 quod
1012 809 1065 835 est
1102 801 1243 835 homini
1275 801 1450 842 naturale,
1471 812 1545 834 non
1571 807 1689 846 potest
1709 799 1781 833 dici

222 863 340 897 poena
361 853 521 897 peccati3
544 854 627 899 quia
648 863 840 899 peccatum
862 866 935 888 non
958 855 1096 901 perficit
1110 863 1289 897 naturam,
1311 855 1373 889 sed
1393 855 1516 888 vitiat:
1538 865 1637 888 mors
1659 862 1780 887 autem

222 913 275 938 est
295 905 437 939 homini
457 907 648 948 naturalis3
664 908 761 953 quod
783 916 880 953 patet
895 920 936 942 ex
959 909 1029 942 hoc
1053 909 1149 954 quod
1173 919 1303 954 corpus
1319 909 1395 953 ejus
1417 919 1460 942 ex
1481 907 1669 942 contrariis
1685 918 1782 941 com-

222 958 377 1002 ponitur,
399 967 434 993 et
455 971 498 993 ex
519 960 590 994 hoc
611 961 720 994 etiam
743 962 839 1006 quod
862 961 1015 995 mortale
1038 962 1183 1007 ponitur
1208 962 1243 995 in
1266 961 1474 996 definitione
1491 961 1671 1002 hominis;
1692 970 1780 1006 ergo

222 1022 320 1045 mors
342 1023 416 1046 non
439 1022 491 1047 est
517 1025 632 1059 poena
650 1015 788 1059 peccati
810 1015 1010 1060 primorum
1032 1024 1233 1061 parentum.

292 1075 323 1098 2.
345 1065 582 1101 PRAETEREA.
610 1067 720 1109 Mors,
743 1076 777 1102 et
800 1068 858 1101 alii
887 1069 1092 1114 corporales
1120 1068 1278 1102 defectus
1306 1067 1471 1102 similiter
1495 1067 1724 1102 inveniuntur
1744 1067 1781 1100 in

221 1118 382 1160 homine,
405 1120 497 1153 sicut
516 1128 550 1154 et
570 1120 607 1153 in
629 1120 706 1154 aliis
727 1121 954 1163 animalibus,
977 1122 1176 1156 secundum
1199 1122 1286 1155 illud
1309 1121 1419 1155 Eccli.
1442 1132 1490 1165 3.:
1520 1121 1610 1155 Unus
1630 1121 1782 1155 interitus

220 1176 263 1205 est
284 1172 435 1214 hominis,
464 1178 494 1207 et
510 1175 753 1218 jumentorum,
766 1179 793 1208 et
807 1186 911 1220 aequa
932 1177 1098 1220 utriusque
1116 1175 1256 1209 conditio
1267 1187 1279 1215 ,·
1296 1175 1357 1208 sed
1379 1175 1415 1208 in
1435 1174 1651 1208 animalibus
1670 1173 1782 1207 brutis

222 1235 320 1258 mors
341 1236 416 1258 non
435 1234 486 1259 est
501 1237 618 1271 poena
640 1227 796 1272 peccati;
816 1239 902 1273 ergo
930 1228 1039 1261 etiam
1061 1239 1178 1274 neque
1199 1229 1235 1261 in
1257 1228 1476 1262 hominibus.

296 1289 325 1323 3.
348 1278 584 1314 PRAETEREA.
607 1281 803 1314 Peccatum
838 1281 1038 1326 primorum
1066 1290 1256 1326 parentum
1290 1281 1355 1314 fuit
1381 1280 1593 1327 specialium
1616 1291 1784 1325 persona-

222 1342 319 1366 rum:
341 1332 403 1365 sed
426 1343 524 1366 mors
547 1334 778 1378 consequitur
799 1341 915 1367 totam
936 1334 1135 1368 humanam
1150 1344 1432 1379 naturam3ergo
1454 1345 1529 1368 non
1549 1333 1689 1368 videtur
1703 1344 1781 1367 esse

222 1395 341 1429 poena
361 1386 503 1429 peccati
524 1386 723 1430 primorum
751 1394 952 1431 parentum.

291 1447 324 1479 4.
346 1437 582 1472 PRAETEREA.
607 1439 748 1473 Omnes
772 1439 968 1484 aequaliter
989 1440 1195 1473 derivantur
1209 1451 1228 1473 a
1250 1440 1374 1486 primis
1388 1439 1611 1486 parentibus;
1625 1441 1654 1474 si
1674 1439 1782 1485 igitur

223 1501 322 1524 mors
344 1499 438 1524 esset
459 1502 577 1536 poena
598 1493 735 1537 peccati
763 1493 964 1538 primorum
986 1501 1188 1538 parentum,
1211 1501 1419 1538 sequeretur
1444 1492 1541 1538 quod
1567 1503 1695 1526 omnes
1719 1492 1783 1525 ho-

223 1544 339 1578 mines
361 1545 558 1590 aequaliter
580 1554 736 1580 mortem
759 1555 982 1592 paterentur3
1013 1547 1110 1592 quod
1133 1554 1229 1592 patet
1247 1557 1323 1580 esse
1356 1545 1508 1588 falsum3
1529 1546 1613 1592 quia
1634 1545 1782 1592 quidem

224 1598 327 1631 citius
346 1598 435 1640 aliis,
455 1607 489 1632 et
511 1599 653 1644 gravius
672 1600 894 1641 moriuntur3
917 1611 1003 1645 ergo
1031 1611 1130 1633 mors
1152 1611 1226 1633 non
1249 1608 1302 1633 est
1319 1611 1437 1645 poena
1458 1599 1564 1645 primi
1584 1598 1734 1645 peccati.

297 1662 325 1694 5.
348 1652 584 1686 PRAETEREA.
606 1652 747 1686 Malum
769 1664 908 1699 poenae
932 1661 983 1686 est
1010 1664 1029 1686 a
1055 1654 1148 1695 Deo,
1170 1661 1209 1687 ut
1234 1664 1339 1698 supra
1372 1653 1535 1686 habitum
1558 1660 1611 1686 est
1629 1653 1732 1699 (part.
1754 1664 1781 1686 1.

222 1716 251 1750 q.
270 1716 326 1750 49.
343 1710 405 1739 art.
425 1706 494 1748 2.):
522 1706 583 1739 sed
603 1717 702 1740 mors
728 1717 801 1740 non
827 1706 966 1740 videtur
987 1717 1064 1740 esse
1084 1718 1102 1740 a
1124 1706 1221 1740 Deo:
1242 1706 1371 1739 dicitur
1393 1706 1490 1739 enim
1513 1705 1596 1752 Sap.
1623 1716 1663 1748 1.‚
1685 1705 1782 1752 quod

222 1759 313 1792 Deus
330 1764 468 1793 mortam
493 1771 557 1793 non
569 1760 669 1805 facim
699 1771 785 1805 ergo
805 1771 904 1794 mors
921 1771 995 1793 non
1019 1768 1072 1794 est
1093 1771 1210 1805 poena
1233 1759 1338 1805 primi
1359 1759 1510 1804 peccati.

293 1811 325 1846 6.
343 1812 579 1847 PRAETEREA.
602 1813 748 1847 Poenae
770 1825 844 1847 non
854 1814 1020 1847 videntur
1035 1824 1111 1847 esse
1133 1813 1358 1847 meritoriae:
1380 1824 1466 1846 nam
1484 1812 1654 1846 meritum
1673 1812 1785 1846 conti-

221 1874 326 1899 netur
346 1866 410 1899 sub
432 1866 542 1907 bono,
561 1877 679 1912 poena
703 1874 822 1900 autem
846 1866 909 1900 sub
932 1866 1050 1901 malo:
1073 1867 1134 1900 sed
1153 1877 1252 1900 mors
1267 1865 1484 1911 quandoque
1505 1874 1559 1900 est
1578 1865 1782 1908 meritoria3

222 1920 313 1953 sicut
330 1927 427 1965 patet
447 1920 491 1953 de
517 1928 634 1953 morte
656 1929 875 1965 martyrum3
891 1931 978 1965 ergo
999 1920 1140 1953 videtur
1161 1920 1258 1965 quod
1279 1931 1376 1953 mors
1398 1930 1472 1952 non
1494 1919 1539 1952 sit
1558 1930 1688 1965 poena.

294 1984 325 2018 7.
352 1973 588 2018 PRAETeREA.
620 1973 743 2007 Poena
775 1974 916 2007 videtur
942 1984 1018 2007 esse
1046 1973 1231 2007 afflictiva:
1258 1973 1321 2007 sed
1342 1983 1441 2007 mors
1462 1983 1536 2006 non
1562 1980 1682 2018 potest
1706 1983 1783 2006 esse

224 2026 403 2068 afflictiva‚
424 2035 461 2060 ut
481 2027 632 2068 videtur,
655 2027 738 2072 quia
760 2027 904 2072 quando
927 2038 1026 2060 mors
1054 2035 1117 2068 est,
1152 2038 1234 2060 eam
1254 2027 1369 2060 homo
1391 2037 1466 2060 non
1487 2026 1613 2067 sentin
1638 2026 1783 2072 quando

223 2088 344 2114 autem
367 2091 441 2114 non
463 2088 527 2121 est,
550 2081 672 2113 sentiri
698 2091 771 2114 non
794 2088 930 2126 potest3
953 2091 1040 2125 ergo
1063 2092 1161 2114 mors
1182 2091 1256 2114 non
1278 2088 1332 2114 est
1352 2091 1470 2125 poena
1490 2079 1640 2125 peccati.

296 2134 328 2169 8.
355 2134 591 2168 PRAETEREA.
621 2133 659 2167 Si
680 2144 779 2167 mors
807 2142 899 2167 esset
920 2145 1036 2180 poena
1059 2134 1209 2179 peccati,
1237 2134 1357 2167 statim
1378 2132 1502 2167 fuisset
1529 2132 1571 2166 ad
1593 2139 1783 2177 peccatum

224 2196 437 2222 consecuta:
468 2188 530 2221 sed
552 2188 623 2221 hoc
645 2199 719 2221 non
741 2196 794 2221 est
813 2199 959 2229 verum3
981 2199 1066 2221 nam
1089 2189 1193 2233 primi
1220 2195 1384 2233 parentes
1405 2194 1487 2232 post
1511 2194 1701 2231 peccatum
1723 2186 1783 2219 diu

222 2241 398 2282 vixerunt,
421 2249 458 2274 ut
479 2248 577 2286 patet
599 2241 689 2275 Gen.
713 2251 765 2282 43
789 2252 875 2285 ergo
899 2251 996 2274 mors
1022 2252 1096 2274 non
1118 2241 1258 2274 videtur
1280 2251 1356 2274 esse
1378 2251 1496 2286 poena
1514 2239 1663 2285 peccati.

295 2294 370 2328 SED
393 2305 547 2328 CONTRA
570 2302 632 2336 est,
655 2295 750 2339 quod
772 2295 898 2339 Apost.
923 2294 1007 2328 dicit
1029 2294 1072 2327 ad
1094 2293 1201 2327 Rom.
1234 2305 1284 2338 5.:
1310 2294 1374 2328 Par
1406 2305 1509 2327 unum
1530 2293 1695 2327 hominem
1708 2298 1783 2339 pec-

223 2353 335 2382 catum
356 2349 390 2381 in
405 2348 489 2381 huns
510 2347 669 2380 mundum
693 2348 844 2387 intravit,
864 2352 893 2381 ct
909 2354 970 2393 per
986 2353 1156 2393 peccatum
1186 2359 1282 2381 mors.

294 2402 522 2435 RESPONDEO
545 2400 750 2441 dicendum,
774 2400 867 2445 quod
892 2401 920 2433 si
940 2401 1066 2446 aliquis
1086 2409 1231 2446 propter
1258 2399 1402 2445 culpam
1421 2410 1525 2433 suam
1546 2399 1703 2444 privetur
1725 2397 1785 2432 ali-

224 2465 294 2500 quo
328 2454 505 2488 beneficio
537 2454 603 2487 sibi
635 2453 732 2494 dato,
755 2454 913 2487 carentia
950 2453 1044 2487 illius
1079 2453 1244 2487 beneficii
1275 2460 1327 2486 est
1349 2463 1466 2498 poena
1501 2452 1626 2498 culpae
1660 2451 1778 2486 illius:

224 2509 316 2542 sicut
342 2517 461 2541 autem
483 2508 519 2541 in
539 2507 656 2552 primo
683 2507 818 2540 dictum
849 2515 901 2540 est
920 2507 965 2551 (q.
993 2519 1041 2552 45.
1074 2512 1137 2541 art.
1168 2519 1192 2540 I.
1216 2511 1245 2540 et
1266 2518 1295 2551 q.
1323 2517 1376 2551 97.
1404 2511 1467 2539 art.
1494 2506 1550 2550 L),
1582 2505 1725 2539 homini
1746 2505 1782 2538 in

224 2562 277 2595 sui
307 2562 423 2607 prima
456 2561 679 2595 institutione
713 2560 782 2593 hoc
805 2559 1019 2593 beneficium
1054 2559 1119 2593 fuit
1146 2559 1319 2593 collatum
1343 2559 1520 2600 divinitus,
1548 2567 1586 2592 ut
1611 2558 1782 2604 quamdiu

224 2626 326 2648 mens
349 2616 423 2660 ejus
446 2622 539 2648 esset
560 2615 640 2648 Deo
663 2613 832 2657 subjecta,
853 2612 1039 2646 inferiores
1058 2613 1150 2647 vires
1174 2613 1315 2646 animae
1337 2612 1595 2656 subjicerentur
1617 2611 1783 2644 rationali

226 2668 349 2709 menti,
373 2676 407 2701 et
429 2679 558 2713 corpus
578 2667 719 2700 animae
742 2666 991 2709 subjiceretur:
1012 2667 1074 2699 sed
1097 2667 1179 2711 quia
1201 2677 1304 2699 mens
1325 2665 1484 2699 hominis
1507 2676 1570 2711 per
1590 2672 1783 2710 peccatum

226 2732 242 2754 a
266 2721 386 2754 divina
408 2721 630 2765 subjectione
657 2721 813 2761 recessit,
848 2727 1084 2752 consecutum
1108 2728 1170 2758 est,
1202 2728 1239 2753 ut
1268 2730 1334 2753 nec
1362 2718 1550 2752 inferiores
1575 2719 1669 2752 vires
1695 2726 1784 2752 tota-

224 2773 305 2807 liter
324 2774 581 2818 subjicerentur
596 2773 745 2814 rationi3
761 2772 854 2806 unde
873 2780 970 2806 tanta
987 2781 1181 2806 consecuta
1198 2781 1250 2806 est
1268 2772 1417 2806 rebellio
1433 2771 1586 2805 carnalis
1605 2771 1781 2818 appetitus

227 2827 268 2860 ad
292 2827 481 2868 rationem,
503 2836 541 2860 ut
561 2838 627 2861 nec
651 2827 759 2860 etiam
783 2836 912 2871 corpus
931 2825 1088 2859 totaliter
1109 2826 1344 2870 subjiceretur
1362 2825 1522 2867 animae3
1545 2825 1639 2858 unde
1661 2835 1783 2858 conse-

227 2880 345 2925 quitur
371 2891 481 2921 mors,
504 2888 538 2914 et
561 2880 619 2913 alii
643 2879 850 2925 corporales
877 2878 1052 2913 defectus:
1076 2879 1148 2912 vita
1170 2879 1279 2920 enim,
1307 2887 1340 2912 et
1367 2877 1597 2912 incolumitas
1620 2878 1782 2922 corporis
