1859 3122
484 119 704 155 QUAESTIO
739 120 914 151 CXXXVI.
948 122 1191 152 ARTICULUS
1225 123 1285 152 III.
1580 126 1658 168 901

103 200 238 234 bonum
258 200 393 246 gratiae
415 208 468 235 est
489 201 777 247 supernaturale;
799 203 892 236 unde
910 202 946 236 in
965 202 1052 237 illud
1070 215 1143 237 non
1161 212 1280 250 potest
1300 205 1446 240 tendere
1469 206 1583 241 homo
1603 218 1665 253 per

102 254 269 287 virtutem
292 264 376 287 suae
398 261 565 296 naturae3
589 262 623 288 et
643 254 725 289 ideo
747 266 821 289 non
843 264 895 290 est
916 256 1043 291 similis
1064 257 1167 291 ratio.

173 306 232 340 AD
260 316 430 341 TERTIUM
460 307 664 349 dicendum,
695 309 790 354 quod
813 308 1003 343 tolerantia
1030 309 1138 344 etiarn
1166 309 1360 352 malorum,
1387 323 1477 357 quae
1505 312 1583 358 quis
1610 324 1664 347 su-

102 359 208 393 stinet
230 367 375 406 propter
397 361 559 406 corporis
582 361 784 403 sanitatem,
806 363 968 408 procedit
991 374 1032 397 ex
1054 374 1190 405 amore,
1217 375 1289 409 quo
1316 364 1430 398 homo
1453 365 1662 400 naturaliter

102 412 217 458 diligit
237 424 339 447 suam
363 425 529 456 carnem,
552 423 585 448 et
606 415 687 449 ideo
710 427 782 450 non
803 424 855 450 est
873 416 999 450 similis
1014 417 1104 451 ratio
1124 417 1166 451 de
1185 417 1368 463 patientia,
1388 430 1479 464 quae
1498 419 1662 466 procedit

101 476 142 499 ex
165 477 290 500 amore
312 467 585 513 supernaturali.

642 608 986 653 ARTICULUS
1004 598 1006 601 ’
1022 610 1098 653 iv.
1587 622 1648 669 671

376 715 529 744 UTRUM
555 716 789 745 PATIENTIA
816 717 882 746 SIT
910 717 1012 747 PARS
1045 718 1373 748 FORTITUDINIS.

563 803 679 849 (Supr.
699 815 728 849 q.
750 805 822 839 128.
841 810 870 839 et
888 804 966 839 locis
986 806 1034 839 ibi
1050 806 1200 850 notatis).

168 892 229 926 AD
256 902 444 931 QUARTUM
471 893 520 926 sic
547 892 763 938 proceditur.
790 892 953 935 Videtur,
981 894 1076 939 quod
1102 895 1274 940 patientia
1295 907 1369 929 non
1391 896 1434 930 sit
1455 907 1535 942 pars
1557 896 1657 931 forti-

98 950 248 985 tudinis:
270 950 367 984 idem
389 951 484 985 enim
507 962 580 985 non
603 959 654 985 est
680 962 760 996 pars
787 952 841 985 sui
867 952 996 998 ipsius:
1019 952 1080 987 sed
1107 954 1278 999 patientia
1298 954 1438 989 videtur
1459 955 1556 989 idem
1579 967 1657 991 esse

98 1001 316 1048 fortitudini3
338 1004 431 1050 quia,
453 1004 544 1038 sicut
565 1015 671 1049 supra
693 1004 829 1038 dictum
852 1013 904 1039 est
925 1006 972 1051 (q.
995 1017 1059 1052 123.
1078 1012 1143 1041 art.
1163 1007 1226 1052 6.),
1249 1007 1414 1053 proprius
1438 1016 1537 1042 actus
1558 1008 1654 1043 forti-

97 1056 229 1090 tudinis
251 1065 304 1091 est
324 1057 508 1098 sustinere,
537 1065 571 1091 et
598 1057 669 1090 hoc
697 1057 806 1091 etiam
835 1058 989 1103 pertinet
1018 1059 1061 1092 ad
1089 1059 1319 1105 patientiam:
1343 1060 1471 1094 dicitur
1502 1062 1656 1096 enimin

96 1108 156 1143 lib.
180 1110 340 1144 Sentent.
361 1110 527 1155 Prosperi
540 1110 590 1154 (id
604 1110 696 1144 habet
714 1111 852 1156 Gregor.
875 1112 1017 1158 hom.35.
1035 1113 1071 1146 in
1084 1113 1245 1159 Evang.),
1266 1114 1361 1159 quod
1381 1114 1553 1160 patientia
1573 1126 1656 1149 con-

97 1162 188 1197 sistit
207 1163 244 1196 in
266 1163 390 1197 alienis
413 1162 517 1196 malis
538 1162 754 1206 tolerandis;
775 1175 862 1210 ergo
884 1165 1055 1210 patientia
1076 1177 1151 1199 non
1173 1174 1226 1200 est
1246 1178 1327 1213 pars
1354 1166 1583 1202 fortitudinis.

167 1226 198 1250 2.
216 1216 451 1251 PRAETEREA.
473 1216 659 1250 Fortitudo
682 1225 735 1251 est
756 1217 851 1251 circa
872 1218 1033 1260 timores,
1053 1226 1087 1252 et
1104 1219 1284 1261 audacias,
1303 1228 1342 1254 ut
1358 1231 1466 1266 supra
1487 1220 1653 1255 habitum

95 1277 150 1303 est
172 1269 216 1315 (q.
239 1279 305 1315 123.
325 1275 388 1304 art·
403 1271 460 1316 3),
486 1278 520 1304 et
540 1269 588 1303 ita
610 1278 663 1303 est
683 1270 719 1303 in
741 1270 928 1307 irascibili:
951 1272 1012 1306 sed
1033 1272 1206 1317 patientia
1226 1273 1366 1307 videtur
1387 1284 1464 1308 esse
1486 1274 1581 1308 circa
1599 1274 1656 1308 tri-

94 1322 224 1365 stitias;
247 1332 281 1357 et
302 1324 349 1357 ita
370 1323 509 1357 videtur
530 1334 606 1357 esse
628 1324 663 1357 in
686 1324 976 1369 concupiscibili;
999 1336 1086 1371 ergo
1107 1326 1279 1371 patientia
1304 1337 1378 1360 non
1405 1334 1457 1361 est
1478 1338 1558 1372 pars
1580 1326 1650 1361 for-

93 1375 264 1418 titudinis,
286 1376 348 1410 sed
370 1376 486 1421 magis
507 1378 776 1422 temperantiae.

167 1441 195 1475 3.
218 1430 451 1464 PRAETEREA.
480 1429 619 1463 Totum
645 1440 718 1463 non
744 1438 863 1475 potest
890 1441 966 1465 esse
992 1430 1070 1465 sine
1096 1439 1214 1477 parte,
1241 1432 1270 1466 si
1297 1443 1383 1478 ergo
1410 1433 1581 1478 patientia
1607 1433 1652 1467 sit

94 1493 173 1528 pars
196 1481 424 1524 fortitudinis,
446 1481 617 1516 fortitudo
639 1494 839 1528 numquam
860 1491 982 1528 posset
1008 1495 1085 1518 esse
1111 1485 1187 1518 sine
1212 1485 1402 1530 patientia3
1426 1496 1509 1519 cum
1531 1494 1653 1520 tamen

94 1534 194 1569 fortis
216 1536 432 1582 quandoque
454 1547 528 1569 non
549 1535 678 1570 toleret
699 1536 874 1581 patienter
895 1536 1002 1578 mala,
1025 1538 1085 1571 sed
1105 1538 1213 1571 etiam
1235 1538 1463 1584 aggrediatur
1481 1550 1576 1581 eum,
1592 1540 1653 1585 qui

94 1589 190 1623 mala
210 1588 313 1631 facit3
336 1600 422 1635 ergo
445 1589 616 1634 patientia
636 1600 710 1622 non
733 1597 785 1623 est
805 1601 886 1635 pars
908 1589 1137 1624 fortitudinis.

166 1641 239 1676 SED
262 1652 417 1677 CONTRA
440 1650 504 1684 est,
526 1641 622 1687 quod
645 1641 787 1676 Tullius
810 1643 843 1676 in
865 1654 928 1676 sua
950 1642 1146 1677 Rhetorica
1168 1644 1243 1689 (lib.
1265 1655 1297 1678 2.
1318 1643 1354 1678 de
1376 1645 1522 1689 Inwnt.)
1549 1646 1650 1691 ponit

94 1706 175 1730 eam
196 1694 416 1730 fortitudinis
441 1703 590 1741 partem.

164 1748 392 1783 RESPONDEO
415 1748 618 1789 dicendum,
641 1748 737 1793 quod
759 1748 929 1793 patientia
950 1757 1002 1783 est
1023 1760 1104 1795 pars
1125 1749 1342 1784 fortitudinis
1360 1751 1462 1796 quasi
1479 1752 1652 1796 potentia-

92 1801 155 1836 lis:
177 1802 260 1848 quia
283 1801 485 1847 adjungitur
506 1801 714 1845 fortitudini⁷
737 1802 829 1835 sicut
854 1802 962 1836 virtus
991 1802 1201 1836 secundaria
1227 1803 1426 1849 principali,
1450 1804 1493 1838 ad
1515 1805 1651 1850 patien-

92 1855 180 1888 tiam
207 1855 304 1889 enim
333 1855 485 1900 pertinet
514 1854 629 1888 aliena
659 1853 755 1888 mala
783 1855 1043 1900 aequanimiter
1071 1857 1218 1901 perpeti,
1245 1864 1284 1890 ut
1315 1856 1467 1902 Gregor.
1499 1857 1583 1891 dicit
1615 1859 1651 1892 in

92 1908 247 1953 quadarn
270 1907 407 1942 Homil.
431 1907 487 1953 (35.
509 1909 544 1941 in
566 1908 733 1952 Evczng.):
749 1908 783 1941 in
798 1907 901 1942 malis
924 1916 1044 1942 autem
1066 1920 1158 1954 quae
1173 1909 1214 1943 ab
1232 1909 1307 1944 aliis
1323 1909 1532 1952 inferuntur,
1551 1922 1649 1956 prae-

93 1961 196 2006 cipua
222 1969 315 2002 sunt,
342 1969 377 1995 et
405 1959 614 1994 difficillima
643 1960 687 1993 ad
714 1961 963 1994 sustinendum
992 1960 1062 2006 illa,
1097 1973 1188 2007 quae
1217 1963 1396 2007 pertinent
1423 1963 1465 1997 ad
1491 1964 1650 2009 pericula

91 2014 230 2056 mortis,
252 2015 347 2048 circa
368 2025 458 2060 quae
482 2021 534 2047 est
554 2012 748 2055 fortitudo;
769 2014 863 2048 unde
886 2022 992 2060 patet,
1016 2015 1111 2060 quod
1130 2015 1165 2048 in
1185 2017 1253 2049 ista
1274 2017 1426 2050 materia
1447 2017 1650 2063 principali-

91 2074 203 2100 tatem
224 2074 323 2100 tenet
347 2065 531 2107 fortitudo,
559 2067 659 2112 quasi
684 2066 870 2101 vindicans
897 2067 962 2101 sibi
988 2067 1034 2109 id,
1061 2068 1156 2113 quod
1186 2069 1417 2115 principalius
1440 2078 1492 2104 est
1512 2071 1547 2103 in
1581 2070 1649 2105 hac

92 2120 260 2162 materia3
288 2128 321 2154 et
349 2120 430 2153 ideo
458 2120 628 2165 patientia
655 2120 858 2166 adjungitur
885 2121 927 2162 ei,
955 2120 1046 2154 sicut
1075 2122 1285 2156 secundaria
1310 2123 1420 2157 virtus
1442 2124 1649 2170 principali3

91 2173 197 2214 unde,
218 2173 255 2206 in
278 2172 376 2207 Sent.
403 2173 490 2215 181„
511 2172 642 2206 fortem
664 2173 874 2219 patientiam
894 2182 1002 2208 vocat
1022 2174 1187 2221 Prosper.

161 2226 222 2260 AD
236 2236 386 2260 PRIMUM
402 2237 489 2271 ergo
512 2225 716 2267 dicendum,
732 2227 827 2271 quod
847 2227 890 2260 ad
903 2226 1149 2261 fortitudinem
1164 2229 1328 2274 pertinet,
1343 2241 1417 2263 non
1432 2229 1648 2275 qualiacum-

91 2290 159 2324 que
181 2280 368 2321 sustinere,
391 2279 452 2313 sed
474 2278 561 2312 illud
583 2279 680 2325 quod
702 2287 754 2313 est
775 2291 917 2314 summe
933 2279 1074 2314 difficile
1094 2281 1128 2314 in
1147 2282 1369 2325 sustinendo,
1391 2283 1529 2317 scilicet
1549 2285 1648 2318 susti-

89 2343 174 2366 nere
196 2332 353 2378 pericula
374 2333 517 2366 mortis:
542 2332 585 2366 ad
606 2332 816 2378 patientiam
839 2341 959 2367 autem
981 2342 1100 2379 potest
1120 2336 1298 2380 pertinere
1324 2337 1535 2370 sustinentia
1557 2348 1644 2382 quo—

89 2397 328 2432 rumcumque
351 2385 543 2419 malorum.

159 2438 219 2472 AD
241 2449 446 2473 SECUNDUM
468 2437 672 2480 dicendum,
701 2439 796 2484 quod
818 2447 918 2473 actus
944 2438 1160 2474 fortitudinis
1182 2452 1256 2475 non
1279 2441 1399 2475 solum
1422 2443 1585 2477 consistit
1610 2443 1646 2477 in

89 2490 172 2534 hoc,
194 2492 290 2537 quod
311 2491 436 2538 aliquis
458 2493 493 2525 in
521 2492 616 2525 bono
642 2493 806 2537 persistat
832 2500 957 2526 contra
983 2494 1133 2527 timores
1159 2493 1362 2528 futurorum
1389 2495 1645 2541 periculorum,

88 2545 150 2579 sed
176 2545 284 2579 etiarn
310 2554 348 2579 ut
372 2557 446 2579 non
473 2545 614 2579 deficiat
639 2553 783 2591 propter
808 2547 1051 2592 praesentium
1078 2547 1270 2589 tristitiam,
1296 2549 1372 2582 sive
1400 2548 1584 2584 dolorem:
1612 2558 1646 2583 et

89 2609 131 2632 ex
151 2598 219 2632 hac
241 2606 339 2643 parte
361 2599 468 2632 habet
489 2597 697 2632 affinitatem
720 2610 804 2632 cum
824 2598 1032 2633 fortitudine
1054 2600 1246 2645 patientia:
1272 2608 1306 2634 et
1326 2609 1450 2634 tamen
1470 2601 1644 2636 fortitudo

88 2658 141 2684 est
160 2650 404 2696 principaliter
429 2651 523 2684 circa
554 2650 715 2692 timores,
743 2652 786 2685 ad
816 2663 971 2697 quorum
1002 2652 1181 2686 rationem
1206 2653 1361 2698 pertinet
1386 2653 1521 2700 fugere,
1548 2655 1643 2700 quod

87 2704 174 2737 vitat
194 2703 382 2738 fortitudo:
411 2704 582 2749 patientia
609 2715 694 2738 vero
723 2705 954 2751 principalius
983 2713 1036 2739 est
1065 2706 1159 2740 circa
1188 2706 1366 2742 tristitias:
1393 2719 1478 2741 nam
1506 2708 1643 2753 patiens

89 2756 216 2790 dicitur
239 2756 364 2803 aliquis
385 2768 459 2791 non
478 2768 519 2790 ex
540 2757 610 2791 hoc
633 2758 730 2803 quod
750 2769 824 2792 non
844 2758 946 2804 fugit,
981 2758 1042 2792 sed
1066 2770 1107 2792 ex
1134 2759 1206 2792 hoc
1236 2760 1332 2805 quod
1353 2759 1579 2795 laudabiliter
1605 2772 1642 2795 se

87 2809 195 2844 habet
215 2810 251 2843 in
272 2810 453 2856 patiendo,
475 2821 566 2856 quae
586 2810 868 2855 praesentialiter
888 2820 1033 2853 nocent,
1056 2819 1094 2845 ut
1119 2811 1257 2846 scilicet
1277 2824 1351 2846 non
1373 2814 1574 2848 inordinate
1601 2825 1641 2848 ex

229 2890 256 2917 S.
278 2891 399 2917 Tucim
421 2890 524 2917 Sumr..a
549 2890 710 2927 Theologica.
729 2891 794 2919 Vol.
816 2892 868 2920 111.
1468 2896 1498 2929 58
