1859 3122
177 176 262 219 910
561 176 782 210 QUAESTIO
818 175 1025 205 CXXXVIII.
1058 175 1301 205 ARTICULUS
1335 177 1362 206 Ι.

180 256 341 297 minuatg
364 256 458 289 unde
486 256 614 290 dicitur
634 256 741 290 Deut.
764 256 838 290 28.:
865 257 991 291 Tenet-a
1012 257 1141 298 mulier,
1161 261 1188 292 et
1214 256 1365 300 delicata,
1387 270 1468 304 qnae
1493 265 1589 305 super
1610 264 1734 294 terram

176 310 305 355 ingredi
331 321 395 342 non
421 309 562 350 valebat,
591 321 646 344 nec
662 309 754 356 pedis
779 311 952 355 vestigium
975 310 1072 355 figere
1091 311 1436 356 p1·0ptarmollilicm,·
1457 320 1490 346 et
1511 312 1594 346 ideo
1616 312 1733 347 delicia

174 363 324 397 mollities
350 362 508 408 quaedam
536 367 603 397 ast:
626 362 688 396 sed
711 362 881 396 mollities
902 363 1045 408 proprie
1070 363 1214 408 respicit
1236 362 1415 398 defectum
1439 364 1732 408 delectationum,

177 415 327 450 deliciae
351 423 471 449 autem
494 426 640 449 causam
662 415 911 461 impeditivam
937 415 1196 459 delectationis,
1214 425 1299 462 puta
1321 416 1495 459 laborem,
1516 417 1575 451 vel
1601 418 1732 465 aliquid

173 469 392 514 hujusmodi.
473 507 476 510 ¹

244 523 304 556 AD
327 532 497 556 TERTIUM
527 521 732 563 dicendum,
763 522 859 568 quod
888 522 924 555 in
947 522 1031 556 ludo
1053 522 1115 556 dno
1143 530 1196 557 est
1217 523 1467 558 considerare:
1490 535 1553 558 uno
1587 524 1733 570 quidem

175 575 267 609 modo
290 574 588 617 delectationem,
627 583 661 609 et
693 575 745 609 sic
779 575 983 609 inordinate
1010 575 1145 610 lusivus
1181 577 1374 622 opponitur
1408 577 1644 623 eutrapeliae:
1667 578 1733 612 alio

174 627 268 662 modo
286 629 322 661 in
348 627 434 662 ludo
457 628 703 662 consideratur
725 628 904 674 quaedam
927 629 1104 671 remissio,
1127 629 1201 663 sive
1224 630 1336 675 quies,
1359 641 1450 676 quae
1473 631 1666 676 opponitur
1686 630 1733 665 la-

173 681 273 716 bori:
295 688 330 715 et
350 680 432 715 ideo
455 681 546 715 sicut
560 692 634 715 non
655 692 761 727 posse
783 681 958 716 sustinere
991 681 1173 716 laboriosa
1196 683 1349 728 pertinet
1382 683 1425 716 ad
1456 683 1660 725 mollitiem,
1685 684 1734 718 ita

175 734 284 768 etiam
305 734 413 768 nimis
436 742 603 780 appetere
624 734 877 768 remissionem
898 734 984 777 ludi,
1005 735 1064 769 vel
1085 747 1354 782 quamcumque
1376 735 1485 770 aliam
1506 737 1675 783 quietem.

753 857 1099 902 ARTICULUS
1136 858 1193 901 Π.
1667 871 1734 918 678

372 971 526 1000 UTRUM
558 971 820 1001 PERTINACIA
853 971 1118 1001 OPPONATUR
1149 971 1539 1002 PERSEVERANTIAE.

248 1059 308 1092 AD
331 1069 538 1093 SECUNDUM
566 1058 616 1092 sic
642 1057 858 1104 proceditur.
880 1057 1042 1099 Videtur,
1074 1058 1171 1104 quod
1203 1058 1401 1104 pertinacia
1430 1070 1505 1092 non
1535 1068 1737 1105 opponatur

176 1112 481 1158 perseverantiae:
505 1111 591 1146 dicit
612 1112 708 1145 enim
721 1111 830 1156 Greg.
850 1122 901 1157 31.
924 1111 1156 1158 Moralscap.
1171 1112 1237 1157 17.)
1255 1112 1351 1157 quod
1376 1124 1394 1143 «
1409 1112 1605 1157 pertinacia
1626 1113 1738 1147 oritur

175 1175 217 1199 ex
238 1165 337 1198 inani
358 1164 472 1210 gloria
487 1178 526 1200 »t
550 1165 611 1199 sed
630 1165 745 1199 inanis
767 1164 883 1210 gloria
908 1175 982 1198 non
1005 1165 1199 1210 opponitur
1214 1165 1512 1210 perseverantiae,
1534 1166 1596 1200 sed
1618 1166 1735 1211 magis

175 1218 477 1264 magnanimitati,
500 1226 538 1252 ut
559 1229 665 1264 supra
684 1218 818 1252 dictum
841 1226 895 1252 est
917 1218 963 1263 (q.
985 1230 1051 1264 132.
1078 1222 1140 1252 art.
1163 1219 1224 1261 2.);
1254 1229 1341 1263 ergo
1364 1218 1559 1264 pertinacia
1581 1230 1656 1253 non
1677 1230 1738 1265 op-

175 1271 319 1316 ponitur
340 1271 637 1316 perseverantiae.

248 1335 278 1358 2.
300 1325 537 1359 PRAETEREA.
561 1324 599 1358 Si
629 1324 823 1370 opponitur
844 1324 1142 1369 perseverantiae,
1170 1332 1230 1358 aut
1253 1324 1448 1370 opponitur
1470 1325 1503 1359 ei
1527 1336 1590 1370 per
1611 1336 1736 1359 exces-

176 1388 268 1419 sum,
300 1386 360 1412 aut
388 1389 451 1422 per
484 1377 682 1411 defectum:
717 1378 779 1411 sed
808 1388 882 1411 non
904 1377 1098 1423 opponitur
1132 1377 1164 1410 ei
1198 1388 1260 1422 per
1294 1388 1492 1420 excessum,
1519 1378 1603 1423 quia
1629 1378 1737 1412 etiam

174 1431 336 1476 pertinax
351 1431 443 1465 cedit
457 1430 565 1465 alicui
584 1430 826 1472 delectationi,
845 1439 879 1464 et
893 1430 1075 1471 tristitiae3
1091 1430 1186 1475 quia,
1206 1438 1243 1463 ut
1262 1430 1347 1464 dicit
1362 1430 1498 1464 Philos.
1517 1430 1553 1463 in
1573 1441 1605 1475 7.
1621 1430 1737 1465 Ethic.

176 1484 265 1531 (cap.
281 1486 344 1530 9.)‚
371 1484 560 1530 «gaudent
578 1484 774 1526 vincentes,
797 1492 831 1518 et
851 1484 1045 1525 tristantur,
1073 1483 1103 1517 si
1120 1483 1318 1517 sententiae
1346 1495 1473 1517 eorum
1494 1483 1657 1519 infirmae
1679 1496 1736 1531 ap-

176 1546 323 1584 pareant
344 1551 382 1572 »2
405 1537 434 1571 si
455 1546 574 1572 autem
602 1548 664 1582 per
683 1537 875 1578 defectum,
897 1537 963 1571 erit
976 1537 1073 1570 idem
1096 1536 1192 1582 quod
1214 1536 1405 1579 mollities;
1421 1537 1518 1583 quod
1541 1546 1638 1583 patet
1660 1549 1738 1572 esse

176 1590 323 1633 falsum3
345 1590 446 1625 nullo
469 1602 556 1637 ergo
570 1591 682 1625 modo
704 1590 901 1637 pertinacia
923 1591 1116 1636 opponitur
1136 1590 1433 1635 perseverantiae.

251 1656 279 1690 3.
302 1645 538 1679 PRAETEREA.
562 1644 663 1678 Sicut
687 1655 919 1690 perseverans
952 1643 1108 1689 persistit
1143 1643 1180 1676 in
1213 1643 1311 1677 bono
1347 1652 1473 1677 contra
1494 1643 1664 1686 tristitias,
1689 1644 1739 1678 ita

178 1698 378 1739 continens,
412 1706 447 1732 et
477 1706 696 1744 temperatus
725 1706 850 1731 contra
887 1696 1157 1738 delectationes,
1180 1704 1214 1730 et
1233 1696 1336 1730 fortis
1360 1705 1485 1731 contra
1517 1697 1678 1739 timores,
1705 1705 1740 1732 et

176 1759 386 1785 mansuetus
421 1759 546 1785 contra
578 1751 668 1785 iras:
697 1751 758 1785 sed
780 1750 941 1797 pertinax
975 1750 1103 1784 dicitur
1142 1749 1269 1795 aliquis
1304 1761 1347 1783 ex
1369 1761 1425 1792 eo,
1452 1751 1548 1796 quod
1569 1750 1677 1785 nimis
1702 1750 1740 1784 in

178 1804 298 1851 aliquo
320 1805 498 1851 persistit,
519 1816 606 1851 ergo
628 1804 825 1851 pertinacia
845 1815 919 1838 non
947 1804 1064 1850 magis
1083 1803 1278 1849 opponitur
1303 1804 1604 1849 perseverantiae,
1630 1815 1740 1849 quam

179 1858 255 1893 aliis
277 1859 476 1893 virtutibus.

248 1912 323 1946 SED
347 1923 502 1947 CONTRA
524 1920 587 1953 est,
610 1911 706 1958 quod
723 1910 865 1945 Tullius
883 1911 970 1945 dicit
982 1911 1019 1944 in
1033 1921 1097 1944 sua
1118 1909 1266 1944 Rhetor.
1284 1910 1357 1953 (lib.
1379 1921 1410 1945 2.
1430 1909 1466 1944 de
1480 1909 1627 1954 Inveni.)
1644 1910 1739 1955 quod

177 1965 225 1999 ita
247 1976 284 2000 se
302 1966 411 2000 habet
431 1965 628 2012 pertinacia
650 1966 693 1999 ad
714 1964 1029 2011 perseverantiam,
1056 1964 1148 1998 sicut
1182 1963 1387 2009 superstitio
1421 1963 1465 1998 ad
1499 1963 1739 2009 religionem:

178 2019 239 2052 sed
261 2019 465 2064 superstitio
489 2019 683 2064 opponitur
703 2018 883 2064 religioni,
906 2026 944 2052 ut
964 2029 1071 2064 supra
1093 2017 1230 2051 dictum
1257 2025 1309 2051 est
1335 2017 1381 2063 (q.
1404 2029 1458 2063 92.
1477 2021 1540 2051 art.
1563 2017 1630 2061 r.);
1651 2027 1738 2062 ergo

178 2081 212 2106 et
232 2073 429 2118 pertinacia
443 2072 742 2118 perseverantiae.

248 2125 477 2160 Rrspoxnro
501 2125 705 2167 dicendum,
725 2125 833 2171 quod,
848 2125 939 2159 sicut
953 2124 1034 2159 Isid.
1058 2124 1144 2158 dicit
1161 2124 1198 2158 in
1216 2123 1275 2157 lib.
1302 2133 1353 2158 10.
1371 2122 1599 2170 Etymol.(ad
1619 2123 1667 2158 lit.
1683 2123 1740 2168 P),

178 2180 338 2227 pertinax
361 2180 490 2214 dicitur
512 2179 650 2225 aliquis,
673 2179 733 2225 qui
751 2187 804 2213 est
823 2179 1053 2225 impudenter
1072 2186 1210 2219 tenens,
1232 2186 1267 2211 et
1288 2177 1390 2223 quasi
1408 2177 1452 2210 ad
1471 2177 1594 2211 omnia
1615 2184 1739 2219 tenax3

179 2242 214 2268 et
239 2233 297 2267 hic
317 2233 413 2267 idem
436 2233 563 2267 dicitur
583 2235 758 2278 pervicax,
791 2244 834 2267 eo
857 2232 953 2278 quod
987 2232 1022 2265 in
1045 2231 1233 2277 proposito
1260 2242 1326 2265 suo
1349 2230 1392 2264 ad
1414 2230 1605 2264 victoriam
1626 2241 1741 2275 perse-

178 2295 295 2321 verat:
320 2286 455 2332 antiqui
486 2286 582 2320 enim
605 2286 771 2320 dicebant
802 2285 946 2327 viciam,
975 2296 1085 2331 quam
1118 2295 1186 2318 nos
1207 2284 1421 2325 victoriam;
1459 2292 1494 2317 et
1513 2283 1582 2317 hos
1603 2282 1740 2317 Philos.

178 2348 286 2374 vocat
326 2341 361 2374 in
389 2350 419 2384 7.
454 2339 612 2373 Ethicor.
655 2340 742 2385 (cup.
765 2339 812 2384 9.)
849 2338 1174 2384 ἰσχυρογνώμονες,
1199 2337 1290 2371 idest
1325 2336 1427 2371 fortis
1449 2337 1657 2378 sententiae,
1683 2336 1741 2371 vel

179 2393 452 2439 ἰδιογνιόλιιοιές,
474 2392 564 2426 idest
585 2392 750 2438 propriae
773 2391 987 2433 sententiae3
1012 2391 1094 2436 quia
1116 2390 1254 2425 scilicet
1282 2398 1512 2436 perseverant
1536 2390 1572 2424 in
1599 2390 1741 2436 propria

180 2446 357 2481 sententia
389 2445 468 2491 plus
498 2457 607 2491 quam
630 2454 790 2490 oportet:
818 2444 941 2478 mollis
963 2453 1084 2478 autem
1111 2445 1230 2478 minus
1264 2455 1374 2490 quarn
1401 2452 1559 2490 oportet:
1582 2455 1743 2490 perseve-

179 2511 261 2534 rans
284 2507 405 2533 autern
427 2499 627 2533 secundum
649 2498 744 2544 quod
772 2506 932 2544 oportet3
956 2498 1049 2532 unde
1079 2505 1187 2544 patet,
1216 2498 1311 2544 quod
1333 2497 1599 2543 perseverantia
1623 2496 1742 2531 lauda-

179 2561 246 2594 tur,
268 2553 362 2586 sicut
375 2553 411 2586 in
430 2552 551 2586 medio
574 2553 750 2586 existens:
767 2553 924 2597 pertinax
947 2558 1067 2585 autem
1094 2553 1316 2597 vituperatur
1337 2549 1536 2584 secundum
1557 2560 1741 2583 excessum

181 2607 306 2641 medii:
330 2606 451 2640 mollis
474 2614 595 2640 autern
614 2605 814 2640 secundum
836 2603 1028 2639 defectum.

252 2660 311 2694 AD
333 2670 483 2694 PRIMUM
506 2671 592 2705 ergo
615 2658 820 2700 dicendum,
843 2658 938 2703 quod
965 2658 1046 2691 ideo
1075 2657 1203 2703 aliquis
1224 2657 1331 2691 nimis
1358 2656 1516 2703 persistit
1535 2656 1571 2689 in
1598 2655 1742 2702 propria

181 2713 367 2754 sententia,
387 2713 470 2758 quia
492 2724 554 2758 per
567 2713 638 2746 hoc
653 2711 728 2746 vult
750 2722 853 2745 suam
875 2710 1125 2745 excellentiam
1147 2709 1388 2751 manifestare,
1411 2717 1445 2743 et
1465 2709 1546 2743 ideo
1571 2709 1682 2743 oritur
1700 2720 1741 2743 ex

181 2767 279 2800 inani
300 2766 427 2811 gloria,
450 2766 543 2799 sicut
564 2778 605 2799 ex
628 2777 751 2799 causa:
776 2765 911 2798 dictum
934 2772 987 2797 est
1009 2772 1129 2797 autem
1152 2775 1258 2810 supra
1282 2763 1327 2809 (q.
1354 2774 1425 2808 127.
1453 2767 1516 2796 art.
1539 2773 1569 2797 2.
1592 2761 1634 2796 ad
1657 2771 1687 2797 1.
1712 2766 1742 2795 et

182 2833 210 2866 q.
233 2832 292 2865 133.
314 2824 378 2854 art.
401 2820 461 2863 2.),
485 2819 582 2864 quod
604 2818 784 2864 oppositio
809 2817 978 2851 vitiorum
1002 2817 1045 2850 ad
1063 2817 1211 2850 virtutes
1234 2827 1307 2850 non
1330 2815 1522 2850 attenditur
1542 2814 1739 2849 secundum

183 2884 341 2914 causam,
363 2872 424 2906 sed
447 2872 646 2906 secundum
669 2871 851 2917 propriam
873 2870 1042 2916 speciem.
