1859 3122
199 153 278 207 158
605 163 825 199 QUAESTIO
859 163 945 194 XIX.
979 162 1222 193 ARTICULUS
1259 163 1316 193 IX.

191 246 308 293 primo
330 245 519 291 requiritur
541 252 579 278 ut
599 244 643 278 sit
664 244 696 278 ei
714 244 926 290 subjectum,
937 256 1010 279 non
1028 255 1254 290 repugnans;
1276 245 1358 291 quia
1379 257 1417 280 ex
1438 247 1659 292 repugnantia
1679 259 1746 281 mo-

193 301 266 335 bilis
287 299 327 334 ad
348 311 481 333 movens
500 298 676 344 impeditur
698 303 809 333 motus.
834 299 912 333 Hoc
936 307 1057 333 autem
1083 298 1167 332 facit
1188 298 1298 333 timor
1319 298 1447 341 filialis,
1469 299 1525 334 vel
1548 308 1677 342 castus,
1698 300 1749 334 in-

193 361 367 399 quantum
393 352 594 398 peripsum
615 352 735 386 Deum
757 363 973 391 reveremur,
997 360 1030 386 et
1057 351 1255 397 refugimus
1281 363 1347 386 nos
1374 352 1442 398 ipsi
1468 352 1684 387 subducere:
1713 360 1748 387 et

192 407 274 441 ideo
295 406 405 440 timor
426 405 542 439 filialis
565 405 665 451 quasi
687 406 843 451 primum
861 405 985 439 locum
1006 413 1103 439 tenet
1125 405 1353 439 ascendendo
1372 405 1463 440 inter
1478 406 1573 440 dona
1596 405 1748 452 Spiritus

194 459 328 501 Sancti,
356 459 523 492 ultimum
556 466 676 492 autem
703 458 967 501 descendendo,
998 459 1090 493 sicut
1121 459 1274 504 August.
1303 459 1387 493 dicit
1412 459 1448 492 in
1475 458 1533 492 lib.
1561 459 1604 493 de
1631 459 1747 493 Serm.

193 514 302 548 Dom.
324 514 358 546 in
380 520 504 546 monte
526 512 615 558 (cap.
637 513 698 555 4.).

264 567 323 600 AD
345 576 493 600 PRIMUM
516 576 602 611 ergo
625 565 830 607 dicendum,
859 566 955 611 quod
981 565 1091 599 timor
1120 564 1237 598 filialis
1266 576 1340 599 non
1363 565 1600 599 contrariatur
1624 566 1746 600 virtuti

193 619 286 666 spei:
310 631 384 653 non
407 618 502 652 enim
525 630 587 664 per
607 618 777 652 timorem
795 618 943 653 filialem
964 619 1134 652 timemus
1152 630 1196 652 ne
1211 618 1315 652 nobis
1338 617 1491 660 deficiat,
1514 618 1610 664 quod
1632 630 1749 664 spera-

195 685 274 706 mus
297 673 457 706 obtinere
485 683 547 718 per
577 671 748 705 auxilium
776 672 957 714 divinun1;
989 672 1049 705 sed
1078 672 1250 705 timemus
1273 672 1313 705 ab
1329 671 1400 705 hoc
1424 671 1556 706 auxilio
1577 683 1644 706 nos
1672 672 1751 706 sub-

194 726 352 767 trahere3
375 734 408 759 et
429 725 511 759 ideo
533 725 643 759 timor
664 724 793 767 filialis,
817 733 851 759 et
872 736 953 771 spes
975 725 1041 759 sibi
1062 725 1218 758 invicem
1242 725 1448 767 cohaerent,
1471 733 1506 759 et
1527 736 1564 759 se
1590 725 1747 760 invicem

195 779 396 827 perficiunt.

267 833 327 867 AD
343 843 548 867 SECUNDUM
570 831 775 874 dicendum,
797 831 893 878 quod
909 832 1105 878 proprium,
1130 839 1164 865 et
1181 830 1378 877 principale
1400 831 1583 876 objectum
1609 831 1750 866 timoris

197 895 249 921 est
276 886 426 927 malum,
453 885 548 931 quod
571 885 649 931 quis
676 884 823 930 refugit3
847 893 881 919 et
907 896 969 930 per
995 885 1091 918 hunc
1122 885 1273 918 modum
1303 885 1402 918 Deus
1428 896 1502 918 non
1529 892 1648 930 potest
1673 895 1751 919 esse

196 941 379 985 objectum
399 938 550 980 timoris,
570 938 661 972 sicut
679 949 785 984 supra
807 938 942 972 dictum
962 946 1014 972 est
1027 938 1107 983 (art.
1127 948 1154 971 Ι.
1174 938 1241 983 huj.
1265 938 1335 983 q.).·
1359 946 1411 972 est
1437 946 1558 972 autem
1568 949 1642 983 -per
1654 937 1751 971 hunc

196 993 346 1027 modum
366 992 547 1037 obiectum
562 991 647 1037 spei,
667 999 701 1026 et
716 991 867 1025 aliarum
880 991 1050 1025 virtutum
1066 991 1375 1037 theologicarum3
1399 991 1481 1037 quia
1499 1002 1562 1037 per
1582 991 1752 1025 virtutem

197 1047 273 1092 spei
294 1057 367 1080 non
391 1045 509 1080 solum
531 1045 718 1078 innitimur
739 1044 860 1078 divino
883 1044 1016 1078 auxilio
1040 1044 1082 1078 ad
1107 1045 1375 1090 adipiscendum
1402 1055 1651 1090 quaecumque
1679 1043 1749 1078 alia

196 1100 304 1141 bona,
325 1099 386 1133 sed
408 1098 652 1145 principaliter
674 1098 717 1132 ad
740 1098 1011 1144 adipiscendum
1042 1099 1159 1144 ipsum
1180 1098 1313 1139 Deum,
1339 1105 1526 1143 tamquam
1553 1097 1750 1144 principale

199 1153 354 1195 bonum,
377 1160 411 1186 et
431 1152 527 1186 iden]
546 1159 643 1198 patet
663 1151 699 1185 in
727 1150 804 1185 aliis
825 1148 1012 1185 virtutibus
1034 1150 1262 1196 theologicis.

268 1206 328 1240 AD
351 1216 521 1240 TERTIUM
540 1204 745 1246 dicendum,
768 1204 864 1250 quod
887 1216 929 1238 ex
951 1205 1021 1238 hoc
1045 1204 1140 1250 quod
1164 1215 1266 1238 amor
1289 1212 1341 1238 est
1362 1203 1578 1250 principium
1599 1203 1752 1246 timoris,

199 1271 271 1294 non
294 1259 463 1305 sequitur,
485 1258 581 1304 quod
603 1258 713 1292 timor
733 1258 803 1292 Dei
824 1269 898 1291 non
920 1258 964 1292 sit
984 1258 1126 1291 habitus
1149 1258 1336 1291 distinctus
1360 1257 1575 1299 acharitate‚
1594 1268 1685 1303 quae
1702 1265 1754 1291 est

197 1324 301 1347 amor
321 1312 409 1347 Dei:
432 1312 515 1358 quia
537 1323 640 1345 amor
662 1319 714 1345 est
729 1311 943 1357 principium
959 1311 1124 1344 onmium
1139 1310 1388 1345 affectionum:
1413 1318 1447 1344 et
1464 1318 1585 1344 tamen
1605 1310 1753 1344 diversis

196 1366 374 1401 habitibus
389 1365 595 1412 perficimur
610 1365 703 1398 circa
719 1365 876 1398 diversas
899 1363 1127 1398 affectiones:
1150 1364 1232 1397 ideo
1251 1372 1374 1398 tamen
1390 1374 1493 1397 amor
1507 1363 1623 1409 magis
1641 1363 1752 1397 habet

195 1421 374 1454 rationem
396 1419 546 1460 virtutis,
567 1430 675 1464 quam
697 1418 824 1460 timor3
847 1418 929 1463 quia
952 1428 1055 1451 amor
1078 1417 1221 1462 respicit
1241 1417 1391 1458 bonum,
1407 1417 1450 1450 ad
1465 1416 1561 1462 quod
1576 1416 1753 1462 principa—

197 1473 277 1507 liter
297 1474 408 1507 virtus
441 1472 625 1506 ordinatur
655 1472 853 1506 secundum
875 1472 1058 1517 propriam
1086 1471 1276 1512 rationem,
1298 1479 1336 1505 ut
1355 1483 1399 1505 ex
1420 1471 1632 1517 supradictis
1658 1478 1755 1517 patet

199 1528 277 1572 (1-2.
300 1538 329 1572 q.
348 1537 393 1572 55.
408 1530 471 1559 art.
486 1537 514 1572 3.
530 1526 634 1570 αφ),
651 1533 684 1559 et
699 1532 844 1570 propter
864 1525 936 1558 hoc
959 1524 1067 1558 etiam
1090 1536 1169 1570 spes
1193 1524 1338 1569 ponitur
1359 1525 1485 1558 virtus:
1507 1524 1617 1558 timor
1633 1532 1754 1558 autem

199 1579 441 1625 principaliter
463 1579 606 1624 respicit
627 1577 777 1620 malum,
801 1578 900 1623 cujus
922 1577 1047 1623 fugam
1068 1577 1261 1623 importat3
1284 1578 1376 1612 unde
1397 1585 1451 1612 est
1476 1576 1609 1624 aliquid
1635 1577 1755 1611 minus

198 1634 328 1668 virtute
354 1632 574 1677 theologica.

269 1687 328 1721 AD
352 1696 539 1724 QUARTUM
562 1684 766 1726 dicendum,
786 1684 893 1730 quod,
916 1684 1007 1718 sicut
1025 1683 1154 1717 dicitur
1175 1683 1294 1718 Eccle.
1321 1694 1394 1719 1o.:
1417 1684 1558 1719 Initium
1582 1685 1751 1730 superbiae

199 1741 340 1774 hominis
369 1744 552 1785 apostatare
587 1750 606 1772 ιι
633 1739 720 1779 Deo,
751 1738 821 1772 hoc
853 1746 905 1772 est
932 1736 1028 1771 nolle
1051 1737 1153 1771 subdi
1174 1737 1274 1780 Deo;
1297 1737 1393 1783 quod
1415 1737 1608 1783 opponitur
1633 1737 1756 1771 timori

201 1793 311 1835 filiali,
333 1793 393 1838 qui
414 1793 534 1826 Deum
557 1800 749 1833 reveretur,
772 1800 806 1825 et
827 1791 876 1825 sic
899 1791 1008 1825 timor
1030 1790 1184 1824 excludit
1205 1791 1422 1836 principium
1445 1791 1650 1836 superbiae;
1677 1802 1756 1836 pro-

200 1855 276 1893 pter
299 1845 394 1891 quod
417 1845 520 1878 datur
542 1852 667 1878 contra
693 1844 913 1890 superbiam:
933 1855 999 1877 nec
1021 1851 1143 1877 tamen
1166 1844 1334 1889 sequitur,
1358 1844 1453 1889 quod
1480 1845 1524 1877 sit
1549 1843 1646 1877 idem
1673 1854 1773 1876 cum-

203 1900 331 1934 virtute
352 1898 577 1939 humilitatis,
599 1897 660 1931 sed
683 1897 779 1943 quod
801 1897 845 1931 sit
866 1896 1081 1942 principium
1104 1897 1189 1941 ejus.
1211 1897 1319 1930 Dona
1342 1897 1438 1930 enin]
1459 1896 1610 1942 Spiritus
1633 1896 1756 1930 Sancti

204 1961 285 1988 sunt
310 1952 484 1998 principia
512 1951 683 1984 virtutum
712 1949 1022 1991 intellectualium,
1053 1958 1087 1983 et
1114 1949 1319 1991 moralium,
1347 1958 1384 1983 ut
1410 1961 1515 1996 supra
1541 1949 1677 1983 dictum
1704 1957 1757 1983 est

203 2007 280 2051 (1-2.
303 2018 332 2052 q.
356 2006 410 2040 63.
439 2010 543 2050 art.5.
562 2010 591 2038 ct
616 2004 687 2049 8.):
710 2003 771 2037 sed
794 2004 940 2037 virtutes
962 2002 1192 2048 theologicae
1214 2011 1294 2037 sunt
1316 2003 1489 2049 principia
1508 2002 1699 2044 donorum,
1718 2010 1757 2037 ut

203 2072 308 2107 supra
330 2060 491 2094 habitum
515 2067 567 2092 est
590 2058 666 2102 (1—2.
694 2070 722 2104 q.
747 2058 802 2093 63.
821 2063 885 2092 art.
907 2069 939 2101 4.
963 2057 1078 2103 (1113).

272 2114 377 2148 Unde
398 2120 495 2159 patet
515 2111 701 2158 responsio
723 2122 772 2146 AD
795 2120 985 2150 QUINTUM.

770 2269 1112 2315 ARTICULUS
1153 2270 1208 2312 X.
1691 2290 1751 2326 103

365 2393 529 2432 UTRUM,
560 2391 810 2421 CRESCENTE
838 2390 1103 2429 CHARITATE,
1131 2389 1407 2419 DIMINUATUR
1434 2388 1586 2418 TIMOR.

522 2491 562 2537 (3.
587 2492 673 2525 Dist.
695 2503 740 2535 34.
769 2503 797 2536 q.
822 2503 851 2525 2.
875 2496 936 2524 url.
957 2502 984 2536 3.
1007 2495 1036 2524 ct
1058 2491 1109 2524 I's.
1132 2490 1181 2524 18.
1205 2494 1233 2523 et
1257 2489 1334 2522 Cor.
1358 2488 1437 2532 ω.)

274 2595 333 2628 AD
362 2603 536 2627 DECIMUM
559 2592 608 2625 sic
636 2592 849 2637 proceditur.
880 2591 1037 2631 Videtur,
1067 2590 1161 2635 quod
1186 2597 1366 2623 crescente
1390 2588 1562 2622 charitate
1585 2587 1757 2621 diminua-

203 2657 258 2682 tur
279 2648 406 2681 timor:
431 2646 514 2680 dicit
537 2645 632 2679 enim
655 2645 876 2687 Augustinus
899 2656 1003 2689 super
1031 2655 1056 2677 1.
1085 2643 1225 2677 Canon.
1250 2642 1378 2687 Joann.
1401 2643 1514 2687 (trust.
1543 2641 1614 2686 9.):
1639 2642 1756 2685 Quan-

205 2706 270 2735 tum
294 2701 436 2735 clmrilus
458 2700 582 2740 crescit,
607 2703 730 2732 lunium
763 2699 862 2732 li'nwr
889 2698 1049 2731 tirrrrsrit.

276 2764 306 2787 2.
330 2753 564 2787 Pnixm-nnssix.
588 2751 782 2785 Crescente
805 2761 865 2796 spe
897 2750 1106 2783 diminuitur
1140 2749 1267 2783 timor:
1290 2749 1351 2782 sed
1375 2755 1556 2782 crescente
1584 2747 1756 2780 charitate

206 2807 333 2840 crescit
355 2817 446 2851 spes,
480 2813 517 2839 ut
546 2816 651 2851 supra
677 2804 839 2838 habitum
863 2811 915 2837 est
935 2803 982 2848 (q.
1006 2814 1052 2848 17.
1076 2807 1138 2836 art.
1161 2803 1231 2847 S.);
1261 2812 1347 2847 ergo
1375 2808 1557 2835 crescente
1584 2799 1756 2834 charitate

206 2859 414 2894 diminuitur
435 2859 553 2893 timor.
