1859 3122
512 150 733 185 QUAESTIO
767 149 901 179 XXXII.
935 150 1178 180 ARTICULUS
1211 150 1268 178 Ix.
1569 149 1649 191 271

98 229 229 264 sanctis
248 238 452 277 erogantur,
474 232 671 265 secundum
696 231 781 265 illud
811 231 896 265 Luc.
924 229 991 264 16.:
1020 232 1130 266 Facile
1147 232 1240 266 vobis
1260 231 1382 279 amicos
1407 230 1442 264 da
1464 241 1656 264 mammona

98 284 292 328 iniquitatis,
308 289 343 318 ut
357 296 430 319 cum
449 284 640 330 defeceritis,
656 286 820 331 recipiant
833 296 890 318 vos
905 286 937 318 in
955 290 1089 319 aeterna
1103 285 1320 319 tabernacula
1332 297 1342 318 .·
1359 283 1455 330 quod
1473 294 1655 329 exponens

96 335 248 381 August.
272 337 306 371 in
329 337 387 371 lib.
411 337 453 371 de
488 337 594 372 Verb.
618 338 766 371 Domin.
789 338 901 382 (serm.
921 339 980 383 35.)
1006 338 1108 372 dicit:
1136 351 1153 369 «
1178 338 1252 378 Qui
1273 346 1366 379 sunt,
1388 337 1448 383 qui
1474 337 1657 370 habebunt

95 396 240 423 aeterna
261 390 503 432 tabernacula,
525 391 593 425 nisi
613 391 727 425 sancti
749 391 843 424 Dei?
878 399 913 425 et
934 392 994 437 qui
1016 400 1108 433 sunt,
1132 392 1192 437 qui
1215 392 1256 424 ab
1280 392 1329 425 eis
1357 390 1552 436 recipiendi
1573 396 1656 423 sunt

95 442 130 475 in
152 443 394 485 tabernacula,
416 445 483 478 nisi
505 445 563 490 qui
586 455 713 478 eorum
732 444 951 490 indigentiae
975 445 1156 478 serviunt?
1174 459 1190 477 »
1216 445 1311 491 Ergo
1328 444 1442 489 magis
1464 452 1546 478 sunt
1567 443 1657 477 elee-

96 507 270 542 mosynae
294 498 432 531 dandae
454 498 705 540 sanctioribus,
728 509 835 543 quam
859 498 1186 544 propinquioribus.
1318 493 1321 495 ’

170 561 198 595 3.
223 550 456 585 PRAETEREA.
485 550 641 585 Maxime
668 550 782 584 homo
811 559 863 585 est
889 551 955 584 sibi
984 551 1222 597 propinquus:
1258 551 1319 585 sed
1347 551 1411 585 sibi
1438 562 1512 584 non
1539 558 1657 596 potest

95 602 209 636 homo
233 603 506 650 eleemosynam
526 603 663 646 facere3
687 615 773 649 ergo
795 604 947 646 videtur,
970 605 1157 650 quodnon
1179 605 1223 638 sit
1244 605 1359 650 magis
1380 603 1544 638 facienda
1566 603 1656 637 elee-

96 667 248 702 mosyna
270 668 446 702 personae
468 658 583 703 magis
606 658 832 703 conjunctae.

168 709 242 744 SED
265 721 420 745 CONTRA
443 719 505 753 est,
528 710 624 757 quod
646 711 774 757 Apost.
798 711 884 745 dicit
909 722 936 745 1.
960 711 1003 745 ad
1031 710 1195 745 Timoth.
1222 722 1270 756 5.:
1294 711 1331 746 δι’
1363 712 1434 757 quis
1454 722 1599 752 snorum,
1627 715 1655 744 et

96 765 239 797 maxitne
259 763 509 799 domesticorum
531 775 646 798 curam
668 764 852 806 nonhabet,
880 764 975 808 fidem
997 766 1142 811 negavit,
1169 770 1197 799 et
1218 769 1259 799 est
1279 764 1402 810 infideli
1422 763 1572 798 deterior.

168 816 396 852 RESPONDEO
431 817 635 859 dicendum,
662 818 758 863 quod
780 818 872 852 sicut
898 818 1051 863 August.
1075 818 1159 852 dicit
1187 818 1222 851 in
1249 829 1276 851 1.
1299 818 1342 851 de
1370 817 1496 851 Doctr.
1520 817 1653 851 Christ.

95 869 183 916 (cap.
199 871 292 915 289:
319 883 336 902 «
353 870 428 911 Qui
449 879 531 917 sunt
543 871 646 904 nobis
661 871 778 916 magis
794 872 990 916 conjuncti,
1012 872 1113 917 quasi
1135 871 1292 917 quadam
1310 878 1405 904 sorte
1424 871 1528 904 nobis
1552 871 1655 904 obve-

95 923 157 965 nit,
176 932 214 957 ut
228 924 278 958 eis
293 924 408 969 magis
430 924 618 970 providere
633 924 861 959 debeamus»
877 936 883 958 :
904 932 956 958 est
976 933 1098 958 tamen
1118 924 1213 958 circa
1234 924 1305 958 hoc
1325 924 1549 958 discretionis
1564 924 1654 957 ratio

95 977 308 1019 adhibenda,
331 977 530 1011 secundum
558 976 797 1011 differentiam
829 978 1085 1023 conjunfionis,
1113 986 1148 1012 et
1174 978 1384 1019 sanctitatis,
1413 985 1446 1011 et
1475 977 1655 1011 utilitatis:

94 1041 180 1064 nam
203 1031 318 1065 multo
341 1031 512 1065 sanctiori
533 1032 648 1076 magis
663 1031 901 1077 indigentiam
920 1031 1079 1076 patienti,
1100 1039 1135 1066 et
1156 1031 1271 1077 magis
1294 1030 1372 1064 utili
1393 1031 1437 1064 ad
1459 1042 1656 1064 commune

92 1083 231 1118 bonum
253 1092 306 1119 est
326 1085 442 1130 magis
465 1084 699 1130 eleemosyna
721 1085 849 1127 danda,
872 1096 982 1131 quarn
1003 1095 1179 1130 personae
1202 1084 1468 1130 propinquiori;
1496 1084 1654 1118 maxime

94 1137 123 1171 si
144 1148 218 1171 non
239 1138 283 1171 sit
304 1137 459 1172 multum
481 1139 687 1183 conjuncta,
710 1139 810 1184 cujus
831 1149 917 1172 cura
938 1137 1104 1185 specialis
1125 1138 1229 1172 nobis
1251 1149 1325 1172 non
1347 1138 1548 1179 immineat,
1571 1146 1605 1171 et
1624 1137 1652 1171 si

93 1202 265 1237 magnam
286 1191 539 1225 necessitatem
560 1203 635 1225 non
657 1192 821 1236 patiatur.

162 1244 222 1279 AD
248 1255 398 1279 PRIMUM
428 1256 514 1290 ergo
542 1244 747 1287 dicendum,
770 1244 867 1291 quod
888 1245 1073 1291 peccatori
1093 1256 1168 1279 non
1202 1252 1254 1279 est
1275 1245 1575 1286 subveniendum,
1603 1244 1656 1278 in-

94 1306 269 1343 quantum
290 1306 344 1332 est
363 1306 546 1343 peccator,
568 1298 659 1332 idest
680 1307 718 1332 ut
739 1310 801 1344 per
822 1299 893 1332 hoc
916 1299 953 1332 in
979 1306 1130 1345 peccato
1157 1297 1333 1340 foveatur,
1355 1298 1417 1332 sed
1438 1299 1653 1344 inquantum

93 1351 208 1385 homo
235 1359 299 1393 est,
320 1351 412 1385 idest
432 1359 470 1385 ut
490 1359 616 1385 natura
643 1359 870 1386 sustentetur.

164 1404 223 1438 AD
245 1415 451 1439 SECUNDUM
474 1405 678 1448 dicendum,
701 1405 797 1451 quod
825 1417 915 1452 opus
935 1405 1190 1452 eleemosynae
1213 1405 1256 1440 ad
1275 1405 1483 1440 mercedem
1506 1405 1654 1440 retribu-

93 1458 202 1492 tionis
224 1466 389 1492 aeternae
411 1458 585 1505 duplz’citer
605 1458 712 1493 valet.
741 1460 813 1493 Uno
833 1460 979 1505 quidem
1000 1459 1095 1493 modo
1117 1471 1159 1494 ex
1177 1460 1297 1494 radice
1320 1460 1522 1494 charitatis:
1545 1467 1579 1493 et
1600 1470 1652 1493 se-

95 1511 253 1544 cundum
273 1511 345 1545 hoc
367 1511 601 1558 eleemosyna
623 1520 676 1546 est
696 1512 893 1554 meritoria,
915 1521 1022 1558 prout
1042 1513 1078 1546 in
1097 1524 1139 1547 ea
1160 1521 1321 1547 servatur
1343 1513 1432 1547 ordo
1456 1513 1651 1555 charitatis,

93 1565 293 1598 secundum
314 1575 422 1610 quern
443 1565 758 1611 propinquioribus
781 1566 896 1611 magis
913 1566 1102 1612 providere
1121 1567 1306 1608 debemus,
1322 1566 1471 1600 caeteris
1489 1566 1654 1612 paribus;

94 1617 188 1650 unde
210 1617 379 1651 Ambros.
402 1618 488 1652 dicit
512 1629 540 1652 1.
563 1618 606 1652 de
635 1618 776 1653 Officiis
801 1619 887 1665 (cap.
906 1619 999 1665 30.).·
1030 1632 1047 1651 t<
1069 1619 1132 1654 Est
1151 1619 1214 1654 illa
1234 1620 1421 1666 probanda
1442 1619 1650 1662 liberalitas,

95 1678 132 1704 ut
152 1671 336 1716 proximos
354 1671 538 1717 sanguinis
556 1672 608 1706 tui
620 1683 694 1706 non
713 1672 901 1717 despicias,
917 1673 946 1706 si
965 1684 1070 1718 egere
1086 1684 1307 1719 cognoscas:
1330 1673 1460 1708 melius
1479 1681 1531 1708 est
1545 1673 1654 1716 enim,

94 1732 130 1757 ut
150 1723 226 1769 ipse
248 1724 436 1758 subveniat
455 1725 536 1766 tuis,
559 1725 685 1770 quibus
715 1726 831 1771 pudor
852 1733 905 1760 est
927 1726 968 1760 ab
992 1725 1070 1761 aliis
1092 1735 1278 1773 sumptum
1297 1727 1496 1773 deposcere
1515 1740 1547 1760 ».
1575 1727 1653 1761 Alio

93 1778 188 1811 modo
211 1777 308 1812 valet
329 1778 562 1825 eleemosyna
584 1779 628 1812 ad
649 1780 922 1814 retributionem
948 1780 1043 1814 vitae
1071 1788 1238 1814 aeternae
1261 1791 1303 1814 ex
1324 1781 1455 1814 merito
1478 1781 1565 1825 ejus,
1594 1780 1651 1814 cui

93 1831 247 1865 donatur
265 1831 325 1877 qui
346 1840 426 1866 orat
445 1843 509 1878 pro
532 1843 588 1874 eo,
611 1832 671 1878 qui
693 1832 967 1879 eleemosynam
985 1833 1098 1868 dedit:
1122 1842 1157 1868 et
1177 1834 1377 1869 secundum
1399 1835 1471 1869 hoc
1494 1834 1654 1881 loquitur

93 1885 142 1919 ibi
160 1885 395 1931 Augustinus.

164 1939 224 1972 AD
251 1949 422 1974 TERTmM
444 1939 649 1982 dicendum,
677 1940 773 1986 quod
801 1952 884 1975 cum
911 1941 1147 1987 eleemosyna
1174 1942 1220 1976 sit
1250 1954 1340 1989 opus
1370 1942 1652 1984 misericordiae,

94 1992 185 2026 sicut
198 1992 446 2027 misericordia
459 2004 534 2027 non
548 2001 602 2028 est
615 1994 758 2040 proprie
771 1994 814 2028 ad
826 1995 995 2041 seipsum,
1011 1995 1072 2029 sed
1083 2007 1146 2041 per
1159 1996 1356 2041 quamdam
1366 1995 1652 2038 similitudinem,

93 2053 132 2079 ut
151 2057 258 2091 supra
279 2046 414 2080 dictum
436 2055 489 2081 est
511 2046 557 2092 (q.
579 2059 630 2093 30.
654 2052 717 2081 art.
744 2060 772 2082 Ι.
795 2048 837 2082 ad
859 2048 919 2093 2.),
946 2049 981 2082 id
1004 2049 1125 2091 etiam,
1148 2050 1291 2096 proprie
1314 2049 1510 2096 loquendo,
1532 2049 1652 2084 nullus

94 2099 161 2132 sibi
182 2099 455 2145 eleemosynam
476 2099 572 2142 facit,
593 2100 662 2134 nisi
682 2100 775 2135 forte
798 2113 839 2135 ex
860 2113 1015 2148 persona
1043 2103 1206 2137 alterius:
1229 2112 1314 2149 puta
1342 2115 1425 2137 cum
1454 2103 1582 2150 aliquis
1605 2104 1653 2137 di-

93 2152 263 2187 stributor
283 2153 427 2199 ponitur
449 2153 776 2200 eleemosynarum,
797 2163 916 2201 potest
937 2164 971 2190 et
992 2156 1066 2202 ipse
1088 2156 1155 2190 sibi
1176 2157 1351 2203 accipere,
1372 2157 1403 2192 si
1423 2157 1592 2204 indigeat,
1608 2168 1652 2191 eo

93 2213 218 2240 tenore
240 2217 311 2252 quo
334 2215 369 2241 et
389 2206 466 2241 aliis
493 2207 681 2242 ministrat.

665 2369 1010 2415 ARTICULUS
1038 2370 1093 2413 X.
1589 2391 1652 2427 194

300 2489 453 2518 UTRUM
479 2489 770 2519 ELEEMOSYNA
797 2490 863 2520 SIT
892 2490 1187 2521 ABUNDANTER
1208 2489 1442 2520 FACIENDA.

413 2586 512 2633 (Itzfr.
535 2599 563 2633 q.
582 2599 649 2634 117.
672 2593 736 2622 art.
757 2601 784 2623 r.
806 2588 848 2622 ad
865 2600 896 2623 2.
915 2594 945 2623 et
964 2600 995 2623 2.
1021 2589 1099 2623 Cor.
1121 2589 1153 2624 8.
1176 2595 1246 2634 cap.
1269 2589 1330 2634 9.).

165 2687 225 2721 AD
240 2697 415 2722 DECIMUM
431 2687 480 2721 sic
499 2688 715 2733 proceditur.
730 2688 892 2730 Videtur,
908 2689 1004 2735 quod
1024 2688 1257 2734 eleemosyna
1275 2698 1349 2721 non
1368 2688 1412 2720 sit
1427 2685 1650 2721 abundanter

95 2739 274 2775 facienda:
297 2740 530 2787 eleemosyna
552 2741 649 2774 enim
663 2742 820 2776 maxime
839 2742 945 2776 debet
962 2742 1039 2776 fieri
1058 2741 1382 2786 conjunctioribus:
1406 2740 1468 2773 sed
1490 2739 1559 2773 illis
1576 2751 1649 2774 non

96 2793 200 2828 debet
220 2793 270 2828 sic
292 2793 379 2836 dari,
401 2802 439 2827 ut
460 2794 605 2828 ditiores
626 2794 708 2829 inde
727 2795 803 2829 fieri
820 2795 976 2837 valeant,
991 2795 1082 2828 sicut
1095 2794 1263 2828 Ambros.
1279 2793 1363 2826 dicit
1377 2793 1413 2826 in
1432 2803 1459 2827 1.
1480 2793 1523 2827 de
1541 2793 1648 2828 Offic.

98 2847 292 2894 (cap.3o.);
321 2859 407 2894 ergo
429 2859 495 2883 nec
519 2847 597 2882 aliis
623 2847 728 2883 debet
750 2848 973 2883 abundanter
995 2848 1081 2882 dari.
