1859 3122
454 177 675 212 QUAESTIO
711 178 914 209 CLXXXVI.
948 179 1191 209 ARTICULUS
1224 179 1268 209 11.
1535 181 1638 211 1221

79 257 169 292 tinet
191 257 234 290 ad
254 257 464 303 religiosos3
489 269 577 303 ergo
599 259 708 293 etiarn
724 270 851 293 eorum
875 268 927 294 est
949 271 1055 305 agere
1075 261 1197 294 omnia
1215 261 1322 303 bona,
1338 273 1429 307 quae
1452 261 1588 306 valent3
1609 271 1644 297 et

78 311 126 345 ita
148 310 301 353 videtur,
321 312 416 357 quod
441 312 589 358 quilibet
611 323 738 347 eorum
760 320 923 347 teneatur
945 314 988 347 ad
1012 317 1135 348 omnia
1159 314 1310 348 consilia
1330 315 1524 361 implenda.

152 375 181 410 3.
210 364 446 399 Pausa-am.
483 365 521 400 Si
555 377 629 399 non
659 366 849 412 requiritur
879 367 920 400 ad
950 375 1081 401 statum
1113 367 1356 412 perfectionis,
1390 369 1486 415 quod
1516 369 1643 416 aliquis

81 417 206 451 omnia
230 418 381 452 consilia
404 419 564 464 impleat,
587 419 768 454 sufficiens
788 431 864 454 csse
887 420 1037 462 videtur,
1056 421 1084 454 si
1106 422 1283 466 quaedam
1308 422 1459 456 consilia
1478 422 1643 468 impleat;

78 470 142 505 sed
163 471 234 504 hoc
258 470 387 505 salsum
412 480 475 515 est,
506 473 588 518 quia
620 472 723 506 multi
754 474 787 506 in
820 473 995 507 saeculari
1021 474 1093 508 vita
1128 474 1318 508 existentes
1340 475 1459 522 aliqua
1492 475 1644 510 consilia

77 523 241 570 implent,
263 532 301 558 ut
323 533 420 570 patet
446 526 489 560 de
513 526 568 560 his
592 526 651 572 qui
680 527 941 560 continentiam
964 535 1127 570 servant;
1156 539 1243 573 ergo
1271 528 1422 571 videtur,
1449 529 1544 575 quod
1572 529 1645 576 qui-

77 577 163 612 libet
185 577 389 623 religiosuS,
413 579 473 625 qui
504 588 556 613 est
578 580 613 612 in
637 587 728 613 statu
758 579 1001 640 perfectionis,
1030 589 1195 615 teneatur
1218 581 1260 615 ad
1293 583 1417 616 omnia
1443 594 1535 629 quae
1561 591 1644 617 sunt

77 630 327 676 perfectionis;
350 632 561 678 hujusmodi
584 641 706 667 autem
729 642 810 667 sunt
832 634 955 667 omnia
979 634 1142 668 consilia.

151 684 225 718 SED
242 695 370 720 coma
376 696 409 719 x.
434 686 490 719 Ad
514 697 567 727 ea,
590 697 681 732 quae
696 695 778 720 sunt
797 688 1140 733 supererogationis,
1162 699 1236 722 non
1255 697 1396 723 tenetur
1415 689 1553 736 aliquis,
1575 690 1644 725 nisi

78 748 120 771 ex
142 738 287 783 propria
310 738 555 783 obligation03
579 740 641 774 sed
662 750 736 773 non
759 740 908 786 quilibet
925 740 1117 786 religiosus
1140 742 1279 788 obligat
1300 753 1337 776 se
1361 743 1403 776 ad
1427 744 1562 785 omnia,
1581 744 1642 778 sed

79 791 122 824 ad
150 790 269 837 aliqua
296 792 546 834 determinata,
569 793 717 839 quidam
740 794 783 826 ad
806 793 908 835 haec,
931 794 1078 840 quidam
1110 795 1153 828 ad
1183 795 1264 838 illa3
1286 807 1361 829 non
1391 808 1479 841 ergo
1511 808 1640 832 omnes

77 852 245 878 tenentur
266 845 309 878 ad
333 846 467 880 omnia.

148 897 378 933 Respoxmzo
402 899 607 941 dicendum,
631 900 727 945 quod
751 900 793 933 ad
816 899 1076 945 perfectionem
1106 901 1239 948 aliquid
1262 903 1416 948 pertinet
1445 904 1641 950 tripliciter,-

78 963 142 985 uno
166 951 259 985 modo
283 952 542 994 essentialiter3
565 961 599 986 et
621 953 683 994 sic,
705 953 795 987 sicut
818 965 924 998 supra
950 954 1085 988 dictum
1105 963 1157 989 est
1178 957 1222 1001 (q.
1246 957 1318 1000 184.
1341 961 1403 991 art.
1420 957 1479 1003 3.),
1504 957 1546 991 ad
1567 968 1644 1003 per-

76 1003 274 1039 fectionem
297 1005 452 1051 pertinet
470 1005 625 1051 perfecta
649 1006 875 1040 observantia
890 1015 1168 1052 praeceptorum
1185 1008 1383 1044 charitatis:
1403 1011 1468 1044 alio
1488 1010 1582 1045 modo
1598 1010 1642 1044 ad

76 1058 337 1105 perfectionem
360 1060 514 1105 pertinet
536 1059 669 1105 aliquid
693 1069 976 1106 consequenter:
1000 1061 1092 1096 sicut
1113 1061 1173 1096 illa
1193 1074 1284 1108 quae
1307 1073 1577 1110 consequuntur
1600 1076 1642 1098 ex

75 1111 298 1158 perfectione
323 1113 528 1155 charitatis;
551 1121 635 1158 puta
658 1113 755 1159 quod
772 1113 900 1159 aliquis
915 1114 1147 1149 maledicenti
1164 1116 1364 1160 benedicat,
1387 1126 1422 1152 et
1443 1117 1511 1151 alia
1526 1119 1631 1163 hnjus

76 1165 177 1199 modi
197 1166 365 1212 impleat3
384 1177 477 1212 quae
500 1168 565 1200 etsi
587 1166 788 1200 secundum
810 1167 1125 1213 praeparationem
1154 1169 1265 1202 animi
1287 1170 1358 1204 sint
1378 1170 1414 1204 in
1436 1179 1642 1217 praecepto,

77 1218 218 1253 scilicet
243 1219 473 1266 impleantur,
504 1219 650 1265 quando
679 1220 876 1254 necessitas
905 1220 1072 1266 requirit3
1098 1228 1220 1255 tamen
1245 1233 1287 1255 ex
1316 1223 1644 1268 superabundantia

78 1272 261 1306 charitatis
292 1272 467 1318 procedit,
497 1273 594 1319 quod
621 1273 731 1307 etiam
760 1281 901 1319 praeter
927 1274 1182 1308 necessitatem
1217 1275 1433 1322 quandoque
1463 1276 1548 1311 talia
1581 1277 1645 1311 im-

76 1324 262 1370 pleantur:
298 1328 391 1360 tertio
418 1326 514 1360 modo
544 1327 698 1373 pertinet
728 1326 861 1372 aliquid
897 1327 939 1360 ad
966 1326 1225 1373 perfectionem
1252 1328 1582 1372 instrumentaliter,
1610 1338 1645 1364 et

78 1378 300 1424 dispositive3
316 1379 408 1413 sicut
421 1387 624 1425 paupertas,
640 1379 873 1422 continentia,
886 1380 1112 1422 abstinentia,
1128 1389 1162 1415 et
1177 1380 1246 1415 alia
1261 1381 1490 1427 hujusmodi3
1507 1383 1643 1417 dictum

82 1439 136 1466 est
157 1439 278 1466 autem
301 1432 383 1476 (art.
400 1434 530 1478 praec.)
548 1432 643 1478 quod
666 1433 742 1478 ipsa
757 1432 930 1479 perfectio
946 1434 1129 1468 charitatis
1144 1442 1197 1468 est
1217 1434 1297 1469 finis
1315 1443 1426 1470 status
1445 1436 1643 1482 religionis:

79 1492 192 1518 status
215 1493 337 1519 autem
359 1485 544 1531 religionis
567 1494 620 1520 est
641 1486 819 1532 quaedam
839 1486 1039 1532 disciplina,
1065 1486 1124 1520 vel
1150 1487 1359 1522 exercitium
1387 1488 1430 1522 ad
1458 1488 1644 1535 perfectio·

79 1548 164 1572 nem
199 1538 451 1584 perveniendi;
480 1539 523 1572 ad
550 1550 659 1585 quam
686 1539 832 1585 quidem
860 1538 969 1585 aliqui
995 1539 1182 1585 pervenire
1207 1542 1369 1574 nituntur
1394 1542 1569 1576 exercitiis
1596 1542 1644 1576 di-

76 1591 208 1626 versis:
232 1593 324 1626 sicut
346 1593 456 1626 etiam
479 1592 643 1627 medicus
665 1593 709 1626 ad
731 1592 933 1626 sanandum
955 1592 1006 1626 uti
1027 1600 1146 1638 potest
1171 1593 1320 1628 diversis
1346 1595 1640 1630 medicamentis:

78 1644 311 1679 manifestum
333 1653 386 1679 est
408 1654 540 1687 autem,
563 1646 660 1692 quod
682 1645 745 1687 illi,
769 1646 830 1692 qui
851 1654 1020 1692 operatur
1043 1646 1086 1679 ad
1115 1645 1238 1688 finem,
1259 1659 1334 1682 non
1357 1659 1398 1682 ex
1428 1649 1642 1684 necessitate

78 1698 248 1732 convenit
270 1698 367 1744 quod
388 1700 461 1743 jam
478 1707 662 1733 assecutus
684 1699 728 1733 sit
743 1699 865 1740 finem,
884 1700 945 1733 sed
960 1699 1151 1744 requiritur
1172 1699 1269 1745 quod
1287 1711 1350 1746 per
1369 1700 1527 1747 aliquam
1543 1702 1642 1736 viam

77 1750 202 1786 tendat
231 1751 275 1785 ad
305 1751 435 1794 finem3
459 1760 493 1786 et
521 1753 603 1787 ideo
638 1752 698 1786 ille
732 1753 792 1798 qui
824 1760 957 1786 statum
991 1752 1177 1798 religionis
1208 1753 1368 1796 assumit,
1399 1766 1473 1788 non
1501 1763 1643 1789 tenetur

77 1804 211 1838 habere
232 1804 430 1850 perfectam
455 1805 689 1847 charitatem3
724 1806 785 1839 sed
808 1812 947 1839 tenetur
971 1805 1014 1838 ad
1036 1805 1107 1839 hoc
1134 1806 1292 1848 tendere,
1319 1815 1354 1841 et
1376 1819 1523 1854 operam
1546 1808 1642 1851 dare,

77 1865 117 1892 ut
137 1857 270 1891 habeat
291 1858 505 1892 charitatem
526 1857 739 1903 perfectam,
762 1866 797 1892 et
824 1858 953 1892 eadem
971 1858 1111 1892 ratione
1133 1870 1207 1892 non
1230 1867 1371 1894 tenetur
1393 1861 1435 1894 ad
1458 1861 1529 1895 hoc
1546 1861 1642 1907 quod

77 1909 141 1944 illa
161 1910 322 1957 impleat,
355 1923 446 1957 quae
474 1912 517 1945 ad
544 1911 803 1958 perfectionem
831 1911 1014 1945 charitatis
1042 1920 1327 1958 consequuntur:
1353 1921 1494 1948 tenetur
1520 1922 1643 1949 autem

78 1972 118 1998 ut
139 1964 183 1999 ad
205 1975 248 1999 ea
265 1964 450 2010 implenda
465 1965 646 1999 intendat:
664 1973 790 1999 contra
805 1964 900 2010 quod
922 1964 1008 1998 facit
1023 1973 1280 2009 contemnens;
1299 1967 1394 2000 unde
1411 1979 1485 2001 non
1504 1977 1642 2013 peccat,

79 2017 108 2052 si
136 2028 178 2052 ea
211 2018 483 2064 praetermittat,
511 2018 573 2052 sed
607 2019 638 2052 si
673 2029 715 2052 ea
745 2026 971 2053 contemnat:
1006 2018 1170 2053 similiter
1193 2019 1302 2054 etiam
1327 2031 1402 2054 non
1427 2029 1568 2055 tenetur
1597 2021 1641 2055 ad

80 2070 205 2104 omnia
227 2071 407 2113 exercitia,
430 2071 557 2117 quibus
581 2071 623 2105 ad
645 2070 906 2117 perfectionem
927 2072 1142 2117 pervenitur,
1169 2073 1231 2107 sed
1258 2073 1302 2107 ad
1323 2073 1394 2116 illa,
1417 2085 1508 2120 quae
1531 2074 1642 2109 deter-

80 2124 214 2158 minate
237 2132 318 2158 sunt
340 2125 372 2158 ei
392 2132 512 2158 taxata
534 2125 734 2158 secundum
756 2124 933 2171 regulam,
954 2136 1063 2171 quam
1085 2125 1267 2171 professus
1289 2135 1353 2161 est.

151 2178 211 2211 AD
232 2187 383 2212 PRIMUM
405 2189 492 2223 ergo
514 2177 718 2219 dicendum,
742 2177 838 2224 quod
860 2178 920 2212 ille
943 2178 1004 2224 qui
1023 2181 1150 2213 transit
1165 2179 1208 2213 ad
1230 2179 1456 2226 religionem,
1471 2192 1545 2215 non
1559 2192 1640 2227 pro-

79 2231 198 2265 fitetur
215 2242 252 2264 se
275 2242 352 2265 esse
374 2230 587 2276 perfectum,
609 2231 670 2264 sed
691 2230 878 2276 profitetur
899 2242 936 2265 se
952 2231 1121 2265 adhibere
1140 2232 1298 2266 studium
1314 2233 1358 2267 ad
1376 2233 1637 2279 perfectionem

80 2283 375 2329 consequendam
387 2311 395 2325 ,
414 2284 506 2318 sicut
527 2284 637 2318 etiarn
650 2283 711 2317 ille
725 2284 786 2330 qui
803 2284 911 2318 intrat
926 2284 1083 2326 scholas,
1101 2296 1176 2319 non
1190 2286 1378 2331 profitetur
1395 2298 1433 2320 se
1451 2287 1640 2329 scientem,

80 2337 142 2371 sed
161 2336 348 2382 profitetur
370 2348 406 2371 se
433 2338 639 2371 studentem
657 2337 701 2371 ad
723 2337 911 2371 scientiam
935 2338 1208 2384 acquirendam3
1232 2340 1337 2381 unde,
1364 2340 1455 2374 sicut
1482 2341 1636 2386 August.

80 2390 167 2424 dicit
185 2390 223 2424 in
245 2390 276 2425 8.
295 2390 339 2424 de
363 2390 442 2425 Civ.
464 2390 534 2424 Dei
558 2390 643 2436 (cap.
665 2391 726 2434 2.),
751 2402 770 2422 ‹<
787 2390 1015 2436 Pythagoras
1036 2391 1154 2425 noluit
1179 2403 1216 2425 se
1240 2392 1441 2438 sapientem
1467 2393 1639 2438 profiteri,

80 2443 143 2478 sed
165 2443 360 2488 sapientiae
383 2451 583 2477 amatorem
603 2456 643 2485 »3
663 2451 697 2477 et
717 2443 799 2477 ideo
821 2443 1011 2490 religiosus
1032 2455 1106 2478 non
1125 2452 1178 2478 est
1194 2453 1438 2491 transgressor
1451 2445 1642 2492 professio-

79 2497 147 2539 nis,
168 2497 200 2531 si
219 2508 294 2531 non
316 2498 361 2530 sit
382 2496 571 2542 perfectus,
593 2497 655 2530 sed
677 2495 795 2530 solum
818 2497 847 2531 si
869 2504 1079 2531 contemnat
1097 2498 1140 2531 ad
1157 2498 1418 2543 perfectionem
1439 2500 1595 2534 tendere.

151 2550 211 2584 AD
231 2560 436 2584 SECUNDUM
455 2550 660 2591 dicendum,
682 2550 780 2596 quod
797 2550 890 2584 sicut
907 2550 1055 2596 diligere
1076 2551 1198 2585 Deum
1220 2563 1262 2585 ex
1275 2559 1353 2586 toto
1373 2553 1482 2587 corde
1496 2561 1639 2587 tenetur

82 2614 228 2645 omnes,
253 2611 306 2637 est
326 2611 448 2637 tamen
473 2602 592 2648 aliqua
621 2602 780 2637 totalitas
811 2602 1054 2648 perfectionis,
1082 2615 1172 2650 quae
1200 2605 1276 2639 sine
1302 2613 1454 2650 peccato
1480 2614 1638 2651 praeter—

80 2657 174 2691 mim·
193 2668 268 2690 non
289 2664 418 2702 potest,
441 2655 559 2702 aliqua
575 2664 708 2698 autem,
722 2667 814 2702 quae
829 2656 906 2690 sine
920 2665 1070 2702 peccato
1089 2658 1394 2702 praetermittitur,
1414 2659 1499 2692 dum
1514 2667 1639 2693 tamen

81 2709 173 2743 desit
190 2717 431 2755 contemptus,
453 2717 491 2742 ut
512 2720 619 2754 supra
641 2709 778 2743 dictum
800 2717 853 2743 est
874 2709 921 2755 (q.
936 2710 1009 2753 184.
1025 2715 1087 2744 art.
1110 2722 1141 2744 2.
1157 2710 1199 2744 ad
1215 2712 1284 2757 3.);
1307 2711 1355 2745 ita
1378 2711 1488 2745 etiam
1511 2723 1638 2746 omnes

79 2771 156 2797 tam
173 2762 344 2808 religiosi,
366 2773 476 2808 quam
497 2761 700 2796 saeculares
714 2770 881 2796 tenentur
899 2762 1101 2808 aliqualiter
1118 2762 1250 2806 facere,
1266 2764 1437 2810 quidquid
1452 2765 1539 2798 boni
1559 2776 1639 2810 pos-

82 2816 168 2850 sint:
195 2815 364 2849 omnibus
387 2815 484 2849 enim
512 2815 755 2849 communiter
777 2815 1048 2857 dicitur,Eccle.
1071 2827 1123 2862 9.:
1148 2816 1383 2863 Quodcumque
1400 2818 1514 2863 facere
1534 2823 1640 2864 potest

80 2879 200 2903 manus
224 2873 292 2910 tua,
319 2869 479 2903 instanter
504 2874 660 2914 operare:
688 2875 741 2902 est
765 2875 888 2902 tamen
917 2868 1042 2914 aliquis
1069 2869 1199 2903 modus
1225 2870 1296 2904 hoc
1317 2878 1550 2916 praeceptum
1575 2870 1639 2905 im-

225 2949 253 2976 S.
273 2949 396 2976 ΤΕοκΑΕ
417 2949 522 2976 Summa
551 2949 711 2984 Theologiea.
730 2948 796 2975 Vol.
818 2948 870 2975 111.
1462 2953 1496 2986 78
