1859 3122
228 169 313 212 530
602 167 820 203 QUAESTIO
853 168 1002 197 LXXIII.
1037 167 1280 197 ARTICULUS
1314 167 1375 196 111.

225 259 348 284 autern
383 258 464 284 sunt
498 250 675 284 exteriora
701 250 808 291 bona,
829 250 922 284 inter
946 261 1036 296 quae
1070 249 1167 283 fama
1196 249 1419 295 praeeminet
1452 250 1593 293 divitiis,
1621 262 1665 285 eo
1694 251 1791 297 quod

226 303 462 350 propinquior
481 311 533 337 est
547 302 791 349 spiritualibus
805 303 909 337 bonis
925 316 932 338 t
948 303 1041 337 unde
1058 303 1187 337 dicitur
1200 303 1370 336 Proverb.
1387 313 1461 336 22.:
1485 303 1605 338 Melius
1619 309 1661 339 est
1674 316 1791 339 nomen

227 358 361 398 bonum,
384 368 484 402 quam
505 356 643 390 divitiae
670 357 812 396 malm,-
849 364 883 390 et
911 356 993 390 ideo
1025 356 1198 390 detractio
1230 356 1431 390 secundum
1461 367 1567 390 suum
1597 369 1710 403 genus
1738 366 1792 392 est

227 410 343 454 majus
365 417 568 455 peccatum,
591 421 700 455 quam
722 409 874 452 furtum-13
897 411 1016 443 minus
1042 417 1177 451 tamen,
1205 420 1314 454 quam
1341 409 1594 452 homicidium,
1616 410 1674 444 vel
1696 410 1792 445 adul-

226 464 375 497 terium:
396 471 514 509 potest
535 471 658 497 tamen
681 474 758 497 esse
781 462 870 497 alius
890 463 979 497 ordo
999 470 1145 508 propter
1163 463 1451 497 circumstantias
1470 472 1718 509 aggravantes,
1732 463 1792 498 vel

227 517 486 551 diminuentes:
510 528 572 562 per
595 516 760 550 accidens
792 524 914 550 autem
945 516 1100 561 gravitas
1127 515 1268 562 peccati
1297 516 1490 550 attenditur
1521 527 1562 550 ex
1591 524 1691 562 parte
1713 528 1791 563 pec-

225 571 359 612 cantis;
382 570 442 615 qui
464 570 608 615 gravius
630 577 766 615 peccat,
786 570 815 603 si
837 581 879 603 ex
901 569 1159 603 deliberatione
1186 577 1323 615 peccet,
1351 580 1460 615 quam
1482 569 1509 603 si
1532 578 1658 615 peccet
1679 581 1721 604 ex
1742 571 1792 604 in-

227 623 406 664 firmitate,
428 622 486 656 vel
507 622 705 657 incautela:
729 631 763 657 et
784 622 984 656 secundum
1006 623 1076 656 hoc
1100 630 1248 668 peccata
1269 621 1464 656 locutionis
1482 622 1616 656 habent
1631 623 1791 669 aliquam

225 675 434 718 levitatem3
457 676 671 722 inquantum
695 676 737 710 de
759 675 856 710 facili
878 687 920 710 ex
941 675 1042 721 lapsu
1069 675 1214 721 linguae
1240 675 1468 721 proveniunt,
1496 675 1629 722 absque
1656 687 1789 722 magna

226 729 561 775 praemeditatione.

298 783 358 817 AD
384 793 534 817 PRIMUM
556 794 643 828 ergo
666 782 872 824 dicendum,
895 783 992 828 quod
1012 781 1065 816 illi
1087 782 1147 828 qui
1165 782 1357 816 detrahunt
1377 781 1535 823 Christo,
1552 781 1790 828 impedientes

227 835 336 870 fidem
358 836 607 870 membrorum
629 836 753 882 ipsius,
776 836 953 881 derogant
974 835 1150 869 divinitati
1177 836 1263 880 ejus,
1286 835 1344 869 cui
1370 834 1457 869 fides
1484 835 1669 877 innititur3
1696 835 1790 869 unde

226 901 301 924 non
324 898 377 923 est
398 889 551 935 simplex
574 889 761 930 detractio,
782 890 845 924 sed
864 888 1100 935 blasphemia.

298 944 357 977 AD
380 953 587 978 SECUNDUM
610 943 816 984 dicendum,
839 943 935 988 quod
958 943 1101 988 gravius
1127 950 1319 988 peccatum
1346 950 1398 976 est
1425 941 1658 984 contumelia,
1681 953 1791 988 quarn

228 997 414 1038 detractio,
438 997 651 1042 inquantum
674 996 782 1030 habet
804 997 979 1041 majorem
1012 1004 1262 1042 contemptum
1285 996 1461 1042 proximi:
1490 996 1582 1030 sicut
1608 1004 1642 1030 et
1667 996 1791 1042 rapina

226 1058 280 1084 est
301 1050 446 1095 gravius
467 1058 670 1095 peccatum,
693 1061 802 1095 quarn
824 1049 969 1091 furtum,
991 1058 1029 1083 ut
1050 1061 1156 1095 supra
1176 1049 1311 1083 dictum
1331 1057 1383 1083 est
1403 1049 1447 1094 (q.
1464 1049 1521 1084 66.
1536 1054 1601 1084 art.
1620 1049 1685 1094 9.):
1709 1060 1792 1083 con-

224 1103 377 1137 tumelia
398 1111 521 1137 tamen
542 1114 616 1137 non
639 1111 692 1137 est
713 1103 856 1148 gravius
878 1111 1080 1149 peccatum,
1103 1114 1212 1148 quarn
1235 1102 1470 1136 adulterium:
1493 1113 1567 1136 non
1590 1102 1687 1136 enirn
1713 1114 1791 1148 gra-

225 1157 317 1190 vitas
339 1156 504 1190 adulterii
522 1164 690 1201 pensatur
713 1167 754 1190 ex
776 1157 1032 1201 conjunctione
1055 1167 1262 1201 corporum,
1285 1156 1346 1190 sed
1369 1167 1411 1190 ex
1433 1156 1707 1190 deordinatione
1734 1167 1792 1202 ge-

226 1210 424 1244 nerationis
438 1210 640 1244 humanae:
664 1209 950 1244 contumeliosus
967 1219 1085 1244 autem
1102 1221 1175 1243 non
1190 1209 1409 1244 sufficienter
1425 1217 1548 1243 causat
1563 1209 1790 1244 inimicitiam

227 1263 263 1296 in
286 1263 369 1305 alio,
392 1263 453 1297 sed
476 1262 754 1297 occasionaliter
774 1270 914 1297 tanturn
937 1263 1062 1297 dividit
1083 1263 1222 1305 unitos;
1245 1263 1460 1308 inquantum
1482 1262 1621 1297 scilicet
1639 1274 1702 1309 per
1718 1263 1789 1297 hoc

226 1317 323 1362 quod
347 1316 442 1350 mala
465 1315 608 1350 alterius
630 1316 775 1362 promit,
795 1315 896 1357 alios,
912 1325 1085 1362 quantum
1108 1316 1143 1349 in
1165 1327 1202 1350 se
1225 1325 1288 1358 est,
1305 1316 1346 1349 ab
1370 1317 1445 1361 ejus
1461 1316 1619 1350 amicitia
1637 1325 1789 1362 separat,

226 1370 311 1404 licet
333 1370 375 1403 ad
398 1370 468 1403 hoc
492 1381 553 1415 per
572 1371 647 1414 ejus
665 1370 773 1403 verba
787 1381 861 1403 non
877 1378 1072 1415 cogantur,
1094 1370 1144 1404 sic
1161 1381 1248 1415 ergo
1268 1377 1302 1403 et
1317 1369 1498 1403 detractor
1512 1369 1790 1403 occasionaliter

227 1432 281 1457 est
310 1423 517 1464 homicida3
546 1423 761 1469 inquantum
788 1422 926 1456 scilicet
952 1434 1013 1468 per
1040 1434 1103 1456 sua
1130 1423 1238 1456 verba
1265 1422 1325 1456 dat
1351 1422 1453 1456 alteri
1480 1422 1727 1464 occasionem,
1754 1431 1792 1456 ut

227 1476 433 1522 proximum
457 1476 566 1517 odiat,
580 1475 638 1509 vel
660 1484 888 1510 contemnat:
912 1484 1057 1521 propter
1079 1475 1175 1521 quod
1196 1475 1233 1509 in
1255 1475 1407 1521 epistola
1423 1474 1623 1509 Clementis
1644 1475 1670 1509 Ι.
1688 1475 1730 1519 (1.
1750 1475 1791 1510 ad

221 1530 353 1574 saculi.)
379 1530 518 1570 dicitur,
540 1529 738 1564 detractores
756 1541 814 1563 essa
837 1529 1029 1571 lmnisidtzs,
1058 1528 1196 1563 scilicet
1218 1528 1510 1571 occasionaliter3
1543 1528 1627 1574 quia
1647 1530 1704 1575 qui
1725 1528 1792 1563 odit

218 1583 368 1628 fratrem
389 1595 494 1623 snum,
519 1582 684 1617 homicida
705 1588 759 1625 est,
781 1590 819 1616 ut
841 1582 969 1616 dicitur
996 1593 1022 1616 1.
1041 1582 1145 1627 Joan.
1172 1593 1200 1628 3.

298 1637 357 1670 AD
380 1646 551 1670 TERTIUM
571 1635 763 1669 dicendum
786 1636 882 1681 quod
904 1636 955 1669 ira
978 1636 1116 1681 quaerit
1141 1637 1176 1669 in
1204 1634 1394 1669 manifesto
1422 1635 1620 1669 vindictam
1646 1634 1790 1678 inferre,

228 1698 266 1723 ut
286 1689 423 1723 Philos.
447 1690 531 1723 dicit
552 1689 588 1722 in
611 1699 641 1723 2.
665 1689 813 1723 Rhetor.
839 1689 924 1735 (cap.
947 1691 1019 1734 4.);
1047 1689 1130 1722 ideo
1158 1688 1345 1730 detractio,
1373 1699 1463 1734 quae
1492 1696 1544 1722 est
1569 1689 1605 1722 in
1633 1688 1790 1729 occulto,

227 1754 301 1777 non
324 1750 376 1776 est
397 1742 468 1776 filia
491 1743 575 1783 irae,
598 1742 689 1776 sicut
712 1742 944 1783 contumelia,
967 1742 1029 1776 sed
1053 1742 1167 1788 magis
1190 1742 1357 1783 invidiae,
1375 1752 1466 1788 quae
1485 1742 1608 1776 nititur
1626 1741 1792 1788 qualiter-

226 1807 383 1842 cumque
406 1796 569 1829 minuere
596 1795 752 1841 gloriam
778 1795 954 1840 proximi:
982 1807 1049 1829 nec
1076 1804 1199 1829 tamen
1227 1795 1387 1841 sequitur
1413 1802 1558 1841 propter
1583 1795 1667 1837 hoc,
1694 1795 1789 1841 quod

227 1849 401 1883 detractio
435 1849 481 1883 sit
513 1850 670 1894 gravior,
693 1860 800 1894 quam
829 1847 1068 1882 contumelia:
1097 1848 1180 1894 quia
1209 1859 1250 1882 ex
1281 1848 1413 1882 minori
1443 1848 1530 1882 vitio
1561 1856 1680 1894 potest
1706 1848 1791 1882 oriri

228 1903 343 1948 majus
358 1911 548 1948 peccatum
564 1915 571 1944 3
593 1903 685 1936 sicut
698 1914 740 1936 ex
754 1903 805 1935 ira
820 1902 977 1936 nascitur
992 1902 1243 1942 homicidium,
1259 1910 1293 1935 et
1306 1901 1548 1948 blasphemia:
1573 1903 1676 1948 origo
1693 1902 1789 1935 enim

226 1964 461 2001 peccatorum
481 1956 673 1989 attenditur
695 1955 893 1989 secundum
909 1955 1183 1989 inclinationem
1206 1955 1248 1988 ad
1271 1954 1392 1996 finem,
1420 1954 1517 2000 quod
1544 1963 1596 1989 est
1623 1966 1664 1989 ex
1690 1963 1789 2001 parte

229 2008 496 2043 conversionis:
520 2009 676 2055 gravitas
699 2017 819 2043 autem
842 2009 980 2054 peccati
1002 2009 1117 2054 magis
1140 2009 1332 2042 attenditur
1355 2020 1395 2042 ex
1417 2016 1516 2054 parte
1540 2009 1750 2043 aversionis.

300 2062 359 2096 AD
383 2073 571 2100 QUARTL’M
592 2062 799 2103 dicendum,
823 2062 918 2108 quod
942 2063 1022 2108 quia
1045 2063 1140 2096 homo
1167 2062 1308 2096 laetatur
1334 2063 1368 2095 in
1393 2063 1550 2096 sententicz
1577 2064 1644 2096 oris
1667 2064 1730 2105 sui,
1753 2070 1789 2096 ut

228 2115 357 2149 dicitur
374 2115 543 2149 Proverb.
572 2127 635 2160 15„
658 2115 740 2149 inde
764 2123 826 2157 est,
849 2115 944 2161 quod
968 2114 1027 2149 ille
1050 2115 1110 2161 qui
1132 2115 1297 2156 detrahit,
1320 2115 1446 2160 incipit
1468 2115 1584 2161 magis
1603 2127 1737 2156 amare,
1757 2122 1790 2150 et

229 2169 373 2203 credere
396 2169 491 2214 quod
514 2169 609 2210 dicit,
632 2177 665 2203 et
687 2180 748 2214 per
771 2180 996 2214 consequens
1019 2168 1226 2213 proximum
1253 2168 1368 2214 magis
1395 2169 1507 2211 odire,
1534 2177 1569 2203 et
1594 2170 1644 2203 sic
1673 2169 1788 2215 magis

229 2222 396 2256 recedere
420 2233 438 2255 a
462 2222 669 2268 cognitione
692 2222 867 2256 veritatis:
888 2223 951 2256 iste
971 2230 1093 2255 tamen
1109 2221 1256 2255 effectus
1279 2230 1397 2268 potest
1413 2222 1515 2268 sequi
1529 2222 1638 2256 etiam
1654 2233 1696 2256 ex
1711 2222 1788 2256 aliis

230 2277 398 2322 peccatis,
421 2287 511 2322 quae
534 2276 711 2322 pertinent
733 2276 776 2310 ad
800 2276 924 2310 odium
947 2275 1112 2322 proximi.

776 2427 1120 2472 ARTICULUS
1154 2429 1230 2472 IV.
1717 2451 1786 2483 404

229 2549 381 2579 UTRUM
408 2549 610 2588 AUDIENS,
640 2548 716 2584 QUI
744 2549 947 2578 TOLERAT
983 2549 1329 2588 DETRAHENTEM,
1356 2549 1570 2579 GRAVITER
1602 2548 1784 2578 PECCET.

300 2651 359 2684 An
382 2660 569 2689 otmarum
590 2649 641 2684 sic
663 2648 877 2695 proceditur.
900 2649 1061 2689 Videtur,
1084 2649 1180 2694 quod
1201 2649 1359 2690 audiens,
1379 2649 1439 2694 qui
1456 2648 1586 2682 tolerat
1604 2648 1788 2682 detrahen-

228 2712 315 2748 tem,
337 2715 409 2738 non
433 2704 589 2747 graviter
611 2711 754 2749 peccet:
776 2714 849 2736 non
872 2702 968 2736 enim
992 2702 1118 2747 aliquis
1142 2702 1257 2747 magis
1283 2709 1424 2736 tenetur
1451 2701 1563 2742 alteri,
1586 2712 1694 2747 quarn
1721 2701 1787 2735 sibi

229 2757 318 2803 ipsi:
341 2758 402 2791 sed
425 2756 602 2790 laudabile
625 2764 687 2798 est,
710 2757 737 2790 si
759 2756 934 2801 patienter
948 2755 1061 2789 homo
1077 2767 1160 2789 suos
1180 2756 1398 2789 detractores
1417 2754 1561 2789 toleret:
1585 2754 1671 2787 dicit
1690 2754 1786 2787 enim

230 2810 340 2855 Greg.
360 2822 464 2856 super
486 2810 588 2844 Ezec.
609 2809 710 2853 (hom.
734 2811 797 2855 9.):
822 2823 838 2840 «
855 2809 1013 2854 Linguas
1035 2809 1299 2842 detrahentium
1318 2808 1409 2842 sicut
1430 2815 1553 2841 nostro
1573 2806 1690 2841 studio
1712 2817 1786 2841 non

229 2863 401 2897 debemus
424 2864 589 2904 excitare,
611 2874 656 2897 ne
677 2863 745 2909 ipsi
766 2870 931 2907 pereant3
952 2862 998 2895 ita
1021 2873 1083 2907 per
1101 2873 1203 2895 suam
1222 2860 1399 2895 malitiam
1418 2860 1586 2895 excitatas
1602 2860 1785 2901 debemus,
