1859 3122
500 153 720 189 QUAESTIO
754 153 905 184 XXXIII.
940 154 1185 184 ARTICULUS
1219 154 1275 183 VI.
1577 141 1657 185 281

102 233 239 269 tionem
261 245 334 269 non
356 234 516 281 recipiat,
535 235 595 270 sed
618 235 661 270 ad
683 236 806 282 pejora
824 235 975 278 labatur,
995 244 1046 270 est
1068 236 1110 270 ab
1130 235 1339 281 hujusmodi
1362 235 1587 270 correctione
1606 236 1663 271 de-

101 287 316 322 sistendum:
339 288 422 335 quia
437 299 478 322 ea
493 300 584 335 quae
599 297 681 324 sunt
699 289 741 323 ad
761 289 882 332 finem,
898 289 1029 324 debent
1047 289 1214 335 regulari,
1229 289 1427 324 secundum
1442 289 1538 336 quod
1554 289 1663 336 exigit

101 341 192 375 ratio
215 340 304 375 finis.

171 394 231 429 AD
258 405 406 430 PRIMUM
433 407 519 441 ergo
547 396 752 438 dicendum,
780 396 875 442 quod
901 396 1063 430 medicus
1090 397 1247 442 quadam
1275 397 1464 432 coactione
1490 397 1599 431 utitur
1626 397 1660 431 in

100 447 363 492 phreneticum,
391 449 451 495 qui
486 461 608 483 curam
644 451 719 495 ejus
753 450 912 495 recipere
947 461 1020 484 non
1047 450 1139 484 vult:
1169 459 1202 484 et
1228 451 1312 484 huic
1345 450 1561 485 assimilatur
1587 462 1661 484 cor-

100 503 211 535 rectio
234 501 495 545 praelatorum,
517 514 608 549 quae
630 503 738 537 habet
752 504 826 536 vim
842 503 1058 546 coactivam,
1073 515 1145 538 non
1169 512 1289 538 autem
1309 504 1459 551 simplex
1482 505 1660 539 correctio

98 553 264 589 fraterna.

169 609 228 643 AD
252 620 458 645 SECUNDUM
481 610 685 652 dicendum,
700 610 797 656 quod
816 610 859 644 de
879 611 1102 645 correctione
1118 610 1273 645 fraterna
1295 611 1398 645 datur
1415 619 1659 657 praeceptum,

98 662 298 697 secundum
326 664 422 710 quod
449 672 502 698 est
528 672 627 698 actus
654 664 812 698 virtutis:
839 663 910 697 hoc
940 672 1060 698 autem
1088 672 1150 706 est,
1178 665 1375 698 secundum
1397 664 1492 710 quod
1514 676 1660 711 propor-

96 715 255 750 tionatur
276 716 356 759 fini3
379 725 414 751 et
434 717 515 751 ideo
543 717 687 763 quando
715 725 767 751 est
792 717 1002 763 impeditiva
1028 717 1118 759 finis,
1145 726 1230 763 puta
1257 729 1340 751 cum
1367 717 1518 752 efficitur
1543 718 1657 752 homo

97 769 264 812 deterior,
286 771 359 816 jam
381 781 455 804 non
476 771 627 816 pertinet
649 770 691 804 ad
714 770 902 804 veritatem
923 771 1028 813 vitae,
1050 782 1118 806 nec
1139 771 1234 805 cadit
1255 772 1318 805 sub
1342 779 1545 817 praecepto.

167 822 228 858 AD
253 834 422 858 TERTmM
448 824 654 865 dicendum,
675 824 771 870 quod
795 835 836 858 ea
858 835 949 870 quae
972 824 1183 859 ordinantur
1202 825 1245 858 ad
1263 824 1384 866 finem,
1400 825 1533 859 habent
1555 825 1658 859 ratio-

95 887 178 910 nem
201 876 288 910 boni
309 888 350 911 ex
373 877 498 912 ordine
521 877 564 911 ad
584 877 711 919 finem3
734 886 768 911 et
794 877 877 911 ideo
905 878 1082 911 correctio
1109 877 1277 920 fraterna,
1299 878 1443 924 quando
1471 887 1524 912 est
1549 879 1658 924 impe-

95 929 205 964 ditiva
226 929 316 973 finis,
338 930 475 965 scilicet
501 931 765 966 emendationis
791 930 920 973 fratris,
945 931 1019 977 jam
1045 942 1120 965 non
1145 931 1256 965 habet
1281 931 1461 965 rationem
1487 931 1594 973 boni;
1622 939 1656 965 et

94 983 176 1018 ideo
200 995 283 1018 cum
304 985 598 1031 praetermittitur
617 984 697 1019 talis
721 984 911 1027 correctio,
932 995 1007 1019 non
1029 985 1322 1031 praetermittitur
1342 985 1492 1027 bonum,
1514 996 1559 1019 ne
1579 995 1656 1019 eve-

94 1037 169 1071 niat
190 1037 337 1072 malum.

642 1157 986 1203 ARTICULUS
1011 1159 1111 1201 VH.
1586 1179 1648 1205 201

466 1266 619 1296 UTRUM
645 1267 689 1296 IN
717 1266 1027 1296 CORRECTIONE
1055 1266 1280 1296 FRATERNA

200 1330 371 1361 DEBEAT
397 1332 453 1360 EX
479 1332 776 1362 NECESSITATE
802 1332 1040 1361 PRAECEPTI
1068 1332 1320 1361 ADMONITIO
1351 1331 1543 1360 SECRETA

514 1397 795 1427 PRAECEDERE
822 1398 1234 1427 DENUNTIATIONEM.

305 1485 356 1530 (4.
378 1486 465 1520 Dist.
487 1498 538 1532 19.
561 1498 590 1531 q.
612 1498 643 1521 2.
666 1492 731 1521 art.
749 1498 777 1532 3.
800 1498 829 1531 q.
852 1499 878 1521 Ι.
901 1486 943 1520 ad
963 1499 990 1521 Ι.
1013 1491 1040 1520 et
1063 1486 1183 1530 chodl.
1210 1496 1262 1519 11.
1285 1490 1347 1520 art.
1371 1485 1441 1531 55).

164 1573 224 1608 AD
251 1584 442 1608 SEPTIMUM
463 1574 513 1608 sic
535 1575 750 1620 proceditur.
773 1574 935 1617 Videtur,
957 1575 1053 1621 quod
1081 1575 1115 1608 in
1143 1575 1368 1609 correctione
1395 1574 1548 1608 fraterna
1575 1585 1649 1608 non

93 1625 221 1660 debeat
233 1637 275 1661 ex
288 1628 500 1662 necessitate
518 1629 699 1674 praecepti
719 1628 918 1662 admonitio
933 1636 1068 1662 secreta
1084 1628 1299 1674 praecedere
1318 1627 1648 1662 denuntiationem:

92 1679 128 1712 in
148 1680 315 1726 operibus
333 1681 430 1714 enim
449 1681 632 1715 charitatis
651 1681 842 1727 praecipue
861 1681 1033 1716 debemus
1051 1682 1172 1716 Deum
1186 1681 1329 1723 imitari,
1345 1681 1543 1715 secundum
1561 1681 1648 1715 illud

91 1731 182 1778 Eph.
209 1744 255 1778 5.:
282 1735 391 1769 Estote
417 1735 599 1769 imitatores
625 1735 702 1776 Dei,
731 1736 814 1769 sicut
830 1735 900 1781 filii
928 1735 1124 1776 charissimi,
1145 1740 1174 1769 et
1202 1735 1369 1769 ambulate
1397 1735 1432 1768 in
1462 1734 1648 1768 cislectiona:

90 1785 190 1820 Deus
213 1794 334 1821 autem
355 1787 533 1822 interdum
556 1787 698 1834 publice
719 1789 822 1835 punit
840 1788 1031 1822 hominem
1053 1799 1117 1834 pro
1136 1796 1299 1834 peccato,
1316 1787 1415 1822 nulla
1433 1795 1570 1822 secreta
1593 1787 1650 1821 ad-

91 1839 292 1875 monitione
305 1841 562 1887 praecedente,
578 1853 664 1887 ergo
679 1842 830 1884 videtur,
845 1842 940 1888 quod
954 1840 1028 1876 non
1043 1842 1087 1876 sit
1100 1842 1345 1876 necessarium
1360 1841 1648 1875 admonitionem

89 1901 266 1927 secretam
287 1894 500 1939 praecedere
521 1894 841 1929 denuntiationem.

160 1955 192 1980 2.
213 1946 450 1982 PRAETEREA.
471 1947 572 1981 Sicut
588 1947 740 1993 August.
760 1947 846 1982 dicit
862 1948 897 1981 in
916 1947 975 1982 lib.
995 1948 1038 1982 de
1056 1948 1177 1983 Mend.
1209 1949 1296 1995 (cap.
1316 1949 1398 1994 15.):
1421 1961 1438 1980 «
1457 1948 1508 1982 Ex
1539 1947 1647 1994 gestis

89 2006 298 2034 sanctorum
320 2000 472 2047 intelligi
492 2009 621 2047 potest,
643 2001 795 2047 qualiter
815 2009 898 2036 sunt
923 2009 1114 2048 praecepta
1137 2001 1270 2036 Sacrae
1289 2001 1494 2047 Scripturae
1520 2000 1648 2035 intelli-

89 2052 208 2097 genda
228 2065 266 2087 »t
289 2054 349 2088 sed
372 2054 408 2088 in
430 2054 538 2100 gestis
561 2062 771 2089 sanctorum
792 2054 971 2089 invenitur
991 2054 1085 2088 facta
1104 2055 1247 2101 publica
1265 2055 1488 2089 denuntiatio
1506 2055 1646 2100 peccati

90 2105 234 2148 occulti,
255 2106 358 2141 nulla
384 2115 523 2142 secreta
544 2107 744 2142 monitione
771 2108 1024 2154 praecedente:
1056 2108 1147 2142 sicut
1175 2108 1304 2154 legitur
1333 2108 1423 2143 Gen.
1455 2119 1519 2154 37„
1549 2107 1643 2154 quod

83 2159 198 2206 Ioseph
224 2162 392 2195 accusavit
413 2161 539 2206 fratres
561 2173 635 2196 suos
659 2161 749 2208 apud
771 2167 897 2208 patrem
926 2163 1063 2196 crimine
1085 2163 1246 2208 pessimo.-
1274 2170 1308 2196 et
1333 2162 1414 2196 Act.
1450 2173 1477 2206 ς.
1505 2162 1644 2203 dicitur,

88 2213 185 2258 quod
205 2213 332 2248 Petrus
353 2214 547 2256 Ananiam,
567 2223 602 2249 et
619 2214 836 2261 Sapphiram
854 2214 996 2249 occulte
1018 2214 1270 2249 defraudantes
1292 2215 1335 2249 de
1356 2215 1471 2261 pretio
1491 2215 1567 2261 agri
1585 2226 1645 2261 pu-

87 2265 179 2300 blice
201 2266 434 2309 denuntiavit,
454 2267 553 2301 nulla
574 2276 711 2302 secreta
732 2268 980 2302 admonitione
1002 2269 1213 2314 praemissa:
1236 2269 1311 2314 ipse
1333 2269 1441 2302 etiam
1462 2268 1643 2302 Dominus

86 2330 161 2353 non
182 2319 313 2365 legitur
326 2329 465 2355 secreto
484 2321 714 2356 admonuisse
731 2321 873 2366 Judam,
892 2330 1086 2368 antequam
1104 2333 1187 2356 eum
1205 2322 1446 2364 denuntiaret,
1464 2334 1537 2356 non
1557 2333 1642 2368 ergo

87 2380 140 2406 est
161 2373 204 2407 de
224 2374 438 2408 necessitate
458 2375 650 2422 praecepti,
672 2383 711 2409 ut
730 2383 868 2409 secreta
889 2375 1089 2410 admonitio
1111 2376 1303 2422 praecedat
1315 2375 1496 2422 publicam
1512 2376 1644 2410 denun-

84 2433 284 2461 nationem.

159 2491 187 2526 3.
203 2480 439 2515 PRAETEREA.
458 2481 654 2516 Accusatio
671 2490 724 2517 est
737 2482 891 2528 gravior,
907 2495 1016 2529 quam
1035 2483 1277 2518 denuntiatio:
1297 2483 1359 2517 sed
1387 2483 1430 2516 ad
1460 2482 1639 2528 publicam

86 2534 354 2568 accusationem
368 2542 486 2580 potest
501 2534 627 2581 aliquis
641 2536 848 2582 procedere,
864 2536 961 2570 nulla
977 2536 1225 2571 admonitione
1241 2545 1376 2571 secreta
1388 2536 1639 2582 praecedente:

85 2586 343 2620 determinatur
364 2587 460 2621 enim
474 2588 510 2621 in
524 2588 708 2622 Decretali
731 2589 840 2635 (rap..-
865 2590 1031 2634 Qualiter,
1054 2603 1108 2634 24.
1131 2591 1166 2624 de
1189 2590 1450 2632 Accusationih.)
1469 2589 1564 2634 quod
1587 2601 1641 2623 ac-

86 2639 313 2673 cusationem
334 2640 438 2674 debet
458 2641 672 2686 praecedere
693 2642 771 2676 sola
792 2643 996 2689 inscriptio;
1019 2655 1104 2689 ergo
1131 2644 1282 2684 videtur,
1309 2642 1404 2687 quod
1427 2653 1500 2675 non
1527 2643 1572 2676 sit
1597 2643 1639 2676 de

84 2693 298 2727 necessitate
319 2694 510 2740 praecepti,
533 2695 628 2740 quod
651 2703 788 2730 secreta
811 2695 1011 2731 admonitio
1038 2697 1229 2743 praecedat
1254 2694 1436 2741 publicam
1458 2695 1641 2730 denuntia-

83 2752 232 2780 tionem.
1481 2755 1486 2762 ’

154 2810 186 2842 4.
208 2800 444 2836 PRAETEREA.
466 2801 551 2835 Non
573 2802 713 2836 videtur
734 2814 811 2838 esse
833 2803 1029 2849 probabile,
1051 2803 1146 2849 quod
1177 2814 1219 2837 ea
1249 2813 1339 2848 quae
1370 2809 1450 2836 sunt
1479 2802 1514 2835 in
1542 2813 1639 2836 com-

85 2853 187 2886 muni
217 2854 476 2889 consuetudine
506 2854 772 2901 religiosorum,
801 2858 871 2891 sint
901 2865 1026 2892 contra
1057 2864 1246 2902 praecepta
1279 2856 1431 2891 Christi:
1463 2856 1524 2890 sed
1555 2868 1638 2892 con-
