1859 3122
215 121 299 188 578
635 143 855 179 QUAESTIO
894 143 992 173 xcv.
1028 143 1270 174 ARTICULus
1302 144 1343 173 v.

213 235 299 269 tem,
321 228 535 272 inquantum
550 235 658 259 causa
674 225 749 270 ejus
772 232 825 258 est
847 235 955 259 causa
977 224 1188 259 serenitatis.
1202 224 1287 259 Non
1309 232 1427 270 potest
1449 231 1569 258 autem
1583 223 1665 265 dici,
1676 222 1772 269 quod

214 279 467 326 dispositiones
491 277 704 312 coelestium
731 288 939 324 corporum,
970 285 1005 312 et
1030 285 1151 312 motus
1172 277 1242 312 sint
1268 276 1414 311 effectus
1439 276 1642 311 futurorum
1672 286 1775 309 even-

212 342 330 368 tuum:
350 344 416 366 nec
436 332 565 365 iterum
585 339 735 377 possunt
748 331 872 365 reduci
885 331 922 365 in
939 331 1097 377 aliquam
1118 331 1340 377 superiorem
1357 342 1504 365 causam
1526 340 1774 370 communem,

216 398 306 432 quae
325 386 371 420 sit
393 384 610 431 corporalis:
635 393 783 430 possunt
800 393 920 418 autem
939 385 1062 418 reduci
1076 385 1111 418 in
1123 396 1232 418 unam
1251 395 1399 418 causam
1415 394 1660 424 communem,
1683 393 1774 427 quae

214 448 266 474 est
299 439 522 485 providentia
558 439 696 472 divina:
725 438 787 471 sed
823 438 891 471 alia
919 438 1058 472 ratione
1085 438 1322 484 disponuntur
1349 449 1369 470 a
1402 437 1521 470 divina
1551 435 1775 482 providentia

215 501 347 533 motus,
371 501 404 525 et
426 492 512 527 situs
544 491 756 525 coelestium
776 502 982 537 corporum,
1005 499 1040 525 et
1061 491 1131 524 alia
1152 491 1290 524 ratione
1313 499 1460 524 eventus
1487 488 1775 534 contingentium

214 546 434 579 futurorum:
459 545 541 591 quia
562 544 623 578 illa
646 545 884 590 disponuntur
905 545 1105 579 secundum
1121 545 1299 578 rationem
1314 544 1546 585 necessitatis,
1562 551 1600 577 ut
1620 553 1774 588 semper,

215 607 249 633 et
271 600 401 633 eodem
424 598 536 632 modo
558 598 791 644 proveniant3
814 598 904 632 haec
930 606 1050 632 autem
1072 599 1270 632 secundum
1292 598 1471 632 rationem
1493 595 1774 641 contingentiae,

215 660 251 686 ut
273 651 490 686 variabiliter
513 651 744 697 contingant,
764 651 858 685 unde
879 662 953 685 non
968 659 1087 697 potest
1105 662 1194 693 esse,
1208 651 1305 697 quod
1321 662 1362 685 ex
1376 650 1600 697 inspectione
1615 649 1774 683 siderum

215 706 410 752 accipiatur
444 705 694 752 praecognitio
728 704 942 747 futurorum,
977 705 1044 739 nisi
1071 706 1161 739 sicut
1196 717 1237 739 ex
1268 705 1384 739 causis
1418 709 1775 750 praecognoscuntur

216 758 377 794 effectus.

283 806 439 853 Duplices
474 814 595 840 autem
629 805 778 841 effectus
807 805 1064 840 subtrahuntur
1093 805 1292 840 causalitati
1322 804 1536 840 coelestium
1558 813 1773 849 corporum:

206 861 319 906 primo
343 860 489 906 quidem
512 871 640 894 omnes
663 858 810 894 effectus
840 870 903 906 per
929 859 1097 894 accidens
1125 859 1387 904 contingentes,
1409 858 1483 892 sive
1512 857 1548 892 in
1576 857 1681 891 rebus
1708 856 1775 891 hu-

213 914 340 956 manis,
355 914 429 948 sive
443 914 478 951 in
489 913 594 948 rebus
604 913 843 948 naturalibus:
860 913 954 959 quia,
970 920 1008 947 ut
1021 913 1238 959 probaturin
1253 911 1284 946 6.
1303 911 1463 957 Metaph.
1488 911 1564 955 (tex.
1578 921 1611 955 4.
1623 921 1651 957 5.
1667 915 1697 945 et
1707 910 1772 955 6.)‚

214 978 275 1001 ens
298 978 361 1014 per
382 967 549 1001 accidens
570 978 645 1001 non
666 967 775 1001 habet
797 977 956 1008 causam,
984 974 1018 1000 et
1039 966 1230 1012 praecipue
1251 964 1465 1007 naturalem,
1492 963 1697 1010 cujusmodi
1723 971 1776 998 est

212 1021 323 1055 virtus
346 1019 558 1055 coelestium
581 1032 796 1067 corporum:
820 1020 903 1066 quia
924 1020 1020 1066 quod
1043 1031 1104 1066 per
1127 1019 1294 1054 accidens
1315 1019 1364 1061 fit,
1385 1029 1502 1065 neque
1529 1025 1582 1052 est
1608 1028 1669 1052 ens
1696 1028 1775 1063 pro-

213 1074 299 1119 prie,
319 1085 437 1120 neque
460 1085 590 1116 unum3
613 1074 706 1109 sicut
727 1074 824 1120 quod
846 1073 964 1119 lapide
987 1073 1137 1108 cadente
1160 1073 1221 1108 fiat
1242 1080 1493 1114 terraemotus,
1513 1071 1572 1106 vel
1593 1071 1690 1118 quod
1711 1071 1775 1105 ho-

215 1127 312 1162 mine
333 1127 491 1162 fodiente
514 1127 733 1174 sepulcrum,
755 1127 959 1162 inveniatur
980 1127 1180 1169 thesaurus,
1198 1127 1288 1161 haec
1312 1127 1420 1169 enim,
1436 1134 1471 1160 et
1482 1125 1774 1171 hujusmodinon

213 1189 296 1215 sunt
316 1180 528 1226 simpliciter
549 1192 674 1223 unum,
696 1180 758 1214 sed
779 1180 991 1226 simpliciter
1013 1180 1146 1223 multa;
1173 1180 1336 1226 operatio
1365 1187 1485 1214 autem
1511 1187 1659 1213 naturae
1684 1189 1775 1213 sem·

213 1245 275 1281 per
295 1235 507 1269 terminatur
530 1234 573 1268 ad
597 1234 731 1280 aliquid
755 1246 878 1276 unum,
901 1234 994 1268 sicut
1016 1243 1050 1269 et
1071 1234 1233 1280 procedit
1255 1235 1296 1268 ab
1314 1245 1386 1268 uno
1408 1233 1597 1280 principio,
1612 1233 1709 1279 quod
1723 1241 1775 1267 est

214 1287 332 1322 forma
354 1288 406 1322 rei
427 1287 618 1322 naturalis:
645 1287 783 1322 secundo
812 1296 933 1322 autem
955 1287 1211 1322 subtrahuntur
1237 1287 1437 1321 causalitati
1464 1286 1678 1321 coelestium
1700 1296 1776 1320 cor-

213 1352 343 1387 porum
366 1349 466 1375 actus
488 1341 590 1375 liberi
613 1341 758 1382 arbitrii,
781 1341 878 1387 quod
901 1341 1104 1386 estfaculms
1124 1341 1316 1383 voluntatis,
1341 1349 1375 1375 et
1395 1341 1544 1375 rationis.
1566 1339 1773 1374 Intellectus

216 1395 324 1436 enim,
346 1395 420 1429 sive
435 1395 526 1428 ratio
549 1405 623 1428 non
642 1402 695 1428 est
714 1405 857 1440 corpus,
876 1405 942 1428 nec
959 1402 1058 1428 actus
1073 1394 1200 1439 organi
1215 1394 1397 1440 corporei3
1421 1401 1455 1428 et
1472 1405 1534 1440 per
1549 1403 1774 1439 consequens

215 1460 280 1483 nec
302 1448 482 1491 voluntas,
498 1460 589 1495 quae
605 1457 658 1482 est
675 1448 711 1482 in
726 1449 876 1490 ratione,
892 1456 929 1482 ut
943 1456 1041 1494 patet
1058 1460 1121 1494 per
1135 1448 1271 1482 Philos.
1285 1449 1320 1482 in
1340 1460 1368 1494 3.
1385 1448 1427 1482 de
1442 1448 1577 1482 Anima
1592 1449 1671 1492 (tex.
1685 1447 1773 1492 42.):

215 1502 356 1536 nullum
379 1510 500 1536 autem
523 1514 653 1548 corpus
675 1510 793 1548 potest
813 1502 1024 1548 imprimere
1046 1502 1082 1535 in
1104 1513 1181 1536 rem
1202 1502 1476 1548 incorpoream3
1498 1501 1593 1535 unde
1611 1499 1775 1546 impossi-

215 1556 284 1590 bile
312 1564 375 1598 est,
397 1556 494 1602 quod
514 1567 667 1601 corpora
691 1555 863 1590 coelestia
885 1556 1019 1590 directe
1043 1555 1254 1602 imprimant
1274 1555 1310 1589 in
1336 1554 1573 1596 intellectum,
1596 1561 1630 1588 et
1650 1553 1775 1588 volun-

213 1617 336 1651 tatem,
358 1610 430 1643 hoc
454 1609 551 1644 enim
574 1617 667 1643 esset
688 1620 822 1655 ponere
844 1608 1069 1643 intellectum
1095 1620 1169 1642 non
1196 1607 1338 1642 differre
1360 1620 1379 1642 a
1401 1619 1523 1642 sensu:
1547 1607 1644 1654 quod
1666 1607 1773 1641 Arist.

214 1662 250 1696 in
273 1662 332 1696 lib.
356 1673 387 1696 2.
415 1663 458 1697 de
486 1662 622 1696 Anima
651 1662 728 1706 (tex.
756 1675 823 1708 150.
850 1667 878 1697 et
904 1663 998 1708 151),
1022 1663 1177 1708 imponit
1197 1662 1265 1704 his,
1293 1662 1353 1708 qui
1375 1662 1552 1704 dicebant,
1575 1661 1672 1707 quod
1692 1660 1774 1695 talis

213 1715 382 1750 voluntas
405 1723 457 1750 est
471 1716 507 1749 in
522 1716 743 1758 hominibus,
760 1716 905 1761 qualem
918 1717 955 1750 in
971 1716 1067 1750 diem
1077 1716 1214 1750 inducit
1231 1724 1332 1761 pater
1345 1715 1518 1757 virorum,
1538 1715 1773 1760 deorumque,

213 1768 352 1803 scilicet
373 1769 440 1810 sol,
462 1769 521 1803 vel
540 1768 704 1811 coelum3
720 1770 813 1803 unde
831 1780 983 1815 corpora
1003 1769 1175 1803 coelestia
1189 1780 1263 1803 non
1283 1776 1433 1815 possunt
1447 1780 1525 1803 esse
1539 1780 1601 1815 per
1615 1779 1652 1802 se
1667 1778 1775 1802 causa

214 1822 470 1868 operationum
492 1822 594 1856 liberi
617 1822 770 1857 arbitrii:
794 1831 945 1868 possunt
971 1830 1094 1856 tamen
1122 1823 1166 1856 ad
1191 1822 1262 1857 hoc
1289 1822 1498 1868 dispositive
1518 1821 1704 1863 inclinare,
1725 1820 1776 1854 in-

214 1884 389 1921 quantum
410 1875 624 1921 imprimunt
644 1876 680 1910 in
704 1887 834 1922 corpus
856 1876 1071 1918 humanum,
1094 1884 1128 1910 et
1149 1887 1211 1922 per
1237 1887 1462 1922 consequens
1487 1876 1524 1910 in
1549 1876 1642 1910 vires
1669 1873 1776 1909 sensi-

213 1928 315 1970 tivas,
338 1940 429 1974 quae
452 1936 534 1963 sunt
556 1937 656 1963 actus
679 1929 924 1975 corporalium
953 1940 1187 1975 organorum,
1210 1941 1301 1975 quae
1328 1929 1503 1963 inclinant
1529 1929 1573 1963 ad
1593 1929 1774 1963 humanos

216 1990 334 2025 actus;
356 1982 440 2028 quia
460 1990 584 2016 tamen
605 1983 698 2017 vires
717 1983 908 2017 sensitivae
932 1983 1105 2017 obediunt
1126 1983 1270 2025 rationi,
1285 1991 1323 2017 ut
1344 1991 1441 2029 patet
1459 1994 1522 2029 per
1539 1981 1676 2016 Philos.
1690 1981 1726 2015 in
1744 1992 1774 2028 3.

214 2035 257 2069 de
279 2035 413 2069 Anima
438 2035 514 2079 (tax.
538 2047 593 2079 42.
616 2041 644 2070 ct
670 2037 756 2082 47),
780 2044 814 2070 et
839 2047 867 2070 1.
890 2036 1006 2070 Ethic.
1029 2036 1114 2082 (cap.
1137 2036 1194 2071 ult.
1217 2047 1237 2070 ιι
1258 2036 1370 2082 med),
1393 2035 1492 2070 nulla
1513 2036 1709 2070 necessitas
1731 2045 1774 2069 ex

212 2089 284 2122 hoc
303 2088 415 2122 libero
431 2088 575 2123 arbitrio
591 2089 807 2135 imponitur3
830 2089 892 2124 sed
908 2097 1034 2124 contra
1048 2089 1324 2123 inclinationem
1342 2089 1555 2124 coelestium
1575 2099 1770 2135 corporum

213 2141 328 2176 homo
349 2150 467 2188 potest
485 2153 546 2187 per
565 2143 745 2176 rationem
761 2143 920 2188 operari;
944 2143 973 2176 si
992 2143 1069 2188 quis
1085 2154 1172 2188 ergo
1193 2142 1483 2177 consideratione
1503 2151 1681 2177 astrorum
1700 2150 1776 2176 uta—

215 2203 272 2228 tur
295 2195 337 2228 ad
360 2195 726 2241 praecognoscendos
748 2195 886 2230 futuros
914 2195 1087 2238 casuales,
1113 2195 1171 2230 vel
1197 2195 1364 2230 fortuitos
1391 2204 1553 2238 eventus,
1581 2203 1641 2230 aut
1662 2197 1771 2230 etiam

215 2248 259 2282 ad
281 2249 580 2293 cognoscendum
602 2260 663 2294 per
686 2249 936 2283 certitudinem
958 2248 1075 2283 futura
1098 2260 1207 2295 opera
1229 2249 1433 2291 hominum,
1455 2249 1619 2295 procedit
1639 2249 1710 2283 hoc
1729 2259 1771 2283 ex

214 2300 315 2342 falsa,
338 2309 372 2334 et
393 2313 485 2335 vana
508 2301 700 2347 opinione,
724 2310 758 2335 et
779 2302 828 2335 sic
853 2302 1015 2348 operatio
1038 2302 1224 2336 daemonis
1247 2313 1285 2337 se
1304 2303 1504 2345 immiscet;
1527 2302 1621 2336 unde
1643 2302 1709 2336 erit
1727 2301 1774 2335 di-

214 2354 350 2387 vinatio
365 2354 624 2400 superstitiosa,
645 2362 678 2388 et
698 2354 841 2389 illicita:
865 2356 893 2389 si
908 2367 994 2389 vero
1011 2355 1138 2401 aliquis
1153 2364 1271 2390 utatur
1286 2356 1573 2390 consideratione
1595 2363 1772 2390 astrorum

217 2408 259 2440 ad
282 2408 667 2453 praecognoscendum
690 2407 818 2450 futura,
838 2420 928 2454 quae
948 2420 989 2443 ex
1013 2409 1228 2443 coelestibus
1245 2417 1437 2443 causantur
1451 2410 1673 2455 corporibus,
1689 2416 1773 2455 puta

215 2461 405 2503 siccitates,
429 2470 463 2496 et
485 2461 635 2508 pluvias,
663 2469 698 2495 et
724 2460 793 2495 alia
823 2461 1043 2506 hujusmodi,
1074 2473 1146 2496 non
1176 2463 1241 2497 erit
1269 2462 1394 2496 illicita
1424 2462 1610 2504 divinatio,
1631 2472 1698 2496 nec
1720 2472 1774 2496 su-

216 2523 430 2559 perstitiosa.

287 2568 330 2601 Et
350 2568 550 2602 secundum
572 2568 643 2602 hoc
666 2575 763 2613 patet
784 2568 971 2613 responsio
995 2580 1043 2603 AD
1066 2579 1225 2604 PRIMUM.

288 2621 346 2654 AD
375 2632 581 2656 SECUNDUM
617 2621 821 2663 dicendum,
857 2621 952 2666 quod
982 2622 1052 2655 hoc
1084 2623 1180 2668 quod
1209 2621 1382 2667 astrologi
1412 2633 1453 2656 ex
1485 2621 1772 2656 consideratione

217 2682 395 2708 astrorum
417 2674 621 2721 frequenter
639 2686 723 2709 vera
742 2675 1005 2721 praenuntiant,
1023 2676 1199 2720 contingit
1213 2676 1406 2722 dupliciter:
1423 2688 1485 2710 uno
1503 2676 1648 2722 quidem
1663 2674 1771 2717 modo,

216 2727 298 2772 quia
320 2727 437 2772 plures
459 2729 652 2762 hominum
675 2729 859 2774 passiones
882 2728 1089 2774 corporales
1111 2737 1318 2774 sequuntur,
1347 2737 1381 2763 et
1407 2729 1488 2763 ideo
1516 2736 1615 2763 actus
1642 2739 1768 2762 eorum

217 2781 464 2826 disponuntur,
486 2790 523 2815 ut
544 2782 580 2815 in
602 2781 771 2828 pluribus,
795 2781 993 2815 secundum
1020 2781 1294 2816 inclinationem
1317 2781 1530 2816 coelestium
1554 2792 1770 2826 corporum:

217 2834 319 2878 pauci
343 2842 464 2869 autem
487 2843 579 2876 sunt,
602 2835 691 2869 idest
715 2835 782 2869 soli
809 2834 998 2880 sapientes,
1029 2834 1089 2880 qui
1120 2836 1256 2869 ratione
1283 2835 1492 2880 hujusmodi
1520 2834 1771 2868 inclinationes
