1859 3122
166 145 248 188 272
571 143 792 179 QUAESTIO
825 144 960 173 XXXII.
995 143 1237 174 ARTICULUS
1269 143 1312 173 X.

237 236 267 259 2.
289 225 524 260 PRAETEREA.
552 224 722 258 Ambros.
745 224 831 259 dicit
855 225 1008 260 ibidem:
1034 238 1051 256 «
1077 225 1161 258 Non
1184 224 1314 258 debent
1335 223 1443 258 simul
1464 224 1598 259 effundi
1620 236 1718 271 opes,

164 279 226 313 sed
257 278 453 324 dispensari
474 289 514 310 »z
546 278 607 311 sed
637 278 854 312 abundantia
888 278 1204 324 eleemosynarum
1229 278 1273 311 ad
1303 277 1518 312 effusionem
1543 279 1718 324 pertinet3

165 343 251 378 ergo
275 332 508 377 eleemosyna
529 342 602 364 non
625 331 730 365 debet
750 331 827 365 fieri
849 331 1081 365 abundanter.

238 397 266 431 3.
288 385 524 419 PRAETEREA.
553 394 583 418 2.
608 385 651 418 ad
675 384 759 419 Cor.
783 385 814 419 8.
838 385 924 419 dicit
944 386 1087 431 Apost.:
1114 385 1191 419 Non
1212 389 1250 418 ut
1274 384 1350 418 aliis
1373 386 1417 419 sit
1441 385 1602 427 remissio,
1628 384 1720 419 idest

163 447 201 472 ut
222 439 282 472 alii
304 438 346 471 de
367 438 494 471 vestris
515 438 632 471 otiose
653 438 787 480 vivant,
808 440 901 472 vobis
922 444 1028 472 autam
1051 439 1090 472 sit
1112 438 1295 479 tribulatio,
1318 438 1409 472 idest
1429 446 1638 483 paupertas:
1657 438 1720 472 sed

162 493 234 526 hoc
257 491 493 536 contingeret,
516 491 545 524 si
563 490 798 538 eleemosyna
811 491 954 526 daretur
969 491 1208 534 abundanter3
1231 502 1319 537 ergo
1340 502 1415 525 non
1430 499 1483 525 est
1498 491 1721 525 abundanter

164 545 398 590 eleemosyna
419 544 616 590 largienda.

236 598 311 632 SED
335 608 490 632 CONTRA
513 605 566 632 est
587 598 683 643 quod
706 597 835 632 dicitur
862 597 955 632 Tob.
982 608 1035 641 4.:
1062 598 1097 633 Si
1123 598 1263 632 multum
1290 598 1351 632 tibi
1368 598 1490 643 fuerit,
1517 597 1723 632 abundanter

164 653 280 686 tribue.

233 704 463 739 RESPONDEO
486 703 692 745 dicendum,
715 704 811 750 quod
834 705 1051 738 abundantia
1078 703 1334 750 eleemosynae
1356 712 1473 750 potest
1500 703 1722 739 considerari

165 766 199 792 et
219 769 258 792 ex
274 763 374 804 parte
395 758 522 800 dantis,
543 765 577 791 et
597 770 636 791 ax
648 763 748 804 parte
766 758 981 803 recipientis.
1000 759 1158 804 Expurla
1177 757 1323 803 quidem
1341 757 1459 800 dantis,
1482 769 1566 791 curn
1584 757 1723 792 scilicet

166 811 293 857 aliquis
316 811 450 857 aliquid
477 811 547 853 dat,
574 812 671 857 quod
698 820 751 845 est
775 810 930 845 multum
958 811 1157 845 secundum
1184 811 1459 857 proportionem
1485 811 1650 857 propriae
1675 810 1724 844 fa-

167 864 326 899 cultatis:
350 873 384 898 et
405 865 455 898 sic
477 864 657 898 laudabile
673 873 725 898 est
741 864 963 898 abundanter
978 865 1081 906 dare3
1104 864 1198 898 unde
1218 872 1251 898 et
1270 864 1451 898 Dominus
1473 861 1560 897 Luc.
1583 862 1725 898 21.lau-

163 918 260 951 davit
273 918 432 959 viduam,
448 929 539 963 quae
555 929 597 952 ex
617 929 660 952 eo
677 917 772 963 quod
788 917 910 951 deerat
925 917 988 959 illi,
1003 928 1152 951 omnem
1167 917 1315 959 victum,
1331 928 1437 963 quem
1456 916 1592 959 habuit,
1607 917 1722 959 misit;

163 972 360 1006 observatis
381 979 504 1005 tamen
525 972 592 1013 his,
616 983 708 1017 quae
730 983 835 1017 supra
857 971 952 1005 dicta
973 979 1055 1005 sunt
1083 971 1162 1015 (art.
1185 971 1217 1006 6.
1240 972 1307 1016 l'yuj.
1331 972 1390 1017 q),
1419 970 1462 1004 de
1489 970 1723 1017 eleemosyna

162 1024 328 1059 facienda
350 1025 392 1059 de
414 1025 638 1059 necessariis.
660 1026 714 1060 Ex
728 1030 826 1071 parte
846 1035 932 1058 vero
955 1027 1034 1070 ejus,
1058 1026 1111 1058 cui
1137 1024 1248 1066 datur,
1277 1032 1330 1058 est
1357 1024 1541 1058 abundans
1568 1024 1724 1059 eleemo-

163 1089 252 1124 syna
274 1078 459 1124 dupliciter.
485 1078 557 1112 Uno
579 1077 673 1111 modo
696 1077 793 1123 quod
815 1076 979 1123 suppleat
999 1076 1218 1111 sufficienter
1239 1078 1314 1122 ejus
1336 1077 1589 1123 indigentiam:
1612 1084 1647 1111 et
1671 1076 1722 1110 sic

161 1131 341 1166 laudabile
364 1140 416 1166 est
438 1132 660 1165 abundanter
682 1131 955 1177 eleemosynam
976 1131 1148 1165 tribuere:
1177 1131 1242 1165 alio
1268 1131 1376 1173 modo,
1400 1139 1438 1165 ut
1459 1130 1724 1177 superabundet

163 1185 206 1219 ad
228 1184 530 1231 superfluitatem:
554 1193 589 1219 et
609 1185 681 1218 hoc
700 1196 774 1218 non
794 1193 847 1218 est
865 1184 1062 1226 laudabile;
1081 1184 1142 1218 sed
1164 1184 1294 1218 melius
1310 1192 1361 1218 est
1380 1184 1540 1231 pluribus
1561 1184 1723 1230 indigen-

161 1239 255 1273 tibus
277 1238 439 1284 elargiri3
462 1238 556 1272 unde
579 1246 613 1272 et
634 1238 762 1284 Apost.
786 1238 872 1271 dicit
896 1248 924 1271 1.
947 1237 990 1271 ad
1014 1237 1099 1272 Cor.
1127 1248 1202 1284 13.:
1227 1238 1264 1272 Si
1279 1237 1475 1272 distribuero
1490 1239 1525 1272 in
1543 1239 1628 1272 cibos
1640 1243 1724 1283 pau-

158 1298 300 1338 perum:
329 1292 389 1326 ubi
411 1291 512 1326 Glos.
536 1292 679 1336 (interl.)
708 1291 811 1325 dicit:
838 1304 856 1323 (c
877 1291 946 1325 Per
966 1291 1038 1325 hoc
1058 1290 1198 1325 cautela
1221 1291 1478 1338 eleemosynae
1502 1291 1663 1333 docetur,
1683 1298 1723 1325 ut

163 1356 238 1379 non
260 1345 333 1387 uni,
356 1346 417 1379 sed
440 1345 561 1378 multis
584 1346 697 1386 detur,
720 1353 758 1378 ut
778 1344 938 1390 pluribus
959 1344 1072 1390 prosit
1090 1357 1122 1378 >›.

234 1398 294 1432 AD
315 1409 464 1433 PRmtm
484 1409 571 1443 ergo
595 1398 800 1439 dicendum,
820 1398 915 1443 quod
934 1398 1026 1432 ratio
1047 1397 1109 1431 illa
1128 1397 1291 1443 procedit
1308 1397 1351 1431 de
1371 1397 1589 1431 abundantia
1603 1406 1723 1443 super-

163 1452 358 1485 excedente
379 1451 635 1486 necessitatem
656 1451 861 1497 recipientis
884 1450 1169 1496 eleemosynam.

234 1506 294 1539 AD
317 1516 524 1540 SECUNDUM
540 1504 745 1546 dicendum,
761 1504 858 1550 quod
874 1504 1068 1538 auctoritas
1083 1503 1145 1538 illa
1159 1503 1318 1550 loquitur
1332 1503 1376 1538 de
1397 1503 1615 1537 abundantia
1633 1502 1724 1538 elee-

164 1570 340 1605 mosynae
364 1570 405 1592 ex
426 1567 525 1604 parte
548 1558 682 1592 dantis:
706 1558 769 1592 sed
791 1557 1067 1603 intelligendum
1090 1566 1153 1600 est,
1176 1558 1272 1603 quod
1297 1558 1398 1592 Deus
1419 1568 1494 1591 non
1518 1557 1596 1591 vult
1615 1556 1724 1591 simul

163 1612 435 1646 effundiomnes
451 1623 549 1658 opes,
564 1611 679 1646 nisiin
694 1611 894 1645 mutatione
909 1618 1040 1654 status3
1062 1611 1157 1645 unde
1172 1611 1290 1645 subdit
1310 1611 1463 1645 ibidem:
1483 1623 1500 1642 «
1521 1610 1601 1645 Nisi
1617 1610 1722 1653 forte,

162 1674 200 1700 ut
222 1665 384 1700 Elisaeus
405 1666 517 1699 boves
539 1677 623 1699 suos
646 1665 790 1707 occidit,
813 1672 848 1699 et
869 1665 965 1711 pavit
983 1676 1158 1711 pauperes
1178 1676 1220 1699 ex
1238 1676 1282 1699 eo
1301 1664 1398 1711 quod
1415 1664 1551 1707 habuit,
1569 1672 1608 1699 ut
1623 1663 1723 1698 nulla

163 1731 247 1754 cura
269 1719 470 1753 domestica
490 1727 671 1753 teneretur
693 1732 724 1752 >).

233 1773 292 1807 AD
315 1783 487 1807 TERTIUM
509 1772 715 1813 dicendum,
738 1771 834 1817 quod
863 1772 1056 1806 auctoritas
1083 1772 1240 1813 inducta,
1268 1779 1444 1817 quantum
1466 1771 1509 1805 ad
1531 1770 1603 1805 hoc
1626 1771 1722 1817 quod

162 1826 258 1867 dicit,
280 1837 354 1859 non
375 1833 414 1859 ut
436 1825 512 1859 aliis
535 1825 579 1859 sit
599 1825 778 1866 remissio,
799 1823 858 1858 vel
883 1825 1120 1871 refrigerium,
1143 1825 1302 1871 loquitur
1323 1825 1366 1858 de
1395 1824 1612 1858 abundantia
1634 1823 1724 1858 elee-

162 1890 350 1925 mosynae,
367 1890 458 1924 quae
473 1878 721 1924 superexcedit
735 1878 988 1912 necessitatem
1011 1879 1236 1924 recipientis3
1256 1878 1313 1912 cui
1333 1889 1408 1911 non
1427 1886 1479 1911 est
1497 1877 1613 1911 danda
1633 1876 1723 1911 elee-

162 1943 327 1978 mosyna,
349 1940 387 1965 ut
412 1932 494 1965 inde
520 1931 728 1973 luxurietur,
756 1931 817 1965 sed
844 1939 882 1965 ut
908 1931 990 1965 inde
1017 1939 1252 1965 sustentetur:
1276 1931 1371 1964 circa
1398 1930 1494 1976 quod
1520 1938 1643 1964 tamen
1669 1938 1722 1964 est

163 1985 330 2020 discretio
351 1985 564 2026 adhibenda,
588 1992 733 2030 propter
752 1985 912 2018 diversas
928 1985 1155 2019 conditiones
1173 1984 1378 2025 hominum,
1401 1995 1554 2029 quorum
1573 1983 1720 2030 quidam

162 2038 350 2073 delicatius
372 2039 493 2072 nutriti
515 2038 678 2083 indigent
698 2038 815 2083 magis
838 2038 999 2072 delicatis
1027 2039 1124 2080 cibis,
1148 2047 1207 2072 aut
1233 2039 1405 2072 vestibus:
1434 2038 1527 2072 unde
1550 2038 1719 2072 Ambros.

163 2092 248 2126 dicit
269 2093 305 2125 in
326 2091 386 2125 lib.
413 2102 440 2125 1.
460 2091 502 2125 de
520 2090 592 2126 Off.
615 2091 700 2137 (cap.
718 2093 808 2137 30.).·
834 2104 852 2122 «
872 2091 1146 2125 Consideranda
1166 2091 1267 2125 estin
1284 2091 1471 2136 largiendo
1488 2100 1596 2133 aetas,
1612 2099 1719 2138 atque

162 2144 342 2179 debilitas:
365 2156 439 2179 non
458 2155 657 2190 numquam
680 2144 788 2178 etiam
806 2145 1033 2187 verecundia,
1054 2155 1145 2190 quae
1159 2145 1338 2190 ingenuos
1353 2145 1472 2190 prodit
1485 2145 1640 2187 natales;
1660 2151 1721 2179 aut

162 2199 191 2233 si
213 2199 291 2245 quis
314 2210 354 2232 ex
377 2198 508 2232 divitiis
530 2198 565 2231 in
588 2206 787 2243 egestatem
811 2198 941 2232 cecidit
962 2199 1038 2232 sine
1059 2198 1146 2232 vitio
1169 2209 1234 2232 suo
1250 2210 1287 2231 »z
1309 2206 1483 2243 quantum
1504 2209 1592 2232 vero
1612 2197 1655 2232 ad
1670 2197 1718 2240 id,

163 2253 258 2298 quod
281 2252 460 2286 subditur:
491 2252 585 2286 Vobis
603 2257 711 2286 autam
735 2252 917 2294 trilmltztio,
936 2251 1095 2297 loquitur
1117 2251 1160 2285 de
1181 2252 1398 2286 abundantia
1417 2264 1459 2286 ex
1478 2260 1576 2298 parte
1592 2252 1718 2286 dantis.

164 2306 247 2348 Sed,
270 2306 362 2340 sicut
385 2305 486 2339 Glos.
520 2305 662 2349 (interl.)
690 2305 824 2338 ibidem
851 2305 955 2338 dicit:
987 2318 1004 2336 «
1029 2304 1113 2338 Non
1143 2305 1215 2339 hoc
1245 2305 1328 2339 ideo
1356 2306 1452 2347 dicit,
1479 2307 1564 2351 quin
1591 2305 1720 2340 melius

163 2367 266 2401 esset,
288 2359 424 2393 scilicet
442 2358 647 2393 abundanter
664 2358 754 2400 dam,
769 2358 832 2392 sed
855 2358 898 2392 de
920 2357 1070 2392 infirmis
1093 2358 1208 2400 timet,
1231 2370 1320 2404 quos
1344 2359 1394 2393 sic
1418 2359 1503 2393 dare
1525 2366 1660 2401 monet,
1681 2367 1720 2392 ut

164 2420 361 2459 egestatem
383 2423 455 2446 non
478 2412 656 2458 patiantur
677 2425 708 2445 ».
