1859 3122
205 140 290 196 460
624 148 844 186 QUAEsrto
878 147 979 179 Lxu.
1013 147 1256 180 ARthuLth
1289 147 1344 179 tv.

205 241 298 276 actu,
317 232 559 267 restitueretur
573 231 605 266 ei
624 231 720 278 quod
736 239 788 266 est
802 230 972 273 ablatum,
985 242 1059 265 non
1077 229 1259 276 simplum,
1275 230 1336 264 sed
1351 228 1643 276 multiplicatum:
1659 229 1755 276 quod

203 298 278 320 non
301 294 353 320 est
373 286 416 319 de
439 285 651 319 necessitate
672 285 917 326 restitutionis,
939 292 978 318 ut
998 285 1134 318 dictum
1157 292 1209 318 est
1223 285 1301 328 (art.
1312 284 1456 330 praec.):
1474 290 1614 317 tenetur
1633 291 1754 317 tamen

205 340 362 385 aliquam
397 338 774 384 recompensationem
808 337 925 372 facere
953 337 1150 371 secundum
1173 337 1419 370 conditionem
1449 347 1695 381 personarum,
1722 343 1756 370 et

204 393 446 438 negotiorum.

276 447 319 480 Et
345 457 407 491 per
427 446 497 479 hoc
520 454 615 491 patet
637 444 823 490 responsio
845 455 894 479 AD
916 455 1076 486 PRIMUM,
1092 452 1126 478 et
1139 454 1363 478 SECUNDUM:
1383 454 1467 477 narn
1482 442 1541 477 ille
1557 443 1616 489 qui
1629 453 1755 477 semen

204 499 332 546 sparsit
354 500 388 532 in
411 510 511 543 agro,
534 498 696 532 nondum
717 498 825 532 habet
846 509 1004 532 messem
1031 498 1067 530 in
1096 506 1188 538 actu,
1208 497 1268 530 sed
1295 496 1412 530 solum
1435 496 1471 530 in
1493 497 1639 530 virtute:
1663 504 1697 529 et
1717 496 1757 530 si-

206 553 337 586 militer
357 551 417 586 ille
440 552 500 597 qui
520 551 628 585 habet
650 551 853 597 pecuniam,
867 551 1030 585 nondum
1051 551 1159 584 habet
1179 550 1319 583 lucrum
1342 551 1376 583 in
1397 558 1489 592 actu,
1504 550 1566 584 sed
1588 549 1707 583 solum
1721 550 1756 583 in

204 607 348 640 virtute:
372 613 406 639 et
427 613 618 650 utrumque
641 613 757 650 potest
779 604 1023 650 multipliciter
1044 603 1220 650 impediri.

276 660 336 694 AD
359 669 529 693 TERTIUM
551 659 756 700 dicendum,
778 659 873 704 quod
895 659 994 692 Deus
1021 657 1111 691 nihil
1132 657 1278 703 requirit
1299 657 1340 690 ab
1363 656 1512 690 homine
1533 656 1602 690 nisi
1620 657 1757 690 bonum

205 713 300 760 quod
322 713 397 759 ipse
415 712 451 746 in
472 712 576 746 nobis
595 712 801 753 seminavit3
823 720 857 746 et
876 711 958 745 ideo
974 712 1121 745 verbum
1136 710 1242 745 illud:
1264 711 1315 745 vel
1332 710 1540 756 intelligitur
1558 710 1757 744 secundum

205 778 353 814 pravam
375 765 678 800 existimationem
700 765 793 799 servi
811 765 913 811 pigri,
932 765 992 811 qui
1013 764 1227 798 existimavit
1245 775 1282 798 se
1305 765 1346 797 ab
1370 764 1440 798 alio
1462 775 1535 797 non
1559 763 1757 809 accepisse:

204 821 256 855 vel
276 819 486 864 intelligitur
504 826 676 865 quantum
692 819 735 852 ad
752 818 836 860 hoc,
855 818 950 864 quod
969 818 1068 852 Deus
1086 817 1232 863 requirit
1253 828 1273 851 a
1294 817 1397 851 nobis
1414 816 1548 850 fructus
1566 816 1758 858 donorum,

206 874 267 920 qui
287 881 369 908 sunt
390 881 424 906 et
446 873 487 906 ab
512 884 568 915 eo,
591 880 625 906 et
646 884 665 906 a
687 872 806 906 nobis:
830 871 995 918 quamvis
1017 871 1092 917 ipsa
1115 871 1209 904 dona
1232 882 1251 904 a
1272 871 1353 905 Deo
1375 871 1445 905 sint
1465 870 1540 904 sine
1561 869 1677 904 nobis.

774 1018 1115 1063 ARTICULUS
1148 1019 1201 1062 V.
1695 1029 1759 1075 348
1803 1084 1806 1085 ⁷

343 1139 495 1169 UTRUM
527 1139 761 1168 OPORTEAT
795 1139 956 1168 SEMPER
988 1138 1345 1168 RESTITUTIONEM
1378 1138 1541 1167 FACERE
1573 1137 1628 1177 EI,

603 1205 630 1232 A
663 1204 755 1239 QUO
790 1204 1024 1233 ACCEPTURI
1057 1204 1134 1233 EST
1168 1204 1367 1238 ALIQUID.

408 1307 456 1349 (4.
478 1304 566 1338 Dist.
590 1315 632 1349 15.
655 1315 685 1349 q.
716 1313 744 1337 Ι.
766 1308 832 1337 art.
850 1315 879 1349 5.
902 1307 931 1337 et
952 1309 1057 1349 opusc.
1077 1303 1130 1349 67.
1153 1307 1181 1337 et
1202 1314 1246 1349 73.
1270 1309 1342 1349 cap.
1364 1314 1414 1347 14.
1437 1307 1464 1337 at
1485 1302 1563 1347 18).

280 1404 338 1438 AD
362 1414 541 1442 QUINTUM
563 1403 613 1437 sic
637 1403 853 1449 proceditur.
879 1403 1041 1445 Videtur,
1064 1403 1159 1449 quod
1181 1414 1255 1437 non
1281 1411 1445 1449 oporteat
1465 1414 1607 1449 semper
1628 1403 1763 1436 restitu-

209 1457 345 1491 tionem
368 1456 485 1491 facere
507 1457 549 1498 ei,
573 1467 592 1490 a
614 1467 685 1502 quo
708 1465 896 1501 acceptum
919 1465 972 1490 est
993 1456 1142 1502 aliquid;
1169 1456 1259 1490 nulli
1285 1457 1379 1490 enim
1408 1456 1580 1491 debemus
1605 1467 1760 1490 nocere:

209 1511 271 1545 sed
293 1510 485 1556 aliquando
509 1518 602 1544 esset
623 1510 658 1543 in
679 1517 941 1543 nocumentum
959 1509 1130 1551 hominis,
1149 1509 1178 1543 si
1199 1509 1405 1544 redderetur
1423 1510 1518 1555 quod
1541 1509 1582 1543 ab
1603 1521 1646 1543 eo
1665 1520 1763 1544 acce-

208 1573 308 1610 ptum
324 1572 386 1606 est,
405 1563 462 1597 vel
481 1563 589 1597 etiam
608 1564 642 1597 in
657 1571 918 1597 nocumentum
938 1563 1111 1605 aliorum;
1134 1571 1217 1609 puta
1233 1563 1261 1597 si
1279 1563 1405 1609 aliquis
1423 1563 1585 1597 redderet
1603 1562 1762 1609 gladium

207 1617 411 1663 depositum
433 1616 569 1651 furioso
586 1629 594 1658 3
617 1627 703 1662 ergo
719 1627 792 1650 non
808 1627 950 1663 semper
964 1625 1016 1651 est
1030 1617 1288 1651 restituendum
1305 1617 1348 1658 ei,
1364 1628 1383 1650 a
1402 1628 1472 1662 quo
1492 1625 1680 1662 acceptum
1700 1624 1761 1650 est.

279 1681 309 1704 2.
333 1671 568 1705 PRAETEREA.
592 1669 656 1703 Ille
679 1670 739 1715 qui
760 1669 883 1703 illicite
903 1670 1035 1716 aliquid
1055 1661 1160 1711 d‘edit,
1175 1681 1249 1703 non
1264 1678 1420 1704 meretur
1434 1669 1521 1704 illud
1536 1681 1761 1716 recuperare:

208 1724 269 1758 sed
292 1724 507 1769 quandoque
531 1723 657 1769 aliquis
679 1723 802 1756 illicite
824 1723 894 1765 dat,
916 1724 1010 1769 quod
1035 1723 1123 1757 alius
1146 1723 1254 1758 etiam
1276 1723 1397 1757 illicite
1420 1723 1574 1769 accepit3
1595 1723 1686 1757 sicut
1707 1735 1764 1769 ap-

208 1785 307 1823 paret
328 1777 364 1810 in
380 1777 497 1818 dante,
513 1784 547 1810 et
561 1776 758 1822 accipiente
772 1776 904 1822 aliquid
919 1777 1117 1811 simoniace
1132 1789 1139 1819 3
1162 1788 1248 1823 ergo
1262 1788 1336 1811 non
1350 1788 1492 1823 semper
1505 1777 1763 1811 restituendum

209 1838 262 1864 est
283 1830 326 1872 ei,
349 1841 368 1863 a
391 1841 461 1875 quo
485 1838 675 1875 acceptum
699 1838 760 1863 est.

283 1895 311 1928 3.
334 1883 569 1917 PRAETEREA.
592 1882 722 1917 Nullus
749 1890 890 1917 tenetur
911 1883 954 1917 ad
976 1883 1216 1929 impossibile:
1240 1883 1300 1917 sed
1324 1884 1539 1929 quandoque
1561 1892 1613 1918 est
1633 1884 1764 1929 impos-

211 1935 311 1970 sibile
334 1936 518 1970 restituere
540 1937 583 1977 ei,
607 1947 625 1969 a
647 1947 718 1981 quo
741 1944 929 1982 acceptum
949 1944 1015 1977 est;
1038 1936 1095 1970 vel
1109 1937 1191 1982 quia
1210 1945 1263 1970 est
1281 1944 1460 1979 mortuus3
1483 1936 1540 1970 vel
1558 1937 1639 1983 quia
1656 1937 1764 1971 nimis

210 1989 333 2031 distat3
351 1989 409 2023 vel
431 1989 513 2034 quia
536 1997 588 2023 est
609 1990 772 2035 ignotu53
795 2001 880 2036 ergo
902 2001 975 2024 non
997 2001 1138 2036 semper
1159 1989 1322 2024 facienda
1341 1999 1391 2024 est
1409 1990 1583 2024 restitutio
1600 1990 1642 2032 ei,
1658 2001 1677 2024 a
1691 2001 1763 2037 quo

211 2050 399 2088 acceptum
427 2050 489 2076 est.

279 2105 311 2137 4.
334 2095 569 2129 PRAETEREA.
597 2095 714 2140 Magis
736 2095 840 2130 debet
860 2096 974 2130 homo
997 2107 1272 2142 recompensare
1300 2096 1343 2138 ei,
1365 2107 1383 2130 a
1407 2108 1477 2142 quo
1500 2097 1614 2142 majus
1635 2095 1764 2130 benefi-

211 2148 306 2182 cium
330 2148 484 2194 accepit:
507 2148 567 2182 sed
588 2149 628 2182 ab
653 2148 730 2183 aliis
750 2149 912 2194 personis
931 2149 1044 2183 homo
1059 2149 1137 2195 plus
1153 2150 1291 2195 accepit
1307 2150 1486 2184 beneficii:
1509 2161 1617 2196 quam
1639 2150 1680 2183 ab
1700 2149 1762 2184 illo

210 2202 269 2247 qui
292 2201 478 2242 mutuavit,
493 2201 550 2234 vel
568 2201 756 2246 deposuit3
778 2202 869 2236 sicut
887 2214 906 2235 a
925 2203 1145 2248 parentibus3
1169 2214 1254 2247 ergo
1277 2203 1392 2248 magis
1410 2203 1693 2237 subveniendum
1711 2210 1764 2237 est

210 2254 426 2300 quandoque
449 2254 555 2287 alicui
570 2265 745 2299 personae
765 2254 877 2297 alteri,
896 2267 1002 2301 quam
1023 2256 1278 2289 restituendum
1299 2256 1342 2298 ei,
1362 2267 1381 2290 a
1403 2267 1473 2302 quo
1493 2264 1681 2302 acceptum
1699 2264 1762 2290 est.

285 2318 312 2352 ς.
335 2307 569 2341 PRAETEREA.
599 2307 744 2341 ‘Vanum
773 2316 825 2342 est
851 2309 1036 2342 restituere
1063 2308 1161 2350 illud,
1189 2309 1284 2354 quod
1312 2309 1355 2342 ad
1377 2321 1525 2343 manum
1548 2310 1762 2344 restituentis

210 2372 272 2407 per
293 2360 554 2395 restitutionem
570 2361 750 2406 pervenit,
773 2362 833 2394 sed
849 2362 876 2394 si
897 2361 1075 2407 praelatus
1090 2363 1219 2407 injuste
1238 2363 1369 2408 aliquid
1384 2362 1566 2397 Ecclesiae
1579 2363 1762 2404 subtraxit,

210 2422 244 2448 et
266 2414 297 2447 ei
319 2414 490 2455 restituat,
513 2413 556 2446 ad
580 2424 706 2447 manus
730 2415 804 2459 ejus
832 2415 1014 2456 deveniet,
1046 2415 1128 2461 quia
1156 2416 1228 2462 ipse
1258 2424 1310 2450 est
1334 2427 1454 2450 rerum
1476 2416 1659 2450 Ecclesiae
1682 2427 1764 2450 con-

210 2475 388 2510 servator3
416 2478 502 2512 ergo
537 2477 610 2500 non
637 2467 741 2500 debet
767 2468 950 2501 restituere
977 2468 1172 2511 Ecclesiae,
1201 2481 1219 2502 a
1247 2480 1316 2515 qua
1347 2469 1510 2504 abstulit:
1545 2478 1579 2504 et
1608 2469 1657 2503 sic
1689 2480 1762 2503 non

210 2532 352 2566 semper
374 2520 633 2554 restituendum
657 2529 709 2553 est
731 2520 773 2561 ei,
798 2532 815 2553 a
839 2533 909 2566 quo
933 2530 984 2555 est
1007 2521 1175 2556 ablatum.

283 2574 357 2608 SED
381 2584 534 2608 CONTRA
557 2582 619 2615 est,
642 2573 737 2619 quod
760 2574 887 2607 dicitur
910 2574 1015 2608 Rom.
1043 2586 1112 2620 13.:
1138 2575 1265 2611 Reddita
1287 2577 1435 2610 omnibus
1452 2575 1571 2618 debita,
1590 2577 1644 2610 cui
1664 2576 1765 2610 tribu-

211 2632 292 2668 tum,
315 2628 470 2660 tributum
483 2639 495 2667 ;
518 2628 571 2661 cui
590 2626 742 2671 vectigal,
764 2627 914 2671 vectigal.

282 2679 509 2714 Ruspomsso
525 2679 729 2722 dicendum,
749 2680 844 2725 quod
864 2692 925 2724 per
940 2681 1200 2715 restitutionem
1217 2682 1254 2716 fit
1269 2683 1428 2717 reductio
1445 2683 1488 2716 ad
1510 2682 1762 2728 aequalitatem

213 2734 492 2767 commutativae
523 2733 689 2778 justitiae,
716 2745 807 2779 quae
830 2734 991 2767 consistit
1013 2734 1047 2767 in
1070 2747 1188 2768 rerum
1212 2736 1482 2781 adaequatione,
1511 2736 1602 2769 sicut
1627 2736 1762 2770 dictum

213 2793 264 2820 est
288 2786 367 2829 (art.
390 2798 420 2820 2.
441 2787 509 2831 huj.
532 2799 561 2832 q.
584 2791 611 2820 ct
632 2798 661 2832 q.
680 2788 730 2832 58.
753 2792 818 2820 art.
840 2787 930 2830 1‹).).·
950 2787 1157 2831 hujusmodi
1181 2797 1300 2822 autem
1319 2800 1437 2822 rerum
1456 2789 1667 2834 adaequatio
1687 2789 1762 2824 fieri

211 2850 284 2872 non
307 2847 438 2885 posset,
460 2839 527 2873 nisi
550 2841 593 2881 ei,
615 2841 673 2885 qui
697 2839 814 2873 minus
836 2839 943 2873 habet
966 2851 1073 2886 quam
1097 2841 1191 2886 quod
1215 2853 1319 2875 suum
1339 2850 1401 2884 est,
1424 2841 1646 2887 suppleretur
1667 2842 1761 2887 quod
