1859 3122
155 139 245 182 404
599 138 821 173 QUAESTIO
856 140 941 169 LIV.
975 140 1220 170 ARTICULUS
1252 141 1280 170 Ι.

229 222 288 255 AD
311 231 518 255 SECUNDUM
540 221 747 263 dicendum,
770 222 867 267 quod
888 222 925 255 in
947 221 1111 268 quolibet
1132 230 1283 268 peccato
1310 234 1459 258 necesse
1483 234 1537 259 est
1567 236 1646 260 esse
1673 227 1719 261 de

157 273 293 308 fectum
308 274 404 307 circa
418 273 576 319 aliquem
587 282 708 308 actum
722 275 888 317 rationis3
904 282 989 320 puta
1003 274 1185 309 defectum
1204 275 1355 318 consilii,
1375 284 1409 310 et
1426 276 1581 311 aliorum
1594 278 1715 324 hujus-

156 327 276 369 modi3
298 326 392 361 unde
407 327 500 360 sicut
512 327 761 373 praecipitatio
778 336 831 362 est
845 327 1000 374 speciale
1014 336 1206 373 peccatum
1219 337 1365 374 propter
1378 330 1573 375 specialem
1588 333 1727 366 actum·

156 380 318 421 rationis,
345 380 406 425 qui
432 380 739 425 praetermittitur,
766 380 905 415 scilicet
935 380 1140 423 consilium,
1170 383 1336 427 quamvis
1364 383 1479 427 possit
1506 383 1659 418 inveniri
1684 385 1720 419 in

158 433 320 478 quolibet
341 443 473 479 genere
500 441 748 479 peccatorum,
773 434 822 468 ita
848 434 1072 480 negligentia
1099 442 1152 468 est
1178 434 1334 480 speciale
1360 444 1552 481 peccatum
1577 446 1727 484 propter

155 485 337 520 defectum
359 486 525 531 specialis
547 494 647 521 actus
667 487 829 529 rationis,
852 487 913 534 qui
939 496 992 521 est
1018 487 1224 530 solicitudo,
1247 488 1412 534 quamvis
1434 489 1638 524 inveniatur
1659 491 1721 525 ali-

158 539 312 585 qualiter
332 540 368 573 in
391 540 560 574 omnibus
582 541 750 586 peccatis.

230 593 290 626 AD
310 603 482 627 TERTIUM
501 593 707 635 dicendum,
723 593 819 639 quod
836 594 986 627 materia
999 592 1242 639 negligentiae
1255 594 1398 640 proprie
1413 603 1496 629 sunt
1508 595 1615 638 bona,
1630 608 1725 643 quae

158 646 236 692 quis
259 657 364 691 agere
387 646 511 688 debet3
533 657 607 680 non
635 647 731 692 quod
758 647 834 692 ipsa
862 647 932 681 sint
957 647 1065 688 bona,
1094 658 1177 680 cum
1204 646 1431 692 negligenter
1457 657 1631 694 aguntur3
1658 650 1724 684 sed

159 699 241 745 quia
267 710 329 744 per
350 698 612 745 negligentiam
640 700 771 734 accidit
798 699 957 734 defectus
982 699 1153 733 bonitatis
1179 700 1216 733 in
1239 700 1300 742 eis,
1323 702 1397 734 sive
1418 702 1727 747 praetermittatur

157 752 316 786 totaliter
338 760 437 787 actus
457 753 595 787 debitus
614 762 760 799 propter
779 753 960 787 defectum
975 752 1225 796 solicitudinis,
1240 755 1314 788 sive
1335 754 1444 788 etiam
1463 754 1583 801 aliqua
1601 756 1722 790 debita

157 814 427 840 circumstantia
449 814 560 840 actus.

720 945 1063 990 ARTICULUS
1093 946 1148 988 H.
1654 969 1723 1005 302.

390 1055 543 1084 UTRUM
575 1055 875 1085 NEGLIGENTIA
903 1054 1169 1084 OPPONATUR
1195 1054 1488 1084 PRUDENTIAE.

582 1143 698 1190 (Schr.
721 1155 749 1190 q.
768 1156 812 1189 53.
833 1149 897 1178 art.
920 1156 947 1178 i.
970 1149 1060 1189 corp.
1081 1148 1109 1177 et
1127 1143 1212 1177 Phil.
1234 1143 1296 1187 4.).

229 1233 289 1266 AD
317 1242 524 1266 SECUNDUM
545 1231 595 1266 sic
617 1231 831 1277 proceditur.
859 1231 1021 1272 Videtur,
1048 1231 1144 1276 quod
1170 1230 1390 1276 negligentia
1415 1242 1490 1265 non
1517 1239 1720 1277 opponatur

158 1285 386 1330 prudentiae:
404 1284 626 1330 negligentia
648 1285 744 1318 enim
766 1284 906 1318 videtur
928 1295 1004 1318 esse
1022 1283 1120 1318 idern
1142 1285 1238 1330 quod
1253 1284 1407 1330 pigritia,
1421 1283 1480 1318 vel
1500 1292 1636 1330 torpor,
1658 1284 1719 1330 qui

158 1338 311 1384 pertinet
332 1338 375 1371 ad
399 1338 593 1379 accidiam3
615 1346 653 1371 ut
679 1345 776 1383 patet
789 1348 852 1383 per
869 1336 977 1382 Greg.
1003 1348 1055 1382 31.
1070 1336 1199 1371 Moral.
1223 1337 1312 1383 (cap.
1331 1336 1420 1383 17.):
1444 1337 1582 1371 accidia
1597 1345 1719 1371 autem.

158 1402 231 1425 non
258 1391 453 1437 opponitur
478 1390 698 1435 prudentiae,
725 1390 786 1423 sed
814 1390 929 1435 magis
957 1390 1133 1431 charitati,
1161 1398 1199 1423 ut
1224 1401 1330 1435 supra
1357 1389 1494 1424 dictum
1521 1397 1575 1424 est
1602 1390 1647 1435 (q.
1669 1402 1718 1436 33.

158 1449 225 1478 art.
247 1446 316 1490 2.)‚·
340 1455 427 1489 ergo
446 1443 668 1489 negligentia
689 1454 763 1477 non
786 1443 980 1488 opponitur
1001 1443 1222 1488 prudentiae.

229 1507 260 1530 2.
283 1497 519 1531 PRAETEREA.
541 1497 599 1530 Ad
620 1496 880 1542 negligentiam
901 1496 1041 1530 videtur
1063 1496 1240 1540 pertinere
1262 1506 1372 1529 omne
1394 1503 1587 1541 peccatum
1613 1495 1722 1530 omis-

158 1551 286 1585 sionis:
311 1551 372 1585 sed
395 1558 585 1596 peccatum
608 1550 816 1584 omissionis
837 1561 912 1583 non
934 1550 1127 1595 opponitur
1148 1549 1368 1594 prudentiae,
1383 1549 1446 1583 sed
1472 1549 1589 1595 magis
1609 1549 1720 1583 virtu-

157 1605 250 1639 tibus
272 1603 469 1638 moralibus
491 1603 706 1645 executivis;
729 1614 814 1649 ergo
837 1602 1057 1648 negligentia
1078 1614 1153 1636 non
1175 1602 1369 1648 opponitur
1382 1602 1603 1648 prudentiae.

232 1669 260 1703 3.
283 1658 518 1692 PRAETEREA.
546 1657 793 1703 Imprudentia
816 1665 868 1690 est
890 1656 985 1690 circa
1008 1655 1165 1702 aliquem
1188 1664 1309 1690 actum
1330 1656 1498 1691 rationis:
1521 1656 1583 1690 sed
1603 1656 1718 1702 negli-

159 1713 278 1757 gentia
298 1722 373 1745 non
394 1711 566 1756 importat
587 1709 780 1751 defectum,
806 1720 923 1755 neque
951 1709 1045 1743 circa
1074 1709 1277 1751 consilium,
1299 1709 1335 1743 in
1357 1720 1428 1755 quo
1456 1708 1576 1743 deficit
1593 1710 1722 1755 praeci-

152 1766 289 1811 pitatio,
311 1775 428 1810 neque
451 1763 745 1809 circajudidum,
773 1763 809 1796 in
830 1774 902 1808 quo
925 1762 1044 1796 deficit
1070 1762 1337 1805 inconsideratio,
1365 1773 1482 1808 neque
1505 1763 1600 1796 circa
1620 1773 1719 1807 prae·

159 1826 314 1864 ceptum,
336 1818 372 1851 in
394 1828 466 1863 quo
489 1817 608 1851 deficit
628 1817 873 1856 inconstanti&
897 1827 984 1861 ergo
1007 1816 1228 1862 negligentia
1248 1827 1323 1849 non
1343 1816 1498 1861 pertinet
1519 1815 1563 1849 ad
1584 1815 1718 1861 impru-

159 1871 328 1905 dentiam.

227 1934 261 1966 4.
283 1924 518 1958 PRAETEREA.
534 1922 654 1957 Eccle.
678 1933 708 1968 7.
733 1923 879 1956 dicitur:
904 1923 974 1967 Qui
989 1923 1214 1964 timatDcum,
1228 1922 1313 1955 nihil
1332 1922 1484 1968 negligit:
1504 1922 1567 1956 sed
1590 1933 1717 1956 unum-

158 1977 326 2023 quodque
342 1984 532 2022 peccatum
555 1976 747 2022 praecipue
770 1975 969 2010 excluditur
987 1986 1050 2020 per
1070 1975 1240 2009 virtutem
1254 1975 1478 2021 oppositam3
1497 1986 1584 2020 ergo
1605 1975 1718 2022 negli—

158 2030 279 2076 gentia
301 2029 417 2075 magis
439 2030 633 2075 opponitur
654 2029 788 2070 timori,
810 2040 919 2074 quam
941 2028 1161 2074 prudentiae.

231 2083 305 2117 SED
327 2092 482 2117 CONTRA
505 2091 568 2123 est,
591 2082 686 2128 quod
709 2082 838 2115 dicitur
859 2081 968 2115 Eccli.
993 2091 1066 2116 20.:
1088 2082 1248 2115 Lascivus
1269 2086 1298 2115 et
1318 2080 1508 2127 imprudens
1528 2093 1594 2115 non
1614 2082 1717 2116 obser-

157 2142 240 2171 vant
262 2141 403 2182 tempus:
431 2135 494 2169 sed
514 2135 585 2169 hoc
614 2135 767 2181 pertinet
793 2134 835 2168 ad
862 2134 1139 2180 negligentia1n3
1163 2145 1249 2180 ergo
1276 2133 1495 2180 negligentia
1522 2134 1716 2180 opponitur

158 2189 378 2235 prudentiae.

228 2242 457 2276 RESPONDEO
480 2241 686 2282 dicendum,
701 2241 796 2286 quod
812 2240 1031 2286 negligentia
1047 2240 1179 2274 directe
1199 2240 1392 2286 opponitur
1405 2239 1643 2274 solicitudini:
1659 2251 1715 2275 so-

159 2296 307 2330 licitudo
328 2303 448 2329 autem
461 2294 615 2340 pertinet
637 2294 679 2328 ad
701 2294 892 2335 rationem,
908 2302 942 2327 et
959 2293 1136 2328 rectitudo
1152 2293 1389 2328 solicitudinis
1408 2293 1452 2328 ad
1470 2294 1723 2339 prudentiam3.

159 2349 253 2383 unde
274 2359 337 2394 per
355 2347 562 2393 oppositum
584 2347 778 2392 negligentia
799 2347 841 2380 ad
863 2347 1289 2393 imprudentiampertinet:
1313 2355 1347 2381 et
1363 2347 1434 2380 hoc
1449 2347 1558 2380 etiam
1573 2358 1615 2380 ex
1633 2347 1715 2392 ipso

158 2402 307 2436 nomine
329 2409 493 2447 apparet:
517 2400 611 2446 quia,
633 2400 725 2433 sicut
745 2399 827 2433 Isid.
851 2399 935 2433 dicit
956 2400 991 2433 in
1013 2399 1072 2433 lib.
1094 2410 1144 2434 io.
1167 2399 1374 2446 Etymolog.
1393 2399 1448 2443 (ad
1466 2400 1513 2434 lit.
1532 2400 1582 2444 N)
1593 2413 1602 2434 .·
1618 2400 1716 2446 negli-

155 2466 230 2500 gens
251 2454 374 2489 dicitur
395 2455 488 2499 quasi
508 2465 564 2487 nec
591 2453 727 2498 eligens:
750 2452 879 2486 electio
902 2461 1023 2486 autem
1048 2461 1144 2487 recta
1164 2463 1291 2486 eorum
1313 2464 1403 2499 quae
1425 2461 1506 2487 sunt
1528 2453 1571 2486 ad
1593 2452 1723 2495 finem„

159 2508 202 2542 ad
224 2508 452 2554 prudentiam
473 2507 642 2553 pertinet3
664 2506 758 2540 unde
780 2506 999 2551 negligentia
1023 2507 1177 2552 pertinet
1204 2507 1247 2540 ad
1269 2506 1560 2553 imprudentiam.

229 2562 288 2596 AD
309 2571 459 2596 PRIMUM
481 2571 567 2606 ergo
590 2559 794 2600 dicendum,
810 2560 906 2604 quod
922 2560 1140 2605 negligentia
1155 2560 1317 2594 consistit
1330 2560 1366 2593 in
1381 2558 1521 2593 defectu
1535 2559 1713 2593 interioris

159 2623 270 2656 actus,
293 2614 335 2648 ad
363 2625 470 2659 quem
492 2613 644 2659 pertinet
670 2612 778 2646 etiam
801 2612 948 2646 electio:
972 2613 1113 2658 pigritia
1141 2621 1273 2654 autem,
1296 2620 1330 2647 et
1349 2620 1474 2657 torpor
1499 2612 1614 2657 magis
1640 2622 1714 2658 per-

157 2668 271 2702 tinent
293 2667 336 2700 ad
358 2666 629 2700 executionem:
651 2665 699 2699 ita
716 2673 838 2699 tamen
861 2665 956 2710 quod
983 2665 1125 2711 pigritia
1150 2665 1322 2711 importat
1347 2665 1550 2699 tarditatem
1573 2664 1616 2698 ad
1638 2675 1715 2698 exe-

159 2720 353 2766 quendum,
375 2727 501 2766 torpor
521 2719 771 2753 remissionem
794 2719 989 2763 quamdam
1004 2718 1176 2764 importat
1189 2718 1225 2752 in
1239 2718 1316 2764 ipsa
1331 2718 1560 2759 executione3
1580 2725 1614 2751 et
1631 2717 1717 2751 ideo

159 2774 414 2807 convenienter
435 2781 558 2818 torpor
580 2783 620 2806 ex
643 2771 778 2806 accidia
805 2771 981 2813 nascitur3
1003 2771 1086 2817 quia
1109 2771 1245 2805 accidia
1268 2779 1321 2806 est
1341 2770 1482 2805 tristitia
1501 2781 1724 2816 aggravans,-

158 2826 249 2860 idest
269 2826 470 2872 impediens
492 2825 654 2859 animum
682 2825 723 2858 ab
746 2823 939 2870 operando.
