1859 3122
493 165 715 201 QUAESTIO
750 165 839 194 XIV.
874 165 1118 195 ARTICULUS
1151 164 1179 194 Ι.
1542 164 1618 207 123

63 248 214 295 pientia3
247 247 340 281 unde
370 248 572 281 secundum
594 247 664 281 hoc
688 255 877 293 peccatum
900 247 935 279 in
958 246 1088 280 Filium
1110 246 1269 280 hominis
1288 245 1353 280 erit
1373 253 1562 292 peccatum
1586 257 1626 280 ex

63 301 279 348 ignorantia,
301 300 359 334 vel
377 312 419 334 ex
441 300 657 334 infirmitate.

134 355 192 388 AD
217 365 387 389 TERTIUM
407 354 611 395 dicendum,
634 353 729 399 quod
752 361 941 398 peccatum
961 364 1001 387 ex
1022 361 1118 387 certa
1140 353 1288 394 malitia,
1311 352 1509 386 secundum
1529 352 1625 398 quod

63 408 228 454 provenit
250 420 291 441 ex
311 407 542 441 inclinatione
561 407 714 448 habitus,
733 417 806 440 non
827 414 879 440 est
897 406 1052 452 speciale
1072 415 1273 452 peccatum,
1293 407 1353 440 sed
1374 406 1550 452 quaedam
1571 417 1628 451 ge-

63 460 193 495 neralis
226 461 385 494 conditio
414 461 571 506 peccati:
598 468 703 506 prout
729 471 814 493 vero
838 468 890 493 est
912 471 953 493 cx
974 459 1120 505 speciali
1145 467 1354 505 contemptu
1377 458 1525 493 effectus
1548 459 1625 505 Spi-

63 515 149 548 ritus
165 514 289 548 Sancti
306 514 339 547 in
358 514 473 555 nobis,
491 513 600 547 habet
618 513 795 546 rationem
810 513 976 559 specialis
991 513 1146 559 peccati:
1164 522 1197 546 et
1211 513 1409 546 secundum
1428 513 1499 547 hoc
1518 513 1626 547 etiam

64 576 251 614 peccatum
279 569 314 600 in
343 567 516 613 Spiritum
544 566 716 600 Sanctum
746 575 798 600 cst
828 565 983 612 speciale
1011 577 1123 611 genus
1150 566 1307 611 peccati:
1332 574 1367 600 et
1388 566 1552 600 similiter
1579 577 1629 600 se-

64 621 222 655 cundum
250 621 404 666 primam
431 620 714 666 expositionem:
742 620 942 653 secundum
974 627 1095 653 autem
1129 619 1326 653 secundam
1363 620 1628 665 expositionem

64 685 138 708 non
158 682 210 708 est
231 674 385 720 speciale
404 685 517 719 genus
536 675 690 719 peccati:
710 684 795 706 nam
817 673 933 706 finalis
952 673 1227 719 impoenitentia
1245 680 1364 719 potest
1383 684 1459 706 esse
1480 673 1629 706 circum-

65 727 193 762 stantia
216 726 404 773 cujuslibet
425 727 566 773 generis
588 726 738 772 peccati.

630 843 976 889 ARTICULUS
1004 843 1060 886 H.
1582 865 1627 900 74

154 953 306 984 UTRUM
341 953 678 983 CONVENIENTER
713 952 1014 982 ASSIGNENTUR
1047 952 1126 981 SEX
1153 951 1323 981 SPECIES
1351 951 1539 980 PECCAT1

582 1020 626 1049 IN
653 1019 856 1048 SPIRITUM
890 1019 1109 1058 SANCTUM,

331 1085 549 1114 SCILICET:
584 1084 871 1121 DESPERATIO,
906 1083 1225 1121 PRAESUMPTIO,
1260 1083 1358 1111 ETC.

145 1173 246 1219 (Insr.
275 1185 303 1219 q.
323 1173 376 1219 36.
403 1178 467 1207 art.
489 1184 521 1217 4.
549 1172 590 1206 ad
616 1184 646 1207 2.
669 1177 696 1206 ct
722 1183 752 1207 2.
779 1173 867 1206 Dist.
895 1184 943 1218 43.
966 1177 1031 1207 art.
1053 1183 1086 1216 4.
1105 1177 1133 1206 at
1160 1173 1254 1207 Rom.
1276 1183 1306 1206 2.
1329 1171 1398 1205 lect.
1420 1183 1447 1205 Ι.
1464 1170 1552 1216 fin).

136 1264 196 1298 ΑΒ
223 1273 429 1298 SECUNDUM
457 1263 506 1296 sic
533 1261 749 1308 proceditur.
782 1261 938 1303 Videtur,
965 1261 1062 1307 quod
1083 1260 1381 1295 inconvenienter
1403 1259 1631 1305 assignentur

64 1329 117 1351 sex
138 1317 275 1363 species
297 1316 436 1362 peccati
458 1316 493 1349 in
517 1315 690 1362 Spiritum
707 1315 903 1357 Sanctum,
926 1314 1082 1349 scilicet:
1106 1314 1546 1360 desperatio,praesumptio,
1571 1315 1630 1346 im-

61 1372 278 1416 poenitentia,
302 1371 488 1410 obstinatio,
504 1370 709 1415 impugnatio
725 1369 874 1403 veritatis
889 1369 1030 1413 agnitae,
1049 1372 1077 1402 et
1094 1368 1459 1413 inm'dmtiasratmme
1478 1368 1629 1412 gratiam

65 1435 153 1469 quas
175 1423 311 1469 species
337 1423 439 1468 ponit
464 1422 636 1467 Magister
661 1431 716 1467 43.
740 1422 819 1455 dist.
843 1432 873 1455 2.
896 1421 955 1455 lib.
980 1421 1098 1455 Sent.:
1122 1432 1256 1467 negare
1281 1420 1378 1455 enim
1401 1420 1561 1454 divinam
1582 1421 1632 1465 ju-

65 1477 210 1518 stitiam,
237 1475 294 1510 vel
315 1475 616 1517 misericordiam,
639 1475 681 1508 ad
704 1474 952 1508 infidelitatem
974 1475 1144 1520 pertinet:
1168 1474 1230 1508 sed
1252 1485 1315 1520 per
1337 1474 1630 1519 desperationem

67 1529 194 1575 aliquis
221 1529 334 1574 rejicit
360 1529 518 1562 divinam
544 1528 852 1570 misericordiam;
880 1539 941 1574 per
968 1529 1303 1574 praesumptionem
1326 1535 1446 1561 autem
1469 1527 1630 1560 divinam

65 1583 256 1628 justitiam3
291 1593 378 1627 ergo
411 1581 696 1627 unumquodque
724 1592 849 1615 eorum
876 1581 996 1627 potius
1023 1589 1076 1615 est
1102 1581 1239 1627 species
1266 1580 1498 1622 infidelitatis,
1521 1591 1630 1626 quam

67 1637 205 1681 peccati
224 1636 258 1668 in
283 1635 454 1681 Spiritum
478 1634 665 1668 Sanctum.

139 1699 169 1722 2.
192 1689 427 1722 PRAETEREA.
462 1688 740 1733 Impoenitentia
773 1688 914 1721 videtur
940 1687 1118 1733 respicere
1153 1695 1344 1733 peccatum
1371 1686 1630 1733 praeteritum3

67 1742 259 1776 obstinatio
282 1750 403 1775 autem
422 1749 612 1786 peccatum
630 1740 809 1783 futurum,
832 1742 892 1775 sed
912 1741 1155 1787 praeteritum,
1174 1740 1232 1774 vel
1250 1740 1408 1774 futurum
1427 1751 1501 1774 non
1522 1741 1632 1774 diver-

66 1796 206 1830 sificant
227 1796 386 1842 speciem
406 1795 557 1836 virtutis,
579 1795 637 1828 vel
667 1795 760 1829 vitii:
790 1795 990 1829 secundum
1013 1795 1110 1828 enim
1133 1795 1301 1828 eamdem
1324 1793 1445 1835 fidem,
1468 1805 1537 1838 qua
1560 1804 1633 1826 cre-

66 1849 183 1883 dimus
196 1848 382 1883 Christum
396 1856 534 1890 natum‚
550 1848 685 1894 antiqui
709 1848 935 1882 crediderunt
951 1859 1034 1881 eum
1057 1848 1300 1889 nasciturum3
1318 1858 1405 1893 ergo
1425 1846 1631 1887 obstinatio,

67 1911 100 1937 et
121 1902 406 1948 impoenitentia,
427 1913 501 1935 non
518 1901 647 1935 debent
661 1902 746 1947 poni
762 1901 852 1935 duae
868 1901 1005 1946 species
1023 1901 1163 1947 peccati
1184 1901 1220 1933 in
1244 1900 1418 1946 Spiritum
1444 1900 1631 1933 Sanctum.

141 1968 169 2001 3.
192 1956 429 1990 PRAETEREA.
452 1955 584 1996 Gratia,
609 1960 636 1989 et
660 1956 784 1989 veritas
804 1961 866 2001 per
883 1956 992 1999 susum
1020 1954 1189 1988 Christum
1211 1954 1309 2000 facta
1336 1958 1388 1995 est,
1417 1961 1454 1987 ut
1480 1953 1632 1986 habetur

62 2009 189 2054 Joann.
214 2020 258 2042 1.:
283 2020 369 2054 ergo
391 2008 542 2050 videtur,
565 2008 661 2054 quod
682 2008 909 2054 impugnatio
932 2008 1091 2042 veritatis
1115 2007 1270 2053 agnitae,
1293 2015 1327 2041 et
1348 2006 1545 2040 invidentia
1566 2005 1631 2039 fra-

65 2071 187 2097 ternae
214 2063 348 2108 gratiae
375 2062 491 2107 magis
518 2061 720 2107 pertineant
747 2062 790 2095 ad
817 2061 1082 2107 blasphemiam
1108 2060 1144 2094 in
1172 2060 1315 2102 Filium,
1339 2071 1448 2105 quam
1471 2059 1515 2092 ad
1542 2059 1632 2093 blas-

66 2116 252 2162 phemiam
273 2116 308 2149 in
332 2115 504 2161 Spiritum
528 2115 714 2148 Sanctum.

136 2179 169 2211 4.
196 2169 431 2203 PRAETEREA.
456 2169 657 2202 Bernartius
684 2168 770 2202 dicit
807 2168 842 2201 in
873 2167 932 2201 lib.
956 2169 998 2201 de
1028 2168 1195 2213 Dispens.
1228 2175 1261 2201 et
1283 2167 1454 2212 Praecep.
1477 2167 1566 2212 (cap.
1585 2178 1630 2200 Il.

67 2223 127 2256 cir.
149 2222 262 2266 med),
285 2222 381 2267 quod
404 2222 487 2255 nolle
514 2222 641 2255 obedire
663 2227 706 2256 est
732 2223 876 2255 resistere
897 2221 1042 2267 Spiritui
1070 2221 1210 2255 Sancto:
1240 2219 1341 2254 Glos.
1370 2220 1479 2254 etiam
1509 2219 1630 2262 (ordin.

65 2282 137 2321 sup.
161 2275 259 2308 illud.-
281 2275 372 2309 Iater
393 2275 470 2309 haec
497 2275 643 2318 hircum)
671 2275 756 2308 dicit
783 2275 867 2308 Lev.
900 2285 950 2309 10.
974 2274 1070 2320 quod
1092 2274 1246 2308 simulata
1263 2275 1466 2320 poenitentia
1486 2278 1531 2307 est
1553 2273 1633 2306 hlas-

63 2329 201 2373 plmni'a
219 2329 360 2374 Spiritus
377 2329 509 2368 Sancti;
531 2328 689 2362 schisma
708 2328 817 2361 etiam
835 2328 974 2361 videtur
996 2327 1130 2361 directe
1154 2327 1289 2373 opponi
1312 2327 1459 2372 Spiritui
1483 2326 1631 2366 Sancto,

67 2393 128 2427 per
162 2392 270 2427 quem
302 2381 465 2415 Ecclesia
495 2381 633 2414 unitur:
657 2389 691 2415 et
717 2383 762 2415 ita
790 2381 941 2423 videtur,
976 2381 1072 2427 quod
1098 2392 1173 2414 non
1200 2380 1419 2414 sufficienter
1445 2379 1631 2413 tradantur

67 2435 204 2480 species
226 2434 366 2479 peccati
387 2435 423 2468 in
447 2434 620 2480 Spiritum
644 2434 830 2468 Sanctum.

140 2487 214 2521 SED
238 2497 393 2522 CONTRA
415 2495 478 2529 est,
501 2488 597 2533 quod
613 2488 765 2533 August.
783 2487 1026 2533 (Fulgentius)
1042 2487 1128 2521 dicit
1141 2488 1177 2520 in
1196 2487 1254 2521 lib.
1270 2487 1313 2521 de
1328 2486 1396 2520 fide
1413 2486 1455 2520 ad
1471 2486 1631 2526 Petrum,

69 2541 156 2586 (cap.
176 2541 236 2586 3.),
260 2540 357 2585 quod
378 2540 429 2573 illi
448 2541 509 2586 qui
531 2541 722 2586 desperant
740 2541 782 2574 de
801 2541 1023 2586 indulgentia
1039 2548 1285 2586 peccatorum,
1304 2539 1362 2573 vel
1383 2540 1443 2585 qui
1465 2539 1541 2572 sine
1560 2549 1632 2572 me-

68 2595 142 2627 ritis
164 2593 207 2626 de
229 2593 478 2627 misericordia
503 2594 574 2627 Dei
600 2602 845 2639 praesumunt,
872 2603 1024 2640 peccant
1048 2594 1084 2627 in
1113 2594 1285 2639 Spiritum
1315 2593 1506 2626 Sanctum:
1536 2599 1570 2625 et
1595 2591 1631 2624 in

69 2646 251 2680 Enchirid.
274 2646 362 2692 (cap.
381 2646 446 2692 83.)
469 2646 564 2687 dicit,
587 2647 684 2692 quod
704 2649 761 2692 qui
781 2647 817 2680 in
836 2647 1077 2681 obstinatione
1100 2647 1230 2680 mentis
1253 2646 1348 2679 diem
1372 2645 1505 2678 claudit
1523 2652 1633 2678 extre-

69 2711 183 2740 mum,
197 2710 278 2732 reus
297 2707 349 2732 est
366 2699 506 2743 peccati
521 2699 556 2732 in
573 2699 746 2745 Spiritum
767 2700 961 2741 Sanctum;
978 2708 1011 2733 et
1024 2700 1060 2734 in
1075 2700 1134 2733 lib.
1151 2700 1193 2733 de
1209 2699 1316 2733 Verb.
1331 2699 1442 2732 Dom.
1458 2698 1570 2742 (sarm.
1585 2710 1631 2732 H.

69 2758 139 2798 cap.
161 2763 211 2796 14.
235 2757 263 2786 ct
295 2763 338 2797 15.
360 2756 389 2786 εἰ
406 2752 475 2796 21.)
503 2751 598 2794 dicit,
629 2753 725 2798 quod
760 2753 1033 2799 impoenitentia
1073 2761 1125 2786 est
1163 2760 1352 2798 peccatum
1388 2752 1422 2785 in
1458 2751 1631 2797 Spiritum

71 2805 256 2839 Sanctum.
280 2804 323 2838 Et
343 2805 380 2837 in
401 2804 460 2838 lib.
487 2815 514 2838 1.
539 2805 582 2839 de
610 2805 788 2840 Sermone
814 2807 967 2840 Domini
988 2807 1024 2839 in
1047 2813 1170 2839 monte
1200 2804 1287 2851 (cap.
1315 2805 1384 2848 22.)
1413 2804 1508 2846 dicit,
1535 2804 1632 2850 quod

69 2858 224 2892 invidiae
246 2857 382 2891 facibus
404 2857 664 2892 fraternitatem
686 2859 909 2904 impugnare,
929 2867 981 2893 est
994 2866 1185 2904 peccatum
1200 2858 1236 2891 in
1252 2858 1425 2904 Spiritum
1445 2857 1632 2898 Sanctum,
