1859 3122
170 167 282 209 1014
580 162 800 198 QUAESTIO
836 162 933 192 CLV.
966 160 1211 191 ARTICULUS
1244 160 1288 190 ΙΙ.

166 247 356 282 consuevit
376 246 466 288 dici3
488 256 576 291 ergo
597 255 672 278 non
695 251 749 278 est
768 243 913 290 propria
935 242 1085 277 materia
1108 242 1183 287 ejus
1205 240 1501 287 concupiscentia
1520 240 1725 274 delectatio-

165 313 252 335 num
275 308 401 334 tactus.

238 365 266 398 5.
288 354 524 387 PRAETEREA.
559 352 654 386 Inter
682 351 940 385 delectationes
961 358 1077 384 tactus
1105 349 1284 395 quaedam
1310 356 1392 383 sunt
1416 359 1491 382 non
1524 348 1719 389 humanae,

164 408 226 442 sed
248 406 427 447 bestiales,
449 414 524 439 tam
546 406 582 439 in
605 405 704 446 cibis,
726 413 851 450 utpote
873 404 902 438 si
925 403 1003 449 quis
1026 402 1263 436 delectaretur
1277 402 1313 435 in
1335 413 1397 435 esu
1420 401 1582 435 carnium
1600 401 1726 434 huma-

163 472 303 501 narum,
331 471 440 506 quam
471 461 580 493 etiam
610 459 646 492 in
668 458 843 500 venereis,
873 466 957 504 puta
987 457 1023 490 in
1052 456 1163 490 abusu
1193 456 1401 496 bestiarum,
1426 455 1484 488 vel
1510 465 1722 500 puerorum:

162 513 224 548 sed
252 513 346 547 circa
368 512 578 557 hujusmodi
599 523 674 545 non
707 519 761 545 est
788 510 1022 551 continentia,
1057 517 1095 543 ut
1128 509 1256 543 dicitur
1279 509 1315 542 in
1343 519 1373 554 7.
1402 508 1518 542 Ethic.
1546 508 1634 553 (cap.
1661 508 1722 553 5.),-

162 578 236 600 non
265 577 351 612 ergo
378 566 522 612 propria
544 565 695 599 materia
717 565 960 598 continentiae
987 570 1069 597 sunt
1096 561 1412 608 concupiscentiae
1440 560 1724 595 delectationum

161 628 290 654 tactus.

234 673 308 708 SED
337 683 492 708 CONTRA
512 680 575 713 est,
604 672 699 717 quod
723 670 860 705 Philos.
883 670 969 703 dicit
994 669 1030 703 in
1053 680 1084 714 7.
1107 668 1223 703 Ethic.
1255 668 1342 714 (cap.
1363 667 1428 712 4.),
1452 666 1549 713 quod
1578 679 1596 698 «
1613 665 1724 700 conti-

162 727 296 768 nentia,
318 735 353 760 et
374 725 639 760 incontinentia
661 733 744 758 sunt
766 725 860 758 circa
883 723 1022 764 eadem,
1046 723 1140 756 circa
1162 732 1254 767 quae
1275 720 1525 767 temperantia,
1547 727 1582 754 et
1598 720 1724 753 intem-

163 780 325 826 perantia
340 793 375 815 »ι
396 779 458 813 sed
479 778 728 824 temperantia,
751 785 786 811 et
806 776 1086 822 intemperantia
1107 783 1190 809 sunt
1212 775 1307 809 circa
1334 774 1645 820 concupiscentias
1667 773 1723 806 de-

164 833 402 867 lectationum
423 840 551 873 tactus,
574 839 612 865 ut
633 842 739 876 supra
761 830 925 864 habitum
947 837 1000 863 est
1021 829 1068 874 (q.
1088 840 1157 872 141.
1177 833 1242 863 art.
1263 828 1337 872 4.);
1369 838 1456 872 ergo
1479 826 1589 861 etiam
1611 826 1722 861 conti-

163 887 297 927 nentia,
320 894 354 920 et
375 884 637 919 incontinentia
658 892 741 918 sunt
763 885 857 917 circa
880 882 1047 916 eamdem
1070 881 1272 915 materiam.

231 940 460 974 RESPONDEO
483 938 689 978 dicendum,
713 936 809 982 quod
831 946 967 969 nomen
995 935 1239 969 continentiae
1266 933 1569 968 refraenationem
1601 944 1723 978 quarn-

161 993 245 1026 dam
268 994 460 1038 importat;
482 992 695 1037 inquantum
715 990 853 1024 scilicet
872 997 971 1023 tenet
993 1000 1030 1022 se
1053 988 1192 1034 aliquis,
1214 999 1259 1021 ne
1282 989 1468 1033 passiones
1482 994 1669 1032 sequatur3
1688 994 1723 1020 et

159 1046 242 1080 ideo
265 1047 407 1092 proprie
431 1045 654 1079 continentia
676 1044 804 1077 dicitur
827 1044 921 1077 circa
942 1042 1023 1075 illas
1045 1042 1242 1088 passiones,
1265 1051 1357 1086 quae
1378 1040 1569 1086 impellunt
1590 1039 1633 1074 ad
1663 1039 1723 1073 ali-

160 1100 243 1145 quid
263 1099 568 1144 prosequendum,
590 1099 625 1131 in
647 1097 774 1142 quibus
793 1095 973 1130 laudabile
997 1103 1049 1129 est
1070 1103 1108 1129 ut
1127 1095 1218 1129 ratio
1234 1094 1391 1128 retrahat
1404 1094 1596 1128 hominem
1611 1104 1630 1126 a
1645 1103 1723 1139 pro-

160 1153 364 1198 sequendo:
387 1163 460 1186 non
484 1159 605 1185 autem
626 1150 770 1196 proprie
792 1158 845 1183 est
867 1149 963 1183 circa
985 1148 1063 1182 illas
1091 1149 1290 1194 passiones,
1321 1159 1413 1193 quae
1442 1147 1641 1192 important
1672 1157 1723 1180 re-

160 1206 377 1240 tractionem
400 1204 620 1250 quamdam3
643 1203 735 1237 sicut
754 1203 876 1243 timor,
900 1210 934 1236 et
955 1201 1023 1235 alia
1045 1201 1274 1246 hujusmodi:
1297 1201 1333 1233 in
1355 1201 1410 1234 his
1433 1200 1529 1234 enim
1542 1198 1721 1233 laudabile

159 1267 213 1293 est
234 1259 441 1292 firmitatem
463 1268 605 1292 servare
628 1257 664 1290 in
683 1255 948 1301 prosequendo,
968 1255 1065 1300 quod
1088 1255 1179 1288 ratio
1203 1254 1323 1295 dictat,
1339 1261 1377 1287 ut
1398 1264 1503 1299 supra
1518 1253 1655 1286 dictum
1669 1260 1722 1286 est

161 1312 208 1357 (q.
228 1324 293 1357 123.
317 1317 380 1346 art.
398 1323 424 1356 3.
446 1316 474 1344 et
494 1310 567 1354 4.);
592 1318 644 1343 est
666 1317 787 1342 autem
807 1308 1122 1349 considerandum,
1146 1307 1242 1352 quod
1264 1306 1446 1341 naturales
1467 1306 1720 1340 inclinationes

161 1365 337 1410 principia
359 1372 440 1398 sunt
461 1363 628 1397 omnium
642 1361 985 1407 supervenientium,
1001 1369 1038 1394 ut
1051 1371 1158 1405 supra
1180 1360 1317 1393 dictum
1339 1368 1392 1393 est
1408 1360 1553 1403 (elicitur
1569 1371 1608 1393 ex
1622 1371 1651 1404 q.
1664 1359 1720 1393 26.

159 1423 222 1452 art.
239 1430 266 1463 3.
287 1429 315 1463 7.
339 1422 366 1452 at
387 1417 452 1461 S.),·
473 1425 507 1450 et
527 1417 609 1449 ideo
631 1415 818 1461 passiones
839 1422 940 1448 tanto
961 1413 1214 1447 vehementius
1233 1412 1423 1458 impellunt
1437 1413 1480 1446 ad
1496 1412 1628 1458 aliquid
1643 1423 1722 1458 pro—

159 1472 395 1516 sequendum,
418 1477 553 1515 quanto
576 1469 692 1513 magis
710 1476 908 1513 sequuntur
930 1466 1205 1500 inclinationem
1227 1473 1394 1507 naturae;
1418 1476 1509 1511 quae
1527 1465 1719 1510 praecipue

156 1523 306 1557 inclinat
329 1524 372 1557 ad
395 1535 436 1557 ea
464 1534 554 1568 quae
585 1530 668 1556 sunt
697 1521 763 1554 sibi
796 1520 1011 1560 necessaria,
1034 1519 1091 1553 vel
1119 1519 1162 1552 ad
1187 1518 1503 1552 conservationem
1533 1518 1718 1559 individui,

156 1577 248 1611 sicut
269 1585 351 1610 sunt
369 1577 450 1618 cibi,
471 1575 529 1610 vel
552 1575 595 1608 ad
619 1573 936 1609 conservationem
956 1573 1100 1618 speciei,
1126 1572 1218 1606 sicut
1239 1580 1322 1605 sunt
1343 1580 1443 1605 actus
1465 1571 1620 1612 venerei,
1636 1582 1721 1616 quo-

157 1642 236 1664 rum
260 1630 520 1664 delectationes
543 1629 587 1662 ad
608 1636 746 1662 tactum
769 1628 962 1672 pertinent,
987 1634 1020 1659 et
1041 1625 1122 1658 ideo
1146 1625 1380 1666 continentia,
1403 1632 1438 1659 et
1458 1624 1719 1658 incontinentia

155 1683 297 1730 proprie
320 1683 485 1716 dicuntur
508 1682 603 1715 circa
626 1679 938 1726 concupiscentias
961 1677 1243 1712 delectationum
1264 1684 1392 1712 tactus.

226 1737 285 1770 AD
302 1746 451 1770 PRIMUM
474 1745 560 1780 ergo
584 1734 789 1775 dicendum,
812 1732 908 1778 quod
931 1732 1023 1765 sicut
1044 1742 1181 1764 nomen
1202 1730 1463 1776 temperantiae
1484 1738 1602 1776 potest
1623 1741 1720 1764 com-

156 1790 312 1823 muniter
335 1789 450 1834 accipi
471 1789 507 1822 in
527 1798 756 1833 quacumque
779 1787 948 1827 materia,
971 1785 1113 1830 proprie
1132 1793 1254 1818 tamen
1278 1785 1405 1818 dicitur
1421 1784 1457 1817 in
1474 1783 1533 1818 illa
1556 1784 1718 1826 materia,

153 1843 189 1876 in
205 1854 274 1888 qua
296 1850 348 1876 est
367 1842 544 1887 optimum
567 1840 758 1874 hominem
780 1838 993 1879 refraenari,
1012 1838 1059 1871 ita
1082 1837 1191 1871 etiam
1222 1837 1444 1870 continentia
1471 1837 1614 1883 proprie
1637 1837 1719 1871 dici-

152 1905 208 1930 tur
222 1896 259 1930 in
274 1896 435 1936 materia,
451 1895 486 1928 in
504 1905 574 1939 qua
590 1902 642 1927 est
657 1893 849 1938 optimum,
860 1900 894 1925 et
908 1890 1161 1925 difficillimum
1175 1890 1364 1931 contineri,
1381 1890 1518 1924 scilicet
1531 1890 1567 1923 in
1588 1901 1719 1924 concu-

153 1949 338 1995 piscentiis
358 1948 640 1982 delectationum
663 1954 798 1986 tactus3
822 1945 1065 1978 communiter
1081 1952 1212 1984 autem,
1229 1951 1263 1977 et
1283 1944 1483 1977 secundum
1502 1943 1586 1988 quid
1600 1951 1719 1988 potest

154 2004 225 2036 dici
243 2003 279 2036 in
301 2012 532 2048 quacumque
555 2000 623 2034 alia
645 1999 816 2040 materia;
839 2006 874 2032 et
894 1998 965 2032 hoc
988 1998 1099 2031 modo
1119 1999 1227 2031 utitur
1241 1997 1457 2030 Ambrosius
1471 1997 1621 2030 nomine
1636 2008 1718 2030 con-

153 2057 337 2090 tinentiae.

224 2110 283 2143 ΑΙ)
307 2118 514 2143 SECUNDUM
534 2106 740 2146 dicendum,
763 2104 969 2150 quodcirca
990 2103 1162 2137 timorem
1184 2114 1257 2136 non
1280 2103 1423 2148 proprie
1442 2102 1608 2136 laudatur
1630 2114 1714 2137 con-

157 2162 318 2203 tinentia,
340 2162 402 2195 sed
422 2162 537 2205 magis
560 2159 708 2193 firmitas
728 2159 849 2199 animi,
873 2169 982 2203 quam
997 2157 1169 2191 fortitudo
1185 2157 1374 2202 importat:
1397 2157 1449 2190 ira
1469 2165 1588 2190 autem
1606 2157 1716 2202 impe-

157 2224 233 2249 tum
257 2215 403 2260 quidem
430 2213 515 2246 facit
537 2213 579 2245 ad
603 2212 736 2257 aliquid
759 2211 1070 2256 prosequendum3
1105 2210 1171 2243 iste
1199 2218 1321 2243 tamen
1343 2210 1499 2255 impetus
1522 2210 1638 2255 magis
1665 2221 1715 2244 se-

157 2269 277 2314 quitur
298 2266 627 2313 apprehensionem
646 2264 855 2305 animalem,
878 2272 983 2309 prout
1002 2263 1140 2297 scilicet
1162 2263 1288 2308 aliquis
1312 2263 1548 2308 apprehendit
1573 2275 1610 2297 se
1638 2274 1714 2297 esse

153 2322 194 2355 ab
212 2321 282 2355 alio
298 2321 450 2360 laesum,
473 2330 580 2364 quam
596 2317 869 2351 inclinationem
886 2316 1108 2357 naturale1n3
1132 2324 1167 2349 et
1184 2316 1266 2349 ideo
1283 2315 1412 2349 dicitur
1426 2316 1572 2361 quidem
1587 2316 1714 2362 aliquis

152 2374 352 2409 secundum
373 2373 457 2418 quid
481 2372 671 2406 continens
690 2371 774 2411 irae,
797 2381 870 2403 non
892 2378 1014 2403 tamen
1035 2368 1256 2414 simpliciter.

223 2428 282 2461 AD
307 2436 477 2460 TERT1UM
500 2424 705 2464 dicendum,
734 2423 830 2468 quod
865 2423 1073 2467 hujusmodi
1096 2422 1271 2455 exteriora
1303 2422 1409 2463 bona,
1431 2422 1523 2456 sicut
1543 2422 1714 2464 honores,

151 2481 306 2521 divitiae,
326 2488 360 2514 et
379 2477 602 2523 hujusmodi,
624 2484 662 2510 ut
683 2475 819 2510 Philos.
843 2476 927 2508 dicit
948 2476 983 2508 in
1001 2486 1030 2520 7.
1047 2475 1162 2509 Ethic.
1188 2475 1274 2521 (cap.
1293 2476 1356 2520 4.),
1380 2475 1545 2509 videntur
1566 2475 1714 2521 quidem

150 2533 350 2567 secundum
372 2544 409 2566 se
433 2542 510 2565 esse
533 2529 716 2575 eligibilia,
738 2539 812 2562 non
835 2537 954 2562 autem
977 2530 1076 2573 quasi
1104 2528 1307 2562 necessaria
1330 2528 1373 2562 ad
1397 2528 1713 2562 conservationem

150 2595 318 2627 naturae;
342 2593 374 2619 et
397 2585 478 2618 ideo
507 2584 602 2617 circa
625 2593 666 2616 ea
696 2593 769 2615 non
793 2581 946 2614 dicimus
980 2581 1191 2626 simpliciter
1221 2580 1360 2626 aliquos
1395 2581 1632 2622 continentes,
1654 2580 1714 2615 vel

149 2639 426 2679 incontinentes,
449 2637 511 2670 sed
533 2636 734 2670 secundum
756 2634 852 2680 quid,
875 2634 1091 2679 apponendo
1115 2634 1211 2679 quod
1234 2634 1304 2667 sint
1326 2634 1563 2675 continentes,
1586 2634 1643 2668 vel
1663 2634 1714 2667 in-

151 2692 378 2726 continentes
401 2691 502 2731 lucri,
535 2689 593 2723 vel
626 2688 788 2729 honoris,
810 2687 868 2721 vel
891 2687 1039 2730 alicujus
1062 2687 1290 2731 hujusmodi3
1318 2695 1352 2721 et
1376 2687 1458 2721 ideo
1490 2687 1547 2721 vel
1570 2686 1712 2721 Tullius

152 2744 394 2778 communiter
416 2755 499 2777 usus
523 2750 575 2776 est
596 2742 744 2775 nomine
768 2739 1023 2780 continentiae,
1047 2749 1151 2784 prout
1167 2740 1442 2785 comprehendit
1455 2740 1518 2773 sub
1541 2751 1579 2774 se
1601 2740 1711 2773 etiam

151 2798 412 2832 continentiam
434 2796 634 2830 secundum
660 2795 763 2840 quid:
786 2793 843 2828 vel
877 2793 1008 2838 accipit
1037 2793 1270 2838 cupiditatem
1304 2793 1424 2827 stricte
1456 2804 1520 2838 pro
1543 2792 1711 2838 concupi-

152 2851 287 2888 scentia
310 2849 578 2886 delectabilium
595 2856 723 2882 tactus.
