1859 3122
457 158 678 194 QUAESTIO
713 158 889 188 CXXXVI.
922 158 1167 188 ARTICULUS
1199 159 1240 190 V.
1559 160 1638 204 903

84 241 210 288 aliquis
231 241 339 275 habet
361 242 524 274 animum
543 240 714 275 tendendi
728 241 763 275 in
779 240 924 287 aliquid,
943 240 1039 286 quod
1055 240 1090 274 in
1105 240 1343 287 longinquum
1360 241 1485 285 distat3
1508 249 1543 276 et
1560 241 1642 276 ideo

83 295 175 329 sicut
195 294 476 339 magnanimitas
499 294 614 339 magis
636 294 780 340 respicit
805 305 906 340 spem
932 293 1141 328 tendentem
1168 294 1204 327 in
1231 295 1380 337 bonum,
1402 306 1509 341 quam
1539 295 1643 329 auda-

83 347 189 390 ciam,
210 347 268 382 vel
289 349 471 389 timorem,
490 348 563 381 sive
586 348 777 390 tristitiam,
799 358 890 394 quae
912 347 1106 393 respiciunt
1132 347 1280 389 malum,
1308 348 1356 382 ita
1383 349 1491 382 etiarn
1518 348 1641 394 longa·

83 400 246 443 nimitas;
269 401 362 435 unde
384 400 641 446 longanimitas
656 401 833 446 majorem
855 401 1146 434 convenientiam
1162 400 1301 434 videtur
1318 401 1452 436 habere
1467 413 1552 436 curn
1567 412 1640 435 ma-

84 454 331 499 gnanimitate,
358 465 466 499 quam
490 465 572 487 cum
591 454 772 499 patientia.
795 453 920 488 Potest
940 462 1061 488 tamen
1081 454 1273 488 convenire
1294 466 1377 488 eum
1398 455 1568 500 patientia
1586 454 1642 489 du-

78 507 160 554 plici
181 507 336 542 ratione:
354 508 465 553 primo
489 507 646 552 quidem,
669 507 751 553 quia
773 507 954 553 patientia,
977 507 1068 541 sicut
1089 516 1123 541 et
1142 506 1328 549 fortitudo,
1350 508 1501 542 sustinet
1523 507 1642 554 aliqua

83 559 179 594 mala
200 568 345 606 propter
368 559 511 606 aliquod
541 560 695 602 bonum3
722 560 818 606 quod
845 560 874 594 si
896 571 937 594 ex
959 559 1161 605 propinquo
1185 569 1401 606 expectetur,
1428 560 1566 595 facilius
1589 569 1644 596 est

83 614 276 648 sustinere:
299 614 327 648 si
347 621 465 647 autem
485 613 521 646 in
544 613 782 660 longinquum
805 612 987 648 differatur
1008 613 1096 647 illud
1118 613 1266 655 bonum,
1283 613 1379 647 mala
1395 622 1516 648 autem
1538 625 1641 661 opor-

82 675 155 702 teat
175 667 211 701 in
232 667 410 714 praesenti
431 667 615 707 sustinere,
639 665 817 701 difficilius
839 674 907 701 est:
936 666 1086 709 secundo,
1115 668 1197 712 quia
1230 667 1302 700 hoc
1328 667 1447 712 ipsum
1469 668 1566 713 quod
1588 675 1642 702 est

83 720 215 755 differri
224 721 361 755 bonum
373 727 566 766 speratum,
578 728 702 754 natum
714 728 767 754 est
781 731 928 754 causare
939 720 1131 762 tristitiam,
1141 720 1339 754 secundum
1350 719 1437 754 illud
1449 720 1555 754 Prov.
1571 731 1622 766 13.
1633 732 1640 754 :

84 774 174 820 Spes,
196 786 276 820 quac
298 773 460 819 differtur,
477 773 591 820 affligit
605 775 774 815 animam,-
798 774 891 808 unde
915 782 949 808 et
966 774 1001 807 in
1023 774 1232 808 sustinendo
1252 774 1462 819 hujusmodi
1483 774 1642 809 afflictio-

82 839 167 862 nem
190 835 310 873 potest
331 838 407 861 esse
430 828 613 872 patientia,
635 828 727 862 sicut
748 836 782 862 et
802 828 838 861 in
857 827 1065 862 sustinendo
1085 838 1331 873 quascumque
1354 827 1441 861 alias
1462 828 1641 870 tristitias;

83 880 133 915 sic
155 891 242 926 ergo
265 881 465 914 secundum
487 881 583 926 quod
610 881 672 915 sub
700 881 829 915 eadem
854 881 993 914 ratione
1019 879 1107 913 mali
1133 881 1376 915 contristantis
1403 889 1520 927 potest
1546 893 1643 916 com-

82 933 257 980 prehendi
279 941 313 967 et
335 932 457 967 dilatio
478 933 564 968 boni
586 935 727 980 sperati,
754 945 846 980 quae
871 933 1024 979 pertinet
1051 933 1094 966 ad
1120 932 1450 978 longanimitatem,
1473 943 1508 968 et
1528 934 1642 977 labor,

85 997 195 1033 quem
216 986 330 1020 horno
353 987 502 1021 sustinet
522 987 558 1020 in
581 987 787 1020 continuata
810 986 1023 1020 executione
1044 986 1130 1020 boni
1152 986 1281 1032 operis,
1305 987 1400 1032 quod
1422 988 1575 1033 pertinet
1596 988 1640 1023 ad

84 1040 337 1081 constantiam,
359 1048 434 1074 tam
459 1039 728 1085 longanimitas,
756 1051 865 1085 quarn
892 1039 999 1073 etiam
1029 1039 1231 1074 constantia
1258 1040 1321 1073 sub
1348 1040 1520 1085 patientia
1547 1052 1644 1075 com-

85 1093 364 1139 prehenduntur.
392 1093 498 1127 Unde
520 1100 555 1126 et
577 1091 719 1127 Tullius
742 1092 816 1136 (lib.
838 1105 868 1127 2.
891 1092 927 1126 de
947 1093 1092 1137 Invent.)
1117 1092 1289 1126 definiens
1311 1093 1521 1139 patientiam
1542 1094 1639 1136 dicit,

84 1146 179 1192 quod
206 1146 407 1192 «patientia
435 1153 488 1180 est
514 1145 712 1180 honestatis
735 1157 775 1180 ac
798 1145 958 1180 utilitatis
973 1156 1092 1187 causa,
1105 1145 1309 1179 voluntaria
1325 1157 1365 1180 ac
1380 1146 1546 1181 diuturna
1564 1158 1639 1193 per-

83 1199 202 1245 pessio
229 1210 347 1233 rerum
375 1199 578 1240 arduarum,
605 1210 646 1232 ac
673 1198 872 1233 difficilium
890 1210 929 1231 »z
958 1199 1054 1244 quod
1081 1199 1168 1232 dicit
1193 1198 1389 1241 arduarmn,
1417 1200 1571 1245 pertinet
1597 1200 1640 1234 ad

84 1253 324 1287 constantiam
345 1252 380 1286 in
401 1252 516 1286 bono:
533 1252 629 1298 quod
645 1252 730 1286 dicit
743 1252 938 1299 difficilium,
954 1252 1107 1298 pertinet
1128 1252 1171 1286 ad
1187 1252 1402 1297 gravitatem
1416 1252 1514 1295 mali,
1530 1264 1638 1299 quam

81 1305 224 1351 proprie
245 1305 389 1352 respicit
409 1306 598 1351 patientia:
621 1306 718 1352 quod
739 1316 825 1339 vero
849 1305 956 1347 addit,
978 1305 1150 1346 diuturna,
1170 1306 1244 1339 sive
1259 1305 1403 1349 diutina,
1423 1307 1578 1352 pertinet
1595 1306 1639 1341 ad

82 1358 409 1404 longanimitatem,
431 1358 630 1393 secundum
652 1359 751 1404 quod
773 1359 942 1393 convenit
964 1370 1047 1393 curn
1074 1359 1256 1404 patientia.

152 1411 196 1445 Et
216 1423 279 1457 per
299 1412 370 1445 hoc
392 1420 490 1458 patet
510 1412 697 1457 responsio
718 1422 768 1446 AD
790 1422 939 1446 PR1MUM
959 1420 992 1446 et
1013 1422 1232 1446 SECUNDUM.

152 1465 211 1499 AD
239 1469 409 1500 TERTHJM
432 1465 636 1507 dicendum,
659 1465 756 1511 quod
782 1465 869 1499 illud
897 1465 993 1511 quod
1016 1473 1069 1499 est
1088 1465 1330 1511 longinquum
1355 1465 1452 1508 loco,
1476 1467 1641 1512 quamvis

83 1517 127 1552 sit
148 1525 330 1552 remotum
352 1530 371 1551 a
397 1518 511 1560 nobis,
537 1530 611 1552 non
637 1526 760 1552 tamen
787 1526 839 1552 est
866 1518 1075 1564 simpliciter
1101 1526 1283 1552 remotum
1312 1530 1331 1552 a
1356 1527 1483 1553 natura
1510 1531 1642 1562 rerum,

84 1571 223 1606 sicutid
239 1572 335 1618 quod
351 1581 402 1606 est
423 1572 665 1618 longinquum
686 1580 868 1618 tempore3
892 1580 926 1605 et
947 1572 1028 1605 ideo
1050 1583 1124 1606 non
1147 1580 1199 1606 est
1213 1571 1340 1606 similis
1355 1573 1466 1615 rati0;
1489 1580 1524 1608 et
1544 1585 1643 1619 prae-

82 1633 179 1659 terea
201 1625 297 1670 quod
320 1633 372 1659 est
398 1625 639 1671 longinquum
661 1624 756 1667 loco,
783 1636 856 1659 non
885 1624 987 1659 affert
1013 1624 1272 1667 difficultatem,
1300 1626 1369 1660 nisi
1394 1626 1532 1660 ratione
1553 1635 1642 1661 tem-

82 1678 198 1724 poris3
226 1678 309 1724 quia
330 1679 426 1724 quod
448 1686 501 1712 est
522 1678 763 1724 longinquum
783 1677 868 1713 loco
892 1689 911 1712 a
932 1678 1048 1720 nobis,
1073 1679 1207 1712 tardius
1233 1686 1398 1724 ternpore
1426 1679 1469 1713 ad
1490 1691 1557 1714 nos
1580 1691 1642 1726 po·

81 1739 151 1765 test
170 1731 367 1778 pervenire.

155 1784 354 1825 QUARTmi
381 1784 635 1819 concedimus:
664 1792 787 1818 tamen
815 1784 1076 1819 consideranda
1098 1792 1150 1818 est
1171 1784 1261 1818 ratio
1285 1784 1380 1819 illius
1408 1784 1640 1828 differentiae,

84 1849 192 1884 quam
215 1837 347 1872 Glossa
369 1838 542 1883 assignat:
567 1838 649 1884 quia
671 1838 706 1870 in
727 1837 782 1871 his
805 1837 865 1883 qui
887 1848 928 1871 ex
949 1837 1155 1871 infirmitate
1170 1845 1334 1883 peccant,
1356 1840 1427 1872 hoc
1450 1838 1572 1872 solum
1593 1839 1641 1873 vi-

83 1890 186 1925 detur
205 1890 446 1936 importabile,
473 1891 569 1936 quod
592 1890 651 1924 diu
672 1898 901 1936 perseverant
925 1890 962 1924 in
990 1889 1106 1932 ma103
1134 1898 1169 1925 et
1196 1890 1277 1925 ideo
1306 1891 1443 1934 dicitur,
1471 1892 1568 1938 quod
1597 1904 1640 1927 ex

82 1943 357 1990 longanimitate
379 1952 650 1990 supportantur:
674 1943 735 1978 sed
756 1943 827 1978 hoc
849 1943 968 1990 ipsum
989 1944 1086 1989 quod
1105 1943 1231 1989 aliquis
1254 1955 1297 1978 ex
1315 1945 1480 1990 superbia
1500 1953 1638 1991 peccat,

83 1997 310 2043 importabile
331 1997 489 2039 videtur3
513 2005 547 2031 et
567 1997 649 2031 ideo
671 2008 733 2042 per
758 1996 970 2043 patientiam
989 1997 1155 2031 dicuntur
1169 1997 1337 2031 sustineri
1357 1997 1420 2041 illi,
1443 1998 1504 2044 qui
1524 2009 1566 2032 ex
1587 2010 1640 2033 su-

82 2046 204 2096 perbia
224 2059 387 2097 peccant.

507 2285 859 2345 QUAESTIO
901 2286 1209 2333 CXXXVII.

200 2408 263 2439 DE
288 2407 688 2446 PERSEVERANTIA,
717 2408 769 2438 IN
795 2407 1023 2447 QUATUOR
1048 2409 1309 2442 ARTICULOS
1335 2410 1513 2442 DIVISA.

152 2528 292 2563 Deinde
315 2528 617 2563 considerandum
638 2537 690 2564 est
711 2529 754 2564 de
775 2531 1052 2576 perseverantia,
1076 2540 1110 2566 et
1130 2531 1223 2566 vitiis
1246 2531 1435 2577 oppositis.

423 2611 525 2646 Circa
540 2613 820 2656 perseverantiam
841 2618 950 2648 autem
967 2618 1171 2658 quaeruntur
1191 2618 1344 2658 quatuor.

153 2680 287 2714 Primo.
315 2681 446 2715 Utrum
464 2682 730 2727 perseverantia
751 2683 795 2716 sit
815 2683 937 2717 virtus.

156 2732 334 2768 Secundo.
357 2734 488 2767 Utrum
511 2734 555 2768 sit
574 2746 655 2780 pars
676 2734 903 2770 fortitudinis.

156 2784 293 2819 Tertio.
318 2786 518 2826 Quomodo
540 2798 577 2821 se
598 2787 729 2822 habeat
750 2788 792 2822 ad
816 2789 1070 2824 constantiam.

156 2838 307 2879 Quarto.
331 2839 462 2873 Utrum
483 2840 642 2886 indigeat
663 2840 794 2875 auxilio
814 2842 963 2887 gratiae.
