1859 3122
468 174 690 210 QUAEST1o
723 174 822 204 XLV.
857 174 1101 205 ARTICULUS
1134 175 1173 205 v.
1516 175 1598 219 349

112 256 186 291 SED
214 266 368 292 CONTRA
391 263 454 298 est,
477 256 572 302 quod
595 256 814 302 quicumque
844 263 897 290 cst
922 256 999 290 sine
1022 264 1173 302 peccato
1203 255 1360 297 mortali,
1395 255 1554 301 diligitur
1582 267 1601 289 a

41 310 139 353 Deo;
158 311 241 356 quia
262 310 478 344 charitatem
496 310 616 352 habet,
638 321 708 356 qua
729 309 851 344 Deum
874 309 1008 354 diligit:
1035 310 1136 344 Deus
1158 318 1278 344 autem
1309 309 1475 355 diligentes
1500 321 1531 344 sa
1557 309 1604 344 di-

40 364 124 409 tigit,
148 372 186 398 ut
206 363 336 398 dicitur
357 363 525 397 Proverb.
549 363 599 397 8.:
628 363 689 397 sed
717 362 800 409 Sap.
829 373 860 407 7.
888 363 1029 405 dicitur,
1056 363 1153 408 quod
1178 364 1340 397 »neminem
1367 363 1474 407 diligit
1498 364 1601 404 Deus,

39 419 103 452 nisi
123 429 196 452 eum
214 418 270 463 qui.
291 429 364 451 cum
385 419 549 464 supientia
570 417 759 457 inhabitat;
783 427 870 461 ergo
893 416 929 450 in
949 416 1116 450 omnibus
1131 416 1345 451 habentibus
1360 417 1513 462 gratiam
1527 417 1603 451 sine

40 479 190 517 peccato
213 471 358 505 mortali
380 471 610 505 existentibus
633 477 685 504 cst
706 470 892 515 sapientia.

110 525 336 560 Rnspoxmzo
360 525 564 565 dicendum,
587 523 682 569 quod
705 523 890 568 sapientia,
914 524 956 557 de
979 535 1048 569 qua
1066 523 1261 570 loquimur,
1281 524 1372 558 sicut
1393 524 1529 558 dictum
1552 532 1604 558 est

39 579 123 623 (art.
140 579 286 625 pruma),
310 579 483 624 importat
504 578 699 623 quamdam
722 577 972 610 rectitudinem
996 578 1116 621 judicii
1140 578 1235 611 circa
1258 578 1376 611 divina
1405 586 1439 612 et
1466 578 1605 624 conspi-

40 633 178 673 cienda,
201 641 235 666 ct
257 632 500 666 consulenda:
523 640 556 665 ct
578 639 751 676 quantum
775 630 817 664 ad
842 639 1033 676 utrumque
1056 644 1097 664 ex
1120 632 1253 665 unione
1277 631 1320 664 ad
1343 631 1462 664 divina
1482 643 1605 665 secun-

41 686 126 719 dum
149 686 310 720 diversos
330 685 460 730 gradus
484 684 593 730 aliqui
614 684 827 730 sapientiam
850 684 1065 718 sortiuntur:
1089 685 1235 730 quidam
1258 685 1355 718 enim
1374 693 1514 718 tantum
1532 696 1604 719 sor-

39 741 174 773 tiuntur
196 739 239 773 de
262 747 360 773 recto
383 738 517 784 judicio
540 746 615 771 tam
641 738 677 771 in
705 736 1015 783 contemplatione
1045 738 1261 780 divinorum,
1292 749 1401 784 quam
1431 739 1540 772 etiam
1567 738 1603 771 in

41 792 267 826 ordinatione
286 803 407 826 rerum
428 792 671 825 humanarum
692 790 893 824 secundum
920 791 1058 825 divinas
1086 791 1239 838 regulas,
1267 800 1442 838 quantum
1469 800 1521 826 est
1546 803 1604 826 ne-

41 845 239 880 cessarium
261 845 305 879 ad
327 845 498 879 salutern:
522 853 556 879 et
575 844 647 878 hoc
669 843 759 877 nulli
780 844 880 878 deest
901 844 976 878 sine
1004 853 1154 890 peccato
1182 844 1328 879 mortali
1350 845 1514 879 existenti
1540 857 1603 891 per

41 899 194 945 gratiam
217 907 360 945 gratum
382 898 594 932 facientem:
617 897 700 943 quia
722 899 750 932 si
776 905 903 931 natura
929 909 1003 932 non
1031 898 1151 933 deficit
1175 899 1212 932 in
1237 899 1460 941 necessariis,
1487 899 1602 932 multo

41 953 159 987 minus
182 953 316 999 gratia3
334 953 428 986 unde
444 952 572 986 dicitur
590 951 748 996 1.Joan.:
771 952 891 986 Unctio
905 951 994 986 docet
1006 964 1064 986 vos
1078 952 1114 986 de
1129 953 1289 987 omnibus.
1306 952 1465 993 Quidam
1483 960 1603 986 autem

41 1005 160 1040 altiori
182 1006 293 1052 gradu
315 1005 516 1052 percipiunt
537 1005 733 1050 sapientiae
755 1004 912 1048 donum3
936 1013 970 1039 et
988 1013 1162 1051 quantum
1190 1006 1233 1040 ad
1256 1005 1603 1052 contemplationem

41 1059 258 1101 divinorum,
281 1059 495 1105 inquantum
517 1058 655 1092 scilicet
684 1057 812 1092 altiora
839 1059 1018 1104 quaedam
1046 1059 1219 1106 mysteria
1241 1068 1276 1094 et
1305 1067 1544 1105 cognoscunt,
1571 1067 1605 1093 et

42 1112 119 1147 aliis
140 1112 371 1147 manifestare
393 1120 563 1158 possunt;
586 1119 620 1145 et
642 1111 751 1145 etiam
774 1120 949 1158 quantum
969 1112 1012 1146 ad
1035 1112 1274 1147 directionem
1288 1113 1537 1147 humanorum
1555 1123 1605 1146 se-

42 1166 201 1200 cundum
222 1165 364 1210 regulas
383 1166 533 1207 divinas,
547 1165 761 1211 inquantum
777 1173 929 1211 possunt
941 1166 1142 1200 secundum
1157 1178 1216 1201 eas
1231 1178 1305 1201 non
1320 1166 1440 1201 solum
1455 1167 1605 1213 seipsos,

41 1219 103 1254 sed
126 1219 234 1253 etiam
258 1219 346 1253 alios
369 1219 553 1253 ordinare:
571 1227 605 1253 et
619 1219 685 1253 iste
700 1219 832 1264 gradus
847 1219 1044 1265 sapientiae
1059 1231 1134 1254 non
1149 1228 1202 1254 est
1217 1221 1423 1255 communis
1438 1220 1606 1255 omnibus

41 1273 254 1307 habentibus
277 1273 431 1317 gratiam
453 1280 597 1318 gratum
624 1271 829 1314 facientem,
855 1272 917 1306 sed
944 1273 1061 1319 magis
1087 1274 1242 1320 pertinet
1268 1275 1311 1308 ad
1338 1275 1470 1320 gratias
1496 1274 1606 1319 gratis

42 1326 155 1367 datas,
170 1337 258 1372 quas
274 1325 426 1372 Spiritus
442 1325 595 1360 Sanctus
611 1326 787 1360 distribuit
801 1334 908 1372 prout
921 1326 1008 1369 vult,
1023 1327 1224 1362 secundum
1237 1327 1324 1362 illud
1342 1339 1369 1362 1.
1385 1327 1429 1362 ad
1441 1328 1527 1362 Cor.
1541 1337 1604 1361 12.:

43 1380 116 1415 Alii
136 1379 235 1414 datur
246 1386 309 1426 per
327 1381 482 1426 spiritum
502 1392 608 1414 sermo
627 1381 817 1426 sapientiae,
838 1388 906 1414 etc.

114 1433 174 1467 AD
200 1443 350 1468 PRIMUM
372 1444 458 1478 ergo
490 1433 695 1475 dicendum,
726 1432 824 1479 quod
854 1434 982 1480 Apost.
1013 1433 1172 1480 loquitur
1198 1435 1247 1470 ibi
1275 1435 1318 1469 de
1342 1430 1529 1482 sapientia,
1556 1446 1606 1469 se-

45 1486 203 1519 cundum
224 1486 320 1532 quod
338 1497 376 1520 se
395 1486 552 1520 extendit
570 1486 613 1520 ad
635 1486 779 1520 occulta
800 1487 973 1532 mysteria
995 1487 1218 1522 divinorum:
1241 1489 1334 1522 sicut
1355 1497 1389 1523 et
1409 1489 1543 1522 ibidem
1570 1488 1605 1522 di

47 1539 156 1573 citur:
179 1540 368 1585 Loquimur
387 1540 454 1573 Dei
474 1541 670 1586 sapientiam
692 1542 727 1574 in
748 1542 912 1585 mysterio,
935 1553 1017 1586 quae
1039 1541 1227 1576 abs-condita
1249 1548 1302 1577 est.

116 1593 175 1627 Ao
196 1603 403 1627 SECUNDUM
425 1593 629 1635 dicendum,
652 1593 749 1638 quod
771 1594 936 1639 quamvis
958 1594 1124 1628 ordinare
1146 1594 1236 1629 alios
1251 1595 1433 1638 homines,
1449 1604 1483 1630 et
1497 1595 1540 1630 de
1555 1595 1606 1630 eis

43 1646 202 1691 judicare
229 1647 403 1692 pertineat
425 1646 468 1679 ad
490 1646 588 1680 solos
609 1646 807 1692 praelatos:
830 1654 951 1680 tamen
974 1648 1140 1682 ordinare
1169 1649 1334 1695 proprios
1363 1657 1474 1691 actus,
1502 1657 1535 1683 et
1563 1649 1606 1682 de

44 1699 95 1733 eis
117 1700 278 1744 judicare
300 1700 454 1746 pertinet
475 1699 519 1734 ad
540 1711 853 1746 unumquemque3
873 1708 910 1734 ut
932 1709 1029 1747 patet
1050 1713 1112 1748 per
1133 1702 1285 1748 Dionys.
1304 1703 1340 1737 in
1360 1703 1461 1749 epist.
1479 1704 1545 1749 (8.)
1562 1702 1606 1736 ad

45 1752 323 1798 Demophilum.

117 1807 176 1840 AD
197 1817 369 1841 TERTIUM
391 1806 596 1848 dicendum,
623 1807 720 1852 quod
747 1816 909 1842 amentes
941 1808 1121 1854 baptizati,
1151 1809 1243 1843 sicut
1273 1817 1308 1844 et
1334 1810 1446 1856 pueri,
1472 1810 1607 1844 habent

45 1860 190 1907 quidem
213 1860 377 1893 habitum
399 1860 606 1906 sapientiae,
629 1860 828 1894 secundum
850 1862 945 1907 quod
968 1869 1020 1895 est
1041 1862 1179 1896 donum
1199 1862 1350 1909 Spiritus
1374 1863 1517 1905 Sancti3
1544 1863 1606 1897 sed

45 1925 119 1948 non
140 1914 275 1947 habent
297 1921 429 1956 actum,
451 1921 597 1960 propter
617 1913 919 1960 impedimentum
947 1915 1147 1961 corporale,
1174 1927 1247 1962 quo
1273 1916 1468 1963 impeditur
1492 1917 1529 1951 in
1556 1917 1606 1951 eis

46 1979 131 2002 usus
153 1975 313 2002 rationis.

595 2109 939 2155 ARTICULUS
959 2111 1037 2155 VI.
1538 2135 1606 2171 254

113 2216 266 2248 UTRUM
299 2216 484 2247 SEPTIMA
515 2217 770 2248 BEATITUDO
803 2219 1088 2251 RESPONDEAT
1123 2219 1249 2251 DONO
1283 2221 1551 2251 SAPIENTIAE.

215 2303 294 2348 (1-2.
311 2316 340 2350 q.
357 2305 413 2350 69.
429 2310 492 2339 art.
505 2316 533 2351 3.
548 2310 578 2340 et
591 2305 633 2339 ad
649 2316 678 2340 Ι.
693 2312 721 2341 et
735 2312 798 2342 art.
813 2319 845 2352 4.
861 2313 928 2354 et3.
944 2308 1031 2342 Dist.
1043 2319 1095 2354 34.
1111 2319 1141 2354 q.
1159 2318 1187 2342 Ι.
1202 2314 1268 2344 art.
1282 2320 1315 2353 4.
1331 2314 1360 2344 et
1377 2309 1440 2356 6.).

119 2393 180 2427 AD
202 2402 354 2427 SEXTUM
375 2392 426 2427 sic
447 2393 662 2439 proceditur.
684 2394 846 2438 Videtur,
868 2397 965 2442 quod
986 2397 1138 2443 septima
1158 2397 1342 2433 beatitudo
1363 2410 1438 2433 non
1460 2410 1607 2445 respon-

50 2445 133 2480 deat
154 2446 251 2480 dono
270 2446 483 2492 sapientiae:
506 2447 659 2493 septima
680 2448 776 2483 enim
798 2449 982 2484 beatitudo
1005 2459 1073 2485 est:
1096 2452 1190 2486 Beati
1205 2453 1353 2498 pacifici,
1375 2453 1608 2498 quoniamfilii

49 2500 117 2533 Dei
136 2500 367 2534 vocabuntur:
390 2507 580 2547 utrumque
599 2509 719 2535 autern
741 2502 873 2536 horum
894 2504 1048 2549 pertinet
1067 2504 1277 2539 immediate
1304 2505 1347 2539 ad
1375 2506 1606 2539 charitatem:

49 2564 136 2586 nam
158 2553 202 2586 de
224 2564 313 2598 pace
336 2553 464 2587 dicitur
484 2553 521 2587 in
549 2554 606 2588 Ps.
641 2555 736 2590 118.:
767 2557 839 2590 Pax
866 2558 972 2592 multa
993 2558 1200 2603 diligentibus
1226 2559 1328 2603 legem
1356 2564 1468 2599 tuam;
1498 2567 1543 2601 et,
1570 2567 1608 2593 ut

50 2606 178 2651 Apost.
202 2606 287 2639 dicit
308 2605 414 2639 Rom.
441 2616 485 2650 5.:
511 2606 668 2642 Charitas
692 2609 759 2643 Dei
784 2609 902 2654 diffusa
921 2615 963 2644 cst
985 2612 1018 2644 in
1041 2611 1192 2646 cordibus
1218 2613 1335 2646 nostris
1356 2618 1416 2657 par
1443 2612 1607 2658 Spiritum

51 2659 221 2701 Sanctum,
249 2660 306 2704 qui
331 2658 427 2693 datus
453 2664 494 2694 est
511 2661 625 2701 nobis;
649 2661 709 2707 qui
735 2662 880 2708 quidem
903 2671 956 2697 est
974 2665 1109 2710 spiritns
1129 2665 1480 2710 adoptionisfiliorum,
1496 2667 1607 2711 inquo

52 2712 252 2746 clamamus:
275 2713 384 2753 Abba,
407 2718 518 2758 pater,
541 2721 579 2747 ut
600 2714 728 2748 dicitur
756 2715 864 2750 Rom.
895 2717 947 2759 8.;
979 2728 1065 2763 ergo
1096 2717 1248 2764 septima
1278 2717 1461 2752 beatitudo
1491 2718 1607 2764 magis

53 2765 157 2799 debet
178 2765 320 2798 attribui
343 2765 518 2808 charitati,
537 2778 646 2812 quam
666 2768 876 2814 sapientiae.

123 2828 154 2852 2.
176 2817 411 2852 PRAETEREA.
428 2818 721 2867 Unumquodque
738 2822 852 2867 magis
868 2822 1114 2857 manifestatur
1130 2834 1192 2869 per
1207 2823 1412 2868 proximum
1427 2823 1607 2868 effectum,

54 2882 163 2917 quam
182 2882 244 2917 per
264 2880 464 2906 remotum:
487 2872 547 2906 sed
569 2874 752 2919 proximus
774 2874 922 2910 effectus
945 2876 1141 2922 sapientiae
1167 2876 1307 2911 videtur
1337 2887 1413 2912 esse
1441 2878 1608 2920 charitas,
