1859 3122
499 159 721 195 QUAESTIO
755 159 870 190 LXIV.
903 159 1149 189 ARTICULUS
1182 159 1222 188 V.
1552 160 1636 202 477

73 248 110 274 ut
130 251 192 287 per
214 240 474 287 poenitentiam
497 241 677 286 expietur:
700 239 865 274 similiter
886 240 996 274 etiam
1018 239 1107 274 nulli
1122 239 1206 274 licet
1225 240 1385 286 seipsum
1406 239 1573 274 occidere
1593 240 1637 273 ob

71 294 242 328 timorem
262 305 307 328 ne
330 294 532 328 consentiat
549 294 585 327 in
608 301 813 339 peccatum:
837 295 920 339 quia
941 304 1016 327 non
1035 301 1118 327 sunt
1136 292 1300 328 facienda
1319 293 1427 335 mala,
1442 301 1481 327 ut
1493 293 1640 327 veniant

73 347 180 388 bona,
202 346 261 380 vel
275 354 313 380 ut
330 347 486 381 vitentur
501 346 608 388 mala,
628 347 840 393 praesertim
855 347 1010 388 minora,
1026 355 1059 380 et
1074 347 1194 381 minus
1210 355 1327 381 certa:
1347 347 1525 381 incertum
1541 347 1638 380 enim

73 408 136 443 est,
159 411 203 433 an
232 399 359 446 aliquis
386 400 421 433 in
449 399 610 434 futurum
638 400 841 435 consentiat
870 400 905 433 in
936 409 1146 446 peccatum:
1176 408 1304 446 potens
1335 408 1388 434 est
1415 400 1513 434 enim
1539 400 1638 434 Deus

70 452 261 487 hominem
283 464 511 499 quacumque
534 454 732 488 tentatione
754 454 1027 500 superveniente
1050 453 1201 487 liberare
1223 465 1242 486 a
1261 461 1422 500 peccato.

143 507 202 540 AD
218 516 406 546 QUARTUM
422 506 628 548 dicendum,
644 507 752 552 quod,
767 507 860 540 sicut
874 507 1027 552 August.
1044 506 1129 540 dicit
1143 507 1179 540 in
1192 517 1219 540 1.
1232 506 1274 540 de
1287 506 1447 541 Civ.Dei
1460 507 1637 552 (cap.2r.).·

74 559 183 593 «Nec
208 559 390 606 Sampson
413 560 513 594 aliter
535 569 735 601 excusatur,
763 559 860 605 quod
888 559 1047 605 seipsum
1077 571 1160 592 cum
1187 559 1350 593 hostibus
1379 560 1481 593 ruina
1508 560 1638 594 domus

71 613 258 659 oppressit,
279 613 348 646 nisi
369 613 466 659 quod
488 612 641 647 latenter
663 612 816 659 Spiritus
839 612 994 646 Sanctus
1015 612 1087 646 hoc
1109 613 1272 658 jusserat,
1292 613 1352 658 qui
1370 624 1432 659 per
1453 612 1557 646 illum
1576 613 1638 646 mi-

71 665 192 699 racula
214 665 369 700 faciebat
383 679 421 701 »ε
443 674 478 700 et
499 667 668 700 eamdem
690 666 869 699 rationem
892 666 1050 711 assignat
1072 665 1115 699 de
1135 665 1350 711 quibusdam
1366 666 1497 700 sanctis
1513 665 1638 700 foemi-

70 718 136 760 nis,
158 730 250 764 quae
271 728 436 764 ternpore
457 719 718 766 persecutionis
739 719 874 765 seipsas
897 719 1119 760 occiderunt,
1142 730 1295 764 quarum
1317 719 1496 753 memoria
1517 719 1553 752 in
1575 719 1625 753 Ec

71 771 180 805 clesia
203 771 414 806 celebratur.

141 825 201 859 AD
224 836 405 864 QUINTUM
431 826 636 867 dicendum,
659 825 756 871 quod
779 824 822 858 ad
844 824 1091 859 fortitudinem
1119 825 1284 872 pertinet,
1315 825 1411 871 quod
1440 825 1566 871 aliquis
1593 825 1636 859 ab

69 877 141 912 alio
163 887 322 912 mortem
344 879 416 924 pati
437 890 512 912 non
533 877 687 924 refugiat
707 886 855 924 propter
875 878 1013 912 bonurn
1035 879 1186 920 virtutis,
1209 887 1243 912 et
1262 886 1301 912 ut
1320 879 1408 912 vitet
1423 887 1634 925 peccatum:

70 933 132 966 sed
154 933 250 978 quod
273 932 400 978 aliquis
422 932 488 966 sibi
502 932 569 978 ipsi
582 931 712 965 inferat
726 940 894 973 mortem,
910 940 949 965 ut
962 932 1050 966 vitet
1064 932 1160 966 mala
1175 932 1354 978 poenalia,
1367 932 1477 966 habet
1491 932 1636 977 quidem

69 985 266 1031 quamdam
287 985 448 1032 speciem
469 985 687 1019 fortitudinis
716 986 878 1031 (propter
905 985 1002 1030 quod
1029 985 1177 1031 quidam
1204 986 1341 1032 seipsos
1368 985 1636 1026 interfecerunt,

69 1039 302 1073 aestimantes
327 1049 367 1072 se
387 1038 526 1072 fortiter
547 1049 672 1084 agere3
701 1039 744 1073 de
768 1050 923 1084 quorum
945 1050 1098 1072 numero
1128 1039 1256 1073 Razias
1278 1039 1379 1083 fuit);
1408 1050 1484 1072 non
1513 1047 1635 1073 tamen

69 1100 122 1126 est
136 1103 219 1125 vera
233 1091 418 1134 fortitudo,
433 1092 494 1126 sed
517 1091 633 1137 magis
655 1092 835 1138 quaedam
854 1091 1026 1126 mollities
1046 1092 1158 1125 animi
1175 1104 1249 1126 non
1268 1092 1420 1126 valentis
1439 1091 1537 1125 mala
1554 1103 1637 1138 poe-

68 1145 164 1178 nalia
185 1145 372 1187 sustinere,
395 1154 432 1179 ut
449 1153 546 1191 patet
566 1156 630 1191 per
650 1145 744 1179 Phil.
766 1145 802 1179 in
828 1156 856 1191 3.
872 1145 988 1179 Ethic.
1005 1147 1091 1192 (cap.
1107 1146 1154 1191 3.)
1173 1154 1208 1180 et
1221 1158 1285 1192 per
1300 1147 1453 1191 August.
1481 1145 1517 1179 in
1536 1156 1563 1179 1.
1592 1145 1635 1179 de

69 1198 177 1233 Civit.
199 1199 270 1233 Dei
293 1198 380 1245 (cap.
395 1200 472 1245 23).

634 1341 979 1385 ARTICULUS
1007 1342 1084 1384 VI.
1571 1352 1630 1399 361

156 1448 311 1478 UTRUM
338 1449 497 1478 LICEAT
524 1449 569 1478 IN
596 1449 764 1484 Aeruo
795 1449 905 1478 CAsU
934 1449 1220 1479 INTERHcr-:RE
1247 1449 1550 1480 INNOCENTEM.

70 1537 147 1579 (1-2.
159 1547 188 1581 q.
200 1541 363 1582 94.art.5.
375 1535 416 1570 ad
426 1547 456 1570 2.
471 1540 538 1581 εἰς.
550 1548 601 1570 10.
618 1547 649 1569 ar
661 1541 682 1570 t.
697 1536 729 1570 8.
745 1535 825 1581 adj.
843 1541 966 1582 etpart.
980 1548 1006 1570 I.
1023 1547 1091 1581 q.7.
1108 1541 1171 1570 art.
1183 1536 1214 1571 6.
1232 1535 1311 1582 ad3.
1328 1541 1357 1570 et
1371 1542 1478 1582 opusc.
1493 1549 1525 1583 9.
1538 1537 1634 1582 q.86.

655 1594 685 1623 et
705 1589 810 1623 Habr.
829 1601 874 1623 Π.
897 1589 966 1624 lect.
987 1592 1049 1635 4.).

139 1677 198 1710 Ar>
221 1687 374 1711 SEXTUM
396 1677 446 1710 sic
468 1676 685 1722 proceditur.
707 1676 870 1718 Videtur,
894 1678 991 1723 quod
1012 1677 1119 1711 liceat
1140 1678 1176 1711 in
1192 1677 1312 1724 aliquo
1329 1689 1413 1712 casu
1432 1678 1634 1712 interficere

67 1729 321 1764 innocentem:
343 1730 484 1764 divinus
507 1730 603 1764 enim
629 1730 740 1763 timor
768 1742 843 1764 non
866 1730 1115 1764 manifestatur
1139 1742 1201 1777 per
1222 1740 1432 1777 peccatum3
1460 1732 1634 1777 quoniam

68 1783 184 1828 magis
203 1785 303 1817 timor
323 1784 468 1817 Domini
487 1783 614 1829 expellit
630 1789 815 1829 peccatum,
838 1792 876 1817 ut
897 1784 1024 1817 dicitur
1043 1784 1153 1818 Eccli.
1175 1795 1221 1819 1.:
1244 1785 1306 1819 sed
1329 1785 1516 1818 Abraham
1537 1796 1635 1818 corn-

68 1836 257 1870 mendatus
280 1844 342 1878 est,
365 1837 461 1882 quod
483 1837 604 1870 timuit
624 1837 838 1878 Dominum,
861 1837 945 1882 quia
966 1836 1082 1870 voluit
1102 1837 1304 1872 interficere
1328 1838 1443 1872 filium
1463 1850 1570 1872 suurn
1586 1840 1635 1872 in-

66 1898 280 1932 nocentem;
304 1901 390 1935 ergo
409 1897 528 1936 potest
549 1889 676 1935 aliquis
698 1890 933 1924 innocentem
955 1890 1155 1924 interficere
1178 1891 1253 1924 sine
1275 1899 1438 1937 peccato.

139 1953 170 1976 2.
186 1942 423 1977 PRAETEREA.
453 1943 494 1976 In
517 1953 649 1988 genere
678 1951 925 1988 peccatorum,
953 1955 1044 1990 quae
1076 1952 1202 1977 contra
1231 1945 1438 1990 proximum
1470 1945 1635 1978 commit-

67 2004 200 2037 tuntur,
217 2004 317 2029 tanto
330 1997 446 2041 majus
460 1996 601 2030 videtur
616 1996 762 2042 aliquod
778 2007 855 2030 esse
871 2005 1072 2041 peccatum,
1087 2006 1222 2043 quanto
1239 1999 1354 2043 majus
1370 2008 1633 2033 nocumentum

67 2049 216 2083 infertur
237 2049 281 2091 ei,
302 2050 339 2083 in
362 2061 470 2095 quem
492 2058 677 2096 peccatur:
701 2050 763 2084 sed
785 2051 922 2084 occisio
945 2050 1024 2096 plus
1046 2058 1154 2085 nocet
1180 2053 1374 2098 peccatori,
1397 2064 1507 2098 quam
1534 2053 1635 2086 inno-

68 2103 182 2145 centi3
204 2103 265 2149 qui
286 2103 330 2137 de
352 2103 496 2137 miseria
518 2104 624 2149 hujus
646 2103 740 2137 vitae
764 2104 806 2138 ad
831 2104 1028 2138 coelestem
1051 2104 1207 2150 gloriam
1229 2106 1355 2140 transit
1371 2118 1436 2151 per
1454 2114 1632 2148 mortem3

69 2167 152 2190 cum
174 2167 261 2201 ergo
283 2155 391 2190 liceat
411 2157 447 2190 in
470 2155 590 2202 aliquo
612 2168 697 2190 casu
719 2165 951 2202 peccatorem
971 2158 1149 2201 occidere,
1165 2158 1281 2192 multo
1304 2159 1420 2204 magis
1441 2159 1526 2193 licet
1542 2160 1634 2193 occi-

69 2208 151 2243 dere
173 2209 418 2251 innocentem,
439 2209 497 2243 vel
518 2210 664 2254 justum.

142 2274 170 2308 3.
193 2263 429 2297 PRAETEREA.
451 2262 545 2297 Illud
568 2264 665 2309 quod
687 2263 725 2297 fit
746 2264 946 2298 secundum
969 2264 1134 2298 ordinem
1156 2265 1325 2310 justitiae,
1340 2277 1413 2299 non
1437 2274 1489 2299 est
1510 2277 1632 2311 pecca-

68 2323 164 2350 tum:
186 2317 248 2350 sed
272 2316 488 2362 quandoque
511 2317 654 2362 cogitur
675 2317 803 2362 aliquis
825 2318 1025 2351 secundum
1048 2318 1212 2352 ordinem
1234 2319 1389 2364 justitiae
1405 2319 1570 2352 occidere
1584 2319 1634 2352 in-

68 2377 281 2402 nocentem:
304 2377 390 2415 puta
413 2381 494 2403 curn
514 2370 632 2415 judex,
648 2370 709 2416 qui
723 2371 828 2404 debet
841 2372 1042 2405 secundum
1058 2371 1214 2416 allegata
1227 2372 1398 2416 judicare,
1414 2372 1634 2406 condemnat

71 2421 114 2455 ad
136 2430 292 2456 mortem
315 2434 410 2465 eum,
434 2434 541 2468 quem
564 2424 631 2457 scit
651 2423 898 2466 innocentem,
926 2436 989 2470 per
1009 2424 1119 2458 falsos
1145 2433 1253 2459 testes
1276 2426 1503 2459 convictum:
1532 2433 1567 2459 et
1592 2426 1634 2459 si-

72 2474 204 2508 militer
231 2476 406 2518 minister,
441 2477 502 2522 qui
530 2477 660 2522 injuste
692 2477 976 2511 condemnatum
1005 2478 1148 2520 occidit,
1179 2478 1352 2512 obediens
1385 2478 1517 2524 judici3
1545 2489 1631 2523 ergo

71 2528 205 2573 absque
227 2537 378 2574 peccato
401 2537 520 2575 potest
542 2530 669 2576 aliquis
692 2531 858 2564 occidere
880 2531 1125 2565 innocentem.

142 2581 216 2615 SED
238 2592 395 2616 CONTRA
418 2590 481 2624 est,
504 2584 600 2628 quod
623 2583 750 2617 dicitur
772 2583 884 2618 Exod.
907 2594 982 2629 23.:
1006 2584 1181 2626 Insontem,
1209 2590 1239 2619 et
1254 2587 1378 2630 justum
1396 2596 1461 2618 non
1476 2583 1608 2618 occidas.

139 2633 368 2669 REspoxnfio
398 2635 603 2678 dicendum,
633 2636 730 2682 quod
757 2636 885 2683 aliquis
914 2637 1028 2671 homo
1051 2637 1227 2684 dupliciter
1249 2637 1469 2671 considerari
1494 2645 1630 2681 potest:

69 2698 134 2720 uno
160 2687 256 2721 modo
287 2688 486 2721 secundum
509 2699 564 2722 se:
587 2689 653 2723 alio
674 2690 770 2723 modo
797 2701 860 2735 per
883 2690 1196 2736 comparationem
1219 2690 1263 2722 ad
1285 2689 1403 2723 aliud:
1431 2690 1631 2723 secundum

71 2750 108 2773 se
130 2740 275 2785 quidem
303 2741 606 2776 considerandum
627 2743 829 2784 hominem,
852 2743 993 2777 nullum
1015 2743 1181 2777 occidere
1196 2743 1297 2776 licet:
1321 2743 1403 2788 quia
1421 2743 1457 2776 in
1472 2742 1632 2788 quolibet

71 2791 179 2825 etiam
200 2801 390 2837 peccatore
412 2794 583 2828 debemus
605 2807 727 2829 amare
754 2805 931 2837 naturam,
955 2808 1064 2842 quam
1085 2797 1185 2830 Deus
1207 2795 1310 2838 fecit;
1337 2807 1428 2842 quae
1455 2807 1518 2841 per
1539 2797 1631 2830 occi-

71 2844 212 2878 sionem
234 2847 492 2892 corrumpitur:
515 2847 588 2889 sed,
610 2848 703 2882 sicut
723 2860 830 2894 supra
851 2849 988 2883 dictum
1011 2858 1063 2883 est
1085 2850 1165 2894 (tart.
1187 2861 1218 2884 2.
1238 2850 1305 2895 lmj.
1322 2852 1382 2895 φ),
1400 2849 1536 2883 occisio
1552 2860 1632 2894 pec—
