1859 3122
223 158 332 201 1180
587 168 810 204 QUAESTIO
845 166 1036 196 CLXXXII.
1071 165 1314 195 ARTICULUS
1348 165 1376 194 Ι.

287 252 346 286 AD
376 261 546 285 TERTIUM
569 250 774 290 dicendum,
797 248 893 293 quod
916 248 959 281 ad
980 259 1089 293 opera
1111 247 1205 281 vitae
1236 246 1374 280 activae
1403 246 1583 280 interdurn
1606 246 1732 292 aliquis
1759 257 1779 280 a

177 332 183 337 s
218 304 526 350 contemplatione
553 311 726 336 avocatur
751 310 896 348 propter
913 301 1070 346 aliquam
1086 300 1339 334 necessitatem
1361 300 1556 345 praesentis
1578 301 1688 343 vitae;
1707 311 1779 334 non

216 367 338 392 tamen
361 358 430 391 hoc
454 357 564 390 modo
589 356 684 401 quod
708 363 858 400 cogatur
881 354 1007 399 aliquis
1029 353 1189 387 totaliter
1216 353 1563 398 contemplationem
1593 354 1778 388 deserere:

218 411 311 445 unde
334 411 487 455 August.
509 410 593 443 dicit
619 420 670 455 19.
693 408 736 442 de
760 408 839 442 CiV.
862 408 933 441 Dei
954 409 1038 453 (cap.
1063 408 1152 453 19.):
1176 420 1193 438 α
1217 407 1345 441 Otium
1364 414 1529 440 sanctum
1544 407 1683 453 quaerit
1701 406 1782 440 cha·

218 466 302 499 ritas
324 464 500 498 veritatis:
523 464 712 509 negotium
734 463 866 507 justum
891 462 1027 504 (scillcet
1047 462 1136 495 vitiza
1159 460 1303 504 activae)
1326 460 1473 505 suscipit
1494 460 1687 494 necessitas
1703 460 1783 494 cha-

218 518 349 552 ritatis:
373 529 483 563 quam
505 517 685 550 sarcinam
707 516 736 549 si
757 515 876 548 nullus
899 515 1054 560 imponit
1080 514 1343 560 percipiendae,
1374 521 1479 559 atque
1508 513 1700 548 intuendae
1727 525 1784 547 va-

220 571 376 606 candum
400 578 451 604 est
473 569 632 603 veritati:
655 569 685 603 si
707 576 828 602 autem
856 568 1064 614 imponitur,
1095 567 1323 613 suscipienda
1354 574 1406 600 est
1435 575 1580 613 propter
1601 567 1784 601 charitatis

217 624 489 658 necessitatem:
512 623 573 657 sed
596 634 661 656 nec
685 622 734 656 sic
755 621 906 655 omnino
930 621 1087 657 veritatis
1110 620 1302 655 delectatio
1325 620 1523 654 deserenda
1550 628 1613 662 est,
1634 632 1679 654 ne
1705 620 1783 654 sub-

219 678 380 712 trahatur
401 676 462 710 illa
484 676 653 717 suavitas,
677 684 711 710 et
729 676 910 721 opprimat
931 675 999 709 ista
1027 675 1223 708 necessitas
1245 687 1284 708 »ε
1310 682 1345 708 et
1367 675 1417 707 sic
1445 682 1551 720 patet,
1575 674 1672 720 quod
1699 685 1782 707 cum

221 731 348 776 aliquis
371 742 391 763 a
418 729 698 776 contemplativa
724 729 797 763 vita
826 729 869 762 ad
901 730 1055 762 activam
1084 736 1246 770 vocatur,
1275 738 1350 762 non
1378 727 1450 761 hoc
1476 726 1515 762 fit
1543 738 1605 773 per
1631 727 1783 762 modum

220 784 486 825 subtractionis,
509 784 570 817 sed
592 794 655 829 per
676 783 827 816 modum
850 782 1054 816 additionis.

785 925 1130 971 ARTICULUS
1166 925 1222 967 Π.
1718 933 1782 969 861

222 1036 374 1065 UTRUM
406 1036 509 1064 VITA
544 1034 707 1064 ACTIVA
741 1034 806 1063 SIT
841 1034 1015 1076 MAJORIS
1050 1033 1214 1072 MERITI,
1248 1032 1372 1068 QUAM
1400 1030 1786 1062 CONTEMPLATIVA.

686 1123 729 1168 (3,
756 1123 844 1157 Dist.
868 1133 913 1168 35.
941 1133 971 1167 q.
999 1135 1025 1156 I.
1052 1126 1116 1155 art.
1144 1132 1176 1166 4.
1204 1133 1233 1167 q.
1261 1120 1321 1166 2.).

295 1212 355 1247 AD
377 1223 584 1247 SECUNDUM
606 1212 656 1246 sic
679 1212 895 1258 proceditur.
918 1211 1081 1253 Videtur,
1105 1211 1200 1256 quod
1215 1210 1286 1244 vita
1306 1209 1423 1243 activa
1437 1208 1482 1243 sit
1495 1207 1643 1254 majoris
1659 1205 1788 1248 meriti,

225 1278 334 1312 quam
354 1266 655 1312 contemplativa:
679 1266 848 1300 meritum
867 1265 964 1299 enim
986 1265 1112 1298 dicitur
1126 1272 1290 1310 respectu
1305 1262 1499 1298 mercedis:
1515 1272 1653 1296 merces
1669 1268 1789 1294 autem

224 1321 373 1354 debetur
393 1320 520 1361 labori,
542 1320 743 1354 secundum
765 1319 851 1353 illud
879 1330 905 1353 1.
930 1319 973 1352 ad
996 1318 1084 1353 Cor.
1106 1330 1152 1364 3.:
1178 1319 1403 1364 Unusquisque
1419 1318 1595 1364 propriam
1609 1314 1786 1350 mercedem

225 1375 360 1419 accipiet
380 1373 555 1408 secundum
576 1385 670 1408 suum
692 1373 860 1408 laborem:
883 1372 943 1406 sed
966 1373 1060 1406 vitae
1091 1371 1230 1406 activae
1261 1371 1462 1405 attribuitur
1488 1370 1602 1411 labor,
1630 1377 1790 1403 contem-

226 1426 380 1472 plativae
402 1437 488 1460 vero
511 1427 629 1472 quies:
652 1426 738 1460 dicit
756 1426 853 1460 enim
875 1426 1026 1471 Gregor.
1040 1436 1152 1471 ,super
1167 1424 1297 1459 Ezech.
1315 1424 1418 1468 (hom.
1438 1425 1529 1470 14.).·
1548 1436 1565 1455 «
1581 1422 1714 1458 Omnis
1729 1422 1789 1468 qui

227 1480 271 1513 ad
292 1480 413 1513 Deum
437 1480 668 1522 convertitur,
691 1480 787 1526 prius
808 1490 956 1514 necesse
979 1487 1031 1513 est
1052 1487 1090 1512 ut
1111 1479 1260 1512 desudet
1280 1478 1316 1511 in
1338 1477 1478 1520 labore3
1496 1477 1588 1511 idest
1609 1476 1714 1510 Liam
1736 1487 1789 1509 ac-

227 1533 347 1579 cipiat,
370 1541 407 1567 ut
425 1541 506 1579 post
528 1534 570 1567 ad
592 1533 789 1567 videndum
811 1533 1027 1579 principium
1048 1532 1084 1565 in
1111 1531 1251 1565 Rachel
1272 1531 1494 1577 amplexibus
1521 1530 1724 1577 requiescat
1748 1542 1789 1572 »3

225 1598 312 1632 ergo
334 1587 407 1620 vita
431 1587 547 1620 activa
571 1594 623 1621 est
644 1587 792 1633 majoris
814 1587 945 1628 meriti,
967 1597 1076 1631 quam
1099 1585 1393 1631 contemplativa.

299 1650 330 1674 2.
357 1640 594 1675 PRAETEREA.
621 1640 705 1674 Vita
727 1639 1010 1686 contemplativa
1032 1647 1084 1673 est
1106 1639 1284 1685 quaedam
1305 1638 1492 1673 inchoatio
1514 1637 1654 1672 futurae
1680 1636 1791 1672 felici-

225 1694 327 1736 tatis3
361 1694 455 1727 unde
482 1705 588 1740 super
615 1693 701 1727 illud
724 1693 827 1738 Joan.
856 1693 936 1728 ult.:
964 1694 1018 1728 Sic
1045 1705 1118 1727 enm
1138 1693 1213 1726 volo
1240 1703 1383 1734 manare,
1411 1692 1509 1726 donec
1535 1692 1679 1733 veniam,
1707 1691 1792 1725 dicit

226 1748 379 1793 August.
403 1748 518 1792 (tract.
541 1748 652 1791 124.):
678 1760 696 1778 α
718 1747 798 1782 Hoc
827 1747 982 1793 apertius
1005 1747 1075 1781 dici
1097 1754 1232 1792 potest:
1255 1744 1412 1791 perfecta
1433 1756 1492 1779 me
1514 1752 1682 1790 sequatur
1697 1744 1791 1778 actio

226 1800 419 1834 informata
432 1812 534 1834 meae
550 1801 727 1847 passionis
743 1800 909 1846 exemplo
922 1813 930 1843 3
945 1800 1116 1834 inchoata
1130 1811 1217 1833 vero
1234 1798 1493 1845 contemplatio
1509 1806 1665 1840 maneat,
1676 1797 1792 1832 donec

229 1855 349 1896 venio,
368 1854 596 1900 perficienda,
620 1865 702 1888 cum
724 1866 858 1888 venero
882 1867 920 1896 »3
944 1862 977 1887 et
999 1853 1110 1899 Greg.
1131 1853 1216 1886 dicit
1238 1864 1344 1898 super
1365 1852 1494 1886 Ezech.
1517 1852 1596 1896 (loc.
1618 1858 1686 1897 sup.
1709 1851 1793 1896 cit),

229 1907 325 1953 quod
351 1921 368 1938 i<
391 1907 674 1953 contemplativa
695 1907 768 1941 vita
790 1908 847 1941 hic
870 1907 1006 1953 incipit,
1029 1915 1066 1941 ut
1088 1907 1123 1940 in
1146 1906 1294 1940 coelesti
1317 1907 1430 1952 patria
1452 1906 1654 1952 perficiatur
1672 1918 1704 1940 »ε
1731 1906 1793 1940 sed

229 1962 265 1994 in
287 1960 348 1994 illa
369 1960 487 1995 futura
508 1961 580 1995 vita
602 1972 676 1995 non
699 1962 761 1994 erit
784 1970 895 1995 status
918 1961 1092 2002 merendi,
1115 1961 1177 1994 sed
1206 1960 1401 2006 recipiendi
1430 1971 1494 2006 pro
1525 1959 1680 2001 meritis;
1707 1969 1793 2004 ergo

230 2015 301 2048 vita
325 2014 608 2060 contemplativa
628 2015 747 2048 minus
768 2015 907 2048 videtur
928 2015 1061 2048 habere
1083 2014 1126 2048 de
1147 2015 1286 2048 ratione
1306 2014 1434 2056 meriti,
1450 2025 1559 2059 quam
1573 2014 1646 2047 vita
1660 2013 1794 2055 activa;

230 2068 290 2102 sed
314 2068 392 2114 plus
413 2068 522 2102 habet
543 2068 586 2102 de
609 2069 747 2102 ratione
770 2068 932 2114 praemii.
974 2074 977 2075 ’

304 2133 332 2167 3.
348 2122 583 2156 PRAETEREA.
600 2121 709 2167 Greg.
722 2122 807 2155 dicit
818 2133 924 2168 super
939 2122 1068 2156 Ezech.
1079 2121 1400 2166 (colligiturexra),
1416 2121 1501 2154 hom.
1516 2120 1612 2166 quod
1627 2118 1794 2153 «nullum

231 2175 448 2209 sacrificium
472 2183 524 2209 est
544 2175 625 2209 Deo
649 2175 764 2220 magis
788 2184 988 2221 acceptum,
1008 2187 1116 2220 quam
1135 2174 1232 2209 zelus
1252 2175 1455 2208 animarum
1473 2186 1504 2207 »:
1524 2174 1585 2207 sed
1600 2185 1662 2220 per
1676 2172 1795 2206 zelum

233 2228 436 2262 animarum
460 2228 586 2274 aliquis
608 2240 645 2262 se
669 2229 846 2262 convertit
868 2229 910 2261 ad
929 2229 1044 2262 studia
1058 2229 1152 2262 vitae
1172 2229 1329 2270 activae3
1345 2238 1432 2272 ergo
1447 2227 1597 2268 videtur,
1613 2226 1709 2273 quod
1723 2226 1795 2260 vita

233 2281 514 2327 contemplativa
536 2293 610 2316 non
633 2282 676 2316 sit
698 2282 846 2327 majoris
866 2282 995 2324 meriti,
1018 2293 1126 2327 quam
1147 2281 1273 2315 activa.

305 2336 378 2369 SED
403 2346 557 2370 CONTRA
581 2344 644 2377 est,
664 2336 759 2381 quod
784 2335 893 2379 Greg.
917 2336 1002 2368 dicit
1024 2336 1058 2368 in
1080 2333 1112 2368 6.
1135 2334 1264 2368 Moral.
1287 2335 1377 2380 (cap.
1400 2335 1490 2379 18).-
1516 2347 1534 2365 ι(
1555 2334 1690 2379 Magna
1715 2340 1797 2366 sunt

235 2390 373 2424 activae
395 2390 489 2423 vitae
513 2390 651 2430 merita,
673 2389 735 2423 sed
763 2389 1066 2433 contemplativae
1090 2389 1232 2434 potiora
1254 2401 1285 2421 ›>.

304 2443 533 2477 RESPONDEO
557 2442 763 2483 dicendum,
791 2442 887 2487 quod
916 2442 1013 2475 radix
1036 2442 1198 2475 merendi
1221 2449 1272 2475 est
1295 2440 1462 2482 charitas,
1489 2441 1581 2474 sicut
1606 2450 1712 2486 supra
1738 2439 1799 2473 ha-

232 2496 346 2530 bitum
369 2505 421 2530 est
444 2496 519 2539 (1-2.
540 2508 569 2541 q.
593 2496 648 2530 ult.
671 2501 736 2530 art.
756 2496 829 2539 4.).·
852 2507 933 2529 cum
954 2504 1075 2529 autem
1091 2495 1244 2529 charitas
1261 2494 1433 2528 consistat
1454 2494 1489 2527 in
1509 2493 1702 2528 dilectione
1715 2492 1797 2534 Dei,

234 2558 268 2584 et
290 2550 455 2595 proximi,
477 2550 568 2583 sicut
589 2561 696 2595 supra
717 2549 879 2582 habitum
900 2556 951 2581 est
973 2549 1020 2593 (q.
1040 2560 1085 2594 25.
1109 2554 1175 2583 art.
1196 2549 1253 2589 1.)‚
1276 2548 1396 2581 Deum
1419 2547 1568 2592 diligere
1597 2546 1797 2581 secundum

234 2614 271 2636 se
294 2612 346 2636 est
368 2604 483 2647 magis
507 2603 744 2643 meritorium,
767 2613 874 2647 quam
897 2601 1045 2645 diligere
1077 2602 1295 2647 proximum,
1327 2609 1364 2634 ut
1393 2612 1434 2634 ex
1465 2600 1676 2646 supradictis
1702 2606 1800 2645 patet

236 2657 283 2701 (q.
307 2668 357 2701 27.
382 2662 446 2690 ‹zi-t.
470 2656 542 2700 8,),·
566 2664 601 2690 et
614 2656 695 2689 ideo
711 2655 798 2688 illud
814 2654 910 2700 quod
926 2655 1094 2688 directius
1112 2655 1263 2700 pertinet
1278 2654 1322 2687 ad
1337 2653 1568 2687 dilectionem
1587 2652 1668 2694 Dei,
1683 2652 1799 2698 magis

235 2717 288 2742 est
309 2709 534 2742 meritorium
558 2720 599 2743 ex
622 2720 687 2743 suo
711 2720 853 2754 genere,
877 2719 984 2753 quam
1008 2708 1042 2741 id
1065 2708 1160 2753 quod
1183 2707 1315 2741 directe
1334 2706 1486 2752 pertinet
1508 2706 1550 2740 ad
1566 2705 1798 2740 dilectionem

236 2763 390 2807 proximi
411 2771 556 2808 propter
577 2764 716 2796 Deum:
739 2763 812 2796 vita
835 2770 954 2795 autem
978 2761 1260 2807 contemplativa
1284 2761 1429 2801 directe,
1453 2768 1486 2793 et
1500 2759 1709 2793 immediate
1725 2770 1799 2804 per-

236 2817 323 2850 tinet
345 2817 387 2850 ad
411 2816 645 2850 dilectionem
666 2816 754 2850 Dei:
779 2815 865 2850 dicit
886 2815 980 2849 enim
1005 2815 1159 2859 August.
1187 2825 1237 2861 19.
1258 2815 1300 2848 de
1316 2814 1396 2848 Civ.
1415 2813 1485 2847 Dei
1500 2814 1588 2859 (cap.
1604 2813 1686 2859 19.),
1702 2812 1798 2858 quod

237 2871 337 2903 olium
358 2875 518 2911 sunctum,
542 2870 679 2904 scilicet
697 2867 1000 2915 contemplativae
1023 2868 1127 2910 vitae,
1147 2869 1277 2913 quaerit
1303 2867 1447 2902 charitas
1473 2868 1635 2908 writatis,
1663 2865 1799 2900 scilicet
