1859 3122
513 158 733 194 QUAESTIO
768 157 885 187 XXXI.
920 157 1164 187 ARTICULUS
1198 156 1224 186 Ι.
1573 155 1653 197 255

170 241 230 276 AD
244 251 393 276 PRIMUM
409 252 497 285 ergo
516 239 722 282 dicendum,
741 238 849 286 quod,
864 239 956 273 sicut
977 238 1085 273 Dion.
1105 238 1191 272 dicit
1211 247 1243 280 4.
1264 248 1341 283 cap.
1369 236 1412 270 de
1439 236 1521 270 Div.
1549 235 1658 270 Nom.

100 294 202 342 (part.
218 307 244 330 l.
260 294 330 329 lect.
353 294 427 339 9.):
447 307 464 325 ‹<
480 294 597 328 Amor
615 301 739 328 movet
757 292 968 327 coordinata
991 292 1034 326 ad
1054 300 1217 326 mutuam
1240 290 1509 331 habitudincm3
1524 296 1559 323 et
1576 287 1661 322 infe-

98 348 194 382 riora
208 348 384 382 convertit
403 347 438 381 in
461 347 657 393 superiora,
680 355 718 380 ut
740 346 781 380 ab
805 346 854 380 eis
876 345 1123 392 perficiantur3
1146 353 1181 379 et
1198 344 1383 390 superiora
1402 351 1525 377 movet
1547 342 1589 376 ad
1611 341 1661 375 in-

98 400 270 436 feriorum
292 401 539 447 provisionem
562 412 599 434 »z
629 408 663 434 et
684 406 859 445 quantum
886 399 929 432 ad
957 399 1029 432 hoc
1056 397 1294 432 beneficentia
1321 405 1375 431 est
1403 395 1552 431 effectus
1578 394 1662 429 dile-

99 454 244 488 ctionis:
273 462 306 488 et
327 454 409 488 ideo
431 462 594 488 nostrum
616 464 690 486 non
713 461 765 486 est
786 453 866 486 Deo
888 452 1111 493 benefacere,
1135 452 1195 485 sed
1219 463 1301 484 eum
1324 451 1516 491 honorare,
1538 459 1605 483 nos
1628 448 1661 482 ei

99 508 339 553 subjiciendo:
363 509 438 552 ejus
462 515 582 541 autem
604 514 657 540 est
677 518 718 540 ex
741 517 802 539 sua
825 505 1018 539 dilectione
1042 505 1146 539 nobis
1167 503 1390 538 benefacere.

170 561 230 596 AD
257 571 464 596 SECUNDUM
492 559 696 600 dicendum,
718 559 814 604 quod
841 559 877 592 in
905 558 1101 592 collatione
1136 558 1317 591 donorum
1344 557 1406 591 duo
1437 564 1520 591 sunt
1553 564 1662 590 atten-

102 614 235 649 denda:
264 626 418 660 quorum
446 625 549 648 unum
576 621 629 647 est
654 613 806 646 exterius
834 612 977 645 datum:
1006 611 1097 646 aliud
1125 619 1245 644 autem
1272 619 1325 644 est
1350 611 1499 644 interior
1527 609 1662 656 passi0‚

101 679 210 715 quam
224 668 331 702 habet
346 669 423 714 quis
439 667 482 701 ad
505 666 656 708 divitias,
676 666 709 699 in
734 666 784 700 eis
801 664 1014 699 delectatus:
1040 664 1083 698 ad
1105 663 1357 698 liberalitatem
1373 672 1493 697 autem
1508 663 1662 709 pertinet

100 721 281 756 moderari
302 721 513 755 interiorem
534 721 759 767 passionem3
775 727 813 753 ut
834 718 970 753 scilicet
997 718 1124 764 aliquis
1146 729 1220 752 non
1246 717 1504 763 superexcedat
1533 727 1662 750 concu-

101 775 285 821 piscendo,
301 783 335 809 et
357 774 512 809 amando
528 773 689 807 divitias:
712 784 754 806 ex
775 772 846 806 hoc
867 772 964 806 enim
987 771 1138 806 efficitur
1159 771 1274 806 horno
1288 770 1393 805 facile
1409 770 1597 805 emissivus
1615 770 1664 803 di-

101 828 288 870 vitiarum;
311 828 404 862 unde
426 828 455 862 si
476 828 590 862 homo
606 827 665 860 det
680 826 825 872 aliquod
848 826 985 859 donum
1007 837 1194 871 magnum,
1209 833 1244 859 et
1256 833 1379 859 tamen
1401 836 1484 858 cum
1506 823 1662 870 quadam

102 881 395 928 concupiscentia
415 881 604 922 retinendi,
627 880 723 914 datio
746 891 819 913 non
840 887 892 913 est
912 879 1087 914 liberalis:
1111 879 1172 914 sed
1195 890 1237 913 ex
1255 886 1353 925 parte
1376 877 1559 912 exterioris
1578 877 1662 918 dati,

102 935 249 970 collatio
271 935 437 970 beneficii
455 935 608 981 pertinet
630 935 666 968 in
689 933 849 980 generali
867 933 911 967 ad
927 933 1136 976 amicitiam,
1152 932 1210 967 vel
1225 932 1457 974 charitatem3
1479 931 1572 965 unde
1590 931 1662 964 hoc

101 1000 176 1024 non
197 990 347 1035 derogat
369 989 561 1030 amicitiae,
587 988 617 1022 si
639 987 766 1033 aliquis
789 998 877 1029 rem,
900 998 1009 1033 quam
1037 987 1260 1032 concupiscit
1286 986 1449 1027 retinere,
1476 985 1537 1019 dat
1563 984 1664 1018 alteri

102 1050 247 1089 propter
269 1053 444 1084 amorem,
467 1042 528 1076 sed
549 1041 666 1086 magis
689 1052 731 1075 ex
753 1041 824 1074 hoc
848 1040 1048 1074 ostenditur
1070 1040 1251 1074 amicitiae
1272 1038 1457 1085 perfectio.

173 1097 233 1131 AD
260 1106 430 1131 TERTIUM
458 1095 663 1136 dicendum,
686 1094 782 1140 quod
804 1094 897 1128 sicut
919 1094 1089 1135 amicitia,
1111 1105 1173 1127 seu
1202 1093 1357 1126 charitas
1378 1091 1525 1137 respicit
1545 1091 1581 1125 in
1603 1091 1660 1125 be-

103 1149 232 1184 neficio
253 1149 387 1184 collato
411 1160 646 1183 communem
673 1148 852 1182 rationem
879 1148 983 1190 bonig
1010 1148 1059 1181 ita
1085 1147 1218 1193 justitia
1245 1146 1390 1192 respicit
1411 1146 1459 1179 ibi
1485 1145 1664 1179 rationem

103 1203 230 1238 debiti:
252 1202 501 1237 misericordia
527 1213 614 1236 vero
641 1201 788 1248 respicit
807 1201 856 1235 ibi
882 1201 1061 1235 rationem
1088 1199 1279 1235 relevantis
1307 1199 1504 1241 miseriam,
1530 1197 1588 1233 vel
1610 1197 1666 1231 de-

104 1256 250 1292 fectum.

637 1397 982 1444 ARTICULUS
1016 1397 1071 1440 H.
1603 1407 1664 1440 182

448 1506 602 1536 UTRUM
629 1507 695 1536 SIT
726 1507 916 1536 OMNIBUS
944 1505 1324 1536 BENEFACIENDUM.

486 1593 533 1638 (4.
548 1595 635 1629 Dist.
651 1606 694 1640 15.
710 1606 738 1640 q.
754 1606 785 1629 2.
801 1599 866 1628 art.
882 1594 914 1628 6.
930 1599 957 1628 ct
971 1600 1077 1639 opusc.
1091 1604 1124 1637 4.
1139 1598 1210 1638 cap.
1225 1592 1286 1636 8.).

172 1685 232 1719 AD
254 1694 460 1719 SECUNDUM
483 1683 532 1718 sic
554 1684 770 1730 proceditur.
792 1683 954 1724 Videtur,
977 1682 1073 1728 quod
1095 1693 1168 1716 non
1191 1683 1235 1715 sit
1257 1680 1424 1715 omnibus
1446 1678 1669 1713 benefacien-

106 1738 209 1772 dum:
232 1738 317 1772 dicit
338 1738 435 1772 enim
457 1738 609 1783 August.
633 1739 669 1771 in
688 1749 715 1770 1.
732 1737 774 1771 de
796 1737 904 1770 Doct.
926 1736 1059 1770 Christ.
1083 1736 1170 1782 (cap.
1186 1736 1271 1780 2S·)›
1287 1733 1383 1780 quod
1406 1733 1574 1767 omnibus
1589 1743 1669 1779 pro-

106 1792 208 1826 desse
228 1802 303 1825 non
316 1802 526 1837 possumus:
550 1790 611 1824 sed
626 1790 737 1824 virtus
751 1801 824 1824 non
843 1789 992 1823 inclinat
1007 1789 1050 1822 ad
1065 1788 1306 1834 impossibile3
1329 1798 1415 1833 ergo
1435 1798 1509 1821 non
1526 1793 1669 1832 oportet

107 1845 274 1880 omnibus
295 1843 518 1878 benefacere.

177 1908 208 1932 2.
231 1898 466 1932 PRAETEREA.
489 1896 599 1931 Eccli.
627 1906 678 1930 12.
701 1896 845 1931 dicitur:
867 1897 926 1931 Da
949 1897 1042 1938 lvono,
1066 1901 1096 1930 et
1115 1907 1180 1929 mm
1201 1896 1339 1941 recipias
1358 1899 1582 1941 peccatorem:
1605 1893 1667 1927 sed

106 1951 210 1986 multi
230 1951 399 1985 homines
421 1958 503 1985 sunt
523 1958 752 1996 peccatores;
774 1961 848 1984 non
871 1961 957 1995 ergo
981 1949 1147 1983 omnibus
1171 1957 1223 1983 est
1244 1947 1554 1982 benefaciendum.

181 2016 210 2051 3.
226 2004 462 2039 PRAETEREA.
493 2004 648 2038 Charitas
673 2004 738 2037 non
766 2005 835 2048 agit
850 2009 1038 2049 perperam,
1061 2011 1099 2036 ut
1121 2002 1249 2036 dicitur
1280 2012 1307 2035 1.
1331 2002 1374 2035 ad
1398 2000 1484 2035 Cor.
1510 2011 1580 2046 13.;
1607 1999 1668 2034 sed

105 2057 318 2092 benefacere
341 2057 556 2103 quibusdam
578 2064 630 2091 est
652 2068 758 2102 agere
781 2068 986 2102 perperam:
1009 2064 1092 2102 puta
1109 2056 1137 2089 si
1153 2055 1280 2101 aliquis
1299 2053 1500 2088 benefaciat
1514 2053 1668 2087 inimicis

107 2111 353 2157 Reipublicae,
374 2109 431 2144 vel
454 2110 483 2144 si
503 2109 705 2144 benefaciat
727 2110 1061 2144 excommunicato:
1085 2109 1168 2155 quia
1186 2108 1333 2154 perhoc
1351 2108 1383 2142 ei
1405 2107 1669 2147 communicat,

109 2176 195 2211 ergo
219 2177 301 2198 cum
322 2163 533 2199 benefacere
555 2164 599 2198 sit
621 2172 720 2198 actus
743 2164 936 2205 charitatis,
959 2175 1032 2197 non
1055 2171 1107 2197 est
1130 2162 1297 2196 omnibus
1319 2160 1630 2194 benefaciendum.

181 2219 256 2253 SED
272 2228 426 2252 CONTRA
441 2226 504 2259 est,
519 2218 616 2263 quod
638 2218 765 2263 Apost.
787 2217 874 2251 dicit
891 2217 934 2250 ad
951 2216 1031 2251 Gal.
1051 2216 1131 2250 ult.:
1151 2217 1245 2250 Dum
1268 2220 1390 2260 tempus
1411 2215 1576 2255 Inzbwnus,
1600 2218 1670 2259 ope<

109 2285 222 2307 ramur
244 2273 364 2306 bonum
387 2271 428 2305 ad
450 2283 566 2306 omnes.

181 2326 410 2359 RESPONDEO
426 2325 630 2366 dicendum,
650 2324 758 2370 quod,
774 2324 864 2358 sicut
885 2335 990 2370 supra
1013 2323 1146 2357 dictum
1163 2331 1216 2357 est
1239 2321 1318 2366 (art.
1336 2328 1448 2368 praec.
1471 2320 1513 2354 ad
1535 2320 1592 2364 L),
1611 2320 1668 2352 bc-

109 2378 301 2413 neficentia
329 2378 560 2424 consequitur
582 2389 744 2411 amorem
768 2389 810 2412 ex
832 2389 873 2411 ea
899 2386 1010 2423 parte,
1033 2388 1102 2422 qua
1126 2384 1249 2410 movet
1275 2375 1462 2421 superiora
1490 2374 1532 2406 ad
1554 2373 1670 2418 provi-

110 2432 253 2466 sionem
274 2431 496 2465 inferiorum.
521 2431 662 2465 Gradus
686 2439 806 2465 autem
829 2432 862 2464 in
885 2431 1093 2464 hominibus
1107 2441 1181 2464 non
1200 2437 1282 2463 sunt
1302 2427 1557 2467 immutabiles,
1581 2426 1671 2459 sicut

110 2486 147 2519 in
162 2485 317 2530 angeli33
340 2485 422 2529 qnia
443 2484 610 2518 homines
625 2493 775 2530 possunt
789 2484 862 2530 pati
883 2483 1100 2529 multiplices
1117 2482 1276 2516 defectus
1288 2495 1296 2523 3
1310 2481 1404 2514 unde
1427 2480 1487 2525 qui
1503 2487 1554 2513 est
1572 2490 1672 2524 supe-

109 2539 182 2572 rior
204 2537 403 2572 secundum
429 2537 574 2583 aliquid,
600 2537 659 2571 vel
687 2545 750 2578 est,
771 2537 829 2571 vel
856 2544 973 2583 potest
1000 2548 1077 2570 esse
1104 2535 1251 2570 inferior
1273 2534 1471 2569 secundum
1500 2532 1615 2573 aliud3
1638 2541 1672 2565 et

113 2592 196 2626 ideo
230 2603 313 2625 cum
339 2590 485 2624 dilectio
518 2591 701 2625 charitatis
731 2602 768 2625 se
800 2592 965 2624 extendat
1000 2590 1043 2624 ad
1071 2601 1210 2630 omnes,
1238 2589 1346 2622 etiam
1372 2585 1608 2620 beneficentia
1635 2597 1671 2618 se

111 2645 216 2679 debet
229 2644 419 2678 extendere
435 2643 478 2677 ad
493 2655 620 2678 omnes
635 2655 698 2690 pro
721 2644 804 2678 loco
823 2652 957 2685 tamen,
981 2651 1015 2678 et
1036 2652 1216 2688 tempore:
1235 2651 1362 2675 omnes
1382 2639 1477 2673 enim
1494 2647 1592 2672 actus
1607 2638 1673 2672 vir-

111 2706 229 2732 tutum
251 2705 333 2731 sunt
354 2697 554 2731 secundum
576 2697 711 2731 debitas
735 2697 1022 2731 circumstantias
1044 2695 1232 2730 limitandi.

184 2751 244 2785 AD
271 2761 421 2785 PRIMUM
447 2761 534 2795 ergo
562 2750 766 2792 dicendum,
794 2750 891 2796 quod
918 2749 1128 2795 simpliciter
1154 2747 1349 2793 loquendo,
1376 2756 1449 2779 non
1480 2756 1672 2791 possumus

113 2805 281 2839 omnibus
307 2803 518 2838 benefacere
540 2803 576 2836 in
603 2803 764 2849 speciali:
791 2803 911 2838 nullus
932 2812 1054 2837 tamen
1081 2810 1144 2843 est,
1167 2801 1209 2835 de
1229 2811 1299 2846 quo
1321 2811 1396 2833 non
1418 2799 1530 2844 possit
1551 2810 1674 2832 occur-

114 2869 191 2893 rere
220 2868 335 2900 casus,
357 2857 391 2891 in
415 2867 486 2902 quo
510 2863 674 2903 oporteat
695 2856 727 2891 ei
747 2856 959 2891 benefacere
982 2856 1090 2890 etiam
1113 2855 1148 2888 in
1167 2852 1332 2900 speciali:
1357 2859 1392 2886 et
1413 2851 1494 2886 ideo
1517 2851 1672 2886 charitas
