1859 3122
493 211 714 249 QUAESTIO
749 211 922 242 CLXXIV.
956 210 1200 242 ARTICULUS
1233 211 1260 240 Ι.
1546 211 1654 254 ΙΙ29

90 305 176 329 nem
196 293 398 330 formarum
419 294 709 340 imaginabilium
731 294 833 341 ponit
853 295 941 335 tria;
965 293 1103 328 scilicet
1121 294 1298 335 somnium,
1322 293 1419 339 quod
1441 293 1542 340 ponit
1561 295 1656 328 tertio

90 347 194 390 loco;
216 356 250 382 et
271 349 443 390 visionem&
467 360 558 394 quae
577 348 615 382 fit
629 349 664 382 in
679 348 864 393 vigilando
880 355 1043 393 respectu
1058 358 1372 393 quorumcumque
1389 347 1657 389 communium,

91 413 200 448 quam
223 402 325 448 ponit
346 402 382 435 in
403 401 539 436 serundo
561 401 665 443 loco;
687 409 722 436 et
742 403 893 443 extasim,
917 412 1008 447 quae
1031 400 1069 434 fit
1089 412 1152 447 per
1185 400 1428 435 elevationem
1461 401 1592 435 mentis
1619 400 1656 434 in

91 454 211 501 aliqua
235 454 375 496 altiora,
399 467 508 501 quam
530 455 631 501 ponit
644 456 757 502 primo
777 454 879 489 loco:
894 462 1069 500 quantum
1083 465 1170 488 vero
1186 455 1229 488 ad
1243 454 1424 488 sensibilia
1439 454 1542 499 signa
1556 454 1658 500 ponit

91 509 178 544 tria:
201 508 286 554 quia
306 508 475 543 sensibile
496 509 640 555 signum
662 514 720 543 atet
734 516 786 542 est
801 508 920 554 aliqua
934 519 990 542 res
1005 519 1181 554 corporea
1196 508 1350 542 exterius
1366 519 1540 554 apparens
1554 507 1658 549 visui,

91 562 184 597 sicut
205 563 315 605 nubes,
337 574 447 608 quam
469 563 571 608 ponit
591 567 709 608 quarto
730 562 834 597 loco:
857 567 913 596 aut
935 570 987 596 est
1007 573 1075 595 vox
1095 561 1252 595 formata
1266 561 1418 595 exterius
1434 561 1478 594 ad
1493 561 1655 595 auditum

91 615 251 650 hominis
273 615 403 658 delata,
425 627 534 662 quam
556 618 658 662 ponit
678 617 791 661 quinto
813 615 916 649 loco:
940 620 997 649 aut
1017 623 1070 649 est
1090 626 1160 648 vox
1182 625 1245 660 per
1274 614 1464 648 hominem
1496 613 1652 648 formata

92 679 177 702 cum
198 668 434 704 similitudine
456 669 608 716 alicujus
630 670 692 711 rei,
720 669 817 715 quod
843 668 995 715 pertinet
1018 668 1060 702 ad
1076 668 1290 714 parabolam,
1314 679 1424 714 quam
1444 667 1547 714 ponit
1565 672 1652 703 sexto

98 721 193 756 loco.

660 822 1004 867 ARTICULUS
1035 823 1090 865 11.
1590 833 1658 880 829

412 913 566 943 UTRUM
597 913 933 943 EXCELLENTIOR
965 913 1032 942 SIT
1065 912 1328 952 PROPHETIA,

95 979 225 1015 QUAE
249 979 417 1008 HABET
439 977 1662 1017 VISIONEM1NTELLECTUALEM,ET1MAG1NAR1AM,

154 1044 279 1080 QUAM
311 1044 366 1073 EA
399 1044 516 1079 QUAE
549 1043 693 1072 HABET
725 1043 935 1073 VISIONEM
966 1042 1365 1072 INTELLECTUALEM
1398 1042 1596 1072 TANTUM.

205 1125 310 1171 (Infr.
326 1130 390 1160 art.
401 1137 431 1171 3,
445 1130 474 1160 et
484 1130 576 1171 part.
587 1137 616 1171 3.
631 1137 661 1171 q.
672 1136 725 1171 30.
741 1129 804 1159 art.
819 1136 850 1159 2.
865 1124 908 1158 ad
921 1137 947 1159 1.
963 1129 991 1159 et
1012 1125 1097 1159 Veri.
1113 1136 1143 1170 q.
1158 1135 1208 1159 12.
1223 1129 1287 1159 art.
1302 1135 1352 1159 12.
1368 1129 1397 1159 et
1411 1124 1475 1158 Isa.
1492 1124 1548 1169 r.).

165 1207 226 1242 AD
247 1217 454 1242 SECUNDUM
475 1207 526 1241 sic
555 1207 772 1251 proceditur.
798 1206 962 1249 Videtur,
992 1206 1090 1252 quod
1121 1205 1356 1241 excellentior
1385 1207 1429 1240 sit
1457 1205 1661 1252 prophetia,

94 1271 186 1308 quae
206 1261 316 1295 habet
334 1260 516 1295 visionem
536 1260 834 1302 intellectualem,
852 1268 887 1294 et
904 1260 1169 1306 imaginariam,
1189 1271 1298 1306 quarn
1317 1270 1360 1294 ea
1378 1271 1469 1306 quae
1486 1260 1597 1294 habet
1613 1260 1662 1294 vi-

93 1314 235 1348 sionem
257 1313 543 1348 intellectualem
563 1322 723 1348 tantum:
745 1314 831 1348 dicit
853 1315 950 1348 enim
973 1314 1196 1359 Augustinus
1222 1323 1274 1347 12.
1296 1325 1404 1359 super
1427 1313 1518 1348 Gen.
1541 1313 1585 1347 ad
1607 1313 1658 1348 lit.

94 1368 184 1414 (cap.
206 1367 271 1414 9.)‚
295 1374 329 1401 et
349 1367 502 1402 habetur
522 1367 559 1401 in
583 1367 704 1401 Gloss.
727 1367 867 1412 (ordin.)
895 1378 924 1401 1.
947 1367 991 1400 ad
1018 1367 1104 1401 Cor.
1139 1376 1190 1409 14.
1222 1367 1345 1412 (super
1377 1365 1483 1400 illud:
1519 1367 1662 1413 Spiritus

95 1426 204 1456 autem
225 1421 373 1467 loquitur
393 1421 586 1467 mysteria):
613 1433 630 1452 «
652 1421 771 1454 Minus
794 1429 847 1455 est
867 1420 1061 1466 Propheta,
1077 1420 1136 1466 qui
1151 1432 1283 1462 rerum,
1298 1431 1390 1466 quae
1404 1419 1664 1465 significantur,

95 1474 173 1510 sola
194 1475 271 1521 ipsa
292 1474 395 1520 signa
415 1474 452 1508 in
473 1474 597 1519 spiritu
619 1484 683 1520 per
703 1485 825 1507 rerum
859 1473 1105 1520 corporalium
1138 1473 1317 1518 imagines
1350 1474 1465 1507 videt:
1489 1481 1523 1507 et
1543 1474 1660 1519 magis

96 1535 150 1562 est
169 1527 364 1574 Propheta,
387 1527 448 1573 qui
469 1527 549 1561 solo
572 1538 697 1561 earum
718 1526 902 1561 intellectu
925 1535 977 1561 est
998 1527 1198 1573 praeditus:
1220 1526 1283 1560 sed
1304 1526 1462 1560 maxime
1481 1526 1663 1571 Propheta

97 1588 160 1625 est,
183 1581 241 1627 qui
263 1582 300 1615 in
321 1588 474 1626 utroque
496 1579 683 1626 praecellit
703 1593 744 1615 »t
766 1581 838 1614 hoc
862 1588 982 1614 autem
1002 1580 1155 1626 pertinet
1169 1580 1213 1614 ad
1228 1580 1461 1625 Prophetam,
1477 1580 1537 1625 qui
1555 1579 1664 1614 simul

97 1634 207 1668 habet
226 1633 522 1675 intellectualem,
545 1641 580 1668 et
599 1633 854 1679 imaginariam
875 1634 1074 1676 visionem3
1111 1645 1197 1679 ergo
1231 1633 1441 1679 hujusmodi
1476 1633 1665 1679 prophetia.

98 1695 152 1722 est
173 1687 288 1721 altior.

168 1751 201 1775 2.
222 1741 458 1775 PRAETEREA.
483 1741 631 1782 Quanto
653 1740 764 1774 virtus
787 1739 938 1785 alicujus
960 1740 1012 1774 rei
1034 1748 1086 1774 est
1107 1741 1236 1784 major,
1265 1747 1366 1774 tanto
1400 1739 1442 1773 ad
1476 1739 1592 1785 magis
1616 1740 1665 1773 di-

98 1794 228 1828 stantia
249 1805 287 1828 se
310 1794 483 1828 extendit:
506 1793 567 1828 sed
589 1793 712 1827 lumen
730 1793 985 1839 propheticum
1003 1793 1248 1839 principaliter
1263 1793 1305 1826 ad
1320 1801 1482 1827 mentem
1501 1793 1666 1838 pertinet,

99 1856 138 1882 ut
158 1859 201 1882 ex
222 1847 326 1881 dictis
348 1855 447 1893 patet
469 1846 513 1892 (q.
530 1853 643 1893 praec.
666 1852 730 1881 art.
753 1847 815 1890 2.);
839 1858 925 1892 ergo
952 1846 1147 1892 perfectior
1178 1846 1320 1880 videtur
1354 1857 1431 1880 esse
1464 1847 1666 1892 prophetia,

100 1912 192 1948 quae
214 1900 393 1934 derivatur
415 1911 526 1946 usque
549 1900 592 1934 ad
613 1900 927 1945 imaginationem,
949 1911 1059 1946 quam
1081 1899 1143 1933 illa
1164 1910 1255 1946 quae
1283 1900 1399 1934 existit
1432 1901 1467 1933 in
1501 1899 1581 1934 solo
1615 1900 1665 1933 in-

99 1953 256 1990 tellectu.

174 2019 203 2053 3.
225 2007 460 2041 PRAETEREA.
485 2007 633 2040 Hieron.
656 2006 694 2040 in
715 2006 812 2040 Prol.
835 2006 895 2040 lib.
916 2006 1006 2052 Reg.
1029 2006 1123 2050 (circ.
1142 2006 1243 2051 med.)
1264 2006 1450 2051 distinguit
1465 2006 1668 2052 Prophetas

102 2068 228 2096 contra
250 2061 549 2106 Hagiographos:
566 2071 693 2094 omnes
709 2068 830 2094 autem
843 2059 907 2101 illi,
923 2071 1012 2106 quos
1027 2060 1230 2106 Prophetas
1245 2060 1411 2094 nominat
1425 2061 1527 2105 (puta
1542 2060 1666 2102 Isaias,

97 2113 282 2158 Jeremias,
305 2121 340 2147 et
361 2113 422 2146 alii
442 2112 667 2157 hujusmodi)
690 2111 799 2146 simul
820 2124 903 2146 cum
921 2112 1158 2146 intellectuali
1176 2112 1316 2146 visione
1336 2112 1591 2157 imaginariam
1609 2112 1670 2146 ha-

102 2167 270 2209 buerunt3
291 2178 367 2201 non
389 2174 510 2200 autem
531 2165 584 2200 illi
605 2166 666 2212 qui
687 2166 854 2200 dicuntur
875 2166 1138 2212 Hagiographi,
1161 2166 1254 2200 sicut
1275 2178 1317 2200 ex
1337 2166 1573 2211 inspiratione
1594 2165 1670 2212 Spi-

103 2220 191 2254 ritus
214 2220 340 2254 Sancti
359 2220 554 2254 scribentes
577 2220 685 2263 (sicut
701 2219 780 2264 job,
801 2219 931 2261 David,
963 2219 1152 2261 Salomon,
1176 2226 1209 2253 et
1230 2220 1478 2265 hujusmodi);
1512 2230 1599 2265 ergo
1620 2220 1669 2252 vi-

104 2273 208 2307 detur
228 2273 325 2319 quod
346 2273 462 2318 magis
483 2272 626 2319 proprie
648 2272 813 2306 dicuntur
833 2272 1038 2318 Prophetae
1060 2272 1123 2315 illi,
1145 2273 1205 2318 qui
1220 2272 1327 2306 simul
1341 2273 1476 2306 habent
1488 2272 1668 2306 visionem

104 2326 358 2372 imaginariam
381 2337 463 2359 cum
485 2325 730 2367 intellectuali,
753 2336 862 2371 quam
883 2325 934 2359 illi
957 2327 1017 2372 qui
1038 2326 1173 2360 habent
1201 2325 1487 2360 intellectualem
1513 2333 1668 2359 tantum.

175 2389 208 2422 4.
231 2379 467 2414 PRAETEREA.
489 2379 688 2425 Dionysius
710 2379 796 2412 dicit
820 2389 849 2413 1.
872 2390 948 2425 cap.
974 2379 1076 2413 Coel.
1100 2379 1237 2413 Hierar.
1274 2379 1370 2424 quod
1404 2391 1422 2410 α
1443 2378 1667 2424 impossibile

106 2440 170 2475 est,
191 2433 296 2466 nobis
317 2432 548 2478 superlucere
571 2432 733 2465 divinum
766 2432 917 2473 radium,
940 2433 1008 2466 nisi
1028 2432 1201 2466 varietate
1224 2443 1411 2466 sacrorum
1444 2431 1669 2465 velaminum

106 2485 405 2520 circumvelatum
425 2498 465 2519 »z
488 2485 552 2519 sed
572 2485 783 2531 prophetica
805 2485 976 2519 revelatio
998 2485 1037 2519 fit
1058 2496 1122 2531 per
1148 2485 1413 2519 immissionem
1435 2484 1548 2518 divini
1561 2485 1669 2527 radii;

107 2551 194 2585 ergo
216 2539 367 2580 videtur,
389 2538 486 2584 quod
507 2549 581 2572 non
602 2538 716 2584 possit
736 2549 814 2572 esse
836 2539 970 2584 absque
991 2538 1286 2583 phantasmatum
1308 2537 1558 2571 velaminibus.

178 2592 252 2626 SED
268 2602 423 2626 CONTRA
438 2599 501 2632 est,
520 2591 617 2637 quod
632 2591 751 2626 Gloss.
768 2591 853 2625 dicit
869 2593 905 2625 in
927 2591 1103 2636 principio
1118 2590 1293 2631 Psalterii,
1314 2590 1409 2636 quod
1429 2603 1446 2621 α
1460 2589 1520 2624 ille
1535 2590 1666 2624 modus

106 2645 318 2692 prophetiae
340 2644 483 2689 dignior
504 2652 556 2678 est
577 2645 739 2686 caeteris,
761 2644 904 2690 quando
928 2644 1066 2678 scilicet
1088 2655 1130 2677 ex
1148 2643 1226 2678 sola
1247 2643 1398 2689 Spiritus
1420 2643 1544 2676 Sancti
1566 2643 1672 2688 inspi-

108 2699 260 2741 ratione,
286 2706 428 2732 remoto
456 2698 559 2731 omni
585 2697 751 2731 exteriori
777 2697 998 2732 adminiculo
1026 2696 1121 2739 facti,
1146 2696 1205 2730 vel
1231 2697 1328 2738 dicti,
1349 2696 1409 2730 vel
1426 2696 1587 2738 visionis,
1608 2696 1668 2730 vel

109 2753 253 2793 somnii,
274 2751 511 2797 prophetatur
528 2764 560 2785 ³).

180 2805 410 2839 RESPONDEO
433 2804 638 2845 dicendum,
664 2804 761 2849 quod
787 2803 941 2849 dignitas
968 2814 1107 2844 eorum,
1129 2813 1221 2848 quae
1249 2811 1331 2836 sunt
1356 2803 1399 2836 ad
1426 2802 1547 2844 finem,
1574 2813 1672 2848 prae-

110 2858 214 2904 cipue
236 2857 483 2891 consideratur
504 2867 547 2890 ex
567 2857 656 2890 fine:
690 2856 769 2890 finis
792 2865 912 2891 autem
940 2856 1151 2902 prophetiae
1174 2864 1227 2890 est
1248 2855 1491 2890 manifestatio
1520 2855 1672 2900 alicujus

110 2910 269 2945 veritatis
291 2921 397 2955 supra
418 2910 608 2944 hominem
631 2910 832 2953 existenti33
855 2910 949 2944 unde
971 2917 1105 2955 quanto
1127 2909 1339 2955 hujusmodi
1356 2909 1600 2944 manifestatio
1621 2916 1673 2942 est
