1859 3122
500 151 721 187 QUAEsT1o
757 151 812 181 LI.
845 152 1088 182 ARTiCULus
1121 152 1182 182 111.
1545 141 1627 197 389

625 319 968 364 ARTICULUS
1000 321 1079 363 HI.
1562 332 1629 378 289

429 428 615 457 UTRUM
659 428 874 458 SYNESIS
915 429 999 458 SIT
1039 429 1261 459 VIRTUS.

220 515 297 559 (1-2.
320 527 348 561 q.
367 527 417 561 57.
440 521 503 550 art.
523 516 555 551 6.
578 521 607 550 et
621 527 648 562 3.
670 516 760 550 Dist.
779 528 822 562 33.
845 528 875 562 q.
893 529 919 562 5.
945 522 1010 551 art.
1032 527 1060 550 Ι.
1083 521 1111 551 εἰ
1133 517 1165 551 6.
1188 516 1297 551 Etln'c.
1321 517 1388 550 lect.
1413 517 1473 562 9.).

136 603 196 637 AD
219 613 390 638 TERTIUM
412 604 462 638 sic
482 603 697 650 proceditur.
716 603 877 646 Videtur,
894 605 989 650 quod
1009 604 1147 650 synesis
1167 615 1242 638 non
1263 604 1308 638 sit
1329 604 1455 638 virtus:
1479 604 1628 638 virtutes

66 656 163 690 enirn
184 667 259 690 non
280 658 401 692 insunt
421 658 525 692 nobis
548 668 567 691 a
592 665 731 699 natura,
758 665 796 691 ut
821 658 951 691 dicitur
977 658 1013 690 in
1041 667 1072 691 2.
1101 657 1260 691 Ethicor.
1285 658 1374 703 (cap.
1402 658 1468 704 1.):
1492 657 1553 691 sed
1576 668 1629 703 sy-

66 710 160 743 nesis
181 709 273 744 inest
295 710 471 756 aliquibus
493 722 512 744 a
534 718 672 752 natura,
695 718 732 744 ut
755 711 839 745 dicit
861 710 1074 756 Philosoph.
1094 710 1130 744 in
1145 709 1176 744 6.
1199 710 1315 744 Ethic.
1333 712 1418 756 (cap.
1433 711 1519 754 1,r.)‚·
1541 722 1628 755 ergo

65 763 202 808 synesis
224 774 298 797 non
320 772 373 798 cst
392 765 514 798 virtus.

137 826 168 850 2.
191 816 427 852 PRAETEREA.
451 817 609 863 Synesis,
632 825 670 851 ut
689 817 726 850 in
749 817 880 851 eodem
901 817 960 851 lib.
981 817 1110 851 dicitur
1125 823 1212 863 (cap.
1227 816 1310 861 io),
1327 825 1379 850 est
1400 816 1521 850 solum
1538 816 1626 862 judi-

67 871 200 904 cativa:
225 870 286 904 sed
307 871 482 916 judicium
503 870 623 904 solum
644 870 720 904 sine
742 878 934 917 praecepto
962 878 1079 917 potest
1101 882 1178 904 esse
1202 870 1310 904 etiarn
1333 870 1370 904 in
1392 869 1514 912 malis,
1543 881 1626 903 cum

66 933 154 969 ergo
175 923 286 957 virtus
308 924 353 958 sit
374 923 493 958 solum
515 925 551 958 in
572 924 689 965 bonis,
711 924 851 958 videtur
873 924 969 970 quod
992 924 1131 970 synesis
1153 935 1227 957 non
1249 923 1293 957 sit
1314 923 1436 957 virtus.

139 988 168 1022 3.
191 976 426 1012 PRAETEREA.
448 977 660 1023 Numquam
682 986 734 1011 est
756 977 915 1011 defectus
934 977 970 1011 in
992 977 1260 1023 praecipiendo,
1275 976 1345 1011 nisi
1365 977 1410 1010 sit
1425 976 1552 1022 aliquis
1570 977 1628 1010 de-

64 1028 177 1064 fectus
199 1030 234 1064 in
255 1031 460 1076 judicando,
482 1030 611 1065 saltem
629 1031 665 1064 in
683 1031 891 1077 particulari
905 1030 1092 1077 operabili,
1107 1031 1143 1064 in
1159 1042 1230 1076 quo
1247 1030 1366 1064 omnis
1382 1029 1498 1063 malus
1515 1037 1627 1072 errat;

65 1083 95 1117 si
116 1094 202 1129 ergo
225 1084 362 1130 synesis
383 1084 528 1130 ponitur
548 1085 659 1118 virtus
683 1085 726 1118 ad
747 1085 838 1119 bene
860 1085 1107 1130 judicandum,
1129 1084 1270 1118 videtur
1292 1084 1389 1129 quod
1409 1095 1483 1117 non
1506 1083 1550 1117 sit
1570 1095 1629 1117 ne-

65 1137 220 1171 cessaria
242 1137 311 1171 alia
332 1137 442 1172 virtus
465 1137 509 1171 ad
529 1137 620 1171 bene
642 1138 959 1183 praecipiendum3
983 1146 1017 1172 et
1030 1138 1113 1172 ideo
1136 1137 1325 1183 prudentia
1344 1137 1408 1171 erit
1427 1135 1626 1182 superflua:

65 1190 162 1236 quod
185 1198 238 1225 est
258 1191 537 1233 inconvenien33
559 1203 633 1225 non
656 1202 742 1237 ergo
765 1191 902 1237 synesis
925 1200 978 1226 est
998 1191 1121 1226 virtus.

137 1242 212 1277 SED
236 1253 401 1278 CONTRA.
419 1243 602 1288 Judicium
625 1252 678 1278 est
697 1244 900 1290 perfectius,
923 1255 1033 1290 quam
1056 1243 1268 1278 consilium:
1287 1244 1349 1278 sed
1366 1242 1521 1284 eubulia,
1536 1254 1628 1288 quae

65 1303 119 1330 est
138 1295 230 1330 bene
253 1297 490 1339 consiliativa,
513 1305 566 1332 est
586 1297 717 1340 virtus;
746 1309 832 1343 ergo
861 1297 976 1332 multo
1008 1299 1124 1343 magis
1151 1297 1302 1343 synesis,
1333 1308 1424 1342 quae
1454 1304 1507 1330 est
1535 1296 1626 1330 bene

63 1349 270 1394 judicativa,
292 1359 345 1384 est
366 1351 488 1385 virtus.

134 1402 363 1439 RESPONDEO
374 1404 579 1446 dicendum,
591 1404 687 1450 quod
702 1404 840 1450 synesis
853 1404 1026 1451 importat
1039 1404 1214 1449 judicium
1229 1412 1463 1444 rectum,non
1479 1403 1626 1448 quidem

66 1456 161 1490 circa
182 1457 426 1503 speculabilia,
449 1457 511 1492 sed
534 1458 629 1491 circa
650 1457 879 1504 particularia
894 1457 1101 1504 operabilia,
1118 1457 1213 1491 circa
1235 1468 1326 1502 quae
1349 1456 1458 1490 etiam
1478 1464 1530 1490 est
1547 1468 1626 1502 pru-

66 1509 204 1552 dentia;
227 1510 320 1544 unde
343 1511 543 1544 secundum
564 1511 723 1557 synesim
745 1510 910 1545 dicuntur
933 1510 1043 1556 aliqui
1064 1510 1100 1543 in
1115 1521 1246 1555 graeco
1262 1510 1416 1551 σύνετοι,
1438 1509 1530 1543 idest
1551 1520 1627 1543 sen-

65 1563 142 1604 sati,
164 1562 222 1596 vel
242 1561 427 1597 εὖσῦνετοι
449 1563 541 1598 idest
565 1564 733 1598 homiues
759 1564 847 1597 boni
872 1575 1015 1598 sensus:
1044 1563 1136 1597 sicut
1162 1574 1180 1597 e
1207 1563 1388 1597 contrario
1417 1562 1477 1608 qui
1504 1570 1627 1596 carent

64 1617 131 1650 hac
146 1616 287 1659 virtute,
302 1617 467 1651 dicuntur
483 1615 662 1660 ιῖσύνετοι,
680 1617 771 1651 idest
789 1617 976 1652 insensati:
999 1625 1143 1662 oportet
1161 1625 1281 1650 autem
1304 1616 1400 1662 quod
1423 1615 1623 1649 secundum

66 1668 304 1704 differentiam
327 1679 484 1712 actuum,
507 1671 567 1716 qui
588 1682 663 1704 non
688 1671 908 1704 reducuntur
933 1670 970 1703 in
997 1670 1165 1704 eamdem
1193 1681 1352 1710 causam,
1374 1669 1418 1702 sit
1444 1669 1554 1702 etiam
1581 1668 1628 1702 di-

63 1723 212 1757 versitas
233 1725 422 1757 virtutum:
445 1723 676 1757 manifestum
704 1732 756 1757 est
786 1732 918 1765 autem,
946 1724 1042 1769 quod
1072 1723 1214 1757 bonitas
1245 1722 1399 1764 consilii,
1422 1731 1456 1755 et
1486 1722 1627 1756 bonitas

63 1776 187 1820 judicii
207 1787 281 1810 non
304 1777 521 1810 reducuntur
538 1777 574 1810 in
595 1776 762 1810 eamdem
777 1787 943 1811 causam:
965 1776 1070 1810 multi
1085 1777 1181 1810 enim
1196 1785 1279 1810 sunt
1292 1776 1383 1810 bene
1399 1774 1626 1816 consiliativi,

65 1829 126 1874 qui
146 1837 269 1863 tamen
290 1841 364 1863 non
387 1838 469 1864 sunt
489 1830 579 1864 bene
602 1830 745 1871 sensati,
769 1830 871 1875 quasi
892 1838 988 1863 recte
1009 1830 1228 1875 judicantes:
1251 1829 1344 1863 sicut
1367 1829 1476 1863 etiam
1494 1829 1531 1862 in
1553 1839 1628 1874 spe-

65 1881 228 1916 culativis
250 1882 360 1929 aliqui
381 1892 462 1917 sunt
475 1884 567 1917 bene
586 1883 818 1928 inquirentes,
837 1891 984 1928 propter
1001 1883 1072 1917 hoc
1093 1883 1189 1929 quod
1204 1883 1296 1916 ratio
1316 1893 1442 1916 eorum
1457 1890 1625 1928 prompta

65 1943 117 1969 est
139 1936 182 1970 ad
204 1936 476 1970 discurrendum
498 1948 561 1982 per
576 1937 732 1978 diversa,
754 1936 850 1982 quod
869 1936 1009 1970 videtur
1023 1936 1214 1982 provenire
1230 1948 1272 1970 ex
1287 1935 1523 1981 dispositione
1541 1935 1627 1968 ima-

65 1989 245 2034 ginativae
259 1989 412 2032 virtutis,
427 2000 518 2035 quae
534 1990 576 2023 de
591 1989 689 2023 facili
703 1997 822 2035 potest
834 1988 992 2023 formare
1007 1990 1147 2023 diversa
1161 1989 1415 2035 phantasmata
1429 2001 1435 2022 :
1456 1996 1490 2022 et
1503 1997 1627 2021 tamen

64 2042 275 2088 hujusmodi
295 2043 512 2088 quandoque
533 2054 608 2076 non
629 2051 712 2076 sunt
732 2042 819 2076 boni
839 2042 981 2088 judicii,
1003 2043 1100 2088 quod
1129 2051 1181 2077 est
1206 2050 1353 2089 propter
1375 2041 1556 2075 defectum
1577 2040 1627 2074 in-

63 2094 240 2137 tellectus,
264 2096 323 2142 qui
345 2096 503 2130 maxime
527 2096 705 2142 contingit
730 2107 773 2130 ex
794 2095 890 2129 mala
912 2096 1148 2142 dispositione
1172 2095 1378 2130 communis
1405 2105 1530 2128 sensus
1552 2105 1626 2127 non

65 2148 155 2182 bene
176 2149 384 2194 judicantis;
407 2158 440 2183 et
461 2149 543 2183 ideo
567 2157 720 2194 oportet,
740 2157 881 2195 praeter
902 2148 1085 2183 eubuliarn
1104 2161 1181 2184 esse
1205 2149 1314 2183 aliam
1333 2149 1515 2190 virtutem,
1534 2158 1626 2193 quae

65 2209 118 2236 est
137 2202 229 2236 bene
250 2203 463 2248 judicativa:
487 2210 522 2236 et
542 2202 633 2236 haec
660 2202 788 2236 dicitur
809 2202 958 2248 synesis.

135 2256 196 2290 AD
206 2265 355 2291 PRIMUM
374 2267 461 2302 ergo
481 2256 683 2297 dicendum,
706 2255 802 2301 quod
824 2264 962 2290 rectum
983 2256 1158 2301 judicium
1179 2256 1215 2289 in
1236 2255 1308 2289 hoc
1332 2254 1506 2295 consistit,
1526 2253 1623 2299 quod

64 2309 118 2343 vis
140 2310 389 2355 cognoscitiva
411 2309 657 2355 apprehendat
676 2320 754 2345 rem
776 2308 946 2354 aliquam,
968 2310 1168 2343 secundum
1191 2309 1287 2354 quod
1310 2310 1346 2342 in
1372 2319 1410 2342 se
1432 2315 1500 2342 est:
1530 2306 1627 2352 quod

65 2361 211 2407 quidem
229 2362 394 2408 provenit
408 2373 451 2396 ex
464 2370 561 2396 recta
576 2362 810 2408 dispositione
824 2362 962 2396 virtutis
983 2362 1283 2408 apprehensivae:
1304 2362 1396 2395 sicut
1410 2361 1445 2394 in
1465 2358 1626 2406 speculo,

65 2415 95 2449 si
124 2414 230 2449 fuerit
254 2416 346 2450 bene
372 2415 597 2461 dispositum,
623 2415 878 2461 imprimuntur
898 2415 1039 2449 formae
1061 2427 1269 2461 corporum,
1298 2414 1499 2449 secundum
1529 2411 1625 2458 quod

64 2476 161 2502 sunt:
186 2469 215 2502 si
228 2479 315 2502 vero
330 2467 435 2502 fuerit
448 2468 635 2514 speculum
648 2468 742 2503 male
758 2469 983 2515 dispositum,
999 2477 1171 2515 apparent
1183 2469 1233 2502 ibi
1246 2468 1424 2514 imagines
1444 2467 1626 2507 distortae,

66 2530 100 2556 et
120 2533 228 2568 prave
250 2533 287 2556 se
309 2522 504 2556 habentes:
527 2522 624 2568 quod
647 2530 767 2556 autern
787 2522 899 2556 virtus
927 2522 1178 2567 cognoscitiva
1203 2522 1249 2556 sit
1273 2522 1364 2555 bene
1387 2519 1559 2565 disposita
1582 2518 1625 2551 ad

64 2575 311 2621 recipiendum
332 2586 402 2617 res,
423 2575 622 2609 secundum
641 2575 737 2622 quod
753 2584 844 2617 sunt,
861 2575 1038 2620 contingit
1053 2575 1200 2621 quidem
1214 2573 1417 2608 radicaliter
1431 2584 1472 2606 ex
1488 2579 1626 2613 natura,

66 2629 354 2662 consummative
377 2636 497 2662 autem
519 2640 560 2662 ex
582 2629 763 2670 exercitio,
784 2628 843 2662 vel
865 2639 906 2662 ex
928 2639 1078 2662 munere
1101 2628 1256 2674 gratiae:
1281 2635 1315 2660 et
1336 2626 1407 2659 hoc
1430 2625 1626 2670 dupliciter:

64 2693 129 2715 uno
150 2681 245 2715 modo
268 2681 400 2715 directe
428 2692 471 2715 ex
498 2690 598 2727 parte
627 2682 737 2728 ipsius
766 2681 1037 2727 cognoscitivae
1063 2682 1221 2722 virtutis;
1243 2688 1328 2726 puta
1356 2678 1439 2724 quia
1470 2689 1545 2711 non
1573 2685 1625 2711 est

63 2734 202 2768 imbuta
223 2734 342 2780 pravis
364 2735 673 2780 conceptionibus,
692 2734 754 2769 sed
768 2735 872 2777 veris,
893 2742 926 2768 et
944 2734 1069 2768 rectis:
1091 2741 1125 2767 et
1138 2733 1209 2767 hoc
1224 2732 1378 2777 pertinet
1393 2731 1435 2764 ad
1455 2730 1625 2776 synesim,

65 2788 266 2822 secundum
287 2787 383 2832 quod
406 2795 458 2822 est
478 2788 643 2834 specialis
664 2788 797 2822 virtus:
820 2788 886 2822 alio
909 2787 1003 2821 modo
1022 2787 1195 2820 indirecte
1214 2797 1257 2819 ex
1275 2785 1370 2818 bona
1388 2783 1626 2829 dispositione

65 2840 280 2886 appetitivae
302 2840 440 2875 virtutis
450 2853 459 2884 3
486 2852 528 2875 ex
554 2853 623 2887 qua
649 2841 819 2887 sequitur,
847 2840 943 2886 quod
970 2840 1084 2873 homo
1111 2839 1202 2873 bene
1227 2838 1364 2883 judicet
1390 2837 1432 2871 de
1459 2835 1627 2882 appetibi-

211 2921 238 2948 S.
259 2921 382 2948 Tuomst.
404 2921 508 2948 Summa
533 2921 694 2956 Theologica.
715 2922 782 2950 Vol.
802 2921 857 2950 111.
1452 2920 1485 2945 26
