1859 3122
219 169 300 212 228
614 179 832 215 QUAESTIO
865 180 981 209 XXVI.
1017 179 1259 210 ARTICULUS
1299 181 1375 211 XII.

216 262 390 303 amando;
413 261 519 296 nimis
543 261 638 296 enim
660 261 769 295 durus
792 269 844 296 est
866 262 1018 303 animus,
1032 262 1092 308 qui
1110 261 1343 296 dilectionem
1365 263 1430 296 etsi
1449 273 1523 297 non
1541 262 1617 297 vult
1637 263 1771 309 impen-

215 316 309 357 dere,
328 315 418 349 nolit
440 315 635 360 rependere
646 326 685 348 »:
710 315 771 348 sed
793 315 1040 349 benefactores
1062 316 1297 360 praeveniunt
1317 327 1383 350 nos
1405 316 1441 350 in
1462 316 1638 351 beneficio
1661 317 1773 351 chari·

213 369 318 412 tatis,
337 380 422 415 ergo
438 368 688 402 benefactores
711 369 867 402 maxime
891 369 1062 402 debemus
1082 369 1241 413 diligere.

286 433 316 456 2.
344 423 578 457 PRAETEREA.
603 421 723 456 Tanto
747 422 873 468 aliquis
897 430 948 456 est
971 423 1086 467 magis
1107 422 1319 468 diligendus,
1336 431 1469 469 quanto
1492 423 1636 469 gravius
1657 423 1770 457 homo

212 484 348 522 peccat,
370 476 399 510 si
421 476 462 510 ab
487 477 561 521 ejus
583 475 774 509 dilectione
788 476 943 516 desistat,
954 474 1012 508 vel
1027 484 1152 509 contra
1174 487 1258 509 eum
1277 484 1381 521 agat:
1397 476 1459 510 sed
1482 477 1624 521 gravius
1646 484 1773 522 peccat

213 530 272 576 qui
294 529 560 563 benefectorem
582 540 654 563 non
678 529 803 574 diligit,
826 528 883 563 vel
905 537 1030 562 contra
1052 540 1135 562 eum
1170 529 1252 575 agit,
1276 541 1385 575 quam
1407 529 1437 563 si
1458 529 1607 575 diligere
1630 529 1770 563 desinat

213 595 308 625 eum,
331 584 386 616 cui
408 583 582 617 hactenus
614 582 809 625 benefecit3
838 593 925 628 ergo
948 584 1063 627 magis
1098 590 1179 616 sunt
1206 583 1352 616 amandi
1377 582 1638 625 benefactores,
1661 593 1770 628 quam

214 637 262 678 hi,
285 637 411 682 quibus
429 636 685 670 benefacimus.

289 702 316 736 3.
337 690 571 724 PRAETEREA.
594 690 689 723 Inter
708 689 831 723 onmia
850 689 1030 733 diligenda
1047 690 1205 723 maxime
1224 689 1425 735 diligendus
1444 697 1497 724 est
1510 690 1627 731 Deus;
1643 697 1677 723 et
1691 697 1773 735 post

215 755 297 778 eum
317 752 428 789 pater,
451 751 488 777 ut
507 744 655 777 Hieron.
678 743 763 776 dicit
785 743 869 788 (sup.
892 743 974 776 illud
991 743 1106 787 Erech.
1129 754 1205 787 44.-
1231 743 1375 777 Sabbata
1392 754 1465 777 mea
1481 743 1770 788 sanctificabunt):

215 798 275 832 sed
299 798 355 832 isti
377 806 458 831 sunt
480 797 637 831 maxime
659 795 926 837 benefactor-2⁶33
950 807 1036 841 ergo
1058 796 1267 830 benefactor
1294 805 1346 830 est
1372 798 1528 830 maxime
1556 795 1769 842 diligendus,

287 852 360 885 SED
388 861 542 885 CONTRA
570 858 632 891 est,
660 850 756 895 quod
778 849 914 883 Philos.
938 850 1024 883 dicit
1045 849 1080 883 in
1108 861 1138 895 9.
1163 850 1321 884 Ethicor.
1345 851 1433 896 (cap.
1461 851 1520 896 7.),
1547 849 1643 896 quod
1669 849 1773 883 bene-

214 904 369 938 factores
391 904 506 949 magis
528 903 693 937 videntur
715 914 836 936 amare
858 903 1105 944 beneficiatos,
1128 915 1237 948 quam
1261 914 1278 937 e
1302 914 1489 937 converso.

284 958 512 992 RESPONDEO
536 957 741 998 dicendum,
763 955 871 1001 quod,
894 956 986 990 sicut
1003 967 1109 1002 supra
1127 956 1263 990 dictum
1282 964 1334 990 est
1352 957 1434 1001 (art.
1454 969 1485 1002 9.
1505 961 1533 991 et
1553 969 1598 991 ΙΙ.
1621 957 1688 1002 lmj.
1711 957 1770 1001 q.)‚

215 1011 347 1057 aliquid
370 1010 527 1056 diligitur
554 1011 670 1055 magis
696 1010 891 1056 dupliciter:
918 1021 982 1043 uno
1009 1010 1118 1050 modo,
1148 1010 1231 1055 quia
1260 1010 1369 1044 habet
1394 1010 1572 1044 rationem
1600 1009 1774 1044 excellen-

213 1065 312 1098 tioris
334 1065 438 1098 boni:
462 1064 527 1098 alio
549 1063 644 1097 modo
666 1063 805 1096 ratione
828 1063 975 1107 majoris
1000 1063 1277 1107 conjunctionis.
1300 1064 1414 1097 Primo
1437 1063 1583 1109 quidem
1604 1063 1699 1097 modo
1718 1063 1774 1096 be-

213 1117 374 1152 nefactor
396 1125 448 1151 est
469 1117 584 1162 magis
606 1116 827 1161 diligendus:
850 1116 934 1162 quia
957 1127 1038 1150 cum
1062 1116 1106 1150 sit
1131 1116 1347 1162 principium
1373 1117 1459 1150 boni
1484 1117 1521 1150 in
1546 1116 1772 1158 beneficiato,

213 1171 322 1205 habet
340 1170 603 1205 excellentioris
621 1170 707 1203 boni
720 1170 911 1211 rationem,
927 1170 1017 1203 sicut
1032 1177 1065 1203 et
1080 1169 1122 1203 de
1138 1177 1236 1215 patre
1255 1170 1391 1203 dictum
1407 1177 1459 1204 est
1473 1170 1556 1215 (art.
1571 1181 1602 1215 9.
1619 1170 1686 1214 huj.
1702 1171 1747 1214 q.)
1762 1182 1772 1204 :

212 1225 348 1260 secundo
372 1232 493 1258 autem
514 1223 608 1257 morlo
631 1223 747 1268 magis
769 1223 952 1267 diligimus
970 1223 1215 1264 beneficiatos,
1234 1231 1271 1256 ut
1291 1223 1384 1256 Phil.
1404 1223 1531 1269 probat
1549 1223 1585 1256 in
1603 1234 1636 1269 9.
1655 1222 1771 1256 Ethic.

215 1278 300 1324 (cap.
324 1279 369 1324 7.)
394 1289 456 1324 per
479 1282 621 1324 quatuor
638 1277 806 1310 rationes.
826 1277 941 1310 Primo
957 1277 1112 1321 quidem,
1136 1276 1217 1321 quia
1232 1276 1464 1310 beneficiatus
1479 1284 1532 1310 est
1546 1276 1646 1322 quasi
1665 1276 1774 1321 quod-

213 1333 296 1365 dam
319 1343 408 1377 opus
429 1330 686 1365 benefactoris:
710 1329 804 1363 unde
827 1329 1015 1363 consuevit
1037 1329 1106 1363 dici
1128 1329 1170 1363 de
1191 1329 1330 1375 aliquo:
1354 1331 1421 1364 Ista
1443 1335 1486 1364 est
1507 1330 1640 1372 factura
1661 1330 1771 1364 illius:

212 1385 374 1419 naturale
396 1392 449 1419 est
464 1392 583 1418 autem
600 1383 756 1424 cuilibet,
776 1391 813 1416 ut
832 1382 956 1427 diligat
975 1393 1064 1428 opus
1084 1394 1206 1416 suum:
1227 1383 1318 1416 sicut
1332 1383 1508 1425 videmus,
1531 1383 1627 1428 quod
1644 1390 1772 1429 poetae

214 1438 366 1484 diligunt
387 1446 557 1484 poemata
580 1449 663 1478 sua,
691 1445 725 1470 et
746 1436 816 1470 hoc
840 1436 932 1477 ideo,
955 1436 1037 1481 quia
1059 1436 1341 1482 unumquodque
1364 1436 1480 1482 diligit
1500 1447 1605 1470 suum
1628 1447 1717 1478 esse,
1739 1444 1773 1470 et

213 1503 317 1526 suum
331 1492 462 1532 vivere,
479 1491 575 1536 quod
591 1490 747 1524 maxime
766 1489 1014 1523 manifestatur
1032 1489 1067 1522 in
1086 1500 1151 1522 suo
1172 1500 1288 1535 agere.
1307 1489 1464 1532 Secundo,
1485 1490 1567 1535 quia
1589 1489 1774 1535 unusquis-

213 1557 281 1591 que
311 1545 520 1579 naturaliter
553 1544 668 1589 diligit
690 1543 788 1584 illud,
810 1543 846 1576 in
869 1554 939 1588 quo
962 1543 1105 1588 inspicit
1126 1554 1231 1576 suum
1257 1543 1410 1576 bonum:
1438 1543 1546 1577 habet
1572 1543 1717 1589 quidem
1739 1550 1773 1576 et

212 1598 421 1633 benefactor
435 1599 470 1631 in
484 1598 698 1632 beneficiato
715 1596 860 1642 aliquod
875 1596 1024 1638 bonum,
1040 1605 1073 1630 et
1088 1607 1106 1630 e
1122 1608 1298 1630 converso
1311 1610 1318 1631 ε
1333 1597 1394 1630 sed
1409 1596 1618 1631 benefactor
1631 1597 1773 1642 inspicit

212 1653 248 1685 in
271 1652 483 1686 beneficiato
506 1663 611 1685 suum
633 1651 770 1684 bonum
793 1650 997 1691 honestum,
1021 1658 1055 1683 et
1080 1650 1313 1684 beneficiatus
1342 1650 1378 1683 in
1407 1649 1637 1684 benefactore
1667 1661 1770 1684 suum

212 1706 348 1739 bonum
364 1705 466 1739 utile:
483 1705 620 1738 bonum
635 1712 756 1738 autem
772 1704 965 1737 honestum
981 1703 1226 1737 delectabilius
1242 1704 1498 1745 consideratur,
1514 1715 1621 1749 quam
1635 1704 1770 1737 bonum

212 1759 314 1794 utile:
342 1767 419 1793 tum
446 1759 528 1804 quia
556 1766 608 1792 est
633 1757 849 1791 diuturnius:
878 1756 1010 1790 utilitas
1038 1757 1134 1790 enim
1163 1757 1233 1790 cito
1260 1757 1396 1798 transit,
1425 1764 1458 1791 et
1484 1756 1675 1791 delectatio
1702 1769 1774 1790 me—

213 1813 350 1846 moriae
371 1824 445 1845 non
468 1819 520 1846 est
541 1812 631 1845 sicut
651 1810 841 1844 delectatio
862 1810 912 1843 rei
934 1810 1150 1855 praesentis:
1174 1818 1250 1844 tum
1270 1812 1379 1844 etiam
1401 1811 1484 1856 quia
1504 1811 1600 1844 bona
1619 1811 1772 1844 honesta

213 1866 327 1911 magis
350 1877 433 1899 cum
455 1865 694 1899 delectatione
717 1863 923 1903 recolimus,
947 1875 1056 1908 quam
1078 1863 1258 1905 utilitates,
1280 1875 1372 1909 quae
1394 1864 1498 1897 nobis
1521 1864 1562 1897 ab
1587 1863 1664 1897 aliis
1694 1874 1773 1909 pro-

212 1927 397 1953 venerunt.
426 1920 547 1959 Tertio,
576 1918 658 1964 quia
686 1918 729 1950 ad
757 1925 940 1950 amantem
969 1917 1120 1961 pertinet
1147 1928 1270 1961 agere:
1301 1916 1377 1950 vult
1403 1917 1511 1958 enim,
1543 1924 1576 1950 et
1605 1925 1772 1962 operatur

211 1973 348 2006 bonum
371 1980 508 2005 amato:
533 1971 575 2005 ad
599 1978 759 2004 amatum
783 1978 903 2003 autem
926 1970 1078 2015 pertinet
1099 1970 1235 2003 bonum
1262 1970 1352 2014 pati:
1376 1977 1409 2003 et
1430 1970 1512 2003 ideo
1540 1969 1771 2003 excellentius

213 2034 266 2061 est
287 2037 428 2067 amare;
450 2033 484 2059 et
504 2032 649 2071 propter
670 2024 740 2057 hoc
766 2024 808 2057 ad
830 2024 1098 2056 benefactorem
1125 2024 1288 2068 pertinet,
1319 2031 1356 2057 ut
1385 2023 1464 2069 plus
1492 2031 1598 2057 amet.
1627 2024 1770 2067 Quarto,

212 2080 295 2126 quia
317 2079 495 2113 difficilius
522 2086 574 2112 est
600 2077 775 2112 beneficia
800 2077 1020 2122 impendere,
1043 2088 1151 2122 quam
1178 2077 1356 2122 recipere:
1385 2088 1426 2110 ea
1456 2087 1555 2118 vero,
1581 2076 1618 2110 in
1644 2076 1771 2122 quibus

212 2133 430 2174 laboramus,
446 2133 524 2178 plus
540 2132 738 2177 diligimus:
762 2142 853 2176 quae
871 2141 958 2164 vero
973 2130 1076 2163 nobis
1092 2130 1135 2164 de
1150 2129 1246 2164 sacili
1264 2130 1479 2176 proveniunt
1497 2130 1769 2176 quodammodo

214 2186 492 2221 contemnimus.

284 2240 342 2274 AD
364 2249 513 2274 PRIMUM
536 2249 622 2283 ergo
646 2237 849 2278 dicendum,
871 2237 967 2282 quod
989 2237 1025 2270 in
1047 2236 1275 2271 benefactore
1299 2245 1362 2279 est,
1385 2244 1422 2271 ut
1443 2236 1674 2270 beneficiatus
1692 2247 1772 2282 pro-

212 2301 362 2327 vocetur
377 2293 419 2326 ad
435 2293 552 2338 ipsum
576 2291 791 2325 amandum:
810 2289 1019 2324 benefactor
1033 2298 1152 2324 autem
1168 2290 1283 2336 diligit
1296 2290 1561 2332 beneficiatum,
1580 2301 1653 2323 non
1669 2290 1771 2336 quasi

212 2354 429 2393 provocatus
452 2346 493 2379 ab
517 2345 590 2386 illo,
613 2346 674 2379 sed
694 2356 735 2378 ex
754 2344 871 2390 seipso
894 2352 1032 2377 motus:
1053 2344 1148 2389 quod
1168 2352 1287 2378 autem
1307 2356 1349 2378 ex
1367 2355 1404 2378 se
1427 2352 1490 2386 est,
1505 2343 1623 2389 potius
1642 2350 1695 2377 est
1713 2354 1768 2385 eo,

213 2401 307 2447 quod
332 2408 384 2434 est
406 2411 468 2445 per
491 2399 597 2432 aliud.

283 2454 342 2487 AD
374 2463 579 2487 SECUNDUM
610 2451 815 2491 dicendum,
850 2450 945 2496 quod
976 2462 1079 2484 amor
1113 2451 1314 2484 beneficiati
1345 2451 1387 2484 ad
1416 2449 1686 2484 benefactorem
1717 2457 1770 2484 est

212 2508 327 2552 magis
350 2507 505 2541 debitus:
527 2514 559 2540 et
578 2506 659 2539 ideo
681 2505 900 2538 contrarium
919 2505 1027 2538 habet
1044 2505 1222 2538 rationem
1241 2505 1387 2549 majoris
1406 2504 1563 2550 peccati:
1583 2504 1644 2538 sed
1667 2514 1768 2537 amor

211 2560 450 2595 benefactoris
473 2559 515 2593 ad
538 2558 791 2593 beneficiatum
814 2566 866 2592 est
887 2559 1002 2603 magis
1026 2566 1261 2604 spontaneus:
1291 2566 1325 2592 et
1349 2558 1430 2592 ideo
1458 2557 1566 2591 habet
1591 2557 1767 2602 majorem

210 2614 541 2661 promptitudinem.

283 2668 341 2701 AD
365 2678 534 2701 'sfflt'riUM
554 2666 756 2707 dicendum,
780 2665 875 2710 quod
898 2665 996 2699 Deus
1013 2665 1119 2698 etiam
1141 2665 1217 2711 plus
1239 2676 1306 2699 nos
1324 2664 1448 2709 diligit,
1472 2675 1579 2710 quam
1598 2674 1664 2697 nos
1684 2675 1766 2698 eum

212 2721 420 2763 diligamus:
444 2728 477 2754 et
500 2728 663 2765 parentes
683 2718 760 2764 plus
779 2718 931 2762 diligunt
951 2718 1054 2759 filios,
1074 2730 1180 2763 quam
1202 2719 1242 2751 ab
1263 2720 1312 2751 eis
1332 2718 1539 2761 diligantur:
1559 2728 1625 2750 nec
1643 2724 1766 2750 tamen

212 2782 365 2819 oportet,
385 2773 480 2819 quod
497 2773 676 2819 quoslibet
690 2771 920 2805 beneficiatos
939 2770 1016 2816 plus
1032 2770 1224 2815 diligamus
1241 2770 1454 2816 quibuslibet
1468 2770 1764 2804 benefactoribus:

211 2826 456 2860 benefactores
479 2827 587 2867 enim,
607 2837 625 2859 a
648 2825 773 2871 quibus
797 2824 953 2857 maxima
973 2824 1146 2858 beneficia
1169 2826 1380 2870 recepimus,
1399 2823 1554 2858 scilicet:
1579 2823 1712 2864 Deum,
1731 2829 1766 2857 et

212 2888 387 2925 parentCS,
405 2879 638 2926 praeferimus
660 2878 725 2920 his,
748 2878 874 2923 quibus
897 2877 1015 2923 aliqua
1038 2877 1178 2911 minora
1201 2877 1373 2911 beneficia
1395 2877 1648 2922 impendimus.
