1859 3122
488 147 709 183 QUAESTIO
743 147 863 176 XXIII.
898 147 1142 177 ARTICULUS
1176 147 1203 176 1.
1549 149 1624 190 175

142 240 169 274 3.
192 228 427 263 PRAETEREA.
451 228 644 263 Amicitiae
667 233 728 263 tres
749 236 831 262 sunt
853 229 1002 274 species,
1025 229 1224 262 secundum
1246 228 1382 262 Philos.
1405 229 1440 262 in
1460 228 1491 262 8.
1510 228 1626 262 Ethic.

66 281 154 328 (cap.
169 282 228 328 3.),
244 282 399 316 scilicet:
415 283 564 316 amicitia
579 282 785 323 delectabilis,
803 282 901 323 utilis,
924 290 958 315 et
977 282 1110 317 bonesti:
1126 282 1186 316 sed
1203 282 1358 316 charitas
1380 293 1454 316 non
1474 290 1525 316 est
1545 283 1629 316 ami·

67 335 149 369 citia
172 335 277 376 utilis,
306 344 365 369 aut
391 335 630 369 delectabilis:
653 335 738 369 dicit
773 335 869 368 enim
893 335 1138 381 Hieronymus
1161 336 1194 369 in
1224 336 1323 381 epist.
1353 336 1395 370 ad
1422 336 1627 377 Paulinum,

66 400 156 434 quae
179 389 323 434 ponitur
344 389 378 422 in
401 389 577 434 principio
598 387 750 421 Bibliae:
777 401 794 419 «
817 388 880 421 Illa
904 397 957 422 est
979 400 1061 422 vera
1084 389 1324 431 necessitudo,
1345 397 1377 423 et
1398 389 1532 423 Christi
1554 388 1628 434 glu-

66 442 140 476 tino
161 441 339 487 copulata,
362 454 470 488 quam
493 453 565 475 non
588 441 721 475 utilitas
743 442 794 475 rei
815 440 1013 482 familiaris,
1028 453 1101 475 non
1117 442 1317 486 praesentia
1340 450 1479 476 tantum
1504 453 1629 487 corpo-

65 506 156 536 rum,
171 506 244 529 non
259 495 421 536 subdola,
437 504 470 529 et
485 495 634 541 palpans
657 494 827 536 adulatio,
846 495 908 528 sed
930 495 999 528 Dei
1017 495 1139 536 timor,
1159 503 1192 528 et
1214 495 1415 529 divinarum
1433 496 1629 541 Scriptura-

65 559 143 581 rum
158 548 272 582 studia
288 548 483 582 conciliant
498 561 529 590 »3
542 547 705 582 similiter
720 548 828 581 etiam
843 559 917 581 non
933 555 985 581 est
999 548 1156 581 amicitia
1172 548 1333 590 honesti;
1352 549 1433 594 quia
1454 548 1627 582 charitate

65 600 247 646 diligimus
270 602 378 636 etiam
401 609 626 647 peccatores,
649 601 806 635 amicitia
829 612 915 635 vero
938 601 1083 634 honesti
1104 612 1179 634 non
1201 609 1253 635 est
1280 602 1348 635 nisi
1370 602 1413 634 ad
1434 602 1627 643 virtuosos,

65 662 103 688 ut
123 654 251 688 dicitur
272 655 309 688 in
336 655 365 688 8.
389 654 547 689 Ethicor.
571 655 660 700 (cap.
682 656 752 700 4.);
777 666 863 699 ergo
887 654 1042 689 charitas
1067 665 1142 688 non
1165 662 1217 688 est
1244 655 1413 688 amicitia.

136 707 210 742 SED
234 718 389 743 CONTRA
412 716 476 750 est,
498 708 594 754 quod
623 707 754 752 Joann.
781 718 831 753 15.
855 708 1001 741 dicitur:
1019 708 1097 751 Jam
1119 719 1184 741 non.
1211 707 1319 742 dicam
1344 720 1401 742 vos
1429 720 1550 750 servos,
1575 708 1628 742 sed

64 762 186 795 amicos
213 773 316 795 meos:
339 761 400 795 sed
422 761 492 795 hoc
512 772 586 795 non
607 761 792 795 dicebatur
815 761 865 795 eis
889 761 957 795 nisi
977 761 1117 794 ratione
1137 761 1339 803 charitatis3
1363 772 1449 806 ergo
1473 761 1627 796 charitas

65 822 117 849 est
139 814 308 848 amicitia.
1554 851 1559 855 ,

133 868 361 903 RESPONDEO
377 868 582 910 dicendum,
601 868 696 914 quod
712 868 912 902 secundum
927 867 1063 902 Philos.
1086 868 1122 901 in
1145 868 1176 901 8.
1200 868 1360 902 Ethicor.
1383 868 1474 914 (cap.
1491 880 1521 902 2.
1537 868 1624 914 et3.)

63 932 136 956 non
159 921 306 967 quilibet
328 933 430 955 amor
452 922 560 956 habet
580 922 759 955 rationem
782 922 974 963 amicitiae,
997 921 1058 955 sed
1081 932 1195 964 amor,
1218 921 1278 967 qui
1302 929 1354 956 est
1373 932 1455 955 cum
1474 922 1628 955 benevo-

63 974 188 1017 lentia,
211 975 354 1021 quando
377 975 516 1009 scilicet
537 975 587 1009 sic
611 986 776 1008 amamus
799 974 968 1020 aliquem,
990 983 1028 1008 ut
1050 976 1082 1009 ei
1100 975 1238 1008 bonum
1259 974 1430 1009 velimus:
1453 975 1480 1009 si
1505 983 1626 1009 autem

65 1028 168 1062 rebus
196 1030 323 1062 amatis
346 1040 420 1062 non
446 1028 584 1062 bonum
604 1027 770 1069 velimus,
793 1028 854 1062 sed
877 1028 995 1074 ipsum
1018 1039 1143 1062 earum
1164 1028 1302 1062 bonum
1329 1028 1433 1062 nobis
1460 1028 1625 1070 velimus,

65 1081 155 1116 sicut
177 1082 331 1115 dicimur
346 1093 468 1115 amare
483 1081 619 1123 vinum,
636 1090 695 1115 aut
709 1092 854 1127 equum,
871 1089 931 1115 aut
953 1080 1087 1126 aliquid
1108 1081 1335 1126 hujusmodi3
1357 1092 1430 1115 non
1454 1089 1506 1115 est
1525 1092 1628 1115 amor

66 1134 255 1177 amicitiae,
277 1135 339 1168 sed
366 1135 552 1180 cujusdam
581 1135 915 1180 concupiscentiae3
943 1134 1136 1168 ridiculum
1163 1134 1260 1168 enim
1291 1143 1344 1168 est
1371 1135 1502 1176 dicere,
1529 1135 1626 1180 quod

66 1187 192 1234 aliquis
213 1188 322 1222 habet
344 1188 540 1222 amicitiam
563 1188 604 1221 ad
628 1188 765 1230 vinum,
787 1187 845 1221 vel
867 1187 910 1221 ad
933 1198 1085 1233 equum:
1105 1187 1167 1221 sed
1189 1199 1254 1221 nec
1282 1188 1534 1222 benevolentia
1556 1187 1624 1222 suf-

63 1239 136 1275 ficit
158 1241 200 1275 ad
223 1241 400 1275 rationem
423 1241 613 1283 amicitiae,
629 1241 691 1275 sed
706 1241 896 1287 requiritur
917 1241 1096 1286 quaedam
1119 1249 1243 1275 mutua
1267 1241 1420 1275 amatio:
1437 1241 1519 1287 quia
1539 1242 1625 1275 ami-

65 1305 126 1328 cus
148 1302 201 1328 est
222 1295 341 1328 amico
365 1295 519 1328 amicus:
542 1294 622 1328 talis
645 1295 740 1328 enim
764 1302 889 1328 mutua
910 1293 1163 1328 benevolentia
1188 1293 1358 1328 fundatur
1379 1306 1486 1341 super
1508 1294 1627 1340 aliqua

66 1347 417 1390 communicatione3
437 1359 520 1381 cum
543 1359 628 1394 ergo
651 1348 695 1382 sit
718 1347 836 1394 aliqua
859 1348 1145 1382 communicatio
1173 1347 1332 1382 hominis
1357 1348 1399 1382 ad
1421 1349 1554 1390 Deum,
1576 1360 1628 1382 se-

64 1400 222 1434 cundum
245 1401 339 1446 quod
362 1401 465 1434 nobis
488 1412 590 1435 suam
611 1401 871 1435 beatitudinem
895 1401 1154 1443 communicat,
1177 1413 1283 1447 super
1303 1401 1397 1435 hanc
1427 1402 1627 1435 communi-

65 1453 245 1487 cationem
260 1461 401 1500 oportet
419 1453 576 1500 aliquam
591 1454 788 1488 amicitiam
806 1453 965 1489 fundari:
981 1454 1024 1489 de
1044 1466 1112 1500 qua
1129 1454 1275 1500 quidem
1290 1455 1624 1489 communicatione

64 1505 191 1540 dicitur
217 1518 243 1540 1.
267 1507 308 1540 ad
333 1506 419 1541 Cor.
445 1518 489 1541 1.:
512 1507 632 1542 Fidelis
653 1508 754 1549 Deus,
769 1513 830 1553 per
851 1520 945 1553 quem
965 1509 1078 1542 vocati
1099 1509 1170 1542 estis
1190 1509 1222 1541 in
1243 1510 1426 1543 societatem
1441 1509 1523 1542 Filii
1543 1511 1624 1553 ejus:

65 1570 167 1593 amor
189 1568 309 1594 autem
331 1571 436 1606 super
456 1561 549 1594 hanc
573 1560 946 1594 communicationem
972 1560 1140 1594 fundatus
1163 1569 1215 1595 est
1237 1561 1411 1603 charitas;
1439 1562 1532 1595 unde
1554 1573 1627 1595 ma-

63 1612 233 1646 nifestum
255 1621 317 1655 est,
341 1614 436 1659 quod
460 1614 613 1648 charitas
637 1614 795 1647 amicitia
817 1614 995 1659 quaedam
1018 1621 1070 1648 est
1091 1614 1250 1648 hominis
1273 1614 1315 1648 ad
1337 1615 1470 1648 Deum.

134 1667 193 1700 AD
215 1677 363 1700 PRIMUM
394 1678 480 1712 ergo
512 1667 716 1708 dicendum,
739 1667 835 1712 quod
866 1667 983 1713 duplex
1010 1675 1061 1701 est
1086 1667 1246 1701 hominis
1268 1667 1359 1702 vita:
1386 1680 1453 1701 una
1480 1668 1626 1714 quidem

64 1719 217 1753 exterior
242 1720 440 1753 secundum
471 1728 637 1754 naturam
663 1719 881 1761 sensibilem,
909 1728 943 1754 et
971 1720 1219 1766 corporalem:
1243 1729 1277 1754 et
1303 1721 1501 1755 secundum
1530 1722 1627 1755 hanc

62 1771 174 1805 vitam
201 1783 274 1806 non
303 1780 355 1806 est
374 1773 478 1806 nobis
501 1773 799 1814 communicatio,
820 1772 879 1807 vel
901 1773 1128 1807 conversatio
1161 1785 1244 1807 cum
1273 1774 1368 1815 Deo,
1396 1782 1430 1808 et
1451 1774 1623 1820 Angelis:

62 1825 131 1859 alia
151 1834 270 1859 autem
287 1834 339 1860 est
352 1827 423 1860 vita
437 1826 596 1860 hominis
616 1826 808 1872 spiritualis
831 1827 1030 1861 secundum
1049 1835 1228 1861 mentem:
1253 1836 1287 1862 et
1309 1828 1508 1862 secundum
1530 1829 1624 1862 hanc

62 1878 174 1913 vitam
197 1886 248 1913 est
273 1879 377 1913 nobis
404 1880 632 1914 conversatio
660 1888 694 1913 et
721 1891 804 1914 cum
825 1880 918 1921 Deo,
941 1887 974 1914 et
997 1892 1080 1914 cum
1101 1880 1272 1926 Angelis:
1295 1881 1330 1914 in
1353 1882 1533 1927 praesenti
1553 1882 1626 1928 qui-

62 1931 144 1965 dem
166 1939 258 1966 statu
280 1932 500 1979 imperfecte,
522 1933 616 1968 unde
639 1933 768 1967 dicitur
789 1933 918 1979 Philip.
946 1944 993 1979 3.:
1017 1934 1142 1968 Nostra
1160 1935 1364 1969 conversatio
1386 1937 1421 1968 in
1447 1935 1541 1969 coelis
1561 1941 1623 1970 est:

61 1985 123 2019 sed
143 1985 211 2019 ista
233 1986 459 2020 conversatio
482 1986 686 2032 perficietur
705 1987 742 2020 in
764 1987 888 2033 patria,
911 1988 1057 2033 quando
1078 1989 1166 2022 servi
1187 1990 1254 2034 ejus
1274 1990 1414 2023 ser-vient
1432 1990 1516 2031 Deo,
1533 1994 1560 2023 et
1576 1991 1626 2023 vi-

61 2037 180 2072 debunt
192 2039 318 2083 faciem
339 2041 418 2084 ejus,
439 2048 476 2074 ut
493 2039 621 2074 dicitur
635 2040 788 2086 Apocal.
804 2039 886 2082 ult.;
909 2048 944 2075 et
964 2041 1046 2075 ideo
1069 2041 1128 2075 hic
1151 2049 1204 2075 est
1225 2042 1380 2076 charitas
1402 2041 1624 2088 imperfecta,

61 2091 123 2125 sed
143 2091 346 2136 perficietur
366 2092 403 2125 in
424 2093 548 2138 patria.

131 2145 191 2178 AD
214 2155 419 2180 SECUNDUM
442 2146 646 2188 dicendum,
670 2146 766 2192 quod
790 2147 949 2180 amicitia
965 2158 1001 2181 se
1017 2147 1175 2181 extendit
1197 2147 1240 2181 ad
1263 2147 1420 2194 aliquem
1435 2148 1623 2194 dupliciter:

60 2209 124 2231 uno
151 2198 245 2232 modo
272 2207 435 2244 respectu
458 2200 512 2233 sui
533 2199 663 2245 ipsius:
686 2207 720 2233 et
742 2200 792 2234 sic
817 2200 974 2234 amicitia
997 2212 1197 2246 numquam
1221 2209 1284 2243 est,
1306 2202 1374 2235 nisi
1397 2202 1439 2235 ad
1463 2202 1622 2236 amicum

60 2249 191 2295 ipsius:
211 2251 276 2285 alio
300 2252 393 2286 modo
416 2263 452 2286 se
476 2252 632 2286 extendit
655 2253 698 2286 ad
721 2252 878 2298 aliquem
900 2262 1065 2299 respectu
1093 2253 1237 2288 alterius
1260 2266 1458 2300 personae:
1482 2255 1574 2289 sicut
1594 2255 1624 2290 si

61 2302 187 2349 aliquis
209 2304 316 2338 habet
337 2305 535 2339 amicitiam
557 2306 601 2339 ad
623 2305 778 2352 aliquem
803 2307 1002 2349 hominem,
1026 2307 1164 2341 ratione
1187 2309 1262 2353 ejus
1286 2307 1401 2353 diligit
1423 2319 1550 2342 omnes
1578 2308 1621 2342 ad

59 2355 163 2390 illum
187 2357 377 2392 hominem
403 2358 622 2403 pertinentes
658 2360 732 2393 sive
754 2358 858 2400 filios,
886 2361 959 2393 sive
982 2371 1117 2402 servos,
1145 2360 1219 2394 sive
1251 2360 1562 2407 qualitercumque
1590 2361 1623 2395 ei

61 2409 264 2444 attinentes:
288 2418 322 2444 et
342 2419 440 2445 tanta
461 2420 580 2457 potest
594 2423 671 2446 esse
687 2412 832 2446 dilectio
856 2413 975 2455 amici,
995 2413 1092 2458 quod
1111 2422 1258 2459 propter
1277 2414 1435 2447 amicum
1458 2422 1623 2448 amentur

59 2461 108 2504 hi,
129 2463 191 2508 qui
212 2463 255 2497 ad
276 2464 393 2509 ipsum
415 2465 604 2510 pertinent,
628 2465 768 2499 etiamsi
794 2477 861 2500 nos
890 2465 1085 2507 offendant,
1107 2466 1165 2500 vel
1192 2467 1332 2501 odiant:
1357 2475 1390 2500 et
1416 2467 1486 2500 hoc
1510 2467 1621 2501 modo

61 2516 218 2550 amicitia
241 2517 421 2551 charitatis
444 2529 480 2551 se
504 2519 661 2552 extendit
683 2519 791 2552 etiam
807 2519 850 2552 ad
866 2519 1045 2561 inimicos,
1065 2531 1155 2565 quos
1178 2519 1360 2565 diligimus
1383 2532 1425 2554 ex
1449 2520 1621 2554 charitate

59 2567 95 2602 in
117 2569 240 2602 ordine
263 2570 305 2603 ad
327 2570 459 2612 Deum,
483 2571 525 2604 ad
547 2582 655 2616 quem
678 2572 922 2618 principaliter
943 2572 1095 2606 habetur
1117 2573 1275 2606 amicitia
1298 2573 1492 2606 charitatis.

129 2622 189 2655 AD
205 2632 375 2656 TERTIUM
390 2623 594 2666 dicendum,
606 2624 702 2670 quod
722 2625 879 2658 amicitia
901 2625 1046 2659 honesti
1067 2637 1141 2659 non
1163 2626 1315 2659 habetur
1336 2626 1404 2659 nisi
1426 2626 1469 2659 ad
1490 2626 1622 2660 virtuo-

59 2685 151 2716 sum,
173 2675 265 2708 sicut
285 2676 328 2708 ad
350 2675 586 2721 principalem
607 2688 818 2722 personam:
842 2678 903 2712 sed
927 2679 1001 2723 ejus
1023 2679 1153 2712 intuitu
1177 2678 1372 2723 diliguntur
1395 2679 1437 2712 ad
1465 2690 1548 2713 eum
1576 2688 1623 2714 at-

56 2727 220 2769 tinentes,
243 2728 384 2762 etiamsi
404 2740 477 2762 non
499 2730 569 2763 sint
591 2731 757 2764 virtuosi:
782 2739 816 2764 et
844 2731 914 2765 hoc
938 2731 1050 2765 modo
1074 2732 1240 2772 charitas,
1264 2743 1355 2776 quae
1378 2732 1537 2766 maxime
1564 2741 1616 2767 est

60 2780 215 2814 amicitia
236 2781 391 2824 honesti,
406 2793 443 2815 se
459 2783 614 2817 extendit
629 2783 671 2817 ad
686 2792 907 2829 peccatores,
923 2795 1012 2830 quos
1028 2796 1069 2818 ex
1085 2784 1258 2818 charitate
1277 2784 1459 2830 diligimus
1474 2794 1619 2832 propter

59 2833 190 2867 Deum.
