1859 3122
479 139 700 175 QUAESTIO
735 138 883 168 CXXIII.
917 137 1161 168 ARTICULUS
1194 137 1250 166 IV.
1555 126 1636 181 835

154 221 228 256 SED
250 231 404 256 CONTRA
426 228 489 262 est,
511 220 607 266 quod
630 219 860 254 Andronicus
883 219 978 261 dicit,
994 218 1089 264 quod
1101 217 1268 264 fortitudo
1282 223 1324 253 est
1336 219 1445 253 virtus
1462 217 1640 252 irascibilis

82 287 146 310 non
159 275 262 321 facilc
284 274 534 320 obstupescibile
548 285 567 307 a
587 274 769 315 timoribus,
789 274 845 319 qui
862 277 935 308 sunt
953 273 1042 307 circa
1065 276 1212 306 mortam.

152 328 380 363 Rfispoxmzo
404 327 608 369 dicendum,
630 327 725 373 quod
753 327 845 360 sicut
870 337 976 371 supra
1003 326 1138 359 dictum
1161 333 1214 359 est
1240 325 1321 370 (art.
1339 325 1482 371 praga),
1506 324 1549 358 ad
1576 325 1642 358 vir-

82 390 195 417 tutem
222 381 438 416 fortitudinis
466 381 628 427 pertinet,
656 389 693 414 ut
719 380 943 414 voluntatem
965 379 1124 413 hominis
1145 386 1297 420 tueatur,
1323 390 1368 412 ne
1395 378 1595 412 retrahatur
1622 389 1640 412 a

82 437 178 470 bono
201 435 348 469 rationis
370 442 514 480 propter
535 434 705 468 timorem
728 433 814 467 mali
833 432 1052 479 corporalis:
1076 440 1218 478 oportet
1240 440 1361 466 autern
1382 432 1519 465 bonum
1538 431 1642 465 ratio-

82 489 137 524 nis
161 488 310 523 firmiter
335 496 456 522 tenere
484 496 609 521 contra
631 488 886 533 quodcumque
909 486 1066 528 malum;
1088 485 1171 532 quia
1192 484 1333 518 nullum
1355 485 1492 519 bonum
1515 495 1643 530 corpo-

83 542 156 577 rale
177 541 379 588 aequivalet
400 541 497 575 bono
521 541 685 583 rationis;
709 549 742 574 et
767 540 850 574 ideo
873 547 1025 586 oportet,
1044 538 1140 585 quod
1161 538 1334 572 fortitudo
1357 538 1469 572 animi
1491 539 1640 580 dicatur,

83 607 174 642 quae
200 595 349 629 firmiter
375 595 503 629 retinet
525 594 749 628 voluntatem
771 594 930 627 hominis
961 594 995 627 in
1025 593 1122 626 bono
1152 592 1301 626 rationis
1328 600 1454 625 contra
1483 591 1641 625 maxima

83 649 195 684 mala:
218 650 300 695 quia
327 650 386 694 qui
414 656 482 682 stat
508 647 631 681 firmus
659 655 782 681 contra
806 647 964 691 majora:
988 657 1213 692 consequens
1236 653 1288 679 est
1309 645 1405 691 quod
1427 652 1497 679 stet
1517 644 1640 678 firmus

83 710 207 737 contra
229 702 389 735 minora:
413 701 474 736 sed
498 712 570 735 non
593 701 832 742 convertitur3
856 708 888 734 et
910 700 981 734 hoc
1008 699 1116 733 etiarn
1140 699 1183 732 ad
1205 700 1382 733 rationem
1405 698 1545 732 virtutis
1567 709 1641 743 per-

81 756 180 798 tinet,
203 763 240 789 ut
261 755 427 800 respiciat
448 754 631 789 ultimum:
655 753 811 787 maxime
834 761 954 787 autem
981 751 1140 787 terribile
1168 752 1261 786 inter
1288 751 1411 786 onmia
1439 751 1640 797 corporalia

83 808 178 843 mala
201 816 254 842 est
274 819 385 850 mors,
416 819 507 854 quae
537 806 630 841 tollit
660 807 783 841 onmia
817 805 1021 852 corporalia
1053 806 1169 847 bona,
1190 805 1285 839 unde
1307 805 1460 849 August.
1487 804 1573 838 dicit
1606 805 1640 838 in

82 862 141 896 lib.
164 862 206 896 de
229 862 321 895 Mor.
344 861 441 895 Eccl.
464 862 552 907 (cap.
574 860 647 905 22.)
670 860 765 906 quod
785 859 1003 893 «vinculum
1026 858 1199 904 corporis,
1220 869 1265 892 ne
1288 858 1514 892 concutiatur
1535 865 1640 903 atque

82 923 239 957 vexetur,
261 914 393 949 laboris
416 922 450 949 et
472 913 618 955 doloris,
640 924 684 947 ne
708 911 888 946 auferatur
910 920 1030 946 autem
1058 920 1164 957 atque
1190 911 1399 957 perimatur,
1429 911 1555 944 mortis
1576 919 1641 944 ter-

82 980 162 1003 rore
185 969 345 1002 animam
368 968 482 1014 quatit
502 979 542 1009 »;
565 975 599 1001 et
619 966 700 1000 ideo
722 966 832 1000 virtus
854 965 1070 1011 fortitudinis
1098 973 1151 1000 est
1177 965 1271 998 circa
1292 964 1442 999 timores
1468 963 1642 1010 periculo-

81 1034 161 1056 rum
183 1022 321 1055 mortis.

153 1075 212 1110 AD
239 1085 387 1110 PRIMUM
409 1084 496 1120 ergo
523 1072 730 1114 dicendum,
761 1072 856 1118 quod
882 1071 1054 1106 fortitudo
1081 1072 1171 1105 bene
1198 1082 1235 1105 se
1260 1071 1369 1105 habet
1401 1071 1437 1105 in
1471 1070 1639 1104 omnibus

83 1128 239 1163 adversis
260 1128 470 1162 tolerandis:
494 1138 567 1160 non
581 1134 703 1160 tamen
723 1136 764 1159 ex
783 1125 998 1159 toleratione
1021 1124 1263 1171 quorumlibet
1286 1124 1519 1158 adversorum
1542 1135 1642 1169 repu-

81 1190 175 1216 tatur
196 1182 308 1215 horno
331 1180 541 1225 simpliciter
561 1178 673 1220 fortis,
689 1179 749 1212 sed
772 1178 892 1212 solum
908 1190 949 1212 ex
962 1178 1034 1212 hoc
1058 1178 1152 1224 quod
1175 1178 1266 1212 bene
1288 1177 1419 1212 tolerat
1441 1178 1550 1212 etiam
1569 1189 1642 1211 rna-

82 1235 177 1269 xima
199 1233 312 1268 mala:
337 1245 378 1268 ex
400 1233 477 1267 aliis
500 1240 620 1267 autern
639 1232 766 1266 dicitur
783 1232 897 1266 horno
920 1231 1019 1266 fortis
1041 1231 1240 1265 secundum
1261 1231 1356 1277 quid.

152 1288 212 1322 An
234 1298 441 1322 SECUNDUM
462 1286 667 1327 dicendum,
690 1285 786 1331 quod
809 1285 892 1331 quia
915 1285 1025 1319 timor
1047 1297 1090 1319 ex
1111 1296 1236 1318 amore
1258 1285 1427 1326 nascitur,
1450 1295 1642 1330 quaecum-

83 1352 151 1387 que
171 1341 283 1375 virtus
310 1341 518 1374 moderatur
545 1350 708 1373 amorem
731 1338 936 1384 aliquorum
957 1338 1150 1380 bonorum,
1173 1349 1398 1384 consequens
1425 1345 1477 1372 est
1502 1345 1540 1371 ut
1566 1348 1642 1371 mo-

83 1395 225 1428 deretur
257 1394 522 1428 contrariorum
552 1392 733 1426 malorum
766 1393 954 1426 timorem:
977 1391 1068 1425 sicut
1088 1390 1293 1434 liberalitas,
1316 1402 1407 1437 quae
1434 1391 1641 1424 moderatur

85 1459 249 1482 amorem
270 1448 516 1494 pecuniarum,
537 1457 600 1493 per
622 1456 847 1491 consequens
870 1445 978 1479 etiarn
1006 1445 1213 1479 moderatur
1239 1445 1408 1479 timorem
1436 1445 1640 1479 amissionis

85 1512 226 1536 earum:
249 1509 283 1534 et
303 1501 399 1534 idern
423 1508 568 1546 apparet
588 1499 624 1533 in
645 1498 894 1544 temperantia,
917 1499 1001 1532 etin
1015 1498 1093 1532 aliis
1107 1498 1314 1532 virtutibus:
1337 1498 1397 1532 sed
1420 1509 1541 1532 amare
1563 1509 1641 1544 pro-

84 1555 198 1600 priam
219 1555 332 1588 vitam
353 1562 406 1588 est
425 1552 609 1595 naturale;
628 1560 663 1587 et
683 1552 764 1586 ideo
784 1551 944 1598 oportuit
962 1562 1039 1586 esse
1057 1551 1251 1597 specialem
1265 1551 1445 1594 virtutem,
1460 1563 1551 1597 quae
1566 1563 1641 1585 mo-

85 1609 267 1644 deraretur
288 1608 436 1642 timores
463 1607 600 1641 mortis.

154 1662 214 1696 AD
229 1672 399 1697 TERTmM
418 1660 622 1702 dicendum,
645 1660 741 1706 quod
759 1666 960 1693 extremum
974 1659 1010 1692 in
1024 1659 1212 1693 virtutibus
1227 1659 1418 1693 attenditur
1439 1659 1638 1694 secundum

84 1727 271 1750 excessum
282 1715 430 1749 rationis
451 1722 590 1755 rectae,
612 1722 645 1747 et
660 1713 740 1747 ideo
755 1712 785 1746 si
805 1711 932 1758 aliquis
949 1712 1107 1746 maxima
1122 1711 1280 1758 pericula
1295 1712 1420 1747 subeat
1439 1713 1639 1747 secundum

84 1770 272 1811 rationem,
294 1780 368 1803 non
391 1776 444 1803 est
464 1767 584 1802 virtuti
606 1766 838 1801 contrarium.

645 1922 989 1968 ARTICULUS
1014 1923 1068 1966 V.
1570 1933 1634 1969 621

84 2040 237 2070 UTRUM
269 2038 528 2069 FORTITUDO
561 2038 741 2068 PROPRIE
775 2037 1018 2068 CONSISTAT
1053 2037 1181 2067 CIRCA
1213 2036 1425 2066 PERICULA
1462 2036 1637 2077 MORTIS,

609 2103 725 2139 QUAE
752 2103 864 2132 SUNT
896 2103 940 2133 IN
973 2102 1125 2131 BELLO.

179 2203 283 2249 (Infr.
305 2215 334 2249 q.
357 2214 430 2247 124.
450 2208 514 2238 art.
536 2214 566 2238 2.
581 2208 610 2237 et
631 2214 660 2248 q.
683 2213 752 2246 141.
771 2207 836 2237 art.
858 2203 889 2237 8.
911 2207 939 2236 et
959 2214 990 2237 2.
1009 2202 1099 2236 Dist.
1120 2212 1177 2246 44.
1199 2213 1230 2247 t]-
1247 2212 1278 2236 2.
1296 2206 1359 2236 art.
1382 2211 1411 2234 1.
1430 2201 1472 2235 ad
1486 2202 1542 2247 3.).

156 2303 216 2337 AD
231 2312 410 2342 QUINTUM
428 2302 478 2336 sic
501 2301 716 2347 proceditur.
735 2300 896 2342 Videtur,
916 2300 1011 2346 quod
1032 2299 1204 2334 fortitudo
1218 2311 1291 2334 non
1311 2300 1484 2334 consistat
1497 2300 1639 2345 proprie

87 2356 182 2390 circa
203 2355 363 2402 pericula
383 2355 521 2397 mortis,
543 2365 634 2400 quae
657 2361 738 2388 sunt
758 2355 793 2388 in
815 2353 931 2388 bello:
953 2360 1128 2399 martyres
1151 2353 1247 2387 enim
1269 2353 1459 2398 praecipue
1481 2353 1523 2386 de
1544 2352 1641 2386 forti-

85 2409 207 2444 tudine
235 2409 552 2443 commendantur:
581 2407 641 2441 sed
673 2414 847 2453 martyres
869 2418 942 2440 non
970 2407 1272 2441 commendantur
1293 2407 1336 2440 de
1358 2407 1462 2440 rebus
1483 2405 1639 2448 bellicis;

87 2473 173 2508 ergo
194 2461 365 2496 fortitudo
379 2472 454 2495 non
474 2461 617 2507 proprie
639 2460 800 2494 consistit
816 2460 909 2494 circa
922 2459 1080 2505 pericula
1101 2459 1240 2501 mortis,
1259 2470 1349 2505 quae
1371 2467 1453 2492 sunt
1472 2458 1508 2492 in
1530 2458 1638 2492 bello.

158 2526 189 2549 2.
211 2515 446 2550 PRAETEREA.
465 2513 678 2548 Ambrosius
700 2513 785 2547 dicit
805 2514 841 2547 in
861 2512 919 2547 lib.
947 2524 974 2547 1.
997 2513 1040 2546 de
1063 2512 1137 2548 Off.
1161 2513 1251 2559 (cap.
1269 2514 1329 2558 55.)
1350 2512 1445 2558 quod
1467 2511 1638 2546 fortitudo

87 2569 254 2603 dividitur
274 2569 309 2602 in
331 2579 386 2602 res
408 2567 566 2609 bellicas,
590 2575 624 2601 et
644 2567 880 2601 domesticas:
906 2566 1047 2600 Tullius
1075 2569 1184 2601 etiam
1206 2567 1291 2600 dicit
1311 2566 1346 2599 in
1373 2577 1400 2600 1.
1424 2566 1466 2599 de
1490 2565 1563 2600 Off.
1589 2566 1639 2609 (in

88 2623 151 2657 tit„-
166 2622 300 2656 Fortius
313 2633 373 2655 esse
390 2622 425 2654 in
439 2622 532 2655 rebus
547 2620 667 2655 bellicis
681 2631 780 2665 quam
794 2621 828 2654 in
841 2621 978 2654 urbanis
992 2619 1217 2663 anteceniam:
1234 2631 1251 2650 t<
1265 2619 1360 2653 Cum
1374 2618 1533 2664 plerique
1549 2618 1640 2652 arbi-

87 2682 223 2709 trentur
243 2685 298 2707 res
318 2673 465 2707 bellicas
487 2674 643 2718 majores
665 2683 754 2714 esse,
776 2684 884 2718 quam
905 2673 1070 2714 urbanas,
1092 2672 1285 2706 minuenda
1308 2679 1360 2705 est
1381 2671 1470 2705 haec
1490 2671 1637 2716 opinio:

88 2728 149 2762 sed
170 2727 200 2761 si
219 2737 302 2761 vere
320 2726 488 2761 volumus
508 2726 678 2772 judicare,
698 2725 831 2760 multae
853 2737 908 2760 res
930 2726 1120 2760 extiterunt
1140 2726 1296 2759 urbanae
1319 2725 1486 2769 majores,
1513 2724 1638 2758 clario-

89 2791 227 2826 resque,
249 2790 358 2826 quam
371 2779 550 2814 bellicae»
565 2791 572 2813 :
595 2779 657 2813 sed
679 2780 773 2813 circa
788 2779 926 2824 majora
944 2780 1060 2824 major
1080 2777 1252 2811 fortitudo
1268 2777 1448 2819 consistit,
1463 2788 1549 2824 ergo
1564 2788 1638 2811 non

89 2833 231 2881 proprie
253 2833 414 2869 consistit
430 2831 602 2868 fortitudo
625 2832 719 2866 circa
744 2839 911 2874 mortem,
934 2843 1023 2878 quae
1050 2831 1086 2864 in
1107 2830 1202 2864 bello
1226 2838 1287 2864 est.
