1905 3137
227 128 280 168 60
667 136 886 172 QUAESTIO
920 137 977 166 1v.
1011 137 1256 168 ARTICULUS
1291 137 1352 168 111.

296 212 524 253 RESPoNDEo
543 217 747 260 dicendum,
770 218 878 264 quod,
900 218 991 253 sicut
1013 230 1054 253 ex
1075 217 1318 264 superioribus
1339 226 1436 263 patet
1457 219 1540 264 (1-2.
1562 231 1593 265 q.
1614 232 1641 255 Ι.
1663 225 1727 255 art.
1750 232 1778 267 3.

226 277 254 306 et
275 284 304 317 q.
326 273 375 306 18.
395 277 457 305 art.
481 271 545 316 6.),
569 279 669 305 actus
690 270 885 305 voluntarii
905 272 1064 318 speciem
1085 272 1261 318 recipiunt
1283 283 1302 305 a
1323 271 1405 314 fine,
1427 272 1488 317 qui
1509 281 1562 306 est
1586 272 1780 307 voluntatis

227 325 428 370 objectum:
451 324 485 357 id
509 333 642 365 autem,
671 335 690 357 a
721 335 791 370 quo
820 324 954 370 aliquid
984 325 1142 370 speciem
1172 324 1328 366 sortitur,
1355 336 1392 359 se
1421 325 1529 360 habet
1557 325 1599 359 ad
1630 326 1780 360 modum

226 378 364 412 formae
387 378 422 411 in
444 378 548 411 rebus
569 377 808 420 naturalibus3
829 386 862 411 et
880 378 961 412 ideo
993 378 1179 423 cujuslibet
1209 386 1308 412 actus
1334 377 1527 412 voluntarii
1554 378 1672 412 forma
1698 390 1782 425 quo-

228 431 426 464 dammodo
451 438 502 464 est
524 430 615 472 finis,
639 431 681 464 ad
704 442 811 476 quem
842 431 1042 465 ordinatur:
1073 439 1149 465 tum
1179 431 1261 477 quia
1292 443 1333 465 ex
1363 431 1441 476 ipso
1471 431 1596 477 recipit
1624 432 1782 478 speciem

231 483 290 528 [al.
306 484 498 529 sornmnd:
520 491 596 517 tum
619 484 728 518 etiam
751 484 832 530 quia
854 485 984 518 modus
1006 484 1158 518 actionis
1180 492 1322 530 oportet
1343 484 1438 530 quod
1466 484 1682 530 respondeat
1706 496 1784 531 pro-

228 537 514 583 portionabiliter
536 536 614 570 fini:
638 536 869 571 manifestum
891 546 944 571 est
966 545 1086 571 autem
1108 549 1149 571 ex
1170 537 1360 583 praedictis
1383 539 1461 581 (art.
1483 550 1510 572 1.
1526 538 1594 583 huj.
1609 539 1670 583 q),
1687 537 1782 583 quod

230 598 328 624 actus
351 590 433 623 fidei
456 590 641 624 ordinatur
662 591 705 624 ad
728 591 909 636 objectum
927 590 1134 632 voluntatis,
1153 591 1250 636 quod
1263 599 1316 624 est
1328 591 1476 632 bonum,
1491 591 1583 624 sicut
1597 591 1640 625 ad
1655 591 1781 624 finem:

228 644 299 677 hoc
323 651 443 677 autem
465 643 614 685 bonum,
637 644 733 690 quod
756 652 808 678 est
828 644 907 677 finis
929 643 1022 685 fidei,
1045 643 1182 678 scilicet
1195 644 1331 678 bonum
1347 644 1518 687 divinum,
1534 652 1586 678 est
1598 644 1782 690 proprium

231 696 412 742 objectum
436 697 638 739 charitati33
661 705 695 731 et
715 697 796 731 :ideo
821 697 974 731 charitas
996 697 1124 731 dicitur
1140 696 1257 731 forma
1280 697 1372 739 fidei,
1393 697 1606 744 inquantum
1628 709 1690 744 per
1704 697 1784 731 cha-

228 750 371 784 ritatem
394 758 493 784 actus
514 750 597 784 fidei
619 750 809 796 perficitur,
832 757 866 784 et
892 750 1076 784 formatur.

301 804 360 837 AD
382 814 530 838 PR1MUM
553 815 640 849 ergo
663 804 866 845 dicendum,
882 804 977 849 quod
993 803 1147 837 charitas
1162 803 1290 838 dicitur
1305 815 1381 838 esse
1397 803 1514 837 forma
1532 803 1624 846 fidei,
1638 804 1786 850 inquan-

230 864 309 891 tum
332 856 503 890 informat
524 865 644 891 actum
666 857 794 903 ipsius:
822 856 912 890 nihil
942 865 1063 890 autem
1092 856 1268 902 prohibet,
1298 868 1409 890 unum
1439 865 1559 891 actum
1593 868 1612 891 a
1638 857 1785 891 diversis

231 910 409 945 habitibus
431 910 629 952 informari,
653 918 687 944 et
708 910 906 944 secundum
928 910 998 944 hoc
1027 910 1070 943 ad
1093 909 1250 944 diversas
1271 910 1409 955 species
1427 910 1549 944 reduci
1563 910 1687 944 ordine
1701 922 1787 956 quo-

233 964 327 1006 dam,
350 971 387 997 ut
409 975 514 1009 supra
536 964 672 997 dictum
692 971 744 997 est
765 965 844 1008 (1-2.
872 975 901 1009 q.
930 964 979 998 18.
1003 968 1065 998 ιιι-ἰ.
1094 963 1125 998 6.
1153 968 1181 997 εἰ
1205 964 1262 1008 7.),
1292 975 1374 997 cum
1397 963 1439 997 de
1461 963 1597 998 actibus
1617 963 1786 998 humanis

232 1018 268 1051 in
292 1017 479 1051 communi
499 1025 674 1062 ageretur.

303 1070 363 1104 AD
383 1081 588 1105 SECUNDUM
611 1070 815 1111 dicendum,
839 1070 934 1116 quod
958 1069 1114 1115 objectio
1136 1069 1196 1104 illa
1213 1070 1375 1116 procedit
1389 1070 1432 1104 de
1445 1069 1563 1104 forma
1576 1070 1787 1105 intrinseca:

233 1123 281 1157 sic
306 1132 426 1158 autem
449 1124 603 1157 charitas
625 1135 699 1158 non
719 1131 771 1157 est
796 1122 914 1157 forma
944 1123 1040 1165 fidei,
1069 1123 1131 1157 sed
1161 1131 1266 1169 prout
1294 1123 1466 1157 informat
1491 1131 1611 1158 actum
1641 1124 1727 1169 ejus,
1749 1131 1787 1157 ut

233 1189 339 1223 supra
362 1178 497 1211 dictum
521 1185 573 1211 est
596 1177 645 1221 (in
667 1183 753 1223 corp.
778 1177 871 1221 art).

304 1230 363 1265 AD
387 1241 557 1265 TERTIUM
580 1231 785 1272 dicendum,
808 1230 903 1276 quod
927 1230 1034 1264 etiam
1057 1230 1133 1276 ipsa
1156 1230 1371 1272 obedientia,
1395 1238 1429 1264 et
1449 1230 1612 1264 similiter
1632 1242 1731 1277 spes:
1754 1238 1788 1264 et

234 1295 482 1330 quaecumque
506 1284 574 1318 alia
595 1285 706 1318 virtus
728 1291 850 1330 posset
868 1284 1082 1330 praecedere
1098 1292 1218 1317 actum
1234 1283 1327 1325 fidei,
1342 1284 1600 1318 rationabiliter
1612 1283 1788 1318 formatur

235 1349 254 1371 a
277 1337 461 1380 charitate,
485 1339 574 1372 sicut
597 1337 687 1372 infra
715 1337 848 1384 patebit
869 1338 915 1383 (q.
938 1349 985 1384 23.
1016 1342 1078 1372 art.
1102 1337 1175 1382 8.),·
1203 1346 1238 1372 et
1264 1337 1346 1372 ideo
1371 1337 1447 1384 ipsa
1469 1337 1622 1372 charitas
1644 1337 1788 1383 ponitur

234 1390 350 1424 forma
372 1391 462 1425 fidei.

803 1530 1145 1575 ARTICULUS
1175 1531 1250 1573 IV.
1745 1539 1789 1575 26

265 1638 417 1668 UTRUM
438 1639 560 1668 FIDES
584 1638 786 1669 INFORMIS
810 1639 960 1668 POSSIT
984 1639 1095 1668 FIERI
1119 1638 1341 1677 FORMATA,
1362 1638 1444 1667 VEL
1467 1638 1492 1667 E
1514 1637 1757 1668 CONVERSO.

338 1727 381 1772 (3.
404 1727 490 1760 Dist.
510 1738 556 1772 23.
579 1738 608 1772 q.
629 1738 657 1772 3.
676 1733 740 1761 art.
762 1738 795 1771 4.
816 1732 843 1761 et
871 1727 957 1761 Vari.
980 1739 1010 1772 q.
1036 1737 1088 1771 14.
1111 1732 1174 1761 art.
1198 1737 1227 1772 7.
1249 1731 1277 1760 ct
1298 1725 1339 1760 ad
1361 1727 1454 1761 Rom..
1478 1738 1504 1760 I.
1528 1725 1595 1760 lect.
1619 1725 1681 1770 6.).

307 1817 365 1850 AD
396 1827 581 1856 QUARTUM
605 1817 654 1851 sic
677 1817 892 1862 proceditur.
920 1816 1081 1858 Videtur,
1106 1816 1202 1862 quod
1233 1815 1319 1850 fides
1349 1815 1512 1849 informis
1547 1826 1620 1849 non
1642 1815 1703 1849 fiat
1723 1815 1792 1849 for-

237 1878 345 1913 mata,
367 1881 433 1904 nec
457 1882 474 1904 e
495 1881 690 1911 converso;
713 1870 806 1916 quia,
830 1878 866 1904 ut
888 1870 1016 1904 dicitur
1042 1881 1068 1904 1.
1092 1869 1135 1903 ad
1155 1869 1240 1903 Cor.
1268 1881 1338 1915 13.:
1365 1869 1447 1903 Cam
1470 1870 1594 1903 tenerit
1620 1869 1704 1914 qnod
1717 1876 1791 1916 par-

235 1925 354 1969 scr-tem
383 1929 435 1964 cst,
463 1925 681 1957 evat-mzbitur
707 1923 792 1968 quod
818 1935 855 1957 ex
878 1928 974 1969 parta
1007 1928 1069 1957 ml:
1101 1923 1161 1957 sed
1190 1923 1275 1957 fides
1302 1922 1464 1956 informis
1498 1922 1707 1967 imperfecta
1739 1930 1792 1956 est

238 1985 400 2022 respectu
422 1976 618 2019 formatae3
641 1987 740 2022 ergo,
764 1976 976 2010 adveniente
998 1976 1066 2010 fide
1088 1975 1255 2018 formata,
1278 1975 1364 2010 fides
1391 1975 1555 2010 informis
1581 1975 1791 2017 excluditur,

238 2038 276 2064 ut
297 2041 371 2063 non
392 2030 436 2063 sit
458 2041 548 2063 unus
569 2029 710 2063 habitus
732 2041 894 2063 numero.

311 2093 341 2116 2.
364 2083 597 2117 PRAETEREA.
621 2082 711 2116 Illud
731 2083 826 2128 quod
849 2091 901 2116 est
922 2091 1117 2124 mortuum,
1131 2094 1204 2117 non
1223 2082 1260 2116 fit
1279 2083 1418 2116 vivum:
1443 2082 1504 2116 sed
1522 2082 1610 2116 fides
1628 2081 1792 2116 informis

240 2144 293 2170 est
313 2145 467 2178 mortua,
490 2136 689 2171 secundum
711 2135 797 2169 illud
816 2136 889 2180 Jac.
913 2146 963 2170 2.:
987 2136 1081 2171 Fida>-
1101 2137 1167 2170 sinc
1189 2137 1337 2182 operibus
1359 2141 1490 2170 mortim
1512 2141 1575 2176 esu·
1600 2147 1686 2181 ergo
1705 2135 1791 2169 fides

240 2189 403 2224 informis
425 2201 498 2223 non
521 2198 639 2235 potest
661 2189 737 2223 fieri
758 2189 922 2223 formata.

315 2254 343 2289 3.
365 2243 599 2277 PRAETEREA.
625 2242 749 2276 Gratia
770 2242 839 2276 Dei
862 2242 1054 2277 adveniens
1073 2253 1146 2276 non
1165 2242 1273 2276 habet
1291 2243 1471 2276 minorem
1491 2241 1658 2276 effectum
1677 2242 1714 2276 in
1731 2241 1794 2276 ho-

241 2296 338 2330 mine
360 2296 467 2338 fideli,
486 2307 594 2342 quam
610 2295 762 2329 infideli:
782 2295 845 2330 sed
865 2295 1057 2330 adveniens
1075 2296 1215 2329 homini
1234 2295 1366 2329 infideli
1383 2303 1505 2329 causat
1518 2295 1553 2328 in
1569 2306 1612 2329 co
1631 2295 1792 2329 habitum

241 2349 342 2391 fidei;
365 2361 449 2395 ergo
473 2350 581 2383 etiam
605 2349 796 2383 adveniens
816 2348 923 2390 fideli,
945 2349 1005 2394 qui
1026 2349 1180 2383 habebat
1201 2349 1296 2395 prius
1318 2349 1480 2382 habitum
1508 2348 1589 2382 fidei
1616 2347 1792 2391 informis,

243 2411 366 2443 causat
386 2403 421 2436 in
444 2414 486 2436 eo
511 2402 621 2436 alium
644 2402 805 2436 habitum
828 2402 921 2436 fidei.

311 2466 344 2499 4.
366 2456 600 2490 PRAETEREA.
625 2455 725 2489 Sicut
744 2456 843 2489 Boet.
863 2455 958 2496 dicit,
978 2455 1176 2489 accidentia
1192 2455 1332 2489 alterari
1351 2466 1423 2489 nou
1442 2464 1610 2500 possunt:
1630 2455 1692 2490 sed
1707 2455 1793 2489 fides

244 2518 296 2544 θεῖ
311 2509 493 2556 quoddam
509 2509 694 2551 accidens3
714 2520 799 2554 ergo
819 2520 892 2543 non
912 2517 1028 2554 potest
1047 2508 1172 2542 eadem
1192 2508 1280 2542 fides
1295 2508 1510 2554 quandoque
1530 2520 1606 2543 esse
1626 2508 1793 2551 formata,

244 2571 278 2597 et
300 2563 515 2609 quandoque
537 2562 712 2596 informis.

316 2616 389 2650 SED
410 2626 563 2651 CONTRA
586 2623 648 2657 cst,
672 2615 766 2661 quod
784 2615 857 2660 Jac.
881 2625 911 2649 2.
931 2626 1036 2660 super
1061 2614 1164 2648 illud:
1194 2614 1288 2649 Fides
1313 2616 1378 2649 sinc
1406 2617 1553 2661 operibus
1580 2620 1709 2650 mortua
1736 2621 1790 2658 est,

245 2669 329 2703 dicit
352 2669 453 2703 Glos.
477 2669 632 2714 (itzta›·l.).·
655 2670 769 2714 quibus
794 2669 981 2709 revivisci&
1006 2679 1092 2713 ergo
1120 2667 1216 2709 fides,
1243 2679 1334 2713 quae
1361 2676 1436 2702 erat
1457 2668 1552 2713 prius
1579 2676 1733 2711 mortua,
1760 2676 1794 2703 et

246 2722 420 2764 informis>
443 2722 480 2756 fit
501 2721 666 2763 formata,
689 2730 723 2756 et
742 2721 877 2755 vivens.

316 2775 543 2810 RESPONDEO
559 2775 763 2817 dicendum,
783 2775 877 2820 quod
894 2774 987 2808 circa
1006 2775 1076 2809 hoc
1094 2773 1236 2808 fuerunt
1250 2773 1410 2809 diversae
1430 2775 1637 2820 opiniones:
1660 2774 1793 2820 quidam

247 2828 342 2862 enim
365 2829 537 2870 dixerunt,
560 2828 656 2874 quod
678 2828 767 2863 alius
790 2835 843 2863 est
863 2827 1004 2863 habitus
1028 2827 1109 2862 fidei
1130 2827 1317 2869 formatae,
1340 2835 1374 2862 et
1395 2826 1577 2862 informis:
1605 2827 1665 2863 sed
1692 2827 1796 2863 adve-
