1859 3122
209 166 317 220 1058
611 179 833 214 QUAESTIO
868 181 998 210 CLXII.
1032 183 1276 212 ARTICULUS
1310 184 1369 213 ΙΙΙ.

202 260 348 305 respicit
369 260 545 305 superbia,
569 262 812 295 communiter
833 262 1022 304 invenitur,
1045 271 1079 296 et
1099 263 1136 296 in
1157 263 1394 306 sensibilibus,
1416 273 1450 299 et
1467 265 1503 298 in
1521 266 1764 312 spiritualibus

203 313 318 357 rebus,
341 324 487 347 necesse
510 322 562 347 est
585 314 714 356 dicere,
736 315 833 360 quod
852 315 1052 360 subjectum
1071 316 1258 362 superbiae
1280 316 1324 350 sit
1345 317 1530 352 irascibilis
1552 331 1626 353 non
1644 319 1763 354 solum

201 366 345 412 proprie
368 374 523 411 sumpta,
545 375 653 412 prout
674 375 727 401 est
748 379 829 413 pars
852 369 1028 414 appetitus
1050 369 1221 411 sensitivi,
1243 370 1304 403 sed
1327 371 1435 404 etiam
1458 373 1689 407 communius
1711 385 1766 407 ac-

202 427 316 464 cepta,
344 427 450 464 prout
476 420 657 454 invenitur
686 421 722 454 in
750 422 907 467 appetitu
934 421 1176 464 intellectiv03
1199 423 1293 456 unde
1325 431 1359 457 et
1383 423 1419 456 in
1447 423 1685 460 daemonibus
1712 438 1766 460 su-

203 472 323 517 perbia
345 472 502 518 ponitur.

271 525 331 559 AD
353 535 502 559 PRIMUM
525 537 612 572 ergo
637 526 843 569 dicendum,
865 529 962 573 quod
985 528 1145 574 cognitio
1168 529 1325 563 veritatis
1349 537 1401 563 est
1422 529 1560 575 duplex:
1584 543 1651 565 una
1677 543 1763 577 pure

201 577 440 624 speculativa3
457 587 490 612 et
504 579 598 613 hanc
616 580 965 625 superbiaindirecte
980 581 1394 626 impedit,subtrahendo
1407 594 1572 617 causam:
1588 585 1762 630 superbus

201 631 297 665 enim
321 643 436 677 neque
457 632 538 666 Deo
561 633 788 667 intellectum
811 645 915 668 suum
944 635 1096 680 subjicit,
1124 642 1161 669 ut
1188 635 1230 668 ab
1259 646 1302 669 eo
1328 635 1487 669 veritatis
1515 637 1763 682 cognitionem

200 685 385 730 percipiat,
408 686 609 719 secundum
632 686 723 720 illud
744 687 871 721 Matth.
900 698 967 721 11.:
991 688 1200 723 Abscondisti
1218 689 1293 722 haec
1312 700 1331 722 a
1349 690 1558 734 sapientibus,
1581 691 1764 736 etpruden-

201 739 296 779 tibus,
317 738 408 772 idest
431 750 449 771 a
471 739 648 784 superbis,
671 740 731 786 qui
753 740 819 774 sibi
841 741 1032 786 sapientes,
1055 749 1088 775 et
1109 741 1300 787 prudentes
1322 741 1498 783 videntur,
1514 750 1548 776 et
1560 744 1712 779 revelasti
1726 757 1763 778 ea

192 791 361 837 par-vulis,
380 792 472 825 idest
494 792 709 827 humilibus:
732 805 848 839 neque
868 794 975 827 etiam
996 794 1037 828 ab
1057 795 1266 828 hominibus
1281 795 1464 828 addiscere
1479 795 1664 841 dignatur;
1680 808 1762 830 cum

198 852 321 878 tamen
337 845 475 879 dicatur
490 844 600 880 Eccli.
616 844 647 879 6.
661 858 667 879 :
683 847 719 880 Si
734 847 949 881 inclinaveris
962 859 1076 881 auram
1097 853 1203 890 taam,
1223 847 1361 882 scilicet
1374 847 1558 882 humiliter
1572 849 1763 891 audiendo,

197 899 337 944 excipies
355 898 537 932 doctrinam
553 912 562 933 .·
585 899 653 933 alia
677 908 797 934 autem
820 909 872 934 est
891 900 1052 945 cognitio
1067 901 1238 942 veritatis,
1252 900 1390 934 scilicet
1404 900 1588 935 affectiva:
1605 910 1639 936 et
1651 901 1762 937 talem

199 951 449 996 cognitionem
470 952 629 986 veritatis
652 953 786 986 directe
809 953 960 999 impedit
973 954 1158 999 superbia:
1179 954 1261 999 quia
1273 953 1428 999 superbi,
1443 954 1528 987 dum
1543 954 1764 989 delectantur

197 1004 233 1037 in
255 1005 399 1050 propria
422 1005 648 1048 excellentia,
673 1006 925 1040 excellentiam
946 1007 1104 1041 veritatis
1125 1006 1328 1049 fastidiunt3
1350 1014 1388 1040 ut
1416 1006 1568 1052 Gregor.
1595 1008 1681 1043 dicit
1707 1019 1760 1055 23.

196 1057 326 1091 Moral.
349 1059 436 1104 (cap.
453 1059 534 1103 10.)‚
552 1059 648 1104 quod
667 1072 685 1090 «
703 1060 858 1105 superbi,
874 1060 940 1094 etsi
955 1068 1092 1094 secreta
1107 1060 1285 1106 quaedam
1300 1059 1534 1105 intelligendo
1548 1061 1759 1108 percipiunt,

197 1122 325 1144 eorum
347 1111 577 1145 dulcedinem
600 1112 753 1158 experiri
774 1124 847 1146 non
870 1121 1036 1159 possunt;
1059 1121 1093 1147 et
1114 1113 1143 1147 si
1161 1121 1340 1147 noverunt
1355 1113 1542 1158 quomodo
1556 1121 1649 1156 sunt,
1663 1114 1764 1160 igno-

196 1174 276 1198 rant
297 1165 484 1210 quomodo
503 1167 645 1211 sapiunt
666 1179 700 1207 »3
723 1167 816 1200 unde
839 1174 874 1200 et
895 1166 1066 1200 Proverb.
1093 1177 1144 1200 11.
1168 1166 1312 1200 dicitur:
1347 1167 1411 1200 Ubi
1437 1167 1616 1210 humilitas,
1644 1168 1690 1201 ibi
1714 1179 1763 1202 sa-

191 1219 329 1263 pientia.

267 1272 327 1305 AD
339 1282 546 1306 SECUNDUM
562 1272 768 1314 dicendum,
783 1273 891 1318 quod,
906 1272 998 1306 sicut
1012 1284 1115 1318 supra
1132 1272 1267 1306 dictum
1283 1281 1335 1306 est
1349 1273 1516 1318 (appraec.
1532 1278 1597 1307 art.
1612 1285 1639 1308 r.
1654 1273 1755 1318 et2.),

195 1324 380 1359 humilitas
403 1325 552 1359 attendit
571 1326 615 1359 ad
638 1325 803 1371 regulam
826 1326 974 1359 rationis
996 1335 1127 1368 rectae,
1149 1325 1348 1360 secundum
1367 1337 1475 1371 quam
1495 1325 1622 1371 aliquis
1636 1337 1760 1360 veram

196 1378 466 1412 astimationem
490 1379 532 1412 de
554 1389 591 1412 se
613 1379 741 1412 habet:
764 1378 858 1412 hanc
881 1387 1002 1412 autem
1024 1378 1187 1424 regulam
1209 1387 1328 1412 rectae
1350 1379 1497 1412 rationis
1515 1390 1589 1412 non
1611 1379 1760 1414 attendit

195 1431 372 1476 superbia,
395 1432 456 1465 sed
479 1431 521 1465 de
544 1443 582 1466 se
606 1432 745 1476 majora
765 1432 945 1465 existimat
963 1443 1071 1477 quam
1086 1432 1173 1465 sint:
1189 1432 1285 1477 quod
1301 1432 1477 1477 contingit
1495 1443 1537 1465 ex
1554 1432 1758 1466 inordinato

195 1485 354 1530 appetitu
377 1485 542 1530 propriae
567 1484 821 1519 excellentiae:
846 1485 929 1530 quia
948 1485 1045 1530 quod
1061 1484 1188 1530 aliquis
1202 1484 1437 1518 vehementer
1451 1479 1640 1526 desiderat,
1654 1484 1758 1519 facile

196 1537 326 1579 credit;
350 1546 384 1571 et
406 1548 449 1571 ex
471 1537 541 1571 hoc
566 1537 676 1571 etiam
699 1539 774 1582 ejus
798 1539 974 1584 appetitus
996 1537 1031 1571 in
1051 1537 1179 1571 altiora
1200 1536 1321 1579 fertur,
1344 1548 1453 1583 quam
1469 1537 1535 1571 sibi
1551 1538 1758 1580 conveniat3

194 1598 230 1624 et
248 1591 329 1624 ideo
353 1602 603 1636 quaecumque
627 1590 817 1625 conferunt
839 1591 882 1624 ad
904 1591 975 1625 hoc
999 1591 1094 1636 quod
1110 1590 1237 1636 aliquis
1252 1590 1416 1624 aestimet
1430 1602 1466 1624 se
1481 1602 1587 1636 supra
1601 1590 1647 1634 id,
1662 1593 1759 1637 quod

194 1651 258 1684 est,
281 1643 454 1677 inducunt
475 1644 667 1678 hominem
690 1644 733 1677 ad
756 1645 980 1690 superbiamg
1003 1655 1159 1690 quorum
1178 1655 1290 1677 unum
1313 1652 1376 1685 est,
1399 1643 1495 1689 quod
1523 1643 1650 1689 aliquis
1677 1655 1760 1678 con-

193 1696 326 1730 sideret
344 1696 504 1731 defectus
525 1697 699 1740 aliorum3
719 1698 811 1731 sicut
832 1708 850 1731 e
873 1706 998 1731 contra
1023 1697 1131 1743 Greg.
1153 1697 1287 1730 ibidem
1307 1697 1402 1739 dicit,
1419 1697 1516 1743 quod
1533 1710 1551 1729 «
1565 1697 1680 1731 sancti
1692 1697 1759 1731 viri

193 1750 366 1784 virtutum
388 1751 720 1785 considerationem
742 1751 902 1785 vicissim
924 1751 990 1784 sibi
1014 1750 1104 1785 alios
1125 1750 1329 1796 praeferunt
1350 1763 1383 1792 »3
1406 1762 1448 1784 ex
1469 1750 1539 1784 hoc
1567 1761 1654 1795 ergo
1681 1761 1757 1784 non

192 1803 355 1846 habetur,
375 1804 470 1850 quod
494 1804 660 1850 superbia
682 1804 725 1838 sit
746 1804 783 1837 in
804 1804 983 1846 rationali,
1005 1804 1067 1838 sed
1089 1803 1185 1850 quod
1208 1803 1327 1849 aliqua
1350 1814 1458 1837 causa
1477 1805 1553 1850 ejus
1567 1804 1603 1837 in
1618 1804 1757 1838 ratione

194 1857 331 1891 existat.

263 1911 323 1944 AD
346 1921 517 1946 TERTIUM
544 1910 751 1952 dicendum,
773 1910 870 1957 quod
892 1910 1057 1956 superbia
1078 1921 1152 1944 non
1171 1918 1224 1944 est
1245 1909 1364 1944 solum
1386 1910 1422 1944 in
1437 1909 1617 1952 irascibili,
1632 1921 1758 1945 secun-

192 1963 278 1997 dum
298 1964 393 2009 quod
417 1973 469 1998 est
491 1975 572 2009 pars
597 1964 773 2010 appetitus
795 1964 968 2006 sensitivi,
990 1964 1052 1998 sed
1074 1970 1180 2009 prout
1202 1963 1434 1997 communius
1455 1963 1642 1997 irascibilis
1665 1963 1756 1998 acci-

192 2017 297 2063 pitur,
316 2026 355 2051 ut
375 2017 511 2051 dictum
534 2026 587 2051 est
609 2018 660 2062 (in
682 2024 770 2063 corp.
791 2018 884 2062 art).

263 2071 323 2105 AD
346 2081 534 2109 QUARTUM
557 2070 762 2111 dicendum,
783 2071 891 2116 quod,
913 2072 1005 2104 sicut
1026 2070 1178 2115 August.
1202 2069 1288 2104 dicit
1310 2080 1360 2112 14.
1377 2070 1419 2104 de
1436 2070 1515 2104 Civ.
1530 2070 1602 2104 Dei
1617 2069 1706 2117 (cap.
1723 2081 1753 2116 7.

191 2129 219 2158 et
237 2125 299 2170 9.),
325 2137 342 2155 α
365 2135 469 2157 amor
490 2123 674 2169 praecedit
696 2135 823 2157 omnes
847 2123 933 2157 alias
953 2123 1065 2157 animi
1087 2122 1306 2165 affectiones,
1326 2131 1361 2157 et
1382 2132 1434 2157 est
1449 2134 1556 2157 causa
1572 2134 1697 2157 earum
1711 2135 1753 2165 »3

192 2185 227 2211 et
248 2177 329 2210 ideo
349 2185 466 2222 potest
487 2177 574 2222 poni
593 2188 657 2222 pro
681 2176 839 2222 qualibet
861 2176 1013 2210 aliarum
1035 2175 1288 2218 affectionum3
1317 2185 1351 2210 et
1377 2176 1577 2210 secundum
1597 2176 1669 2210 hoc
1696 2187 1754 2210 su-

191 2230 312 2276 perbia
328 2230 456 2264 dicitur
471 2241 548 2264 esse
566 2243 583 2261 «
600 2241 704 2263 amor
719 2230 884 2275 propriae
900 2229 1144 2272 excellentiae,
1159 2229 1372 2275 inquantum
1389 2241 1431 2263 ex
1447 2240 1570 2263 amore
1587 2236 1754 2263 causatur

189 2283 393 2318 inordinata
404 2283 651 2329 praesumptio
664 2283 754 2317 alios
770 2283 961 2329 superandi
975 2296 1008 2325 »3
1030 2283 1126 2329 quod
1148 2283 1291 2329 proprie
1308 2283 1462 2329 pertinet
1476 2282 1519 2316 ad
1535 2282 1750 2329 superbiam.
