1905 3137
469 179 689 214 QUAESTIO
723 178 814 207 XIII.
848 179 1092 208 ARTICULUS
1126 179 1187 208 ΙΙΙ.
1525 179 1601 222 119

577 347 922 391 ARTICULUS
953 347 1030 390 ΠΙ.
1560 369 1599 404 71

145 455 295 485 UTRUM
328 455 564 485 PECCATUM
597 455 896 485 BLASPHEMIAE
923 455 990 484 SIT
1017 455 1223 484 MAXIMUM
1257 454 1505 484 PECCATUM.

365 544 475 588 (Part.
493 555 521 590 3.
544 555 574 589 q.
595 544 650 578 80.
673 548 737 578 art.
757 555 784 589 3.
807 549 836 577 et
856 555 890 587 4.
908 544 998 578 Dist.
1022 555 1053 589 9.
1076 555 1105 588 q.
1125 555 1153 589 3.
1172 548 1236 577 art.
1255 555 1282 588 3.

609 602 636 631 et
659 597 742 631 Mal.
765 609 794 642 q.
817 608 848 631 2.
870 602 935 631 art.
958 597 1038 641 10).

114 684 174 718 AD
195 695 366 719 TERTmM
388 686 437 719 sic
459 685 675 731 proceditur.
690 684 853 726 Videtur,
869 685 965 731 quod
988 692 1178 730 peccatum
1199 684 1446 730 blasphemiae
1468 696 1542 718 non
1561 683 1606 720 sit

46 737 243 771 maximum
258 746 465 783 peccatum:
486 738 624 772 malurn
646 738 743 772 enim
765 739 904 780 dicitur,
928 739 1010 784 quia
1028 746 1147 780 nocet,
1170 738 1370 772 secundum
1392 739 1545 783 August.
1568 738 1604 772 in

45 790 187 824 Enchir.
211 791 300 837 (cap.
321 791 409 836 12.).·
430 791 491 826 sed
514 792 630 837 magis
648 800 758 826 nocet
775 800 967 838 peccatum
989 792 1189 833 homicidii,
1210 792 1307 838 quod
1329 792 1472 837 perimit
1493 792 1604 826 vitam

45 843 214 885 hominis,
241 856 350 890 quam
368 853 557 891 peccatum
576 844 834 891 blasphemiae,
857 846 954 891 quod
980 845 1061 879 Deo
1088 845 1228 878 nullum
1256 853 1518 879 nocumentum
1545 856 1606 891 po-

44 905 112 931 test
131 897 280 939 inferre3
303 909 390 943 ergo
412 906 601 944 peccatum
622 899 813 932 homicidii
835 907 888 933 est
909 899 1052 944 gravius
1074 906 1225 944 peccato
1247 898 1507 943 blasphemiae.

114 960 144 984 2.
172 950 408 985 PRAETERfia.
433 951 665 997 Quicumque
687 953 834 998 pejerat,
855 951 993 986 inducit
1006 952 1128 985 Deum
1149 960 1278 985 testem
1300 951 1476 993 falsitatis,
1499 959 1534 985 et
1554 951 1603 985 ita

44 1003 182 1038 videtur
201 1015 284 1038 eum
299 1015 457 1038 asserere
479 1016 556 1038 esse
577 1004 726 1039 falsum:
750 1005 811 1039 sed
833 1016 907 1039 non
929 1004 1077 1051 quilibet
1090 1004 1324 1050 blasphemus
1343 1016 1455 1050 usque
1475 1005 1604 1038 adhoc

42 1057 215 1102 procedit,
230 1065 267 1090 ut
288 1057 409 1091 Deum
431 1066 566 1092 asserat
586 1069 663 1092 esse
681 1057 831 1100 falsum,
848 1069 934 1104 ergo
956 1058 1152 1104 perjurium
1171 1066 1225 1092 est
1239 1058 1382 1103 gravius
1400 1065 1604 1103 peccatum,

44 1121 152 1156 quam
173 1110 410 1156 blasphemia.

117 1175 144 1209 3.
167 1163 402 1199 PRAETEREA.
427 1164 542 1210 Super
562 1164 650 1198 illud
664 1165 757 1199 Psal.
774 1175 846 1210 74:
862 1165 973 1199 Nolite
991 1164 1142 1199 extollere
1165 1165 1198 1198 in
1220 1165 1323 1198 altum.
1343 1176 1446 1199 comm
1460 1169 1603 1198 vestrum

45 1217 130 1251 dicit
152 1217 253 1251 Glos.
277 1218 401 1262 (interl.
424 1223 452 1252 et
473 1217 612 1263 ordin),
636 1218 837 1251 maximum
859 1225 912 1252 est
933 1218 1060 1252 vitium
1083 1218 1323 1251 excusationis
1345 1217 1505 1263 peccati3
1531 1228 1605 1251 non

45 1281 131 1316 ergo
152 1270 377 1317 blasphemia
404 1280 455 1306 est
482 1272 683 1305 maximum
710 1280 912 1317 peccatum.

114 1323 188 1358 SED
208 1335 362 1359 CONTRA
381 1333 444 1366 est,
467 1325 563 1370 quod
578 1325 643 1359 Isa.
671 1325 721 1359 18.
745 1336 852 1371 super
865 1324 971 1358 illud:
988 1324 1213 1370 Adpopulmn
1229 1324 1422 1365 terribilem,
1440 1332 1506 1358 etc.
1522 1323 1607 1358 dicit

45 1375 146 1411 Glos.
164 1377 285 1420 (ordin.
297 1379 451 1424 Hieron.)
472 1391 489 1410 t(
505 1389 613 1412 omne
629 1387 819 1424 peccatum
834 1378 1079 1424 blasphemiae
1095 1387 1346 1424 comparatum
1363 1377 1477 1412 levius
1493 1386 1587 1412 est».

114 1430 342 1465 RESPONDEO
358 1432 562 1474 dicendum,
583 1432 692 1478 quod,
714 1432 807 1466 sicut
827 1443 934 1477 supra
957 1431 1093 1465 dictum
1115 1439 1168 1465 est
1190 1431 1268 1474 (art.
1291 1444 1318 1465 Ι.
1342 1431 1410 1477 huj.
1433 1431 1493 1477 φ),
1517 1431 1607 1465 blas-

44 1483 190 1529 phemia
212 1485 404 1530 opponitur
431 1484 651 1518 confessioni
676 1485 777 1526 fidei3
805 1493 840 1518 et
860 1485 942 1518 ideo
964 1485 1073 1518 habet
1097 1485 1133 1517 in
1160 1495 1197 1518 se
1219 1484 1434 1529 gravitatem
1460 1483 1608 1518 infideli-

44 1537 143 1570 tatis:
172 1545 206 1571 et
233 1546 448 1583 aggravatur
465 1546 666 1584 peccatum,
688 1539 717 1572 si
731 1541 958 1584 superveniat
971 1538 1162 1572 detestatio
1180 1538 1396 1581 voluntati53
1424 1547 1459 1572 et
1485 1538 1604 1572 adhuc

45 1590 173 1635 magis,
195 1590 224 1623 si
244 1599 455 1636 prorumpat
474 1591 511 1624 in
532 1591 659 1633 verba3
682 1591 773 1625 sicut
795 1599 828 1625 et
849 1591 926 1625 laus
945 1591 1027 1625 fidei
1046 1599 1196 1637 augetur
1217 1603 1280 1637 per
1302 1591 1548 1633 dilectionem,
1571 1599 1605 1626 et

46 1642 329 1685 confessionem3
348 1644 442 1678 unde
465 1656 548 1678 cum
568 1644 759 1678 infidelitas
778 1645 821 1678 sit
843 1645 1044 1678 maximum
1065 1653 1253 1690 peccatum
1277 1645 1477 1678 secundum
1499 1656 1605 1679 suum

45 1706 170 1741 genus,
192 1698 283 1730 sicut
304 1708 410 1742 supra
432 1697 569 1731 dictum
584 1705 637 1731 est
651 1698 698 1743 (q.
715 1710 764 1733 10.
780 1699 914 1744 art.3.),
938 1709 1164 1743 consequens
1186 1706 1250 1739 est,
1273 1698 1369 1743 quod
1391 1697 1501 1731 etiam
1514 1697 1605 1732 blas-

45 1749 191 1795 phemia
205 1750 249 1783 sit
262 1759 452 1796 peccatum
467 1753 667 1784 maximum
683 1752 726 1784 ad
741 1751 838 1785 idem
860 1763 973 1796 genus
995 1751 1187 1797 pertinens,
1207 1759 1241 1784 et
1262 1751 1378 1797 ipsam
1393 1762 1606 1797 aggravans.

115 1803 175 1836 AD
196 1813 345 1837 PRIMUM
367 1814 453 1849 ergo
482 1804 686 1846 dicendum,
714 1805 809 1850 quod
837 1804 1088 1846 homicidium,
1112 1812 1146 1838 et
1166 1803 1392 1850 blasphemia
1414 1805 1442 1838 si
1464 1815 1608 1850 compa-

44 1863 165 1890 rentur
186 1856 386 1890 secundum
401 1857 552 1902 objecta,
566 1858 602 1891 in
617 1869 708 1903 quae
722 1866 904 1904 peccatur,
919 1857 1152 1891 manifestum
1174 1866 1236 1899 est,
1253 1858 1349 1903 quod
1368 1857 1606 1903 blasphemia,

45 1919 136 1954 quae
150 1918 202 1942 est
217 1909 349 1943 directe
363 1919 553 1955 peccatum
574 1911 611 1944 in
632 1911 766 1953 Deum,
787 1910 1051 1957 praeponderat
1068 1911 1282 1952 homicidio,
1299 1911 1395 1956 quod
1411 1919 1465 1944 est
1482 1922 1607 1957 pecca-

44 1969 122 1995 tum
147 1961 183 1995 in
209 1963 432 2008 proximum:
457 1964 485 1997 si
513 1972 634 1998 autem
661 1973 918 2010 comparentur
944 1964 1146 1998 secundum
1168 1963 1336 1999 effectum
1363 1965 1532 2006 nocendi,
1555 1964 1604 1998 sic

44 2014 283 2048 homicidium
298 2016 579 2062 praeponderat:
596 2017 674 2062 plus
691 2018 787 2051 enim
807 2018 1048 2051 homicidium
1062 2026 1171 2051 nocet
1185 2018 1364 2064 proximo,
1387 2029 1496 2063 quam
1517 2016 1609 2050 blas-

44 2067 190 2114 phemia
202 2069 303 2102 Deo:
319 2070 381 2103 sed
396 2070 479 2115 quia
497 2070 533 2104 in
547 2071 722 2116 gravitate
739 2071 865 2116 culpae
888 2071 1005 2116 magis
1029 2071 1222 2105 attenditur
1242 2071 1393 2104 intentio
1412 2070 1608 2104 voluntatis

44 2131 242 2167 perversae,
257 2133 367 2167 quam
382 2122 529 2157 effectus
545 2123 674 2169 operis,
690 2131 729 2158 ut
742 2135 784 2158 ex
799 2135 905 2170 supra
927 2124 1029 2158 dictis
1044 2132 1141 2170 patet
1157 2124 1236 2169 (1-2.
1252 2136 1281 2169 q.
1302 2135 1347 2169 73.
1367 2129 1430 2157 art.
1442 2135 1470 2169 3.
1485 2128 1513 2157 et
1533 2123 1606 2168 8.);

44 2173 126 2208 ideo
141 2185 225 2208 cum
242 2175 474 2221 blasphemus
491 2176 651 2210 intendat
676 2185 940 2211 nocumentum
953 2176 1084 2211 inferre
1095 2177 1229 2211 honori
1243 2177 1378 2218 divino,
1397 2176 1608 2222 simpliciter

44 2226 237 2273 loquendo,
253 2229 395 2273 gravius
410 2237 548 2275 peccat,
564 2241 674 2275 quam
688 2230 892 2264 homicida:
915 2230 1156 2264 homicidium
1170 2238 1291 2264 tamen
1308 2230 1467 2275 primum
1483 2229 1607 2263 locum

43 2287 142 2314 tenet
162 2281 214 2325 (in
235 2281 377 2327 poenis)
399 2282 492 2316 inter
513 2291 661 2328 peccata
681 2283 719 2316 in
741 2283 947 2328 proximum
969 2283 1176 2317 commissa.

114 2333 174 2368 AD
196 2345 404 2369 SECUNDUM
425 2335 630 2377 dicendum,
653 2337 750 2382 quod
771 2347 878 2381 super
897 2336 985 2370 illud
1008 2336 1051 2370 ad
1078 2337 1208 2382 Ephes.
1234 2346 1286 2379 4:
1315 2337 1521 2382 Blasphamia
1549 2336 1606 2371 tol—

46 2385 136 2420 latur
155 2398 175 2420 a
195 2388 299 2429 vobis,
328 2387 415 2422 dicit
444 2388 545 2422 Glos.
570 2388 656 2432 (ord.
679 2390 818 2435 August.
842 2390 897 2423 lib.
921 2394 1005 2424 cont.
1032 2389 1178 2424 mendac.
1206 2397 1276 2436 cap.
1306 2390 1376 2435 19.)
1402 2390 1533 2434 «pejus
1556 2396 1609 2423 est

44 2438 308 2485 blasphemare,
331 2452 440 2486 quam
460 2442 620 2487 pejerare
635 2454 674 2475 »t
699 2443 759 2488 qui
781 2443 878 2476 enim
897 2444 1043 2488 pejerat,
1059 2454 1134 2476 non
1156 2443 1251 2484 dicit,
1272 2451 1333 2477 aut
1350 2443 1457 2476 sentit
1475 2441 1607 2487 aliquid

44 2491 176 2526 falsum
197 2493 240 2526 de
262 2493 356 2535 Deo,
377 2494 470 2528 sicut
489 2494 743 2540 blasphemus3
772 2496 834 2529 sed
860 2496 983 2529 Deum
1006 2496 1153 2530 adhibet
1178 2503 1307 2530 testem
1334 2495 1508 2536 falsitatis,
1534 2505 1608 2528 non

44 2552 232 2591 tamquam
253 2546 448 2581 aestimans
469 2548 591 2581 Deum
614 2559 691 2582 esse
712 2548 844 2582 falsum
866 2557 1008 2590 testem,
1031 2549 1094 2583 sed
1120 2557 1310 2594 tamquam
1337 2559 1484 2594 sperans
1511 2548 1607 2593 quod

44 2597 144 2632 Deus
165 2610 271 2644 super
292 2599 364 2633 hoc
385 2611 460 2634 non
481 2600 692 2634 testificetur
715 2613 778 2647 per
800 2601 947 2647 aliquod
969 2602 1115 2636 evidens
1138 2602 1294 2647 signum.

116 2651 176 2685 AD
199 2662 371 2686 TERTIUM
392 2653 598 2696 dicendum,
613 2654 708 2699 quod
725 2655 907 2688 excusatio
923 2655 1063 2700 peccati
1078 2662 1132 2688 est
1146 2655 1323 2700 quaedam
1340 2653 1607 2687 circumstantia

47 2714 246 2749 aggravans
269 2716 379 2739 omne
400 2714 603 2750 peccatum,
626 2707 736 2741 etiam
758 2711 874 2753 ipsam
895 2707 1182 2753 blasphemiam:
1211 2716 1245 2741 et
1270 2718 1335 2753 pro
1357 2715 1458 2740 tanto
1481 2707 1608 2740 dicitur

48 2767 124 2790 esse
146 2759 347 2791 maximum
369 2766 572 2803 peccatum,
594 2760 676 2805 quia
698 2760 883 2806 quodlibet
905 2760 990 2794 facit
1011 2762 1138 2806 majus.
