1859 3122
490 159 712 195 QUAESTIO
745 160 890 190 LXXXI.
924 160 1168 191 ARTICULus
1200 160 1290 189 v111.
1569 161 1645 203 573

97 248 192 282 rent;
213 240 307 274 unde
337 248 370 275 et
391 240 520 275 dicitur
542 240 676 287 aliquid
706 253 783 276 esse
805 242 996 284 sancitum,
1017 242 1100 288 quia
1121 250 1174 276 est
1200 241 1282 287 lege
1303 241 1505 276 firmatum:
1533 250 1652 288 potest

96 294 203 328 etiam
226 293 426 328 secundum
448 294 595 328 Latinos
618 295 688 328 hoc
710 306 857 336 nomen,
878 300 1017 337 sanctas,
1039 296 1082 329 ad
1103 295 1319 328 munditiam
1341 295 1537 340 pertinere;
1552 303 1590 328 ut
1604 295 1653 328 in-

95 347 276 392 telligatur
296 352 436 389 sanctus,
460 348 561 393 quasi
582 350 740 393 sangnine
759 350 899 389 tinctus;
924 359 966 382 eo
990 349 1085 394 quod
1106 349 1300 394 antiquitus
1322 348 1373 381 illi
1392 348 1450 393 qui
1472 347 1653 394 purificari

96 400 275 434 volebam.
298 401 471 445 sanguine
494 401 633 435 hostiae
656 401 894 447 tingebantur,
925 410 962 435 ut
984 401 1064 435 lsid.
1088 402 1173 435 dicit
1197 402 1232 434 in
1255 401 1313 434 lib.
1342 412 1391 435 10.
1414 401 1571 447 Etymol.
1596 401 1654 445 (ad

96 454 143 488 lit.
167 454 217 499 S).
245 454 288 488 Et
305 463 454 500 utraque
476 455 690 500 significatio
715 455 897 501 competit,
920 464 958 489 ut
978 456 1147 488 sanctitas
1170 454 1379 488 attribuatur
1404 454 1471 496 his,
1494 465 1584 500 quae
1607 454 1655 488 di-

96 507 180 541 vino
203 507 313 542 cultui
337 507 577 554 applicantur,
600 508 647 542 ita
670 508 765 554 quod
788 520 860 541 non
891 508 1010 542 solum
1040 508 1220 550 homines,
1243 507 1304 541 sed
1334 507 1443 541 etiam
1464 507 1652 554 ternplum,

98 569 131 595 et
152 572 249 602 vasa,
272 569 305 595 et
328 561 396 594 alia
430 561 639 606 hujusmodi
660 561 875 595 sanctificari
902 561 1065 594 dicantur
1091 572 1133 595 ex
1160 561 1242 605 hoc,
1270 562 1366 606 quod
1394 560 1505 594 cultui
1531 561 1652 594 divino

99 613 341 660 applicantur:
365 614 539 648 munditia
563 614 658 648 enim
680 614 883 648 neccssaria
907 622 959 648 est
981 614 1023 647 ad
1046 614 1129 655 hoc,
1152 613 1249 659 quod
1276 625 1378 648 mens
1399 614 1480 648 Deo
1503 613 1656 660 applice-

97 674 171 701 tur:
195 667 277 712 quia
307 678 409 701 mens
431 668 591 701 humana
612 667 819 713 inquinatur
841 680 882 701 ex
904 667 975 700 hoc
999 668 1095 712 quod
1121 667 1349 701 inferioribus
1383 667 1487 701 rebus
1510 668 1655 711 conjun-

98 720 208 765 gitur:
232 720 323 754 sicut
345 720 524 766 quaelibet
549 732 604 754 res
638 732 680 754 ex
706 721 933 754 immixtione
960 720 1092 766 pejoris
1118 720 1303 761 sordescit,
1330 728 1368 754 ut
1397 729 1584 765 argentum
1612 731 1654 754 ex

97 773 324 807 immixtione
358 773 512 819 plumbi:
547 781 689 819 oportet
715 782 848 815 autem,
875 773 972 819 quod
1002 784 1104 807 mens
1133 774 1174 807 ab
1193 772 1420 807 inferioribus
1447 774 1550 808 rebus
1581 774 1655 807 abs-

96 826 268 868 trahatur,
291 827 419 861 adhoc
435 827 532 873 quod
553 838 743 873 supremae
759 828 810 861 rei
832 827 945 872 possit
960 827 1149 873 conjungi:
1173 836 1207 861 et
1228 827 1309 861 ideo
1329 839 1430 861 mens
1450 829 1524 862 sine
1555 839 1655 861 mun-

98 880 183 914 ditia
202 880 284 914 Deo
307 880 481 926 applicari
506 891 579 914 non
610 888 747 926 potest3
774 881 868 914 unde
896 880 940 914 ad
966 880 1057 914 Heb.
1089 891 1140 914 12.
1163 881 1310 914 dicitur:
1337 881 1456 915 Pacem
1481 882 1655 927 sequimini

98 945 172 967 cum
195 935 356 974 omnibus,
382 939 412 968 ct
431 935 698 972 sanctimmzz'am,
719 935 787 968 sine
805 945 869 979 qna
892 945 982 968 nemo
1004 933 1129 968 videbit
1146 933 1442 968 Deum:firmitas
1464 935 1573 969 etiam
1588 934 1656 968 exi-

99 986 193 1032 gitur
215 986 258 1020 ad
284 986 356 1020 hoc
380 986 476 1033 quod
502 998 606 1021 mens
632 986 714 1021 Deo
743 987 960 1032 applicetur:
989 986 1189 1032 applicatur
1215 987 1312 1021 enim
1339 988 1382 1029 ei,
1409 989 1501 1022 sicut
1526 987 1655 1021 ultimo

97 1039 171 1082 fini,
193 1048 228 1074 et
247 1040 364 1086 primo
398 1040 593 1086 principio:
616 1040 825 1085 hujusmodi
848 1048 969 1074 autem
992 1048 1134 1085 oportet
1160 1041 1316 1074 maxime
1337 1041 1540 1075 immobilia
1559 1052 1656 1082 esse;

98 1092 239 1127 dicebat
259 1093 388 1139 Apost.
409 1092 518 1127 Rom.
541 1093 584 1127 8.:
603 1093 717 1128 Certus
736 1105 820 1135 sum,
843 1093 928 1139 quod
949 1106 1047 1139 neque
1061 1106 1162 1136 mors,
1177 1106 1276 1139 neque
1288 1096 1408 1129 vita...
1421 1095 1586 1140 separabit
1607 1106 1657 1128 me

98 1158 118 1180 a
139 1147 299 1181 charitate
319 1147 406 1187 Dei;
431 1147 481 1180 sic
501 1158 588 1192 ergo
610 1146 780 1180 sanctitas
803 1147 942 1188 dicitur,
964 1158 1027 1192 per
1048 1159 1157 1193 quam
1184 1158 1286 1181 mens
1308 1147 1467 1182 hominis
1489 1149 1657 1193 seipsam,

99 1208 134 1234 et
154 1211 238 1234 suos
267 1206 365 1233 actus
393 1199 549 1246 applicat
569 1200 670 1242 Deo3
704 1200 798 1234 unde
831 1211 905 1234 non
941 1199 1058 1234 differt
1080 1212 1100 1234 a
1121 1200 1297 1246 religione
1319 1201 1520 1235 secundum
1541 1212 1660 1235 essen-

98 1253 198 1294 tiam,
220 1252 282 1286 sed
303 1252 423 1286 solum
453 1253 609 1287 ratione:
632 1264 717 1286 narn
739 1253 853 1298 religio
888 1253 1028 1295 dicitur,
1061 1254 1261 1288 secundum
1294 1254 1390 1300 quod
1413 1255 1555 1288 exhibet
1576 1254 1656 1288 Deo

99 1306 259 1340 debitum
291 1305 506 1339 famulatum
531 1306 568 1340 in
593 1306 660 1347 his,
683 1317 773 1352 quae
808 1306 988 1352 pertinent
1022 1306 1226 1352 specialiter
1248 1307 1292 1340 ad
1316 1307 1454 1341 cultum
1476 1307 1655 1341 divinum:

98 1359 192 1393 sicut
211 1359 248 1392 in
268 1358 464 1400 sacrificiis,
487 1358 740 1401 oblationibus,
776 1367 810 1393 et
838 1359 915 1393 aliis
948 1360 1179 1405 hujusmodi:
1202 1362 1357 1395 sanctitas
1383 1369 1505 1394 autern
1531 1360 1658 1394 dicitur

99 1412 298 1447 secundum
320 1412 416 1458 quod
437 1412 552 1446 homo
585 1423 659 1446 non
681 1412 761 1446 solo
784 1412 888 1454 haec,
910 1413 971 1446 sed
995 1412 1146 1446 aliarum
1167 1413 1340 1447 virtutum
1367 1425 1477 1460 opera
1498 1413 1603 1447 refert
1620 1413 1657 1446 in

98 1465 237 1508 Deum;
258 1464 316 1499 vel
337 1466 536 1500 secundum
557 1466 654 1512 quod
675 1465 791 1500 homo
814 1477 851 1500 se
873 1466 1030 1512 disponit
1062 1478 1125 1512 per
1158 1467 1255 1501 bona
1280 1467 1460 1512 quaedam
1481 1478 1592 1513 opera
1614 1466 1658 1500 ad

101 1518 237 1553 cultum
264 1518 436 1553 divinum.

170 1572 230 1606 AD
254 1582 403 1606 PRIMUM
425 1583 511 1618 ergo
538 1571 744 1613 dicendum,
771 1572 868 1618 quod
890 1572 1058 1606 sanctitas
1082 1580 1134 1606 est
1155 1573 1334 1618 quaedam
1355 1574 1521 1619 specialis
1546 1574 1657 1607 virtus

98 1625 297 1661 secundum
319 1625 526 1660 essentiam:
550 1634 585 1660 et
605 1625 805 1660 secundum
826 1626 897 1660 hoc
928 1634 981 1660 est
1001 1626 1276 1672 quodammodo
1314 1627 1442 1661 eadem
1465 1627 1656 1672 religioni:

99 1680 208 1714 habet
226 1687 346 1713 autern
367 1678 565 1725 quamdam
586 1678 872 1724 generalitatem,
887 1679 1087 1713 secundum
1109 1679 1204 1725 quod
1221 1691 1349 1714 omnes
1370 1680 1544 1714 virtutum
1559 1689 1658 1714 actus

97 1744 161 1779 per
179 1732 373 1778 imperium
406 1732 547 1766 ordinat
578 1733 615 1766 in
647 1733 786 1766 bonurn
819 1732 1004 1766 divinum:
1032 1733 1125 1767 sicut
1159 1741 1194 1766 et
1218 1733 1349 1778 justitia
1373 1733 1499 1780 legalis
1531 1734 1659 1768 dicitur

99 1785 276 1832 generalis
295 1786 418 1827 virtus,
439 1785 655 1832 inquantum
678 1785 820 1820 ordinat
845 1786 1011 1820 omnium
1031 1786 1203 1820 virtutum
1226 1794 1325 1821 actus
1346 1787 1383 1820 in
1404 1788 1541 1821 bonum
1563 1799 1660 1821 corn-

98 1851 221 1874 mune.

174 1893 233 1927 AD
267 1903 474 1927 SECUNDUM
496 1892 699 1934 dicendum,
722 1892 818 1938 quod
843 1893 1081 1939 temperantia
1114 1893 1329 1927 munditiam
1363 1893 1509 1939 quidem
1539 1905 1661 1940 opera-

100 1955 168 1988 tur,
188 1957 263 1979 11011
283 1954 406 1980 tamen
426 1946 476 1980 ita
497 1947 593 1992 quod
610 1946 742 1980 habeat
762 1946 941 1980 rationem
963 1946 1172 1988 sanctitatis,
1195 1947 1265 1980 nisi
1286 1946 1458 1981 referatur
1472 1948 1508 1981 in
1519 1948 1660 1991 Deum;

102 1999 197 2034 unde
217 1999 283 2034 de*
274 2011 352 2046 ipsa
365 2000 568 2045 virginitate
578 1999 664 2033 dicit
677 1999 772 2044 Aug.
788 2001 824 2033 in
838 1999 897 2033 lib.
913 2000 956 2034 de
971 1999 1185 2045 Virginitate
1201 2000 1287 2046 (cap.
1301 2001 1322 2035 8
1325 2000 1363 2045 .),
1379 2001 1475 2046 quod
1489 2012 1564 2035 non
1578 2001 1660 2047 quia

101 2053 286 2099 virginitas
307 2061 370 2094 est,
392 2054 454 2087 sed
476 2053 559 2099 quia
579 2053 660 2087 Deo
683 2052 801 2087 dicata
823 2061 886 2095 est,
908 2053 1120 2088 honoratur.

172 2106 233 2140 AD
260 2116 431 2141 TERTmM
452 2105 655 2148 dicendum,
677 2106 775 2151 quod
797 2106 965 2140 sanctitas
996 2106 1162 2140 distincta
1184 2115 1237 2140 est
1263 2118 1282 2140 a
1308 2106 1483 2153 religione
1516 2116 1661 2153 propter

104 2158 343 2193 differentiam
376 2159 608 2205 praedictam,
641 2170 715 2193 non
737 2159 820 2205 quia
853 2158 1019 2193 differunt
1052 2170 1101 2202 re,
1128 2159 1189 2194 sed
1219 2160 1370 2202 ratione,
1392 2168 1431 2195 ut
1451 2160 1587 2195 dictum
1609 2168 1661 2195 est

105 2212 158 2257 (in
179 2218 267 2258 corp.
290 2211 384 2257 art).

567 2479 920 2538 QUAESTIO
961 2480 1219 2527 LXXXII.

285 2600 348 2630 DE
375 2599 668 2639 DEVOTIONE,
698 2601 749 2632 IN
773 2601 1002 2641 QUATUOR
1027 2602 1288 2634 ARTICULOS
1308 2601 1482 2633 DIVISA.

179 2737 320 2772 Deinde
347 2738 651 2773 considerandum
677 2748 729 2774 est
750 2740 793 2774 de
816 2741 953 2776 actibus
975 2741 1183 2788 religionis:
1207 2750 1241 2775 et
1256 2743 1370 2788 primo
1393 2741 1436 2776 de
1458 2742 1593 2776 actibus
1614 2742 1664 2776 in-

108 2791 309 2833 terioribus,
331 2792 391 2837 qui
424 2792 624 2826 secundum
650 2794 832 2837 praedicta
852 2803 935 2829 sunt
967 2794 1259 2840 principaliores:
1280 2795 1415 2828 seczmdo
1449 2795 1492 2828 de
1526 2795 1663 2829 actibus

110 2844 353 2886 exterioribus,
376 2845 435 2890 qui
463 2853 543 2879 sunt
565 2845 786 2888 secundarii;
810 2847 996 2881 interiores
1026 2855 1146 2882 autern
1168 2855 1267 2881 actus
1294 2847 1478 2892 religionis
1498 2847 1664 2882 videntur
