1859 3122
476 188 695 224 QUAESTIO
730 188 861 218 CXXII.
895 187 1139 218 ARTICULUS
1173 188 1228 217 IV.
1540 175 1624 230 827

71 270 202 311 liberis,
224 269 366 303 servilia
387 280 460 303 non
483 270 668 312 dicuntur;
691 269 838 315 quilibet
861 278 981 304 autem
1002 277 1077 303 tam
1099 280 1232 311 servus,
1256 279 1364 314 quam
1379 268 1468 302 liber
1488 275 1628 302 tenetur

72 325 106 357 in
128 323 338 357 necessariis
361 324 548 369 providere
571 335 643 358 non
667 332 806 358 tantum
829 323 905 364 sibi,
928 323 990 357 sed
1013 323 1121 356 etiam
1145 323 1326 368 proximo:
1344 322 1535 368 praecipue
1550 321 1627 367 qui-

73 376 155 410 dem
176 377 212 410 in
235 377 289 410 his
311 388 402 422 quac
431 378 473 410 ad
501 377 655 411 salutem
683 377 844 423 corporis
871 377 1059 422 pertinent,
1087 376 1286 410 secundum
1307 376 1395 410 illud
1422 376 1526 410 Prov.
1552 385 1625 417 24:

71 430 160 464 Erue
181 441 242 472 eos,
265 431 322 475 qui
343 429 508 464 ducuntur
526 430 567 464 ad
589 436 747 465 mortem:
771 430 984 465 secundario
1013 438 1133 464 autem
1156 430 1264 464 etiam
1287 430 1322 463 in
1345 430 1479 463 damno
1507 440 1626 463 rerum

71 483 230 525 vitando,
260 483 458 517 secundum
486 483 573 517 illud
596 484 702 518 Deut.
726 494 799 517 22.:
828 484 905 518 Non
925 483 1050 517 videbis
1077 484 1190 517 bovem
1213 483 1337 528 fratris
1364 484 1422 524 tui,
1451 486 1508 516 aut
1535 493 1626 516 ovem

71 542 246 579 errantem,
267 542 296 571 et
312 538 520 583 praeteribis,
540 537 590 572 sed
608 537 851 583 redzccessratri
873 542 949 577 tn0;
967 544 1001 570 et
1019 536 1100 570 ideo
1123 547 1213 582 opus
1236 535 1424 581 corporale
1444 535 1624 581 pertinens

73 590 116 624 ad
139 590 423 624 conservandam
446 590 598 625 salutern
621 591 755 637 proprii
778 590 938 636 corporis
961 601 1034 624 non
1056 589 1167 623 violat
1194 590 1403 624 sabbatum:
1426 599 1501 622 non
1532 588 1627 623 enim

71 652 124 678 est
145 651 269 678 contra
291 644 559 678 observantiam
587 644 734 686 sabbati,
761 645 855 691 quod
888 643 1014 690 aliquis
1043 642 1224 685 comedat,
1258 650 1293 677 et
1323 642 1391 676 alia
1421 641 1629 687 hujusmodi

71 697 190 740 faciat,
213 698 338 744 quibus
361 697 456 732 salus
476 698 636 744 corporis
660 706 907 740 conservatur3
924 705 957 732 et
972 705 1117 744 propter
1137 697 1211 731 hoc
1232 695 1447 730 Machabaei
1460 707 1534 730 non
1553 694 1630 741 pol-

74 751 217 786 luerunt
249 751 437 786 sabbatum
471 760 671 798 pugnantes
698 752 741 785 ad
769 751 822 785 sui
849 750 1095 785 defensionem
1119 750 1175 784 die
1202 750 1351 792 sabbati,
1377 757 1416 783 ut
1441 749 1571 795 legitur
1602 759 1628 783 1.

73 805 239 840 Machab.
263 815 310 840 2.:
333 804 496 839 similiter
518 817 583 839 nec
607 805 715 840 etiam
737 805 832 839 Elias
854 804 994 850 fugiens
1023 815 1042 838 a
1068 803 1158 838 facie
1176 802 1320 848 Jezabel
1334 803 1370 836 in
1392 802 1448 836 die
1471 801 1624 836 sabbati:

71 866 105 893 et
118 867 264 905 propter
276 859 347 893 hoc
363 860 471 893 etiam
493 858 684 900 Dominus,
699 858 826 892 Matth.
847 865 1065 899 12.,excusat
1075 855 1270 902 discipulos
1289 867 1386 897 suos,
1405 856 1464 901 qui
1484 855 1629 901 collige-

70 911 156 946 bant
176 912 292 957 spicas
314 912 349 945 in
372 912 428 946 die
446 912 584 946 sabbati
605 919 750 958 propter
776 911 1028 945 necessitatem
1056 921 1165 956 quam
1191 909 1434 955 patiebantur:
1462 908 1627 943 similiter

71 976 162 1011 opus
179 965 380 1011 corporale,
396 966 491 1011 quod
508 965 692 1000 ordinatur
708 965 751 998 ad
765 964 919 999 salutem
935 963 1163 1010 corporalem
1179 962 1334 1005 alterius,
1349 974 1423 997 non
1438 970 1491 996 est
1505 969 1631 996 contra

71 1019 336 1053 observantiam
364 1019 519 1053 sabbati:
554 1018 648 1052 unde
678 1018 807 1052 dicitur
831 1017 933 1062 Joan.
956 1027 1005 1062 7.:
1039 1017 1128 1051 Mihi
1155 1016 1391 1062 indignamini,
1422 1017 1501 1062 quia
1527 1020 1630 1050 totum

72 1072 237 1107 hominem
258 1073 389 1107 salvum
403 1073 472 1118 feci
491 1073 526 1105 in
549 1072 708 1106 sabbato?
735 1070 908 1112 Similiter
934 1071 1043 1104 etiam
1069 1081 1160 1116 opus
1187 1069 1387 1115 corporale,
1414 1068 1511 1115 quod
1538 1069 1629 1103 ordi-

70 1134 174 1160 natur
197 1125 240 1159 ad
266 1126 462 1159 imminens
488 1125 662 1159 damnum
688 1125 739 1158 rei
765 1124 931 1168 exteriori
958 1124 1157 1165 vitandum,
1183 1134 1258 1157 non
1285 1122 1399 1157 violat
1424 1123 1630 1164 sabbatum;

70 1179 164 1213 unde
186 1179 272 1213 dicit
285 1179 477 1220 Dominus,
495 1178 620 1212 Matth.
641 1188 710 1212 12.:
735 1178 820 1222 Quis
840 1179 901 1212 erit
921 1189 959 1212 ex
979 1179 1073 1212 vobis
1093 1177 1199 1218 homo,
1218 1178 1275 1223 qui
1296 1177 1389 1211 habet
1406 1188 1509 1211 unam
1523 1188 1630 1219 ovem,

70 1237 98 1267 et
116 1234 144 1267 si
164 1232 313 1267 ceciderit
332 1233 466 1267 sabbato
488 1234 523 1266 in
537 1232 688 1278 foveam,
709 1244 815 1266 nonne
837 1232 964 1274 tenebit,
983 1236 1012 1266 et
1031 1231 1152 1265 levabit
1173 1232 1272 1266 eam?

140 1286 200 1320 AD
227 1296 415 1325 QUARTUM
437 1286 642 1328 dicendum,
665 1285 761 1331 quod
789 1285 1016 1319 observantia
1039 1284 1110 1318 diei
1131 1283 1338 1319 dominicae
1364 1283 1400 1317 in
1425 1294 1522 1317 nova
1548 1282 1629 1328 lege

72 1339 233 1373 succedit
254 1339 503 1374 observantiae
525 1338 674 1381 sabbati,
695 1350 769 1372 non
788 1350 830 1373 ex
850 1338 886 1372 vi
907 1338 1090 1384 praecepti
1103 1337 1205 1383 legis,
1225 1337 1286 1372 sed
1308 1348 1351 1371 ex
1374 1336 1631 1371 constitutione

71 1391 267 1435 Ecclesiae,
290 1400 325 1427 et
346 1392 605 1427 consuetudine
625 1391 749 1438 populi
765 1391 980 1426 Christiani:
1003 1403 1069 1426 nec
1086 1391 1183 1426 enim
1197 1391 1408 1437 hujusmodi
1426 1390 1630 1424 observatio

71 1454 123 1480 est
143 1445 314 1491 figuralis,
337 1446 429 1480 sicut
449 1445 515 1480 fuit
533 1446 735 1480 observatio
758 1445 895 1479 sabbati
921 1445 957 1479 in
977 1444 1090 1479 veteri
1115 1444 1218 1491 lege3
1240 1452 1274 1478 et
1299 1444 1382 1478 ideo
1408 1455 1482 1477 non
1504 1451 1557 1477 est
1582 1443 1631 1477 ita

72 1508 168 1534 arcta
186 1500 381 1546 prohibitio
404 1500 576 1546 operandi
596 1499 633 1533 in
656 1499 711 1534 die
731 1499 927 1541 dominica,
950 1499 1041 1533 sicut
1061 1498 1098 1532 in
1120 1498 1176 1532 die
1192 1497 1348 1532 sabbati:
1372 1497 1433 1532 sed
1451 1497 1629 1543 quaedam

71 1564 181 1598 opera
203 1553 452 1587 conceduntur
473 1553 509 1587 in
531 1553 588 1587 die
610 1552 805 1594 dominica,
828 1564 919 1599 quae
933 1553 968 1586 in
983 1552 1039 1586 die
1062 1551 1200 1586 sabbati
1220 1551 1520 1597 prohibebantur,
1539 1550 1631 1584 sicut

71 1607 237 1640 decoctio
261 1607 436 1648 ciborum,
460 1614 495 1641 et
516 1605 586 1640 alia
606 1605 836 1651 hujusmodi3
855 1605 889 1640 et
907 1605 1017 1640 etiam
1036 1605 1071 1638 in
1089 1605 1303 1651 quibusdam
1323 1604 1490 1650 operibus
1513 1603 1631 1650 prohi-

70 1660 150 1694 bitis
171 1659 310 1694 facilius
332 1667 477 1706 propter
497 1659 751 1694 necessitatem
772 1659 996 1705 dispensatur
1014 1658 1050 1692 in
1075 1669 1182 1700 nova,
1204 1669 1313 1704 quam
1335 1657 1371 1691 in
1392 1657 1504 1691 veteri
1525 1656 1628 1702 lege,

71 1713 153 1758 quia
173 1713 289 1759 figura
310 1713 462 1759 pertinet
484 1712 527 1746 ad
549 1714 850 1759 protestationem
871 1712 1042 1753 veritatis,
1070 1722 1179 1757 quam
1205 1722 1272 1745 nec
1298 1711 1335 1744 in
1361 1710 1508 1744 modico
1530 1720 1628 1756 prae-

70 1767 175 1801 terire
197 1774 358 1813 oportet,
381 1778 490 1813 opera
512 1774 633 1801 autem
656 1766 856 1800 secundum
878 1776 915 1800 se
938 1765 1163 1800 considerata
1184 1763 1369 1799 immutari
1394 1771 1544 1810 possunt
1564 1774 1628 1809 pro

71 1819 166 1863 loco,
189 1829 224 1856 et
243 1829 417 1867 tempore.

629 1924 972 1970 ARTICULUS
1006 1925 1061 1968 v.
1551 1933 1615 1979 ως

169 2021 321 2052 UTRUM
354 2021 690 2052 CONVENIENTER
723 2021 959 2050 TRADATUR
994 2019 1207 2056 QUARTUM
1239 2019 1527 2050 PRAECEPTUM

500 2086 558 2115 DE
591 2086 913 2116 HONORATIONE
946 2085 1193 2116 PARENTUM.

613 2161 656 2208 (3.
677 2162 766 2196 Dist.
783 2172 834 2208 37.
856 2166 921 2196 art.
943 2174 970 2196 Ι.
997 2173 1027 2207 q.
1048 2162 1110 2200 2.).

143 2244 202 2278 AD
220 2253 400 2283 QUINTUM
420 2243 471 2277 sic
493 2243 708 2289 proceditur.
731 2243 892 2286 Videtur,
915 2243 1011 2289 quod
1033 2243 1332 2277 inconvenienter
1351 2241 1511 2276 tradatur
1529 2252 1630 2287 quar-

70 2305 148 2332 tum
170 2305 401 2343 praeceptum
425 2296 468 2330 de
488 2297 730 2331 honoratione
753 2304 960 2342 parentum:
978 2296 1049 2330 hoc
1072 2296 1168 2330 enim
1191 2304 1243 2330 est
1268 2303 1514 2341 praeceptum,
1529 2294 1625 2340 quod

71 2351 224 2397 pertinet
238 2350 281 2384 ad
300 2350 490 2396 pietatem:
513 2350 574 2384 sed
593 2350 684 2384 sicut
704 2351 816 2396 pietas
832 2358 885 2384 est
898 2361 979 2396 pars
996 2349 1163 2395 justitiae,
1185 2349 1233 2383 ita
1255 2349 1364 2383 etiam
1387 2349 1625 2388 observantia,

72 2412 106 2438 et
127 2404 252 2449 gratia,
272 2412 306 2437 et
321 2403 400 2445 alia,
417 2405 459 2437 de
478 2403 604 2449 quibus
619 2403 756 2437 dictum
776 2411 829 2437 est
851 2403 896 2449 (q.
912 2415 985 2438 101.
1001 2414 1073 2438 102.
1093 2408 1122 2437 et
1134 2404 1238 2448 seq.);
1259 2413 1345 2448 ergo
1361 2401 1511 2442 videtur,
1527 2400 1623 2446 quod

71 2468 145 2490 non
171 2457 293 2491 debuit
319 2456 395 2490 dari
421 2455 574 2502 speciale
601 2464 832 2502 praeceptum
860 2456 903 2490 de
930 2456 1072 2502 pietate,
1100 2467 1184 2489 cum
1211 2455 1254 2489 de
1281 2455 1358 2488 aliis
1380 2466 1453 2488 non
1476 2454 1587 2487 detur.

141 2521 171 2544 2.
194 2510 429 2544 PRAETEREA.
456 2509 573 2543 Pietas
595 2521 668 2543 non
690 2510 809 2544 solum
831 2509 973 2544 exhibet
995 2509 1131 2543 cultum
1153 2508 1369 2554 parentibus,
1392 2508 1453 2542 sed
1475 2507 1624 2552 patriae,

71 2571 105 2597 et
125 2563 234 2597 etiam
256 2563 333 2597 aliis
355 2563 529 2608 sanguine
552 2563 763 2607 conjunctis,
791 2571 825 2597 et
850 2562 984 2609 patriae
1009 2562 1206 2603 benevolis,
1228 2570 1266 2595 ut
1287 2572 1393 2607 supra
1415 2561 1550 2594 dictum
1573 2567 1625 2593 est

70 2616 118 2662 (q.
139 2628 208 2651 101.
230 2621 294 2650 art.
316 2628 342 2650 1.
365 2620 392 2649 et
413 2618 480 2660 2.);
505 2615 800 2650 inconvenienter
822 2627 908 2661 ergo
930 2616 966 2649 in
985 2615 1055 2649 hoc
1075 2623 1202 2661 quarto
1220 2622 1413 2660 praecepto
1431 2612 1469 2646 fit
1487 2612 1625 2646 mentio

71 2669 190 2703 solum
212 2670 254 2703 de
276 2669 517 2702 honoratione
538 2669 658 2714 patris,
681 2678 715 2703 et
736 2670 870 2703 matris.

144 2733 172 2768 3.
187 2722 422 2757 PRAETEREA.
437 2722 647 2756 Parentibus
662 2733 735 2756 non
750 2722 869 2757 solum
884 2722 1031 2756 debetur
1048 2721 1198 2755 honoris
1213 2719 1423 2761 reverentia,
1438 2719 1499 2754 sed
1515 2718 1625 2753 etiarn

71 2777 302 2817 sustentatio,
324 2786 409 2821 ergo
431 2774 686 2809 insufficienter
707 2775 785 2809 sola
806 2783 995 2821 parentum
1017 2774 1212 2809 honoratio
1234 2773 1460 2819 praecipitur.

141 2838 174 2871 4.
203 2829 437 2863 PRAETEREA.
460 2827 650 2874 Contingit
671 2828 898 2874 quandoque,
921 2828 1017 2874 quod
1035 2828 1073 2861 hi
1092 2828 1151 2873 qui
1165 2827 1347 2861 honorant
1361 2833 1537 2872 parentes,
1552 2825 1623 2859 cito

72 2882 291 2924 moriuntur;
315 2889 348 2916 et
369 2893 388 2916 e
411 2881 592 2916 contrario
620 2882 680 2927 qui
706 2890 871 2927 parentes
897 2892 970 2916 non
997 2881 1190 2922 honorant,
1217 2879 1275 2913 diu
1301 2879 1436 2920 vivunt,
1458 2879 1629 2912 inconve-
