1859 3122
193 181 278 223 304
599 178 820 213 QUAESTIO
853 173 1018 208 XXXVI'I.
1053 178 1296 208 ARTICULUS
1329 179 1357 208 Ι.

193 261 340 302 actibus,
355 269 390 295 et
402 260 560 294 motibus
577 260 705 294 dicitur
727 271 805 295 esse
826 260 874 303 id,
896 261 992 306 quod
1015 269 1068 295 est
1089 259 1289 294 secundum
1307 260 1565 302 intentionem3
1580 259 1675 294 unde
1690 271 1753 306 per

192 326 229 348 se
252 314 433 348 discordat
455 313 582 359 aliquis
610 325 629 346 a
650 314 829 358 proximo,
857 315 1001 360 quando
1028 313 1193 355 scienter,
1217 322 1251 347 et
1272 325 1314 347 ex
1335 314 1535 347 intentione
1550 313 1711 348 dissentit
1733 325 1752 347 a

191 368 288 401 bono
311 367 444 408 divino,
468 375 501 400 et
515 367 671 412 proximi
691 367 801 409 bono,
827 368 863 401 in
882 379 954 413 quo
974 368 1078 401 debet
1093 367 1315 401 consentire:
1339 375 1374 400 et
1394 367 1465 401 hoc
1488 375 1542 401 est
1562 375 1753 413 peccatum

195 420 349 454 mortale
378 431 421 454 ex
457 431 523 454 suo
551 431 694 465 genere,
721 429 865 467 propter
893 422 1184 455 contrarietatem
1212 420 1255 454 ad
1283 420 1516 462 charitatem3
1541 420 1625 454 licet
1650 420 1758 467 primi

194 482 314 507 motus
336 473 442 518 hujus
465 474 665 507 discordiae
687 482 834 520 propter
859 474 1174 520 imperfectionem
1202 482 1301 507 actus
1323 474 1395 508 sint
1415 482 1564 520 peccata
1589 473 1754 508 venialia.

193 527 262 560 Per
288 527 456 560 accidens
483 534 604 560 autem
630 527 667 560 in
693 527 862 561 humanis
890 528 1026 562 actibus
1055 527 1301 562 consideratur
1323 538 1365 560 ex
1391 527 1476 568 hoc,
1498 527 1595 573 quod
1622 527 1756 573 aliquid

195 588 247 614 est
268 588 408 626 praeter
428 580 688 622 intentionem3
711 581 804 614 unde
827 593 911 615 cum
929 581 1080 615 intentio
1101 580 1306 626 aliquorum
1321 588 1373 614 est
1388 581 1431 614 ad
1447 580 1593 626 aliquod
1606 580 1756 622 bonum,

195 634 291 679 quod
310 634 462 679 pertinet
485 634 528 667 ad
549 634 730 668 honorem
751 634 832 676 Dei,
850 635 908 668 vel
927 634 1116 668 utilitatem
1132 634 1305 679 proximi:
1321 634 1384 667 sed
1399 645 1490 668 unus
1507 633 1671 668 aestimat
1684 633 1757 667 hoc

196 698 272 720 esse
293 687 443 728 bonurn,
467 687 555 721 alius
578 695 698 721 autem
717 687 826 721 habet
844 688 1063 722 contrariam
1079 688 1310 733 opinionem,
1330 687 1508 721 discordia
1520 695 1606 721 tunc
1625 694 1679 720 est
1695 697 1759 732 per

197 740 364 774 accidens
387 748 512 774 contra
533 740 672 774 bonum
695 741 868 782 divinum,
890 741 948 775 vel
970 741 1141 787 proximi3
1165 749 1198 775 et
1211 740 1292 774 talis
1314 740 1493 774 discordia
1510 752 1585 774 non
1608 747 1660 774 est
1680 750 1760 786 pec-

199 802 333 835 catum,
359 805 425 827 nec
448 802 625 839 repugnat
647 794 828 836 charitati;
850 795 919 828 nisi
939 795 1149 839 hujusmodi
1171 794 1350 828 discordia
1375 793 1431 836 sit,
1452 793 1512 828 vel
1533 805 1616 827 cum
1638 803 1758 827 errore

199 847 295 880 circa
316 857 369 888 ea,
392 858 483 892 quae
502 855 583 881 sunt
604 847 647 881 de
668 848 882 881 necessitate
904 848 1039 889 salutis,
1057 847 1114 881 vel
1137 847 1333 893 pertinacia
1350 847 1507 881 indebite
1529 846 1759 888 adhibeatur;

200 912 284 934 cum
307 901 416 934 etiam
437 912 544 947 supra
571 901 706 934 dictum
729 901 774 935 sit
795 902 842 947 (q.
870 913 924 948 29.
947 907 1012 936 art.
1039 915 1065 936 I.
1093 907 1123 936 et
1148 907 1212 936 art.
1231 913 1258 947 3.
1287 901 1329 934 ad
1350 902 1412 946 2.)‚
1432 900 1528 947 quod
1551 899 1759 942 concordia,

199 965 291 999 quae
319 963 370 988 est
393 954 576 988 charitatis
599 953 758 996 effectus,
786 963 837 989 est
863 956 950 989 unio
977 955 1218 996 voluntatum,
1245 966 1319 989 non
1346 956 1432 989 unio
1461 954 1687 1001 opinionum.
1708 953 1760 987 Ex

199 1018 270 1053 quo
286 1015 392 1053 patet,
415 1008 510 1053 quod
531 1008 709 1042 discordia
731 1008 948 1054 quandoque
968 1017 1020 1042 est
1042 1020 1084 1042 ex
1103 1017 1253 1054 peccato
1269 1009 1374 1042 unius
1388 1016 1548 1050 tantum3
1570 1016 1655 1054 puta
1677 1018 1761 1041 cum

199 1072 289 1094 unus
310 1060 386 1094 vult
406 1061 555 1103 bonurn,
579 1062 635 1095 cui
658 1061 748 1095 alius
770 1062 925 1096 scienter
946 1063 1092 1096 resistit:
1121 1063 1338 1108 quandoque
1359 1070 1480 1096 autem
1502 1069 1556 1096 est
1577 1073 1661 1096 cum
1682 1072 1763 1107 pec-

200 1122 281 1147 cato
304 1114 498 1160 utriusque,
522 1123 606 1160 puta
626 1126 709 1148 cum
731 1123 879 1161 uterque
901 1116 1064 1150 dissentit
1086 1127 1105 1149 a
1126 1116 1223 1149 bono
1247 1115 1404 1158 alterius,
1423 1124 1458 1150 et
1478 1123 1628 1162 uterque
1647 1114 1763 1160 diligit

200 1167 339 1201 bonum
360 1168 558 1213 proprium.

272 1220 331 1254 AD
358 1231 507 1255 PRIMUM
534 1232 620 1266 ergo
649 1221 854 1264 dicendum,
878 1222 973 1268 quod
999 1221 1167 1256 voluntas
1190 1222 1294 1256 unius
1320 1222 1481 1256 hominis
1503 1222 1703 1256 secundum
1725 1231 1762 1255 se

204 1274 432 1308 considerata
446 1285 520 1308 non
536 1283 587 1308 est
602 1275 725 1320 regula
737 1275 932 1310 voluntatis
948 1275 1109 1310 alterius:
1128 1275 1190 1309 sed
1201 1275 1414 1322 inquantum
1433 1275 1600 1310 voluntas
1609 1274 1765 1322 proximi

202 1327 366 1361 inhaeret
387 1327 583 1361 voluntatis
610 1328 690 1370 Dei,
718 1328 757 1362 fit
782 1340 845 1375 per
871 1340 1097 1374 consequens
1119 1328 1244 1374 regula
1270 1329 1433 1375 regulata
1459 1329 1660 1363 secundum
1687 1339 1765 1374 pro-

201 1381 317 1426 priam
338 1381 520 1426 regulam3
540 1390 575 1415 et
591 1381 673 1415 ideo
696 1381 900 1416 discordare
920 1393 939 1416 a
956 1381 1020 1416 tali
1035 1381 1219 1416 voluntate
1235 1390 1288 1416 est
1301 1391 1491 1428 peccatum
1505 1382 1588 1428 quia
1606 1393 1669 1428 per
1690 1381 1763 1416 hoc

203 1434 428 1468 discordatur
450 1445 469 1468 a
491 1434 614 1480 regula
637 1435 767 1469 divina.

275 1488 334 1522 AD
357 1498 564 1522 SECUNDUM
583 1488 788 1530 dicendum,
808 1489 903 1534 quod
923 1489 1014 1523 sicut
1034 1488 1202 1522 voluntas
1216 1489 1376 1523 hominis
1397 1489 1595 1522 adhaerens
1612 1488 1694 1522 Deo
1714 1495 1767 1522 est

205 1541 384 1587 quaedam
406 1541 530 1587 regula
551 1549 660 1583 recta,
676 1553 694 1575 a
715 1553 784 1587 qua
805 1550 997 1587 peccatum
1013 1550 1066 1576 est
1079 1542 1303 1576 discordare:
1326 1542 1375 1576 ita
1390 1542 1498 1576 etiam
1517 1541 1684 1576 voluntas
1704 1541 1767 1575 ho-

206 1594 313 1628 minis
334 1594 416 1628 Deo
439 1595 618 1628 contraria
641 1603 693 1629 est
715 1595 893 1641 quaedam
915 1606 1083 1641 perversa
1104 1595 1241 1641 regula,
1263 1607 1283 1629 a
1309 1607 1379 1642 qua
1406 1595 1543 1629 bonum
1564 1602 1617 1630 est
1637 1595 1768 1629 discor-

207 1648 309 1690 dare;
332 1647 449 1682 facere
473 1660 559 1694 ergo
583 1649 802 1682 discordiam
823 1660 885 1694 per
907 1660 1017 1694 quam
1038 1648 1176 1683 tollitur
1201 1649 1297 1683 bona
1325 1649 1533 1691 concordia,
1555 1659 1665 1695 quam
1687 1648 1770 1682 cha·

205 1701 289 1735 ritas
311 1701 406 1743 facit,
429 1710 481 1736 est
503 1713 611 1747 grave
633 1710 842 1748 peccatum3
868 1702 963 1736 unde
990 1702 1119 1737 dicitur
1144 1702 1316 1737 Proverb.
1339 1701 1391 1738 6.:
1413 1703 1476 1737 Sex
1495 1707 1580 1745 sunt,
1599 1714 1682 1748 quae
1703 1701 1770 1736 odit

206 1756 384 1798 Dominus,
406 1761 436 1790 et
455 1757 627 1801 septimum
653 1755 828 1790 detestatur
854 1758 969 1790 anima
996 1759 1084 1802 ejus:
1113 1764 1148 1790 et
1172 1756 1244 1790 hoc
1272 1756 1468 1802 septimum
1494 1756 1597 1802 ponit
1620 1767 1693 1790 eum
1714 1756 1770 1801 ᾳιιὶ

205 1810 346 1843 seminat
361 1810 445 1843 inter
450 1809 580 1854 fratres
593 1809 793 1844 discordias:
816 1809 878 1843 sed
901 1820 1050 1843 causare
1072 1809 1304 1851 discordiam,
1319 1820 1382 1855 per
1396 1821 1505 1855 quam
1522 1809 1661 1844 tollitur
1673 1807 1770 1842 mala

208 1862 416 1903 concordia,
438 1862 576 1896 scilicet
602 1864 638 1897 in
665 1862 761 1896 mala
782 1862 980 1904 voluntate,
1004 1871 1056 1897 est
1076 1862 1275 1905 laudabile3
1298 1870 1332 1897 et
1357 1863 1429 1897 hoc
1457 1863 1569 1897 modo
1590 1861 1770 1896 laudabile

206 1914 283 1957 fuit,
306 1915 403 1961 quod
420 1915 555 1950 Paulus
573 1916 693 1962 posuit
715 1916 979 1950 dissensionem
995 1916 1088 1950 inter
1102 1927 1176 1958 eos,
1193 1915 1253 1961 qui
1265 1911 1366 1950 erant
1385 1916 1587 1951 concordes
1600 1915 1637 1949 in
1652 1914 1770 1950 malo:

208 1980 294 2002 nam
316 1977 350 2003 et
370 1969 552 2003 Dominus
575 1969 618 2003 de
645 1980 682 2003 se
704 1969 789 2003 dicit
809 1969 937 2003 Matth.
965 1979 1034 2003 10.:
1058 1969 1137 2003 Non
1154 1970 1230 2003 vani
1242 1975 1359 2015 pacem
1380 1971 1520 2012 mittere,
1541 1969 1593 2004 sed
1610 1969 1769 2015 gladium.

280 2022 340 2056 AD
363 2032 535 2057 TERTIUM
557 2022 762 2063 dicendum,
785 2023 880 2068 quod
903 2022 1094 2064 discordia,
1117 2033 1208 2068 quae
1231 2021 1295 2056 fuit
1311 2022 1403 2056 inter
1423 2022 1576 2056 Paulum
1594 2030 1629 2056 et
1642 2022 1773 2056 Barna-

209 2076 305 2118 bam,
327 2075 394 2110 fuit
414 2087 476 2122 per
498 2077 676 2117 accidens,
699 2085 733 2110 et
750 2087 824 2110 non
846 2087 908 2122 per
929 2087 984 2110 se:
1009 2084 1157 2122 uterque
1179 2077 1277 2110 enim
1299 2077 1506 2111 intendebat
1530 2077 1688 2111 bonum:
1710 2076 1772 2111 sed

210 2130 273 2164 uni
292 2130 480 2163 videbatur
500 2130 571 2163 hoc
594 2141 671 2164 esse
693 2130 844 2172 bonurn,
867 2130 927 2163 alii
949 2129 1063 2164 aliud:
1087 2129 1184 2176 quod
1207 2130 1249 2163 ad
1273 2129 1452 2164 defectum
1474 2131 1677 2164 humanum
1698 2141 1773 2176 per-

210 2183 361 2217 tinebat:
381 2194 453 2217 non
469 2184 566 2217 enim
589 2191 665 2217 erat
685 2183 765 2217 talis
788 2183 1035 2217 controversia
1056 2183 1092 2217 in
1114 2183 1181 2224 his,
1205 2194 1295 2229 quae
1317 2192 1399 2218 sunt
1421 2184 1464 2218 de
1485 2184 1700 2219 necessitate
1722 2194 1774 2218 sa-

212 2236 314 2270 lutis:
338 2237 502 2282 quamvis
524 2236 594 2270 hoc
617 2237 735 2281 ipsum
757 2236 862 2270 fuerit
876 2248 918 2271 ex
932 2236 1053 2270 divina
1071 2237 1296 2283 providentia
1316 2237 1523 2272 ordinatum
1545 2245 1690 2284 propter
1710 2238 1774 2271 uti-

212 2289 351 2324 litatem
373 2290 455 2324 inde
478 2298 774 2336 consequentem.

777 2432 1121 2476 ARTICULUS
1151 2433 1206 2475 H.
1706 2443 1774 2478 218

468 2541 618 2570 UTRUM
646 2540 888 2570 DISCORDIA
915 2541 982 2569 SIT
1010 2541 1125 2569 FILIA
1153 2541 1294 2570 INANIS
1324 2540 1526 2570 GLORIAE.

596 2627 697 2674 (Insr.
717 2639 746 2673 q.
769 2639 834 2673 132.
857 2633 921 2661 art.
940 2639 968 2673 5.
992 2632 1018 2661 εἰ
1042 2627 1124 2661 Mal.
1147 2639 1177 2673 q.
1200 2639 1231 2673 9.
1255 2633 1319 2662 art.
1338 2628 1393 2673 3.).

288 2719 348 2753 An
371 2727 576 2752 SECUNDUM
599 2716 650 2751 sic
672 2716 888 2762 proceditur.
911 2715 1073 2757 Videtur,
1096 2715 1193 2761 quod
1215 2715 1395 2749 discordia
1414 2725 1487 2749 non
1506 2714 1551 2749 sit
1571 2713 1643 2748 filia
1661 2713 1776 2748 inanis

219 2772 373 2817 gloriae:
396 2772 448 2806 ira
471 2773 568 2806 enim
583 2778 636 2805 est
658 2770 753 2804 aliud
775 2769 903 2803 vitium
919 2769 961 2802 ab
984 2769 1081 2802 inani
1103 2768 1238 2812 gloria:
1259 2769 1321 2803 sed
1340 2768 1520 2802 discordia
1538 2767 1678 2801 videtur
1699 2777 1777 2801 esse

219 2825 291 2859 filia
312 2827 396 2867 irae,
412 2825 612 2859 secundum
626 2823 714 2857 illud
727 2823 898 2857 Proverb.
920 2833 989 2866 15.:
1018 2822 1076 2856 Vir
1097 2822 1276 2857 'iracundus
1288 2826 1454 2868 provocat
1472 2823 1585 2862 rixas‚·
1601 2831 1689 2866 ergo
1702 2830 1776 2854 non

220 2887 273 2912 est
294 2878 364 2912 filia
387 2878 502 2912 inanis
525 2877 673 2924 gloriae.
