1859 3122
206 152 291 208 428
625 161 845 198 QUAESTIO
879 161 997 191 LVIII.
1030 159 1273 192 ARTICULUS
1305 161 1346 190 V.

280 245 354 279 SED
377 253 532 279 CONTRA
546 251 609 286 est,
632 244 728 290 quod
744 243 880 278 Philos.
904 243 988 278 dicit
1005 243 1040 277 in
1060 253 1087 286 ς.
1102 242 1218 276 Ethic.
1236 242 1324 288 (cap.
1339 242 1384 287 Ι.)
1402 241 1498 288 quod
1522 241 1687 288 «justitia
1709 249 1762 276 est

209 310 327 333 omnis
348 305 458 332 virtus
473 311 505 331 )).

250 381 252 383 ,
278 352 507 386 RESPONDEO
530 350 735 392 dicendum,
757 349 852 396 quod
874 349 1018 396 justitia,
1040 349 1132 384 sicut
1152 349 1289 383 dictum
1307 356 1360 382 est
1381 347 1460 392 (art.
1482 359 1513 383 2.
1535 348 1603 393 huj.
1626 347 1688 394 q.),
1708 358 1762 381 or-

209 405 307 439 dinat
328 405 517 438 hominem
544 404 579 437 in
607 404 880 449 comparatione
908 403 951 436 ad
974 403 1095 438 alium.
1117 402 1227 442 Quod
1246 401 1392 448 quidem
1413 409 1532 448 potest
1557 412 1635 436 esse
1661 401 1764 447 dupli-

210 460 310 493 citc'm
338 470 402 492 uno
424 457 519 491 modo
543 457 585 491 td
608 457 718 491 alium
746 456 974 502 singulariter
1001 456 1287 490 consideratum:
1311 456 1376 489 alio
1402 455 1498 489 modo
1525 455 1569 488 ad
1596 454 1735 489 alium
1728 466 1763 487 m

210 511 415 552 communi,
438 511 637 545 secundum
665 510 800 544 scilicet
823 510 919 556 quod
939 510 1000 544 ille
1022 510 1081 555 qui
1104 510 1212 543 servit
1233 509 1340 542 alicui
1367 508 1631 550 communitati,
1657 507 1764 542 servit

211 565 378 599 omnibus
393 564 612 605 hominibus,
627 564 687 609 qui
701 564 763 597 sub
781 564 1041 598 communitate
1056 563 1117 596 illa
1140 549 1384 596 continentur:
1407 561 1451 595 ad
1472 569 1663 607 utrumque
1678 572 1764 606 ergo

210 630 247 653 se
266 626 383 664 potest
396 618 528 651 habere
542 617 675 663 justitia
689 617 887 651 secundum
901 617 1083 663 propriam
1098 616 1296 650 rationem:
1314 614 1545 649 manifestum
1563 622 1616 649 est
1633 622 1766 656 autem,

211 671 308 718 quod
330 683 468 714 omnes,
491 671 550 717 qui
571 671 634 705 sub
658 671 918 704 communitate
938 670 1055 716 aliqua
1071 670 1312 711 continentur,
1335 676 1589 714 comparantur
1609 668 1653 702 ad
1671 678 1768 702 com-

213 725 439 766 munitatem,
462 725 553 759 sicut
574 732 692 770 partes
716 724 759 757 ad
780 732 916 758 totum:
939 736 1018 770 pars
1044 732 1163 757 autem
1185 723 1219 756 id
1242 722 1338 768 quod
1365 730 1428 764 est,
1449 722 1559 756 totius
1581 729 1651 764 est;
1673 720 1767 754 unde

214 787 248 813 et
266 778 449 824 quodlibet
469 779 607 812 bonum
622 778 730 823 partis
749 786 801 812 est
822 777 1019 812 ordinabile
1035 777 1070 811 in
1084 777 1221 810 bonum
1235 776 1355 810 totius.
1373 775 1581 809 Secundum
1593 775 1665 808 hoc
1681 784 1767 819 ergo

213 833 350 866 bonum
373 831 562 877 cujuslibet
579 831 730 873 virtutis,
746 831 820 865 sive
836 831 1032 865 ordinantis
1049 830 1205 876 aliquem
1226 829 1416 863 hominem
1439 828 1482 862 ad
1503 828 1674 874 seipsum,
1695 827 1769 861 sive

215 885 411 920 ordinantis
424 885 543 931 ipsum
559 885 602 918 ad
618 884 754 931 aliquas
777 884 864 918 alias
886 895 1057 930 personas
1079 882 1290 929 singulares,
1306 891 1360 917 est
1373 881 1552 916 referibile
1568 881 1611 915 ad
1633 881 1770 915 bonum

215 949 424 980 commune,
447 938 489 972 ad
512 938 608 984 quod
627 939 769 972 ordinat
781 938 934 984 justitia,
949 946 984 972 et
997 938 1195 972 secundum
1209 937 1281 970 hoc
1298 944 1396 970 actus
1411 935 1576 969 omnium
1597 935 1770 968 virtutum

215 1000 366 1039 possunt
388 992 430 1025 ad
451 992 623 1037 justitiam
645 992 835 1038 pertinere,
858 991 1056 1026 secundum
1078 990 1174 1036 quod
1197 989 1339 1024 ordinat
1359 988 1548 1023 hominem
1570 988 1614 1022 ad
1633 988 1772 1022 bonum

217 1057 429 1087 commune,
457 1053 491 1079 et
517 1053 692 1091 quantum
719 1045 763 1079 ad
788 1045 860 1078 hoc
888 1044 1042 1090 justitiae
1069 1044 1197 1078 dicitur
1217 1043 1328 1077 virtus
1350 1041 1547 1088 generalis;
1570 1049 1604 1076 et
1625 1041 1707 1087 quia
1729 1040 1772 1074 ad

216 1099 336 1145 legem
359 1099 511 1144 pertinet
533 1099 699 1132 ordinare
721 1099 757 1132 in
778 1098 916 1132 bonum
932 1109 1140 1139 commune,
1154 1105 1192 1131 ut
1214 1107 1320 1142 supra
1333 1096 1497 1130 habiturn
1512 1104 1565 1130 est
1578 1095 1656 1140 (1-2.
1671 1105 1702 1140 q.
1717 1105 1773 1141 90.

217 1158 281 1187 art.
304 1152 373 1197 2.)‚·
395 1152 478 1186 inde
498 1160 562 1193 est,
584 1151 681 1197 quod
702 1151 782 1186 talis
804 1152 936 1197 justitia
958 1151 1141 1198 praedicto
1169 1150 1280 1184 modo
1303 1148 1480 1196 generalis
1501 1149 1629 1183 dicitur
1645 1149 1775 1194 justitia

218 1207 349 1251 legali&
373 1206 456 1251 quia
478 1205 615 1240 scilicet
641 1216 704 1251 per
725 1217 805 1239 earn
826 1205 941 1240 homo
964 1205 1162 1240 concordat
1182 1204 1255 1250 legi
1281 1203 1461 1237 ordinanti
1487 1210 1586 1237 actus
1609 1201 1774 1236 omnium

219 1261 389 1294 virtutum
408 1260 444 1292 in
465 1259 602 1293 bonum
625 1270 832 1293 commune.

290 1314 348 1347 AD
363 1323 511 1348 PRIMUM
533 1323 619 1358 ergo
643 1312 847 1353 dicendum,
870 1311 965 1358 quod
987 1311 1120 1357 justitia
1139 1310 1390 1352 condividitur,
1408 1321 1470 1344 seu
1493 1315 1774 1343 connumeratur

220 1366 298 1400 aliis
319 1366 517 1407 virtutibus,
532 1377 606 1399 non
627 1366 841 1411 inquantum
864 1373 917 1399 est
938 1365 1126 1410 generalis,
1145 1364 1206 1398 sed
1226 1364 1440 1410 inquantum
1460 1371 1512 1397 est
1529 1362 1694 1409 specialis
1711 1361 1777 1395 vir-

220 1429 287 1462 tus,
311 1428 348 1453 ut
370 1419 459 1453 infra
482 1420 619 1453 dicetur
640 1421 720 1463 (art.
740 1430 769 1464 7.
792 1424 820 1453 et
842 1430 890 1453 12.
913 1419 981 1464 lmj.
1004 1419 1064 1464 φ).

292 1474 350 1507 AD
370 1483 575 1507 SECUNDUM
597 1473 800 1513 dicendum,
824 1472 919 1517 quod
941 1471 1189 1517 temperantia,
1212 1479 1245 1505 et
1266 1470 1436 1504 fortitudo
1458 1477 1540 1504 sunt
1561 1471 1596 1504 in
1619 1468 1777 1514 appetitu

221 1527 403 1568 sensitivo,
426 1527 516 1560 idest
547 1526 583 1559 in
611 1525 895 1571 concupiscibili,
924 1533 958 1558 et
984 1524 1170 1559 irascibili:
1196 1523 1406 1569 hujusmodi
1433 1531 1553 1557 autem
1578 1523 1671 1557 vires
1697 1529 1779 1556 sunt

223 1581 436 1627 appetitivae
459 1580 701 1626 quorumdam
727 1580 907 1613 bonorum
938 1578 1220 1624 particularium,
1243 1578 1334 1611 sicut
1356 1585 1390 1611 et
1410 1588 1535 1611 sensus
1557 1585 1610 1610 est
1630 1575 1781 1622 particu-

222 1634 352 1667 larium
387 1633 671 1679 cognoscitivus:
695 1632 756 1667 sed
790 1632 924 1677 justitia
953 1640 1005 1666 est
1030 1632 1122 1665 sicut
1156 1632 1192 1665 in
1224 1632 1385 1676 subjecto
1419 1631 1455 1664 in
1490 1630 1648 1676 appetitu
1681 1627 1781 1663 intel-

222 1687 367 1729 lectivo,
390 1687 449 1733 qui
471 1695 589 1733 potest
611 1698 688 1721 esse
710 1686 921 1720 universalis
948 1685 1045 1726 boni,
1069 1686 1168 1730 cujus
1190 1684 1391 1718 intellectus
1414 1692 1467 1718 est
1489 1683 1781 1730 apprehensivus,

225 1749 259 1775 et
281 1740 362 1774 ideo
385 1741 519 1786 justitia
541 1740 657 1786 magis
679 1747 797 1786 potest
819 1751 895 1773 esse
916 1739 1027 1773 virtus
1049 1738 1240 1784 generalis,
1256 1749 1365 1783 quam
1379 1737 1626 1783 temperantia,
1639 1735 1698 1770 vel
1713 1735 1783 1770 for-

224 1794 351 1828 titudo.

298 1847 356 1881 Ao
372 1857 543 1882 TERTIUM
562 1846 766 1888 dicendum,
782 1846 877 1892 quod
899 1845 971 1887 illa,
995 1857 1085 1891 quae
1107 1852 1187 1879 sunt
1210 1844 1254 1878 ad
1275 1844 1446 1890 seipsum,
1468 1851 1549 1878 sunt
1571 1841 1783 1878 ordinabilia

228 1900 271 1934 ad
295 1900 458 1942 alterum,
473 1900 663 1946 praecipue
683 1908 857 1946 quantum
874 1899 917 1932 ad
931 1899 1068 1932 bonum
1085 1909 1297 1932 commune:
1321 1897 1414 1931 unde
1437 1904 1470 1931 et
1491 1897 1624 1942 justitia
1644 1895 1782 1942 legalis,

229 1954 428 1988 secundum
451 1953 546 1999 quod
570 1953 711 1987 ordinat
733 1953 776 1986 ad
797 1953 933 1987 bonum
955 1963 1161 1993 commune,
1180 1959 1298 1997 potest
1317 1950 1385 1984 dici
1407 1950 1517 1984 virtus
1536 1949 1731 1995 generalis:
1751 1957 1785 1984 et

229 2007 356 2041 eadem
371 2008 509 2041 ratione
524 2007 695 2052 injustitia
709 2014 828 2051 potest
842 2006 911 2040 dici
925 2014 1115 2052 peccatum
1131 2015 1338 2046 commune,
1350 2004 1443 2038 unde
1455 2003 1582 2038 dicitur
1600 2003 1740 2049 1.Joan.
1755 2014 1784 2049 3.

230 2061 327 2106 quod
349 2072 458 2095 omne
480 2068 670 2107 peccatum
690 2068 743 2094 est
759 2059 938 2105 iniquitas.

793 2188 1137 2233 ARTICULUS
1161 2188 1238 2230 vi.
1722 2207 1784 2243 323

412 2297 564 2327 UTRUM
591 2297 800 2342 JUSTITIA,
830 2296 1068 2325 SECUNDUM
1095 2295 1219 2330 QUOD
1253 2295 1332 2324 EST
1361 2293 1611 2333 GENERALIS,

488 2363 554 2392 SIT
582 2363 689 2392 IDEM
712 2345 794 2391 PER'
815 2361 1057 2392 ESSENTIAM
1081 2361 1171 2389 CUM
1199 2360 1308 2389 OMNI
1331 2359 1536 2389 VIRTUTE.

285 2451 369 2496 (1-2.
391 2462 421 2496 q.
444 2450 500 2485 60
522 2455 586 2485 art.
605 2461 632 2496 3.
655 2449 748 2484 ad2
771 2454 882 2484 etaim!
907 2461 935 2495 7.
959 2453 1134 2494 compet}
1157 2449 1295 2494 Dist.9.
1318 2459 1394 2492 q.1.
1416 2451 1479 2481 art.
1501 2458 1528 2481 I.
1550 2451 1742 2492 qfflzcorp.

805 2502 1224 2547 ctj.E.thIect.2.]i11..)

312 2594 371 2627 AD
394 2603 544 2627 SEXTUM
567 2592 616 2626 sic
639 2591 853 2638 proceditur.
869 2591 1029 2632 Videtur,
1052 2590 1148 2636 quod
1170 2590 1313 2635 justitia,
1335 2588 1534 2623 secundum
1557 2588 1652 2634 quod
1671 2595 1723 2622 est
1737 2599 1792 2634 ge-

241 2646 383 2687 neralis,
413 2647 456 2680 sit
489 2646 585 2680 idem
608 2657 669 2691 per
691 2645 883 2679 essentiam
919 2655 1000 2677 cum
1035 2644 1134 2677 omni
1168 2644 1315 2677 virtute:
1340 2642 1425 2676 dicit
1457 2642 1551 2675 enim
1586 2640 1722 2675 Philos.
1755 2641 1791 2674 in

246 2711 274 2744 5.
297 2699 455 2733 Ethicor.
480 2699 564 2745 (cap.
588 2701 630 2738 I.)
655 2698 751 2744 quod
776 2711 793 2729 «
815 2698 936 2738 virtus,
960 2705 993 2730 et
1014 2697 1145 2741 justitia
1166 2696 1291 2741 legalis
1314 2704 1366 2730 est
1387 2695 1512 2729 eadem
1539 2695 1640 2728 omni
1660 2693 1792 2734 virtuti,

244 2764 321 2787 esse
344 2761 463 2787 autem
485 2764 558 2787 non
574 2760 626 2786 est
640 2752 735 2785 iden]
758 2764 796 2785 n:
819 2751 879 2784 sed
902 2750 962 2783 illa
985 2762 1074 2795 quae
1095 2748 1262 2783 differunt
1280 2748 1398 2783 solum
1417 2748 1614 2782 secundum
1633 2758 1721 2788 esse,
1735 2746 1792 2780 vel

245 2806 443 2839 secundum
457 2806 647 2848 rationem,
661 2816 735 2838 non
750 2804 915 2838 differunt
931 2803 1129 2837 secundum
1149 2803 1358 2844 essentiam,
1377 2812 1463 2846 ergo
1482 2801 1613 2845 justitia
1632 2808 1684 2834 est
1695 2799 1791 2834 idem

246 2859 445 2893 secundum
467 2859 659 2893 essentiam
683 2869 765 2892 cum
788 2857 888 2891 omni
910 2857 1048 2890 virtute.

1842 2175 1851 2220 i

1846 2222 1858 2316 i}

1849 2365 1857 2386 Ι,
