1905 3137
515 150 734 186 QUAESTIO
769 149 824 180 1v.
859 149 1101 180 ARTICULUS
1134 149 1190 178 1v.
1579 135 1628 175 61

80 234 198 268 niente
225 232 293 267 fide
319 231 485 274 formata,
506 232 642 266 tollitur
668 231 754 266 fides
782 230 964 265 informis:
1001 239 1034 265 et
1061 229 1225 264 similiter
1250 227 1391 263 homini
1419 234 1500 274 post
1526 225 1634 260 fidem

80 286 271 320 formatam
294 286 458 332 peccanti
480 285 679 320 mortaliter
700 285 860 318 succedit
882 284 971 318 alius
993 284 1135 317 habitus
1159 283 1238 316 fidei
1262 281 1426 315 informis
1448 292 1466 314 a
1485 281 1566 314 Deo
1588 280 1637 313 in-

79 339 193 374 fusus:
216 339 277 374 sed
300 340 369 372 hoc
392 351 465 373 non
486 339 626 373 videtur
647 349 723 372 esse
751 337 983 378 conveniens,
1011 337 1106 382 quod
1135 336 1248 381 gratia
1275 335 1468 369 adveniens
1495 333 1637 367 homini

80 392 224 439 aliquod
246 393 315 426 Dei
338 394 473 426 donum
497 392 679 433 excludat3
702 402 818 437 neque
843 391 953 425 etiam
972 390 1066 436 quod
1088 389 1233 435 aliquod
1252 389 1321 423 Dei
1341 388 1477 422 donum
1496 386 1637 421 homini

80 445 284 480 infundatur
303 455 447 492 propter
460 454 650 492 peccatum
666 444 829 478 mortale.
850 444 894 478 Et
911 444 992 477 ideo
1011 444 1071 477 alii
1089 443 1262 483 dixerunt,
1283 442 1379 488 quod
1395 448 1476 475 sunt
1491 440 1636 486 quidem

81 500 208 533 diversi
231 500 372 533 habitus
395 499 476 533 fidei
502 498 690 540 formatae,
718 506 752 532 et
778 496 958 531 informis:
987 496 1048 530 sed
1075 504 1210 537 tamen,
1238 495 1449 529 adveniente
1478 493 1546 528 fide
1572 492 1639 527 for-

82 561 190 595 mata,
212 565 285 587 non
308 553 445 587 tollitur
466 552 608 586 habitus
636 551 717 586 fidei
742 550 918 592 informis,
946 550 1006 584 sed
1036 549 1143 583 simul
1172 557 1293 582 manet
1327 549 1361 582 in
1392 548 1523 582 eodem
1555 558 1636 581 cum

81 607 203 640 habitu
227 606 308 640 [idei
331 606 524 640 formatae:
547 606 608 639 sed
627 605 697 638 hoc
718 605 827 638 etiam
847 604 986 637 videtur
1001 614 1077 637 esse
1096 603 1367 643 inconveniens,
1383 602 1478 647 quod
1497 601 1639 634 habitus

82 660 164 694 fidei
195 659 358 694 informis
379 660 414 693 in
438 659 591 692 habente
617 658 726 692 fidem
753 657 947 691 formatam
975 664 1160 690 remaneat
1187 655 1340 697 otiosus;
1368 663 1403 689 et
1430 655 1511 688 ideo
1539 653 1640 688 aliter

82 713 287 754 dicendum,
309 713 405 759 quod
427 713 523 746 idem
546 720 598 746 est
618 711 760 745 habitus
783 710 864 744 fidei
886 709 1074 751 formatae,
1094 718 1128 743 et
1145 708 1326 751 informis;
1347 709 1446 753 cujus
1465 708 1556 741 ratio
1576 715 1639 748 est,

83 767 165 812 quia
186 767 328 800 habitus
350 765 608 800 diversificatur
629 764 828 799 secundum
850 763 949 805 illud,
971 763 1067 809 quod
1089 774 1152 809 per
1172 774 1209 797 se
1233 762 1275 796 ad
1293 762 1456 796 habitum
1476 761 1638 807 pertinet.

84 820 179 854 Cum
202 828 321 854 autem
345 819 430 853 fides
452 819 496 853 sit
513 818 685 865 perfectio
705 817 918 858 intellectus,
934 816 1021 850 illud
1041 827 1103 862 per
1121 827 1158 850 se
1179 816 1221 849 ad
1237 815 1344 849 fidem
1365 815 1527 861 pertinet,
1544 813 1640 860 quod

83 874 236 921 pertinet
257 874 299 907 ad
322 872 683 918 intellectum:,qu0d
706 880 827 905 autem
851 871 1002 917 pertinet
1021 870 1064 904 ad
1083 870 1320 911 voluntatem,
1339 881 1412 903 non
1431 880 1494 915 per
1511 880 1548 902 se
1567 879 1641 914 per-

82 928 171 962 tinet
196 927 239 961 ad
262 927 387 968 sidem3
408 927 457 960 ita
478 926 573 972 quod
595 937 658 972 per
678 926 749 959 hoc
773 925 854 959 fidei
877 925 1018 959 habitus
1040 926 1152 969 possit
1179 923 1431 958 diversificari:
1459 923 1640 957 distinctio

83 990 203 1016 autem
226 980 307 1014 fidei
327 980 515 1021 formatae,
538 988 572 1014 et
593 979 756 1013 informis
779 987 832 1012 est
854 979 1054 1013 secundum
1075 978 1121 1020 id,
1144 977 1241 1024 quod
1267 978 1420 1024 pertinet
1447 976 1490 1010 ad
1517 975 1643 1010 volun-

83 1043 205 1076 tatem,
227 1034 318 1068 idest
338 1033 537 1068 secundum
560 1033 784 1074 charitatem,
806 1043 879 1066 non
900 1040 1021 1065 autem
1043 1031 1242 1065 secundum
1260 1030 1361 1072 illud,
1377 1030 1472 1076 quod
1492 1029 1644 1075 pertinet

85 1088 128 1123 ad
149 1087 390 1129 intellectum,
413 1087 506 1120 unde
528 1086 615 1120 fides
637 1085 804 1127 formata,
827 1094 862 1119 et
882 1085 1048 1119 informis
1069 1096 1143 1119 non
1166 1093 1247 1119 sunt
1269 1084 1400 1118 diversi
1421 1084 1575 1117 habitus.

154 1141 214 1176 AD
245 1151 393 1176 PRIMUM
420 1152 506 1186 ergo
534 1139 740 1181 dicendum,
767 1139 863 1185 quod
891 1139 1041 1172 verbum
1068 1138 1238 1185 Apostoli
1271 1146 1324 1172 est
1356 1136 1645 1183 intelligendum,

85 1195 228 1242 quando
250 1193 475 1240 imperfectio
498 1202 550 1228 est
568 1194 610 1227 de
630 1193 768 1227 ratione
788 1192 1007 1239 imperfecti:
1031 1201 1115 1226 tunc
1137 1192 1235 1226 enim
1254 1199 1407 1237 oportet,
1423 1190 1519 1236 quod
1543 1190 1646 1224 adve-

85 1249 204 1283 niente
231 1247 402 1294 perfecto,
429 1246 681 1293 imperfectum
714 1245 945 1280 excludatur:
973 1246 1066 1280 sicut
1093 1245 1304 1279 adveniente
1339 1252 1461 1291 aperta
1492 1244 1644 1284 visione,

87 1302 285 1337 excluditur
306 1301 403 1342 fides,
426 1302 468 1335 de
491 1302 591 1346 cujus
609 1300 748 1334 ratione
768 1308 832 1342 est,
852 1308 889 1334 ut
907 1300 951 1334 sit
969 1311 1034 1334 non
1057 1300 1291 1346 apparentium
1302 1311 1312 1333 :
1335 1298 1397 1333 sed
1416 1297 1560 1344 quando
1582 1297 1646 1330 im-

87 1355 259 1402 perfectio
281 1366 357 1389 non
377 1363 429 1389 est
450 1354 492 1388 de
515 1355 653 1388 ratione
674 1354 726 1387 rei
744 1353 991 1399 imperfectae,
1014 1361 1099 1387 tunc
1121 1352 1210 1386 illud
1236 1363 1390 1386 numero
1417 1351 1525 1392 idem,
1549 1350 1643 1396 quod

89 1418 164 1444 erat
184 1407 446 1455 imperfectum,
468 1407 507 1441 fit
527 1406 744 1454 perfectum:
767 1407 859 1441 sicut
879 1407 1031 1453 pueritia
1052 1418 1127 1440 non
1150 1414 1202 1440 est
1229 1406 1271 1440 de
1299 1406 1438 1440 ratione
1464 1403 1644 1446 homini33

90 1471 124 1498 et
144 1463 224 1497 ideo
246 1462 343 1496 idem
364 1472 528 1503 numero,
550 1461 610 1506 qui
633 1468 707 1494 erat
727 1471 826 1506 puer,
848 1460 887 1494 fit
907 1460 978 1493 vir:
1006 1459 1208 1493 informitas
1236 1467 1357 1493 autem
1382 1458 1465 1492 fidei
1493 1469 1566 1492 non
1594 1464 1646 1491 est

91 1517 133 1551 de
154 1517 292 1550 ratione
314 1515 396 1549 fidei
418 1513 596 1560 perfectae
618 1514 680 1548 sed
701 1525 764 1559 per
786 1513 952 1547 accidens
974 1524 1011 1547 se
1033 1513 1140 1547 habet
1163 1512 1206 1546 ad
1227 1512 1354 1558 ipsam,
1377 1519 1415 1546 ut
1436 1511 1572 1546 dictum
1594 1518 1646 1545 est

91 1571 139 1614 (in
162 1570 290 1616 rorp.);
314 1569 407 1602 unde
429 1569 582 1614 ipsamet
602 1566 689 1600 fides
711 1566 876 1600 informis
899 1566 936 1600 fit
958 1565 1122 1601 formata.

162 1624 222 1657 AD
249 1632 453 1657 SECUNDUM
481 1620 684 1662 dicendum,
712 1620 808 1666 quod
835 1619 922 1653 illud
949 1619 1045 1665 quod
1072 1619 1158 1653 facit
1181 1619 1294 1653 vitam
1321 1618 1497 1660 animalis,
1525 1626 1578 1652 est
1603 1618 1646 1652 de

92 1677 230 1711 ratione
251 1676 381 1722 ipsius;
403 1674 486 1720 quia
508 1682 560 1708 est
580 1673 698 1707 forma
720 1673 920 1707 essentialis
943 1674 1029 1718 ejus,
1052 1673 1191 1707 scilicet
1217 1674 1357 1717 anima;
1385 1680 1420 1706 et
1444 1672 1526 1706 ideo
1554 1683 1648 1705 mor-

91 1739 194 1764 tuum
215 1729 291 1763 fieri
311 1729 435 1762 vivum
452 1738 526 1761 non
544 1735 680 1773 potest3
700 1726 761 1760 sed
781 1726 876 1760 aliud
894 1726 1014 1771 specie
1029 1734 1092 1767 est,
1107 1726 1204 1772 quod
1223 1734 1275 1760 est
1293 1734 1489 1767 mortuum,
1504 1733 1537 1759 et
1552 1725 1648 1771 quod

92 1791 145 1817 est
165 1783 304 1816 vivum:
328 1782 390 1815 sed
412 1781 458 1822 id,
481 1779 577 1826 quod
604 1779 690 1814 facit
717 1779 823 1813 fidem
846 1790 923 1813 esse
950 1778 1156 1821 formatam,
1182 1779 1241 1813 vel
1266 1779 1399 1821 vivam,
1426 1790 1499 1813 non
1527 1787 1579 1813 est
1606 1779 1648 1812 de

94 1836 247 1870 essentia
269 1834 370 1876 fidei3
393 1842 428 1868 et
448 1834 530 1867 ideo
552 1844 625 1867 non
649 1841 702 1867 est
723 1833 852 1869 simile.

163 1889 222 1923 AD
245 1898 414 1923 TERTIUM
437 1887 641 1928 dicendum,
664 1887 760 1932 quod
783 1888 896 1931 gratia
916 1885 1002 1920 facit
1023 1885 1143 1929 fidem,
1158 1897 1232 1920 non
1254 1886 1374 1920 solum
1396 1886 1539 1932 quando
1562 1885 1649 1919 fides

93 1943 136 1977 de
158 1953 254 1976 novo
276 1941 401 1987 incipit
423 1951 499 1974 esse
521 1940 557 1973 in
579 1940 740 1981 homine,
762 1939 825 1974 sed
847 1940 957 1974 etiam
979 1940 1151 1985 quamdiu
1175 1939 1261 1973 fides
1284 1940 1403 1974 durat:
1434 1940 1569 1973 dictum
1597 1947 1650 1973 est

94 1996 191 2030 enim
212 2007 317 2041 supra
340 1995 441 2041 (part.
463 2004 492 2028 Ι.
514 2005 543 2039 ι].
569 2003 645 2037 104.
668 1998 730 2027 art.
756 2003 784 2027 Ι.
808 1998 835 2027 at
859 2003 923 2028 1-2.
944 2005 974 2039 q.
996 2005 1072 2038 109.
1095 1998 1157 2027 art.
1185 1993 1249 2039 9.),
1273 1993 1370 2039 quod
1388 1993 1488 2027 Deus
1507 2003 1650 2038 semper

95 2057 262 2096 operatur
281 2048 575 2093 justificationem
596 2047 775 2089 hominis,
797 2047 889 2081 sicut
910 2047 965 2081 sol
986 2058 1129 2092 semper
1152 2055 1320 2092 operatur
1341 2046 1646 2080 illuminationem

95 2103 202 2145 aeris;
224 2102 317 2136 unde
339 2103 452 2147 gratia
473 2112 547 2134 non
570 2101 688 2134 minus
710 2100 794 2134 facit
816 2101 1009 2134 adveniens
1027 2099 1134 2142 fideli,
1153 2111 1263 2146 quam
1285 2100 1478 2134 adveniens
1497 2100 1648 2133 infideli:

95 2157 178 2202 quia
198 2156 234 2189 in
256 2164 407 2201 utroque
430 2162 597 2200 operatur
618 2153 744 2196 fidem;
766 2154 802 2187 in
824 2165 896 2187 uno
915 2153 1060 2199 quidem
1081 2153 1343 2196 confirmando,
1360 2162 1394 2187 et
1412 2153 1650 2200 perficiendo;

95 2210 131 2244 in
153 2210 224 2244 alio
247 2209 289 2243 de
310 2220 407 2242 novo
430 2207 597 2242 creando.
620 2207 689 2241 Vel
710 2215 827 2253 potest
848 2207 929 2248 dici,
952 2207 1048 2252 quod
1071 2207 1141 2240 hoc
1161 2215 1214 2241 est
1232 2218 1294 2253 per
1313 2207 1492 2248 accidens,
1512 2206 1651 2241 scilicet

96 2271 241 2310 propter
255 2261 528 2308 dispositionem
549 2261 709 2306 subjecti,
725 2261 820 2306 quod
840 2261 953 2305 gratia
975 2272 1049 2294 non
1069 2268 1192 2294 causat
1209 2260 1317 2294 fidem
1332 2260 1368 2294 in
1384 2271 1439 2302 eo,
1451 2260 1512 2306 qui
1526 2260 1650 2301 habet3

97 2317 189 2351 sicut
209 2327 227 2349 e
250 2315 431 2349 contrario
453 2313 652 2349 secundum
674 2321 864 2360 peccatum
887 2313 1040 2347 mortale
1062 2325 1135 2348 non
1157 2313 1252 2348 tollit
1273 2314 1426 2360 gratiam
1448 2314 1489 2347 ab
1513 2325 1569 2355 eo,
1592 2313 1651 2359 qui

98 2381 179 2404 eam
202 2369 321 2403 amisit
341 2379 403 2414 per
424 2375 614 2413 peccatum
636 2367 829 2401 mortalem
852 2367 1080 2413 praecedens.

169 2423 228 2457 AD
251 2432 437 2461 QUARTUM
459 2421 663 2462 dicendum,
694 2421 790 2466 quod
812 2432 875 2466 per
903 2421 974 2454 hoc
1008 2420 1095 2454 fides
1121 2420 1277 2454 formata
1307 2420 1345 2455 fit
1377 2420 1553 2462 informis,
1578 2431 1651 2453 non

100 2484 257 2510 mutatur
278 2476 354 2521 ipsa
368 2475 467 2516 fides,
489 2474 549 2508 sed
569 2482 727 2508 mutatur
748 2474 948 2519 subjectum
967 2474 1060 2516 fidei,
1081 2474 1176 2520 quod
1199 2482 1252 2508 est
1271 2475 1409 2516 anima3
1429 2474 1523 2519 quod
1547 2485 1653 2519 quan-

101 2530 220 2575 doque
238 2529 383 2574 quidem
404 2529 513 2562 habet
532 2527 641 2562 fidem
660 2527 735 2562 sine
758 2527 942 2569 charitate,
961 2528 1177 2573 quandoque
1197 2536 1316 2562 autem
1339 2538 1422 2561 cum
1442 2527 1625 2560 charitate.
