1859 3122
216 168 300 223 528
615 178 836 213 QUAESTIO
871 178 1020 207 LXXIII.
1053 178 1298 208 ARTICULUS
1332 179 1375 210 11.

209 270 332 295 catum
356 259 553 301 occultum,
576 260 684 305 quod,
712 259 804 294 sicut
826 260 963 293 dictum
985 267 1037 293 est
1060 259 1140 303 (art.
1161 266 1274 306 praec.
1302 259 1344 294 ad
1366 261 1424 306 3.)‚
1449 259 1492 293 ad
1515 259 1778 296 detractionem

210 315 373 360 pertinet,
390 321 443 348 est
458 321 557 347 actus
576 313 727 355 virtutis,
749 313 801 347 vel
823 313 1025 354 charitatis,
1049 313 1135 346 dum
1151 312 1277 359 aliquis
1298 312 1414 347 fratris
1436 322 1628 359 peccatum
1647 315 1779 348 denun-

208 368 382 412 tiat,'ejus
405 366 700 400 emendationem
722 366 927 400 intendens:
949 367 1002 400 vel
1026 366 1135 400 etiam
1158 374 1210 400 est
1232 375 1331 400 actus
1353 367 1520 412 justitiae,
1543 367 1631 401 dum
1649 367 1777 413 aliquis

210 420 358 454 >fratrem
381 428 546 462 accusat3
571 431 658 465 ergo
682 419 855 453 detractio
879 430 953 452 non
975 427 1027 453 est
1049 428 1239 465 peccatum
1263 419 1428 453 mortale.

281 484 311 507 2.
332 474 568 508 PRAETEREA.
586 473 701 518 Super
715 472 803 506 illud
819 473 988 506 Proverb.
1012 483 1084 515 24.:
1114 473 1199 508 Cum
1224 473 1461 508 detractoribus
1475 486 1513 508 ne
1527 475 1778 518 commiscearis,

210 527 296 561 dicit
324 526 425 561 Glos.
461 526 548 570 (ord.
578 527 659 561 Rati.
693 532 765 572 sup.
795 526 898 560 illud.-
920 526 1012 560 Haac
1039 538 1163 572 quoque
1189 527 1400 572 sapientib.):
1432 526 1545 561 «Hoc
1574 527 1777 573 specialiter

208 581 297 614 vitio
320 579 540 626 periclitatur
561 588 679 614 totum
702 591 814 625 genus
837 579 1039 613 humanum
1054 591 1091 612 »ῑ
1115 579 1176 613 sed
1195 579 1336 613 nullum
1354 587 1544 626 peccatum
1567 580 1721 614 mortale
1739 581 1776 614 in

208 642 286 668 toto
309 634 471 667 humano
495 644 626 678 genere
649 633 847 666 invenitur:
871 633 954 678 quia
977 632 1079 666 multi
1096 633 1275 667 abstinent
1297 644 1317 666 a
1335 641 1486 678 peccato
1510 633 1672 668 mortali:
1696 645 1777 679 pec-

208 695 290 721 cata
319 695 439 721 autern
461 686 617 720 venialia
639 694 731 728 sunt,
754 698 846 732 quae
876 687 912 720 in
943 686 1111 720 omnibus
1137 687 1387 729 inveniuntur3
1410 697 1497 732 ergo
1526 686 1700 721 detractio
1724 695 1777 721 est

207 749 402 788 peccatum
423 740 576 774 veniale.

284 806 312 840 3.
343 795 579 829 PRAETEREA.
612 794 765 839 August.
789 793 823 826 in
847 793 957 827 Hom.
989 793 1031 826 de
1053 793 1136 838 igne
1167 793 1375 838 purgatorio
1405 792 1450 839 (q.
1480 804 1533 837 41.
1555 792 1590 827 de
1616 793 1775 838 Sanctis),

209 848 301 882 inter
328 855 477 894 peccata
511 847 649 880 minuta
683 847 795 893 ponit,
825 846 1001 892 «quando
1033 858 1116 880 cum
1143 848 1243 880 omni
1273 845 1547 889 facilitate,wvel
1574 846 1775 880 temeritate

210 901 461 935 maledicimus
477 912 517 934 »2
541 901 636 946 quod
659 902 812 946 pertinet
835 900 877 933 ad
900 899 1182 941 detractionem,
1202 910 1289 944 ergo
1313 899 1487 933 detractio
1510 907 1563 933 est
1582 907 1775 945 peccatum

206 953 362 988 veniale.

284 1007 358 1042 SED
391 1018 545 1042 CONTRA
577 1015 640 1048 est,
664 1007 759 1052 quod
786 1006 894 1040 Rom.
926 1017 953 1040 1.
977 1006 1123 1040 dicitur:
1155 1007 1366 1040 Dan-actores
1392 1006 1469 1040 Deo
1497 1005 1650 1046 odibiles;
1680 1005 1776 1051 quod

206 1061 292 1096 ideo
315 1062 465 1103 additur,
481 1070 518 1095 ut
540 1061 625 1095 dicit
642 1060 744 1095 Glos.
762 1060 884 1105 (ordin.
906 1061 997 1095 Patri
1018 1061 1152 1106 Lomb.)
1177 1073 1193 1092 κ
1208 1072 1253 1094 ne
1271 1060 1350 1095 leve
1369 1068 1511 1107 putetur
1529 1068 1675 1106 propter
1689 1060 1774 1101 hoc,

207 1115 307 1160 quod
331 1115 494 1149 consistit
515 1115 551 1148 in
573 1114 736 1148 verbis».

280 1168 509 1203 RESPONDEO
530 1168 734 1209 dicendum,
757 1167 865 1213 quod,
888 1167 979 1201 sicut
993 1178 1098 1213 supra
1114 1167 1250 1201 dictum
1266 1175 1319 1201 est
1333 1167 1380 1213 (q.
1397 1178 1449 1213 72.
1468 1172 1530 1201 art.
1547 1167 1608 1212 2.)‚
1625 1174 1776 1212 peccata

207 1222 403 1256 verborum
429 1222 586 1255 maxime
608 1229 690 1255 sunt
712 1232 753 1255 ex
776 1221 974 1255 intentione
998 1221 1148 1254 dicentis
1176 1221 1423 1266 dijudicanda:
1451 1222 1625 1255 detractio
1654 1228 1775 1254 autem

206 1276 410 1309 secundum
433 1287 535 1310 suam
563 1275 740 1309 rationem
769 1275 953 1308 ordinatur
972 1274 1014 1308 ad
1034 1274 1297 1319 demigrandum
1314 1274 1453 1308 famam
1484 1274 1654 1319 alicujus3
1681 1274 1776 1307 unde

210 1328 270 1363 ille
294 1341 356 1375 per
378 1341 414 1363 se
436 1328 620 1374 loquendo
644 1328 808 1369 detrahit,
832 1328 891 1373 qui
914 1328 957 1361 ad
983 1328 1054 1361 hoc
1082 1328 1124 1360 de
1153 1327 1273 1373 aliquo
1302 1328 1520 1373 obloquitur,
1548 1338 1591 1362 eo
1615 1327 1773 1367 absente,

212 1390 251 1416 ut
272 1384 346 1427 ejus
369 1382 506 1416 famam
529 1381 710 1427 denigret:
735 1380 872 1415 auferre
895 1389 1016 1414 autem
1040 1380 1147 1414 alicui
1168 1380 1305 1414 famam
1325 1380 1429 1414 valde
1452 1392 1560 1426 grave
1589 1388 1652 1422 est,
1693 1380 1775 1425 quia

212 1435 304 1469 inter
325 1447 380 1469 res
402 1434 623 1481 temporales
645 1435 785 1468 videtur
805 1433 903 1467 fama
925 1445 1002 1467 esse
1029 1434 1217 1479 pretiosor,
1245 1445 1306 1479 per
1333 1435 1432 1479 cujus
1460 1433 1641 1468 defectum
1666 1433 1776 1479 impe-

212 1489 305 1522 ditur
325 1489 440 1522 homo
465 1500 482 1522 a
506 1488 627 1522 multis
649 1487 740 1521 bene
763 1487 928 1533 agendis3
956 1495 1102 1532 propter
1129 1486 1225 1532 quod
1253 1486 1381 1520 dicitur
1408 1486 1518 1520 Eccli.
1545 1496 1621 1529 41.:
1647 1486 1775 1521 Curam

210 1542 289 1576 haim
311 1542 346 1576 da
370 1544 451 1576 bono
475 1543 624 1576 nomina:
653 1541 710 1575 hoc
738 1542 824 1575 anim
853 1542 955 1586 magis
976 1542 1183 1586 permanebit
1210 1541 1281 1582 tilii,
1309 1552 1407 1586 quam
1436 1540 1522 1574 mille
1545 1540 1688 1574 thesauri
1708 1550 1778 1573 ma-

206 1597 276 1641 gni,
304 1601 331 1629 et
352 1596 510 1642 pretiosi;
539 1603 574 1629 et
600 1594 681 1628 ideo
709 1594 896 1635 detractio,
923 1605 985 1638 per
1012 1604 1049 1627 se
1077 1593 1272 1639 loquendo,
1301 1601 1353 1628 est
1382 1601 1573 1640 peccatum
1605 1591 1774 1627 mortale:

210 1649 387 1694 contingit
408 1657 530 1683 tamen
553 1648 781 1694 quandoque,
805 1647 901 1693 quod
924 1647 1051 1693 aliquis
1075 1647 1160 1681 dicit
1183 1647 1302 1693 aliqua
1322 1648 1444 1689 verba,
1466 1659 1528 1693 per
1555 1660 1646 1694 quae
1673 1646 1775 1681 dimi-

208 1703 330 1736 nuitur
351 1701 449 1735 fama
472 1701 634 1747 alicujus,
656 1712 730 1735 non
752 1701 823 1734 hoc
845 1701 1046 1742 intendens,
1066 1701 1127 1735 sed
1151 1701 1284 1747 aliquid
1312 1701 1426 1735 aliud:
1454 1701 1525 1735 hoc
1554 1709 1674 1735 autem
1699 1711 1774 1734 non

209 1764 262 1789 est
281 1755 469 1789 detrahere
492 1767 555 1800 per
576 1766 625 1796 se,
648 1763 682 1789 et
703 1754 904 1788 formaliter
925 1753 1121 1800 loquendo,
1145 1755 1207 1788 sed
1223 1754 1343 1788 solum
1362 1754 1606 1797 materialiter,
1623 1763 1658 1789 et
1672 1757 1775 1801 quasi

208 1821 271 1855 per
294 1809 480 1843 accidens:
505 1816 538 1843 et
560 1809 588 1842 si
612 1808 757 1854 quidem
779 1807 900 1849 verba,
923 1819 985 1853 per
1003 1819 1094 1853 quae
1110 1807 1207 1841 fama
1223 1807 1366 1842 alterius
1382 1808 1602 1850 diminuitur,
1617 1809 1775 1854 proferat

210 1862 337 1908 aliquis
358 1871 504 1908 propter
527 1861 673 1907 aliquod
693 1862 829 1895 bonum
852 1861 1109 1903 necessarium,
1129 1861 1254 1895 debitis
1271 1861 1549 1895 circumstantiis
1564 1862 1773 1904 observatis,

209 1927 283 1949 non
308 1923 359 1950 est
383 1923 589 1960 peccatum,
611 1926 676 1948 nec
700 1922 818 1960 potest
836 1914 907 1947 dici
929 1914 1121 1948 detractio:
1145 1915 1173 1948 si
1197 1923 1319 1948 autem
1340 1913 1499 1959 proferat
1524 1926 1565 1948 ex
1588 1915 1700 1949 animi
1726 1915 1773 1950 le-

209 1969 330 2010 vitate,
353 1969 411 2002 vel
430 1977 573 2014 propter
596 1980 743 2002 causam
768 1967 925 2013 aliquam
948 1979 1022 2001 non
1044 1968 1298 2009 necessariam,
1316 1979 1390 2001 non
1408 1976 1459 2001 est
1473 1976 1665 2013 peccatum
1679 1980 1773 2003 mor-

209 2021 291 2063 tale,
315 2023 382 2055 nisi
404 2021 494 2056 forte
517 2022 679 2063 verbum,
702 2022 798 2067 quod
818 2021 957 2063 dicitur,
980 2021 1024 2054 sit
1046 2021 1136 2054 adeo
1156 2032 1275 2066 grave,
1299 2021 1395 2066 quod
1417 2020 1622 2055 notabiliter
1635 2021 1772 2056 famam

210 2075 359 2120 alicujus
381 2075 510 2116 laedat,
534 2083 568 2109 et
590 2075 781 2121 praecipue
804 2075 840 2108 in
862 2074 917 2108 his
940 2086 1030 2120 quae
1053 2074 1231 2120 pertinent
1250 2074 1293 2107 ad
1314 2074 1545 2117 honestatem
1559 2074 1670 2117 vitae3
1690 2076 1772 2121 quia

208 2128 280 2162 hoc
304 2140 346 2162 ex
368 2128 445 2174 ipso
475 2139 605 2173 genere
632 2128 826 2161 verborum
854 2128 962 2161 habet
988 2128 1167 2161 rationem
1195 2127 1334 2173 peccati
1361 2127 1545 2169 mortalis;
1572 2136 1606 2162 et
1631 2136 1773 2163 tenetur

210 2181 337 2227 aliquis
354 2181 397 2214 ad
413 2181 677 2215 restitutionem
697 2180 826 2224 famae,
843 2181 934 2215 sicut
949 2181 991 2214 ad
1007 2181 1271 2214 restitutionem
1288 2180 1477 2226 cujuslibet
1494 2181 1544 2214 rei
1557 2181 1770 2224 subtractae,

210 2246 253 2269 eo
277 2235 389 2268 modo
412 2246 483 2280 quo
507 2246 612 2280 supra
635 2234 770 2268 dictum
794 2243 846 2269 est
870 2234 914 2280 (q.
939 2235 993 2269 62.
1016 2239 1081 2268 art.
1102 2234 1163 2277 2.)‚
1188 2245 1271 2268 cum
1295 2234 1337 2267 de
1356 2234 1580 2268 restitutione
1595 2243 1770 2280 ageretur.

281 2289 340 2322 AD
363 2298 512 2322 PRIMUM
535 2299 620 2333 ergo
644 2287 850 2329 dicendum,
878 2288 974 2333 quod
1002 2287 1161 2321 revelare
1189 2295 1379 2332 peccatum
1407 2287 1593 2321 occultum
1621 2287 1771 2334 alicujus

209 2349 354 2388 propter
369 2342 443 2385 ejus
459 2341 752 2374 emendationem
770 2340 1028 2381 denuntiando,
1050 2340 1107 2374 vel
1128 2349 1273 2386 propter
1286 2341 1421 2374 bonurn
1438 2341 1592 2386 justitiae
1607 2341 1771 2387 publicae

210 2395 428 2436 accusando,
451 2406 524 2428 non
549 2402 601 2428 est
623 2394 822 2436 detrahere,
845 2402 883 2428 ut
904 2394 1040 2427 dictum
1064 2402 1116 2428 cst
1139 2394 1190 2438 (in
1213 2400 1301 2440 corp.
1324 2399 1388 2429 art.
1412 2399 1439 2428 el
1460 2407 1490 2440 q.
1514 2395 1568 2429 63.
1592 2400 1656 2429 art.
1678 2396 1735 2440 1.).

280 2449 339 2483 AD
363 2458 570 2483 SECUNDUM
593 2447 797 2488 dicendum,
820 2447 915 2493 quod
941 2447 1073 2481 Glossa
1100 2446 1160 2480 illa
1187 2458 1260 2481 non
1289 2447 1383 2488 dicit,
1411 2447 1506 2492 quod
1534 2448 1708 2482 detractio
1734 2448 1770 2482 in

210 2510 286 2536 toto
311 2514 442 2546 genere
465 2502 627 2534 humano
650 2501 862 2542 inveniatur,
886 2501 946 2534 sed
971 2500 1085 2534 addit:
1104 2508 1207 2546 pene:
1230 2509 1307 2534 tum
1330 2501 1412 2546 quia
1433 2501 1606 2534 stultorum
1623 2502 1771 2547 infinitus

208 2560 251 2589 cst
273 2568 446 2595 nnmerum
470 2556 612 2601 ctpauci
632 2559 715 2596 siml,
738 2556 794 2599 qui
816 2555 989 2588 ambulant
1005 2560 1067 2600 pur
1085 2554 1325 2594 1z·i‹zmsalutis;
1342 2562 1418 2588 tum
1433 2554 1540 2588 etiam
1557 2555 1638 2600 quia
1653 2555 1769 2599 pauci,

209 2608 266 2642 vel
288 2609 374 2642 nulli
399 2617 490 2649 sunt,
514 2609 572 2654 qui
595 2619 668 2642 non
696 2607 890 2652 aliquando
919 2619 959 2640 ex
988 2608 1098 2640 animi
1126 2607 1269 2641 levitate
1298 2608 1431 2653 aliquid
1459 2608 1590 2649 dicant,
1613 2609 1706 2642 unde
1733 2609 1769 2642 in

210 2662 329 2708 aliquo
352 2661 410 2695 vel
432 2662 557 2695 leviter
579 2660 724 2695 alterius
746 2659 841 2694 fama
865 2661 1083 2694 minoratur:
1105 2661 1198 2706 quia,
1222 2669 1259 2694 ut
1281 2661 1408 2694 dicitur
1425 2660 1499 2705 Jac.
1526 2661 1634 2709 3.:.Si
1651 2663 1722 2706 quis
1735 2663 1769 2695 in

207 2717 308 2750 verbo
331 2728 394 2749 non
414 2715 554 2759 offendit,
578 2715 629 2748 hic
651 2719 693 2749 ast
710 2715 873 2760 peaefitrtus
890 2716 956 2747 vis.

280 2769 339 2802 AD
371 2779 541 2802 TI-:RTiuM
565 2768 769 2809 dicendum,
793 2767 888 2813 quod
912 2767 1064 2811 August.
1088 2767 1246 2812 loquitur
1268 2767 1303 2801 in
1327 2779 1411 2801 casu
1438 2767 1513 2809 illo,
1542 2778 1613 2813 quo
1641 2767 1768 2813 aliquis

209 2822 293 2856 dicit
316 2821 460 2867 aliquod
485 2821 562 2855 leve
583 2821 719 2854 malum
743 2820 784 2854 de
808 2820 891 2862 alio,
911 2831 983 2853 non
1007 2832 1049 2854 ex
1076 2821 1274 2854 intentione
1301 2820 1468 2862 nocendi,
1497 2821 1559 2854 scd
1587 2832 1628 2854 ex
1657 2821 1769 2855 animi

208 2875 363 2916 levitate,
386 2875 442 2908 vel
465 2886 506 2909 ex
529 2874 631 2920 lapsu
654 2874 809 2920 linguae.
