1859 3122
508 189 728 224 QUAEs’rro
763 189 848 218 ctx.
883 188 1126 218 AR⁷r1cULus
1159 188 1203 217 11.
1549 177 1630 230 765

78 271 128 306 sic
150 270 359 317 simplicitas
383 270 425 303 ad
448 270 540 304 hanc
571 270 740 304 virtutem
761 269 930 315 pertinet:
962 268 1046 302 facit
1076 276 1197 303 autem
1224 268 1463 302 intentionem
1486 276 1634 310 rectam,

77 335 150 359 non
173 324 317 370 quidem
339 323 473 357 directe
496 323 595 369 (quia
613 323 683 357 hoc
707 323 859 369 pertinet
880 323 923 356 ad
939 333 1089 356 omnem
1110 322 1309 366 virtutem),
1331 322 1392 356 sed
1409 321 1635 356 excludendo

80 376 336 423 duplicitatem,
359 387 427 422 qua
446 376 560 411 homo
583 388 694 410 unum
716 376 925 423 praetendit,
952 383 986 410 et
1007 375 1102 410 aliud
1120 375 1281 409 intendit.

620 516 962 562 ARTICULUS
999 516 1076 558 111.
1574 538 1638 573 570

432 625 582 655 UTRUM
614 625 794 654 VERITAS
823 625 889 654 SIT
917 625 1018 654 PARS
1047 624 1284 666 JUSTITIAE.

599 713 710 758 (Vari.
738 723 767 758 q.
790 724 817 746 I.
839 717 904 746 art.
922 723 950 757 5.
974 712 1015 746 ad
1036 713 1114 757 12.).

149 799 208 833 AD
239 809 410 835 TERTIUM
437 800 487 834 sic
516 801 730 847 proceditur.
742 799 904 841 Videtur,
927 800 1023 846 quod
1045 800 1174 834 veritas
1196 811 1270 833 non
1293 800 1338 834 sit
1359 811 1439 845 pars
1460 799 1634 844 justitiae:

79 852 233 898 justitiae
254 853 351 887 enim
374 855 559 900 proprium
581 865 657 888 6556
678 853 828 894 videtur,
843 853 939 898 quod
955 852 1079 886 reddat
1101 852 1201 886 alteri
1224 853 1402 886 debitum:
1418 853 1479 886 sed
1502 864 1544 886 ex
1566 853 1636 886 hoc

78 905 174 951 quod
204 905 330 952 aliquis
368 907 454 941 dicit
485 918 622 949 verum,
652 917 725 940 non
747 906 887 939 videtur
917 905 1018 939 alteri
1048 905 1207 939 debitum
1232 905 1391 947 reddere,
1418 906 1510 939 sicut
1536 905 1574 939 fit
1600 906 1636 939 in

77 959 244 993 omnibus
260 960 464 1005 praemissis
485 960 639 1005 justitiae
661 959 838 1005 partibu33
858 970 943 1004 ergo
965 958 1097 992 veritas
1122 969 1195 992 non
1223 966 1276 992 est
1297 969 1377 1004 pars
1399 959 1565 1004 justitiae.

149 1021 180 1045 2.
203 1012 438 1048 PRAETEREA.
461 1013 601 1047 Veritas
631 1013 783 1058 pertinet
816 1011 859 1045 ad
886 1011 1130 1046 intellectum:
1151 1011 1285 1057 justitia
1308 1019 1429 1045 autern
1451 1020 1504 1045 est
1521 1012 1556 1045 in
1578 1023 1638 1045 vo-

77 1064 224 1106 luntate,
246 1073 284 1099 ut
305 1077 411 1112 supra
432 1067 595 1100 habitum
629 1074 682 1100 est
708 1066 755 1111 (q.
774 1066 824 1111 58.
852 1071 915 1100 art.
942 1066 991 1110 4.)
1008 1077 1020 1105 ‚·
1052 1076 1138 1110 ergo
1160 1065 1291 1099 veritas
1312 1076 1387 1099 non
1410 1074 1462 1099 est
1487 1076 1569 1111 pars
1589 1066 1638 1111 ju-

77 1118 204 1152 stitiae.

153 1182 181 1217 3.
209 1172 442 1208 PRAETEREA.
472 1173 607 1220 Triplex
632 1172 860 1218 distinguitur
885 1171 1028 1213 veritas,
1054 1171 1254 1205 secundum
1289 1172 1436 1206 Hieron.
1465 1172 1575 1217 (habat
1600 1173 1634 1205 in

82 1224 170 1259 Glos.
186 1226 315 1271 Lyrczni
334 1234 403 1272 sup.
420 1227 500 1261 illud
514 1227 634 1262 itsattb.
653 1238 696 1272 15.
714 1239 723 1260 .·
739 1225 864 1260 Audito
887 1225 956 1266 hoc,
976 1225 1193 1269 scandalizati
1209 1227 1313 1270 sunt),
1334 1225 1494 1259 scilicet:
1516 1227 1639 1260 veritas

77 1279 176 1320 vitae,
205 1286 239 1312 et
263 1281 388 1314 veritas
405 1282 563 1326 justitiae,
587 1289 622 1314 et
641 1281 764 1314 veritas
790 1279 982 1313 doctrinae.-
1005 1279 1066 1312 sed
1088 1278 1187 1312 nulla
1202 1279 1348 1312 istarum
1369 1286 1422 1312 est
1442 1290 1523 1325 pars
1544 1279 1639 1324 justi-

78 1330 167 1365 tiae:
190 1343 274 1365 nam
297 1335 419 1368 veritas
438 1335 528 1368 vitae
550 1334 711 1368 continet
742 1333 778 1366 in
812 1343 850 1366 se
878 1343 1028 1366 omnem
1054 1331 1235 1373 virtutem,
1257 1339 1295 1365 ut
1321 1332 1456 1365 dictum
1483 1340 1535 1366 est
1557 1333 1637 1376 (art.

73 1389 184 1429 praec.
207 1385 249 1418 ad
266 1387 312 1432 3.)
329 1399 339 1421 .·
365 1389 488 1421 veritas
514 1395 633 1421 autem
658 1387 807 1432 justitiae
838 1393 890 1419 est
915 1385 1012 1418 idem
1042 1385 1216 1430 justitiae,
1252 1385 1344 1418 unde
1374 1396 1447 1418 non
1478 1393 1530 1419 est
1556 1397 1637 1431 pars

78 1437 171 1482 ejus:
190 1440 313 1473 veritas
339 1448 461 1474 autem
483 1441 650 1475 doctrinae
680 1441 833 1486 pertinet
864 1438 978 1484 magis
1006 1439 1048 1472 ad
1071 1439 1218 1472 virtutes
1240 1438 1527 1482 intellectuale33
1550 1451 1636 1485 ergo

78 1490 207 1524 veritas
228 1492 328 1526 nullo
356 1495 467 1528 modo
483 1502 536 1528 est
553 1506 633 1540 pars
654 1493 820 1539 justitiae.

151 1543 224 1578 SED
251 1556 407 1581 CONTRA
441 1555 504 1590 est,
539 1548 635 1593 quod
664 1546 805 1580 Tullius
834 1545 906 1589 (lib.
933 1557 964 1580 2.
999 1545 1036 1579 da
1061 1545 1205 1590 Invent.)
1229 1545 1331 1591 ponit
1350 1547 1523 1580 veritatem
1545 1546 1637 1580 inter

80 1605 196 1641 partes
217 1599 383 1644 justitiae.

149 1650 378 1687 RESPONDEO
401 1654 606 1696 dicendum,
629 1653 736 1700 quod,
755 1653 847 1686 sicut
865 1663 970 1698 supra
989 1651 1124 1685 dictum
1142 1659 1193 1685 est
1207 1654 1252 1697 (q.
1274 1652 1348 1696 So),
1365 1663 1406 1685 ex
1428 1652 1498 1686 hoc
1519 1652 1637 1698 aliqua

78 1702 188 1737 virtus
221 1705 376 1750 justitiae
408 1709 620 1749 annectitur,
643 1708 734 1741 sicut
755 1705 965 1740 secundaria
992 1705 1190 1750 principali,
1213 1705 1308 1750 quod
1335 1705 1465 1751 partim
1492 1705 1637 1751 quidem

79 1767 162 1790 cum
183 1757 317 1802 justitia
336 1761 517 1802 convenit,
540 1761 669 1807 partim
693 1768 812 1794 autem
840 1759 960 1793 deficit
990 1758 1031 1791 ab
1063 1759 1138 1803 ejus
1160 1757 1314 1803 perfecta
1342 1758 1498 1792 ratione:
1526 1758 1637 1792 virtus

79 1817 200 1843 autem
218 1813 376 1847 veritatis
396 1815 565 1848 convenit
588 1814 732 1860 quidem
756 1824 838 1847 cum
859 1811 992 1857 justitia
1013 1811 1049 1844 in
1068 1811 1211 1845 duobus:
1236 1822 1299 1844 uno
1322 1811 1469 1856 quidem
1490 1811 1584 1845 modo
1601 1812 1637 1845 in

79 1863 149 1896 hoc
173 1865 269 1909 quod
292 1875 345 1900 est
367 1867 411 1900 ad
434 1867 606 1901 alterurn:
634 1866 876 1900 manifestatio
906 1865 1002 1899 enim
1024 1875 1133 1910 quam
1155 1864 1309 1898 diximus
1340 1875 1417 1898 esse
1440 1873 1561 1898 actum
1582 1875 1638 1898 ve-

79 1915 202 1959 ritatis,
226 1926 279 1952 est
300 1920 343 1953 ad
366 1919 530 1962 alterum,
560 1921 775 1966 inquantum
812 1918 950 1953 scilicet
971 1929 1012 1951 ea
1039 1928 1130 1963 quae
1162 1917 1256 1950 circa
1278 1918 1396 1963 ipsum
1431 1926 1523 1960 sunt,
1546 1929 1637 1951 unus

79 1968 192 2004 homo
216 1971 316 2005 alteri
342 1973 565 2008 manifestat:
589 1975 654 2008 alio
689 1973 795 2014 modo,
823 1972 1036 2018 inquantum
1066 1970 1201 2016 justitia
1235 1971 1487 2016 aequalitatem
1515 1982 1638 2017 quam-

80 2021 164 2055 dam
185 2023 220 2057 in
242 2025 346 2060 rebus
366 2027 568 2069 constituit3
601 2035 635 2061 et
663 2027 733 2061 hoc
757 2027 864 2060 etiam
886 2025 972 2058 facit
996 2024 1107 2057 virtus
1137 2023 1318 2058 veritatis:
1343 2025 1519 2070 adaequat
1541 2024 1637 2057 enim

79 2075 181 2120 signa
202 2078 306 2112 rebus
330 2079 559 2114 existentibus
579 2080 674 2113 circa
692 2080 808 2126 ipsum
821 2092 828 2120 ;
843 2078 962 2112 deficit
984 2086 1104 2111 autem
1124 2088 1142 2110 a
1160 2077 1304 2122 propria
1323 2078 1462 2111 ratione
1482 2077 1637 2122 justitiae

79 2137 253 2174 quantum
276 2132 319 2165 ad
341 2133 519 2166 rationem
541 2133 667 2168 debiti:
690 2144 764 2166 non
786 2132 880 2166 enirn
908 2131 998 2165 haec
1029 2130 1140 2164 virtus
1173 2130 1323 2164 attendit
1351 2131 1495 2165 debitum
1525 2131 1635 2176 lsgala,

79 2182 175 2227 quod
203 2185 353 2218 attendit
373 2186 516 2230 justitia,
535 2186 596 2220 sed
619 2186 738 2231 potius
759 2186 900 2220 debitum
919 2184 1055 2225 morale,
1079 2185 1292 2229 inquantum
1310 2183 1447 2218 scilicet
1465 2194 1506 2217 ex
1527 2184 1638 2217 hone-

80 2243 168 2269 state
200 2248 291 2271 unus
321 2238 435 2272 homo
463 2239 564 2273 alteri
597 2239 701 2273 debet
729 2239 888 2273 veritatis
918 2236 1272 2279 manifestationem3
1295 2236 1388 2270 unde
1425 2237 1557 2270 veritas
1585 2244 1637 2270 est

80 2300 160 2334 pars
180 2290 346 2335 justitiae,
367 2291 580 2337 inquantum
603 2292 802 2326 annectitur
824 2292 856 2326 ei
876 2292 968 2325 sicut
992 2291 1103 2323 virtus
1129 2290 1339 2323 secundaria
1368 2289 1565 2335 principali.

150 2343 209 2377 AD
232 2354 379 2378 PRrMUM
402 2356 488 2390 ergo
511 2345 714 2387 dicendum,
739 2346 835 2392 quod
861 2345 943 2391 quia
969 2344 1084 2377 homo
1108 2350 1161 2377 est
1191 2342 1325 2376 animal
1359 2342 1504 2384 sociale,
1538 2350 1637 2376 natu-

80 2394 200 2429 raliter
220 2408 311 2431 unus
346 2398 460 2432 homo
483 2398 587 2432 debet
613 2398 714 2433 alteri
743 2399 790 2441 id,
820 2399 894 2432 sine
929 2408 999 2443 quo
1027 2397 1182 2430 societas
1219 2396 1379 2429 humana
1406 2395 1539 2429 servari
1561 2406 1636 2429 non

80 2458 218 2493 posset:
241 2461 314 2484 non
338 2459 457 2484 autem
480 2460 627 2497 possent
646 2452 814 2486 homines
837 2451 880 2485 ad
901 2451 1056 2484 invicem
1077 2451 1280 2493 convivere,
1302 2449 1370 2482 nisi
1392 2449 1458 2482 sibi
1478 2449 1635 2482 invicem

81 2502 276 2546 crederent,
299 2512 483 2550 tamquam
518 2505 584 2538 sibi
613 2505 769 2540 invicem
789 2505 978 2539 veritatem
1009 2502 1338 2544 manifestantibus3
1361 2509 1394 2535 et
1414 2502 1497 2535 ideo
1525 2502 1636 2536 virtus

80 2556 237 2590 veritatis
258 2557 379 2603 aliquo
402 2558 513 2592 modo
533 2559 682 2592 attendit
698 2560 877 2593 rationem
899 2557 1018 2592 debiti.

151 2609 210 2643 AD
233 2621 439 2645 SECUNDUM
459 2611 663 2653 dicendum,
686 2612 782 2657 quod
801 2612 942 2653 veritas,
964 2610 1164 2645 secundum
1191 2608 1287 2654 quod
1310 2616 1362 2641 est
1383 2607 1540 2653 cognita,
1562 2618 1637 2653 per-

79 2660 168 2695 tinet
190 2663 232 2696 ad
251 2663 491 2698 intellectum:
515 2664 577 2698 sed
606 2664 720 2698 homo
747 2676 808 2710 per
838 2664 1021 2710 propriam
1043 2662 1280 2702 voluntatem,
1313 2672 1376 2706 per
1397 2672 1505 2706 quam
1527 2661 1636 2694 utitur

81 2722 116 2748 et
136 2715 325 2758 habitibus,
355 2725 389 2750 et
417 2717 601 2758 membriS,
628 2716 762 2763 profert
791 2718 966 2752 exteriora
996 2717 1098 2762 signa
1134 2715 1176 2748 ad
1199 2715 1385 2748 veritatem
1408 2712 1638 2747 manifestan-

80 2766 182 2811 dam;
205 2777 239 2802 et
260 2770 459 2803 secundum
484 2770 556 2804 hoc
578 2770 820 2805 manifestatio
842 2772 999 2805 veritatis
1022 2777 1074 2803 est
1093 2776 1192 2801 actus
1214 2767 1419 2801 voluntatis.

150 2822 209 2855 AD
233 2833 402 2857 TERT1UM
425 2823 628 2865 dicendum,
666 2824 762 2869 quod
784 2825 925 2865 veritas,
948 2824 991 2857 de
1026 2834 1094 2868 qua
1128 2832 1222 2854 nunc
1257 2820 1449 2866 loquimur,
1477 2819 1595 2854 differt
1616 2831 1635 2853 a

62 2875 216 2919 'veritate
237 2877 336 2918 vitae,
364 2885 402 2910 ut
424 2876 558 2910 dictum
582 2884 635 2910 est
660 2877 740 2922 (art.
756 2883 869 2923 praec.
897 2877 939 2911 ad
957 2877 1021 2923 3.).·
1047 2877 1170 2909 veritas
1197 2881 1317 2908 autem
1335 2875 1484 2918 justitiae
1506 2873 1635 2907 dicitur
