1920 3142
520 155 737 191 QUAESTIO
771 156 797 186 1.
830 156 1074 186 ARTICULUS
1108 157 1196 186 VIII.
1580 159 1632 201 37

77 249 160 271 nem
182 248 265 270 cum
288 237 364 270 aliis
387 236 570 270 effectibus
592 237 727 282 gratiae
746 237 1017 271 sanctificantis:
1042 238 1133 272 alind
1152 246 1214 280 est,
1234 239 1330 284 quod
1350 238 1567 273 miraculose
1586 239 1634 272 ibi

78 301 207 336 corpus
227 290 362 324 Christi
378 290 596 324 continetur:
620 299 653 324 et
675 291 723 324 sic
741 291 967 324 concluditur
981 292 1043 325 sub
1060 292 1335 338 omnipotentia,
1350 292 1441 326 sicut
1459 300 1493 326 et
1511 293 1634 326 omnia

78 343 146 378 alia
170 344 355 385 miracula,
378 355 468 389 quae
491 344 776 389 omnipotentiae
799 345 1047 378 attribuuntur.

629 485 972 530 ARTICULUS
1002 487 1079 529 IX.
1614 512 1634 547 9

121 594 273 623 UTRUM
302 593 641 624 couvi-:NJENTER
669 594 875 625 ARTICULI
902 595 1018 624 From
1046 595 1089 626 1N
1114 595 1316 625 svunoro
1345 596 1595 626 PONANTUR.

445 681 485 727 (3.
508 682 595 716 Dist.
618 693 664 728 25.
687 694 716 728 q.
739 694 770 717 2.
793 687 857 717 art.
880 694 911 717 2.
934 687 962 717 et
983 689 1089 729 opusc.
1107 694 1135 729 5.
1158 688 1186 718 et
1208 683 1270 729 6.).

149 770 208 804 AD
230 780 370 804 NONUM
392 770 442 804 sic
464 771 680 816 proceditur.
703 771 865 813 Videtur,
888 772 984 818 quod
1012 772 1309 806 inconvenienter
1335 772 1475 807 articuli
1496 772 1578 806 fidei
1600 773 1636 806 in

80 822 257 868 Symbolo
279 831 467 869 ponantur.
491 824 601 858 Sacra
629 825 726 858 enim
754 825 936 871 Scriptura
963 834 1016 860 est
1042 825 1168 871 regula
1197 825 1289 867 fidei,
1318 826 1375 859 cui
1401 837 1467 860 nec
1496 826 1637 868 addere,

78 887 144 910 nec
167 876 375 910 subtrahere
397 876 498 911 licet:
522 877 650 911 dicitur
665 878 762 912 enim
778 879 885 913 Deut.
907 889 957 921 4:
981 880 1058 914 Non
1073 879 1196 913 addetis
1215 879 1256 913 ad
1274 881 1424 922 verbnm,
1439 879 1525 925 qnod
1545 881 1638 914 vobis

79 930 204 975 loquor,
228 942 326 975 neque
348 931 499 976 auferetis
521 932 560 965 αἶ)
582 943 640 971 εο,·
661 942 747 976 ergo
769 931 936 966 illicitum
957 932 1023 966 fuit
1044 932 1140 966 aliud
1171 932 1379 978 symbolum
1408 934 1637 975 constituere,

78 983 179 1029 quasi
201 983 363 1029 regulam
384 983 476 1026 fidei,
500 992 579 1030 post
602 984 752 1018 Sacram
775 985 998 1031 Scripturam
1021 986 1165 1020 editam.

151 1046 181 1070 2.
204 1036 438 1071 PRAETEREA.
463 1037 564 1072 Sicut
585 1038 712 1083 Apost.
740 1038 826 1073 dicit
847 1039 890 1072 ad
913 1039 1043 1084 Ephes.
1072 1050 1122 1082 4:
1160 1040 1233 1074 Una
1263 1045 1306 1074 art
1331 1040 1434 1085 fides:
1462 1040 1524 1074 sed
1546 1051 1640 1086 syrn—

78 1088 201 1123 bolum
226 1098 279 1124 est
298 1089 474 1136 professio
490 1090 594 1133 fidei3
618 1103 704 1137 ergo
726 1092 1023 1127 inconvenienter
1041 1093 1192 1127 traditur
1210 1093 1397 1138 multiplex
1417 1094 1637 1140 symbolum.

154 1154 182 1188 3.
205 1143 441 1179 PRAETEREA.
465 1143 658 1179 Confessio
681 1145 775 1187 fidei,
802 1157 894 1191 quae
915 1147 951 1180 in
974 1146 1142 1192 symbolo
1171 1144 1386 1189 continetur,
1413 1147 1566 1193 pertinet
1593 1147 1636 1181 ad

81 1207 208 1231 omnes
230 1196 371 1232 fideles:
399 1198 461 1231 sed
492 1209 566 1232 non
597 1199 764 1233 omnibus
794 1199 957 1233 fidelibus
986 1200 1155 1234 convenit
1185 1201 1329 1234 credere
1357 1201 1393 1234 in
1422 1201 1554 1242 Deum,
1577 1201 1638 1235 sed

81 1249 199 1284 solum
216 1250 297 1292 illis,
317 1251 377 1296 qui
394 1251 529 1286 habent
547 1251 655 1285 fidem
674 1251 887 1294 formatam3
910 1264 997 1298 ergo
1017 1255 1313 1288 inconvenienter
1331 1253 1539 1300 symbolum
1557 1254 1639 1288 fidei

81 1304 229 1338 traditur
250 1305 312 1338 sub
336 1305 404 1338 hac
426 1305 544 1339 forma
566 1306 775 1339 verborum:
801 1306 905 1341 Credo
925 1308 958 1340 in
981 1319 1083 1341 [mmm
1106 1308 1226 1341 Deum.

151 1367 183 1400 4.
205 1358 439 1393 PRAETEREA.
455 1359 661 1393 Descensus
684 1359 727 1393 ad
749 1359 883 1394 inferos
903 1368 955 1394 est
973 1372 1064 1394 unus
1084 1361 1126 1394 de
1141 1360 1299 1395 articulis
1316 1360 1408 1402 fidei,
1427 1358 1519 1395 sicut
1534 1373 1639 1407 supra

83 1411 218 1444 dictum
239 1419 292 1445 est
313 1413 393 1456 (art.
411 1414 562 1458 praec.):
586 1413 647 1447 sed
669 1413 705 1446 in
728 1413 896 1459 symbolo
919 1414 1067 1447 Patrum
1088 1425 1162 1447 non
1184 1413 1223 1448 fit
1244 1414 1380 1448 mentio
1403 1414 1446 1448 de
1465 1415 1639 1449 descensu

83 1464 126 1498 ad
147 1463 300 1506 inferos3
323 1476 408 1509 ergo
431 1465 570 1499 videtur
592 1465 849 1500 insufficienter
872 1466 1078 1501 collectum.

158 1528 185 1562 5.
206 1518 440 1553 PRAETEREA.
465 1518 566 1553 Sicut
587 1519 739 1565 August.
762 1520 847 1553 dicit
875 1531 1057 1565 exponens
1086 1520 1173 1554 illud
1199 1520 1302 1565 Joan.
1331 1531 1402 1563 14.:
1437 1521 1579 1556 Creditis
1604 1523 1639 1555 in

83 1572 205 1613 Deum,
227 1577 255 1606 et
273 1573 307 1605 in
331 1584 378 1606 me
400 1572 517 1606 credite
541 1574 654 1617 (tract.
677 1585 731 1619 29.
752 1575 784 1607 in
801 1574 932 1618 Joan.);
953 1575 1059 1616 Petro,
1083 1580 1141 1609 aut
1164 1576 1267 1610 Paulo
1287 1576 1468 1611 credimus:
1488 1577 1552 1611 sed
1566 1588 1640 1611 non

83 1624 235 1658 dicimur
257 1625 401 1659 credere
422 1625 490 1659 nisi
511 1626 547 1659 in
568 1626 712 1667 Deum;
735 1638 818 1660 cum
837 1638 924 1672 ergo
943 1627 1106 1662 Ecclesia
1129 1628 1309 1662 catholica
1327 1630 1371 1663 sit
1386 1642 1472 1676 pure
1493 1630 1639 1676 aliquod

83 1686 254 1718 creatum,
276 1678 415 1712 videtur
436 1679 532 1724 quod
553 1679 848 1714 inconvenienter
868 1681 1022 1714 dicatur:
1045 1682 1085 1715 In
1103 1694 1205 1716 unam
1223 1688 1372 1717 sanctam
1396 1684 1590 1718 catholicmn
1613 1690 1641 1719 et

83 1731 294 1776 apostolicam
312 1731 502 1766 Ecclesiam.

156 1782 187 1818 6.
210 1784 444 1819 PRAETEREA.
466 1785 683 1831 Symbolum
703 1787 746 1820 ad
768 1787 838 1821 hoc
860 1788 1021 1829 traditur,
1045 1796 1082 1822 ut
1103 1789 1148 1823 sit
1170 1789 1294 1834 regula
1315 1789 1415 1823 fidei:
1436 1791 1497 1824 sed
1519 1791 1643 1836 regula

84 1837 166 1871 fidei
196 1838 301 1872 debet
322 1839 489 1872 omnibus
511 1840 676 1885 proponi,
704 1848 737 1874 et
758 1840 919 1886 publice3
942 1841 1127 1886 quodlibet
1154 1854 1240 1887 ergo
1263 1843 1472 1889 symbolum
1500 1844 1644 1879 deberet

84 1891 120 1925 in
132 1891 242 1925 Missa
262 1892 408 1933 cantari,
430 1892 521 1926 sicut
542 1892 751 1939 symbolum
772 1894 941 1936 Patrum3
963 1906 1036 1928 non
1055 1895 1194 1930 videtur
1213 1907 1300 1941 ergo
1323 1907 1399 1930 esse
1422 1898 1641 1932 conveniens

85 1944 193 1978 editio
216 1945 451 1979 articulorum
472 1945 555 1980 fidei
575 1947 612 1979 in
633 1947 812 1992 symbolo.

156 1998 229 2032 SED
253 2009 407 2033 CONTRA
430 2007 492 2041 est,
516 2000 611 2045 quod
634 2000 797 2034 Ecclesia
816 2001 1026 2035 universalis
1045 2013 1119 2036 non
1137 2011 1255 2048 potest
1269 2014 1406 2045 errare3
1422 2005 1504 2050 quia
1527 2016 1545 2038 a
1568 2006 1644 2051 Spi-

85 2051 152 2085 ritu
175 2052 309 2086 Sancto
327 2053 556 2097 gubernatur,
571 2053 631 2099 qui
653 2061 705 2087 est
727 2053 878 2099 Spiritus
892 2055 1061 2089 veritatis:
1078 2055 1147 2089 hoc
1165 2057 1260 2090 enim
1280 2058 1445 2101 promisit
1458 2059 1640 2093 Dominus

85 2105 278 2151 discipulis,
290 2106 392 2151 Joan.
413 2105 475 2150 16„
491 2106 612 2140 dicens
627 2119 633 2140 :
652 2107 735 2141 Cum
751 2109 878 2142 venerit
896 2108 947 2142 ille
960 2108 1104 2154 Spiritus
1117 2111 1280 2152 imitatis,
1297 2111 1419 2145 dot-aliu
1437 2123 1494 2145 τος
1515 2124 1643 2147 omnam

84 2160 275 2193 veritatem:
299 2159 360 2193 sed
382 2159 590 2205 symbolum
625 2168 677 2194 est
699 2162 910 2195 auctoritate
933 2162 1143 2196 universalis
1166 2163 1349 2198 Ecclesiae
1373 2165 1528 2207 editum3
1550 2166 1640 2200 nihil

86 2222 171 2257 ergo
190 2212 448 2246 inconveniens
470 2214 506 2247 in
528 2224 571 2247 eo
595 2213 809 2248 continetur.

156 2265 384 2300 RESPONDEO
415 2266 619 2309 dicendum,
654 2267 762 2313 quod,
786 2268 877 2302 sicut
899 2268 1098 2314 Apostolus
1120 2269 1206 2304 dicit
1232 2270 1275 2304 ad
1298 2271 1405 2304 Hebr.
1442 2283 1510 2305 11.:
1534 2273 1642 2307 Acca·

86 2318 209 2353 dentem
230 2318 272 2353 ad
292 2320 400 2353 Deum
425 2325 548 2366 oportet
572 2320 722 2355 credere:
747 2321 892 2355 credere
916 2330 1036 2356 autem
1055 2333 1129 2356 non
1156 2331 1272 2369 potest
1288 2323 1425 2369 aliquis,
1447 2325 1516 2359 nisi
1537 2325 1569 2359 ei
1590 2337 1646 2359 ve-

88 2374 184 2414 ritas,
207 2383 316 2418 quam
338 2373 471 2415 credat,
498 2382 737 2420 proponatur3
766 2383 800 2408 et
825 2374 907 2409 ideo
935 2376 1180 2410 necessarium
1207 2375 1272 2410 fuit
1293 2377 1375 2411 fidei
1396 2378 1584 2412 veritatem
1610 2379 1647 2412 in

88 2437 200 2459 unum
223 2425 357 2471 colligi,
380 2434 417 2460 ut
437 2426 577 2461 facilius
593 2436 713 2473 posset
735 2428 902 2462 omnibus
924 2429 1089 2474 proponi,
1112 2441 1156 2463 ne
1177 2429 1304 2475 aliquis
1319 2442 1382 2476 per
1403 2431 1645 2476 ignorantiam

85 2478 168 2513 fidei
189 2490 208 2512 a
229 2479 378 2513 veritate
400 2479 587 2523 deficeret,
607 2488 641 2514 et
663 2481 704 2514 ab
727 2481 937 2527 hujusmodi
958 2483 1219 2516 sententiarum
1241 2483 1323 2517 fidei
1343 2484 1559 2519 collectione
1582 2496 1645 2519 no-

86 2543 170 2566 men
193 2532 358 2578 Symboli
381 2541 433 2566 est
454 2542 654 2579 acceptum.

158 2585 218 2619 AD
240 2596 388 2619 PRrMUM
411 2597 496 2631 ergo
520 2587 724 2628 dicendum,
744 2588 839 2633 quod
861 2588 991 2622 veritas
1013 2588 1096 2623 fidei
1117 2589 1153 2622 in
1181 2589 1292 2623 Sacra
1313 2589 1495 2635 Scriptura
1519 2590 1644 2625 diffuse

88 2638 301 2679 continetur,
324 2646 358 2672 et
378 2639 484 2673 variis
507 2640 636 2681 modis,
652 2648 685 2674 et
699 2641 734 2674 in
754 2641 966 2686 quibusdam
990 2642 1160 2684 obscure3
1183 2642 1231 2676 ita
1250 2643 1345 2688 quod
1361 2643 1403 2676 ad
1427 2643 1645 2677 eliciendum

87 2690 170 2724 fidei
189 2691 377 2725 veritatem
400 2703 441 2725 ex
464 2692 572 2726 Sacra
589 2693 773 2739 Scriptura
794 2695 984 2740 requiritur
1005 2695 1156 2740 longum
1176 2696 1345 2737 studium,
1368 2704 1401 2729 et
1423 2697 1644 2738 exercitium,

89 2744 131 2777 ad
155 2744 250 2789 quod
272 2755 345 2778 non
372 2754 521 2790 possunt
550 2748 734 2792 pervenire
758 2759 886 2781 omnes
913 2747 976 2789 illi,
1011 2748 1137 2793 quibus
1159 2749 1403 2782 necessarium
1433 2757 1484 2783 est
1512 2761 1647 2795 cogno-

88 2807 188 2830 scere
210 2797 293 2831 fidei
312 2798 521 2840 veritatem3
543 2810 698 2844 quorum
720 2799 880 2846 plerique
904 2800 981 2834 aliis
1002 2801 1157 2845 negotiis
1181 2803 1347 2846 occupati
1370 2802 1487 2836 studio
1514 2814 1643 2836 vacare

88 2860 161 2884 non
183 2859 349 2896 possunt3
373 2859 407 2884 et
428 2851 509 2885 ideo
529 2851 593 2886 fuit
614 2853 869 2894 necessarium,
889 2862 927 2888 ut
947 2865 989 2888 ex
1003 2854 1188 2888 sententiis
1204 2854 1336 2889 Sacrae
1358 2855 1562 2900 Scripturae
1586 2856 1645 2890 ali-

233 2931 267 2961 S.
287 2931 407 2958 TuonAr.
430 2932 533 2958 Summa
560 2933 720 2967 Theologioa.
742 2934 806 2961 Vol.
830 2934 880 2961 ΙΙΙ.
1488 2947 1503 2969 4
