1859 3122
186 205 296 244 1106
580 215 797 249 QUAESTIO
831 214 976 244 CLXXI.
1010 215 1252 244 ARTICULUS
1286 215 1330 246 ΙΙ.

178 306 265 328 nam
286 301 460 340 quantum
480 295 524 328 ad
543 295 697 328 modum
719 302 831 336 actus,
853 306 929 328 non
948 302 1069 329 autem
1091 303 1267 341 quantum
1290 296 1333 330 ad
1348 297 1583 332 substantiam
1604 298 1735 345 ipsius3

179 348 271 382 sicut
293 348 440 393 diligere
462 347 595 389 Deum,
620 356 654 381 et
676 359 900 393 cognoscere
923 359 1007 382 eum
1028 348 1064 382 in
1086 348 1234 394 speculo
1258 357 1522 386 creaturarum:
1545 359 1580 386 et
1597 353 1642 386 ad
1662 352 1734 387 hoc

179 402 282 435 datur
303 401 441 435 donum
462 403 598 447 gratiae
620 401 815 435 habituale.

727 541 1071 586 ARTICULUS
1106 543 1184 585 III.
1668 557 1735 600 814

247 648 400 677 UTRUM
428 648 678 677 PROPHETIA
706 649 772 678 sir
803 649 951 678 soLUM
976 650 1247 680 FUTURORUM
1275 650 1657 680 CONTINGENTIUM.

176 735 278 779 (Insr.
299 747 328 780 q.
344 746 415 780 172.
438 741 504 770 art.
527 748 553 770 Ι.
577 742 667 782 corp.
681 741 710 770 et
732 735 775 770 ad
795 747 828 780 4.
850 741 880 770 et
897 736 982 770 Veri.
998 748 1027 782 q.
1049 748 1098 771 12.
1114 742 1178 771 art.
1193 749 1224 771 2.
1240 742 1270 771 et
1282 737 1346 771 Isa.
1364 747 1394 771 Ι.
1409 738 1503 772 Rom.
1518 749 1567 772 12.
1585 737 1654 772 lect.
1670 737 1733 782 2.).

247 823 307 857 AD
326 833 498 858 TERTIUM
521 824 571 858 sic
594 825 810 870 proceditur.
826 824 989 867 Videtur,
1008 826 1104 871 quod
1123 826 1311 872 prophetia
1332 827 1376 860 sit
1395 825 1514 860 solum
1532 825 1735 860 futurorum

176 876 484 922 contingentium:
509 877 593 912 dicit
615 880 715 912 enim
738 878 905 912 Cassiod.
930 879 979 923 (in
997 879 1087 914 Prol.
1103 881 1261 925 superPs.
1277 881 1404 926 cap.1.)
1429 881 1524 926 quod
1546 881 1735 927 «Prophe-

174 929 223 963 tia
246 937 299 963 est
319 930 518 976 inspiratio,
540 931 598 965 vel
620 931 792 966 revelatio
821 932 953 974 divina,
980 943 1101 966 rerum
1128 941 1276 967 eventus
1297 933 1479 966 immobili
1505 933 1653 968 veritate
1679 934 1736 968 de-

174 983 386 1017 nuntians»:
410 984 472 1017 sed
487 993 636 1018 eventus
651 985 805 1030 pertinet
827 985 870 1018 ad
893 985 1141 1031 contingentia
1159 985 1293 1028 futura;
1323 997 1409 1031 ergo
1432 986 1475 1020 de
1496 986 1582 1020 solis
1597 987 1736 1021 contin-

175 1037 339 1082 gentibus
361 1037 488 1072 futuris
510 1038 548 1072 fit
569 1038 745 1072 revelatio
767 1039 989 1085 prophetica.

245 1100 277 1124 2.
296 1091 531 1126 PRAETEREA.
565 1091 690 1126 Gratia
722 1092 933 1138 prophetiae
963 1092 1131 1126 dividitur
1153 1100 1280 1126 contra
1301 1092 1527 1138 sapientiam,
1558 1100 1593 1126 et
1613 1092 1734 1136 fidem,

174 1155 265 1189 quae
284 1153 366 1178 sunt
388 1146 430 1179 de
452 1145 594 1187 divinis,
617 1153 651 1179 et
673 1146 931 1180 discretionem
953 1146 1154 1191 spirituum,
1171 1157 1261 1192 quae
1277 1155 1330 1180 est
1344 1146 1387 1180 de
1402 1146 1579 1191 spiritibus
1594 1145 1733 1188 creatis,

174 1205 208 1230 et
228 1197 429 1241 scientiam,
452 1210 542 1244 quae
565 1207 618 1232 est
642 1199 684 1232 de
708 1200 813 1233 rebus
834 1199 1016 1241 humanis,
1039 1207 1077 1233 ut
1098 1207 1195 1245 patet
1212 1210 1239 1233 1.
1264 1200 1307 1233 ad
1330 1199 1417 1234 Cor.
1437 1210 1500 1233 12.:
1522 1199 1664 1234 habitus
1678 1211 1735 1233 au-

173 1258 258 1292 tem,
289 1259 322 1284 et
353 1259 452 1286 actus
485 1251 757 1297 distinguuntur
785 1252 985 1286 secundum
1013 1252 1164 1297 objecta,
1187 1260 1225 1286 ut
1245 1260 1343 1299 patet
1363 1264 1426 1298 per
1448 1263 1490 1287 ea
1512 1263 1603 1298 quae
1624 1263 1732 1299 supra

175 1304 268 1337 dicta
291 1311 372 1338 sunt
396 1304 476 1348 (1-2.
499 1316 593 1350 q.54.
611 1310 675 1339 art.
699 1305 770 1349 2.);
801 1316 890 1350 ergo
908 1305 1060 1347 videtur,
1083 1305 1179 1351 quod
1202 1305 1245 1339 de
1267 1305 1366 1339 nullo
1388 1306 1589 1351 pertinente
1609 1305 1652 1339 ad
1675 1305 1735 1339 ali-

174 1357 271 1402 quod
292 1357 425 1390 horum
447 1357 491 1391 sit
517 1358 724 1404 prophetia;
748 1357 960 1404 relinquitur
982 1369 1080 1404 ergo,
1108 1358 1205 1404 quod
1226 1358 1271 1392 sit
1296 1358 1416 1392 solum
1438 1358 1481 1392 de
1503 1357 1629 1392 futuris
1651 1369 1734 1392 con-

173 1409 404 1455 tingentibus.

246 1474 274 1508 3.
298 1463 534 1497 PRAETEREA.
557 1463 759 1498 Diversitas
778 1464 911 1509 objecti
933 1472 1057 1498 causat
1077 1465 1322 1499 diversitatem
1341 1464 1485 1510 speciei,
1499 1472 1538 1498 ut
1559 1475 1601 1498 ex
1615 1476 1733 1511 supra-

173 1516 275 1549 dictis
298 1524 394 1562 patet
415 1517 497 1561 (1-2.
517 1529 546 1562 q.
565 1528 617 1562 54.
637 1522 700 1551 art.
722 1518 787 1562 2.);
803 1517 832 1551 si
854 1528 941 1563 ergo
961 1517 1150 1564 prophetia
1173 1519 1350 1564 quaedam
1371 1518 1417 1552 sit
1438 1518 1480 1551 de
1501 1516 1627 1551 futuris
1650 1529 1732 1552 con-

171 1568 402 1614 tingentibus,
425 1570 604 1615 quaedam
627 1577 750 1604 autem
773 1570 816 1604 de
839 1570 1053 1616 quibusdam
1082 1570 1159 1605 aliis
1192 1572 1308 1613 rebus,
1337 1571 1477 1605 videtur
1503 1571 1605 1617 sequi
1635 1571 1731 1617 quod

171 1633 245 1655 non
267 1622 311 1656 sit
333 1623 460 1657 eadem
483 1623 620 1668 species
648 1624 872 1669 prophetiae.

243 1675 316 1710 SED
340 1686 495 1710 CONTRA
517 1683 580 1718 est,
604 1677 701 1722 quod
718 1676 872 1722 Gregor.
889 1677 974 1710 dicit
988 1688 1094 1723 super
1108 1677 1238 1711 Ezech.
1252 1676 1353 1721 (hom.
1372 1687 1401 1711 Ι.
1415 1678 1474 1712 cir.
1488 1677 1619 1724 princ.)
1634 1679 1731 1724 quod

174 1729 395 1774 «prophetia
418 1729 597 1775 quaedam
625 1738 677 1763 est
703 1731 745 1763 de
771 1729 913 1772 futuro;
944 1730 1036 1765 sicut
1065 1731 1099 1764 id
1128 1730 1224 1776 quod
1258 1731 1387 1764 dicitur
1416 1731 1539 1775 (Isaiae
1560 1732 1621 1777 7.):
1648 1732 1731 1766 Ecce

169 1783 266 1827 virgo
294 1784 463 1828 concipiat,
484 1788 513 1817 et
524 1784 636 1828 pariet
654 1783 785 1826 filium.-
808 1784 987 1829 quaedam
1010 1784 1053 1818 de
1075 1784 1288 1830 praeterito;
1311 1784 1403 1818 sicut
1424 1784 1460 1818 id
1481 1784 1576 1830 quod
1604 1784 1732 1819 dicitur

171 1835 274 1879 (Gen.
290 1836 350 1881 r.):
370 1837 408 1870 In
425 1838 594 1883 principio
618 1839 744 1871 creavit
766 1838 856 1871 Deus
883 1838 1016 1878 coelum,
1044 1843 1073 1872 et
1095 1843 1241 1872 terram:
1269 1837 1449 1883 quaedam
1471 1838 1513 1871 de
1535 1839 1730 1883 praesenti;

171 1889 263 1923 sicut
284 1889 319 1922 id
341 1890 437 1935 quod
459 1890 589 1924 dicitur
610 1891 655 1934 (r.
680 1891 722 1924 ad
744 1890 823 1925 Cor.
846 1891 930 1935 14.).·
952 1893 979 1925 st
1005 1903 1114 1925 omnes
1126 1891 1335 1938 prophetent,
1353 1892 1453 1926 intret
1473 1896 1581 1925 autem
1598 1893 1670 1937 quis
1681 1893 1731 1926 in-

163 1941 284 1987 fidelis,
312 1943 437 1977 occulta
465 1943 571 1977 cordis
596 1945 664 1989 ejus
690 1945 1014 1990 manifestafinnt»,⁸
1037 1956 1111 1979 non
1134 1955 1220 1990 ergo
1243 1951 1295 1978 est
1324 1945 1513 1990 prophetia
1539 1944 1660 1979 solum
1686 1945 1729 1980 de

173 1996 463 2041 contingentibus
485 1995 622 2030 futuris.

237 2048 467 2083 Rfispoxmzo
490 2049 695 2092 dicendum,
715 2050 811 2095 quod
830 2049 1085 2093 manifestatio,
1108 2062 1199 2096 quae
1220 2050 1258 2085 fit
1279 2062 1342 2096 per
1363 2050 1507 2096 aliquod
1529 2049 1665 2093 lumen,
1684 2050 1728 2084 ad

167 2103 291 2135 omnia
312 2101 374 2135 illa
395 2113 432 2136 se
452 2103 640 2137 extendere
664 2111 793 2149 potest,
816 2115 907 2149 quae
929 2103 983 2137 illi
1003 2104 1132 2138 lumini
1154 2104 1406 2149 subjiciuntur:
1429 2104 1521 2137 sicut
1540 2103 1631 2137 visio
1654 2114 1730 2137 cor-

166 2155 300 2201 poralis
323 2167 360 2189 se
382 2156 538 2190 extendit
561 2156 603 2189 ad
627 2167 756 2190 omnes
778 2156 939 2199 colores,
962 2165 995 2190 et
1018 2157 1178 2202 cognitio
1200 2156 1371 2190 naturalis
1389 2157 1532 2190 animae
1553 2167 1590 2190 se
1612 2164 1729 2191 exten-

166 2208 217 2242 dit
235 2209 277 2242 ad
300 2209 423 2242 omnia
444 2208 516 2251 illa,
540 2220 631 2255 quae
654 2210 853 2243 subduntur
874 2210 1002 2243 lumini
1023 2209 1226 2244 intellectus
1249 2209 1402 2255 agentis:
1426 2209 1588 2254 cognitio
1607 2217 1727 2244 autem

165 2261 377 2308 prophetica
399 2270 451 2296 est
471 2273 534 2308 per
555 2262 680 2296 lumen
703 2263 875 2305 divinum,
898 2275 969 2309 quo
992 2271 1141 2309 possunt
1164 2263 1287 2296 onmia
1307 2263 1481 2308 cognosci
1498 2270 1574 2296 tam
1596 2262 1727 2306 divina,

165 2326 273 2360 quam
293 2315 464 2357 humana,
486 2323 561 2349 tam
582 2315 790 2361 spiritualia,
810 2327 918 2361 quam
935 2316 1135 2362 corporalia
1150 2329 1158 2359 3
1174 2324 1208 2350 et
1222 2316 1303 2350 ideo
1323 2315 1494 2349 revelatio
1514 2315 1726 2361 prophetica

166 2368 209 2402 ad
231 2369 355 2402 omnia
376 2369 587 2414 hujusmodi
608 2380 644 2403 se
668 2369 842 2404 extendit:
865 2370 957 2403 sicut
983 2370 1025 2403 de
1052 2370 1107 2403 his
1133 2380 1224 2415 quae
1246 2369 1422 2415 pertinent
1448 2368 1492 2402 ad
1519 2368 1589 2402 Dei
1615 2368 1727 2402 excel-

164 2421 325 2464 lentiam,
348 2430 382 2456 et
404 2422 652 2468 angelicorum
679 2423 866 2467 spirituum
895 2423 1090 2457 ministeria
1117 2422 1289 2456 revelatio
1317 2421 1528 2468 prophetica
1553 2420 1649 2455 facta
1675 2429 1728 2456 est

162 2475 276 2509 Isaiae
299 2486 376 2521 cap.
399 2474 430 2509 6.
454 2475 513 2508 ubi
534 2475 678 2509 dicitur:
708 2475 782 2508 Vidi
805 2476 990 2509 Dominum
1011 2475 1166 2510 sedentem
1186 2482 1282 2522 super
1297 2475 1416 2509 solium
1432 2474 1603 2513 excelsum,
1625 2478 1655 2508 et
1671 2475 1727 2509 ele-

163 2533 299 2563 vatum.-
322 2529 406 2574 quin
430 2529 538 2562 etiam
560 2529 750 2574 prophetia
777 2530 935 2562 continet
959 2541 999 2563 ea
1027 2540 1118 2574 quae
1145 2529 1322 2574 pertinent
1343 2528 1385 2561 ad
1409 2538 1561 2574 corpora
1586 2535 1726 2561 natura-

163 2580 221 2623 lia,
243 2582 444 2615 secundum
457 2581 543 2615 illud
558 2582 624 2615 Isa.
646 2592 719 2624 40.:
738 2582 821 2626 Quis
844 2594 968 2616 nzsnsus
989 2588 1032 2617 cst
1047 2583 1174 2628 pugillo
1197 2593 1302 2627 aquas
1323 2590 1405 2615 etc.:
1434 2581 1595 2615 continet
1616 2581 1724 2614 etiam

164 2645 205 2668 ea
228 2646 318 2680 quae
341 2635 384 2668 ad
407 2646 527 2669 mores
549 2635 742 2669 hominum
767 2636 953 2681 pertinent,
973 2636 1171 2669 secundum
1188 2635 1274 2668 illud
1293 2635 1407 2669 Isaiae
1427 2634 1478 2679 58.
1495 2635 1647 2679 :Frange
1660 2646 1726 2668 esu-

162 2689 260 2721 rienti
277 2694 398 2734 panem
419 2693 523 2729 tuum,
547 2696 633 2722 etc.:
657 2688 818 2722 continet
836 2688 944 2721 etiam
968 2699 1008 2721 ea
1032 2699 1122 2734 quae
1140 2688 1318 2734 pertinent
1340 2688 1382 2721 ad
1405 2687 1543 2721 futuros
1563 2694 1724 2728 eventus,

162 2741 362 2774 secundum
383 2741 470 2775 illud
493 2741 604 2776 Isaiae
624 2751 698 2786 473
727 2741 859 2775 Venient
880 2742 939 2774 tihi
960 2741 1021 2775 duo
1041 2743 1073 2774 in
1092 2741 1142 2776 dia
1163 2753 1228 2775 ιιιιιι
1251 2742 1368 2783 subito,
1389 2741 1557 2783 sterilitas,
1572 2745 1600 2774 et
1616 2740 1725 2774 vidui-

162 2798 219 2827 tas.
243 2793 557 2828 Considerandum
578 2803 701 2828 tamen
723 2802 785 2836 est,
807 2793 903 2839 quod
926 2794 1006 2839 quia
1034 2794 1222 2840 prophetia
1249 2801 1302 2828 est
1327 2794 1370 2827 de
1396 2793 1452 2827 his
1479 2804 1570 2839 quae
1596 2792 1723 2839 procul

163 2857 182 2878 a
202 2855 326 2880 nostra
345 2847 553 2892 cognitione
568 2855 658 2889 sunt,
673 2855 773 2881 tanto
789 2846 907 2893 aliqua
928 2847 1044 2891 magis
1063 2847 1204 2892 proprie
1221 2847 1264 2880 ad
1282 2846 1511 2892 prophetiam
1530 2846 1721 2892 pertinent,

162 2907 295 2944 quanto
317 2899 460 2945 longius
484 2900 524 2934 ab
546 2901 707 2934 humana
730 2900 937 2946 cognitione
959 2899 1130 2933 existunt:
1151 2899 1284 2933 horum
1304 2907 1425 2933 autem
1439 2907 1492 2933 est
1507 2899 1628 2945 triplex
1643 2909 1723 2944 gra-
