1859 3122
509 206 730 242 QUAESTIO
765 207 940 238 CLXXXI.
974 208 1218 239 ARTICULUS
1251 209 1278 238 Ι.
1545 210 1650 254 1173

658 359 1002 404 ARTICULUS
1036 361 1070 404 Ι.
1587 373 1655 419 856

206 455 360 484 UTRUM
393 454 537 485 OMNES
573 456 712 486 ACTUS
746 457 974 486 VIRTUTUM
1008 456 1239 486 MORALIUM
1273 457 1546 487 PERTINEANT

645 516 701 544 AD
736 516 872 545 VITAM
906 516 1113 545 ACTIVAM.

383 587 477 633 (Sap.
504 600 534 633 q.
553 588 608 623 So.
631 593 693 622 art.
716 599 746 622 2.
769 594 858 634 [οι-ρ.
878 593 907 622 et
921 594 1028 634 opusc.
1043 599 1091 633 17.
1111 595 1180 634 cap.
1201 599 1231 633 7.
1253 587 1294 621 ad
1312 589 1371 633 7.).

168 663 228 697 AD
249 673 397 697 PRIMUM
424 664 472 697 sic
493 664 708 710 proceditur.
728 663 889 705 Videtur,
909 664 1003 709 quod
1027 675 1100 697 non
1123 675 1250 697 omnes
1273 672 1372 698 actus
1387 664 1559 698 virtutum
1581 675 1658 698 mo·

98 715 226 749 talium
260 716 461 761 pertineant
495 717 536 750 ad
565 717 675 749 vitam
698 717 869 750 activam:
900 717 972 750 vita
1006 716 1102 750 enim
1142 717 1258 750 activa
1285 717 1425 750 videtur
1458 716 1654 750 consistere

96 768 216 803 solum
231 769 266 802 in
280 769 347 811 his,
363 781 453 815 quae
468 777 550 803 sunt
565 770 607 803 ad
624 769 794 803 alterum:
812 770 896 804 dicit
914 770 1012 804 enim
1028 769 1180 814 Gregor.
1192 781 1298 815 super
1307 769 1434 805 Ezech.
1450 770 1554 814 (hom.
1573 770 1653 813 14),

97 822 194 868 quod
215 835 233 854 «
252 823 367 856 activa
388 823 459 857 vita
483 831 535 857 est
557 835 687 869 panem
710 823 877 857 esurienti
898 823 1053 856 tribuere
1076 835 1107 864 »ς
1143 831 1177 857 et
1198 823 1233 857 in
1261 823 1342 864 fine,
1369 822 1491 856 multis
1513 833 1656 856 enume-

97 876 192 917 ratis,
205 887 295 922 quae
312 877 354 910 ad
368 876 521 910 alterum
544 877 732 922 pertinent,
743 877 877 910 subdit:
897 889 914 908 «
929 876 972 910 Et
986 887 1077 922 quae
1088 876 1238 922 singulis
1250 877 1534 922 quibuscumque
1556 886 1656 921 expe-

97 929 209 971 diunt,
231 930 436 975 dispensare
456 943 494 964 »2
518 930 579 964 sed
602 941 674 963 non
695 941 757 975 per
779 941 906 964 omnes
929 938 1028 963 actus
1042 929 1213 964 virtutum
1233 930 1427 964 moralium
1447 930 1656 963 ordinamur

97 983 140 1017 ad
160 982 261 1024 alios,
283 983 344 1016 sed
362 983 482 1017 solum
501 984 700 1018 secundum
715 984 900 1028 justitiam,
916 991 950 1017 et
968 991 1085 1029 partes
1106 985 1241 1028 ejus,ut
1263 995 1305 1018 ex
1326 984 1538 1029 supradictis
1559 991 1657 1029 patet

99 1036 144 1082 (q.
163 1037 214 1082 58.
233 1041 297 1070 art.
321 1049 346 1071 1.
370 1042 399 1071 et
420 1048 449 1071 2.
466 1042 493 1070 et
511 1049 571 1071 1-2.
587 1049 616 1083 q.
641 1038 696 1071 60.
719 1042 782 1070 art.
803 1049 833 1071 2.
850 1042 877 1071 et
895 1038 954 1083 3.);
971 1048 1044 1070 non
1067 1048 1152 1082 ergo
1176 1045 1276 1071 actus
1298 1037 1463 1071 omnium
1484 1037 1656 1071 virtutum

97 1089 291 1124 moralium
314 1090 491 1136 pertinent
518 1091 560 1123 ad
582 1090 693 1123 vitam
717 1090 884 1123 activam.

169 1153 199 1176 2.
221 1143 457 1177 PRAETEREA.
482 1142 686 1188 Greg.dicit
701 1154 806 1188 super
820 1143 950 1176 Ezech.
973 1143 1075 1186 (hom.
1095 1154 1145 1187 14.
1160 1155 1178 1177 α
1196 1143 1295 1187 med.)
1315 1143 1410 1189 quod
1436 1154 1526 1189 «per
1541 1143 1655 1184 Liam,

97 1207 189 1242 quae
211 1195 275 1230 fuit
297 1196 422 1242 Lippa,
445 1197 505 1230 sed
527 1196 718 1237 foecunda,
741 1196 962 1241 significatur
979 1196 1051 1230 vita
1078 1197 1214 1238 activa3
1236 1207 1328 1242 quae
1351 1197 1437 1230 dum
1459 1205 1656 1242 occupatur

96 1250 133 1284 in
160 1261 280 1296 opera,
307 1251 426 1284 minus
452 1250 564 1285 videt:
593 1251 653 1284 sed
682 1251 767 1283 dum
795 1250 905 1284 modo
933 1262 994 1296 per
1020 1250 1180 1292 verbum,
1215 1251 1326 1284 modo
1354 1261 1416 1296 per
1451 1250 1656 1296 exemplum

98 1303 141 1337 ad
162 1304 404 1338 imitationem
435 1315 536 1338 suam
572 1304 758 1349 proximos
793 1304 968 1345 accendit,
1004 1303 1138 1338 multos
1168 1304 1204 1337 in
1231 1315 1341 1349 opere
1361 1304 1458 1337 bono
1485 1303 1578 1338 filios
1600 1314 1658 1349 ge-

97 1366 200 1392 nerat
220 1369 259 1391 »z
282 1358 352 1392 hoc
377 1366 498 1392 autem
528 1358 644 1403 magis
665 1357 805 1391 videtur
827 1357 1004 1403 pertinere
1027 1357 1071 1390 ad
1099 1357 1325 1399 charitatem,
1352 1368 1415 1402 per
1437 1368 1546 1402 quam
1572 1357 1655 1390 dili-

99 1411 217 1457 gimus
238 1411 456 1458 proximum,
479 1423 588 1457 quam
611 1411 653 1445 ad
680 1411 828 1444 virtutes
862 1410 1037 1452 morales3
1066 1422 1152 1456 ergo
1179 1410 1330 1452 videtur,
1352 1410 1448 1456 quod
1471 1418 1570 1444 actus
1591 1410 1658 1444 vir-

95 1473 212 1499 tutum
239 1464 434 1498 moralium
456 1476 530 1498 non
552 1466 753 1510 pertineant
779 1464 822 1497 ad
849 1464 960 1497 vitam
988 1464 1154 1498 activam.

173 1530 201 1564 3.
220 1519 456 1553 PRAETEREA.
481 1518 582 1552 Sicut
599 1529 705 1563 supra
725 1518 860 1551 dictum
883 1525 935 1551 est
959 1517 1003 1562 (q.
1023 1523 1136 1563 praec.
1157 1522 1222 1551 art.
1245 1517 1307 1561 2.),
1330 1516 1477 1551 virtutes
1500 1516 1656 1551 morales

98 1572 293 1617 disponunt
315 1572 356 1605 ad
379 1572 490 1606 vitam
514 1571 851 1616 contemplativam:
890 1570 952 1604 sed
986 1570 1186 1616 dispositio,
1214 1578 1248 1604 et
1273 1569 1444 1614 perfectio
1479 1571 1656 1616 pertinent

99 1625 142 1659 ad
181 1625 300 1667 idem3
330 1636 416 1670 ergo
450 1624 600 1666 videtur,
634 1624 730 1670 quod
764 1624 910 1658 virtutes
938 1623 1095 1657 morales
1128 1635 1203 1658 non
1237 1623 1438 1668 pertineant
1463 1623 1506 1657 ad
1543 1623 1654 1657 vitam

99 1679 266 1712 activam.

170 1732 244 1766 SED
267 1742 421 1766 CONTRA
445 1739 507 1773 est,
526 1731 622 1777 quod
644 1731 725 1764 Isid.
749 1730 834 1764 dicit
854 1730 890 1763 in
913 1729 972 1763 lib.
992 1741 1019 1774 3.
1043 1730 1087 1764 de
1103 1729 1203 1763 Sum.
1228 1730 1330 1763 Bono
1350 1729 1436 1776 (cap.
1461 1739 1506 1775 15.
1529 1735 1655 1775 parum

99 1786 278 1832 alprinc.):
306 1798 324 1816 ((
354 1785 392 1818 In
424 1785 540 1818 activa
562 1785 633 1818 vita
663 1784 759 1829 prius
790 1795 851 1829 per
883 1783 1090 1817 exercitium
1120 1783 1206 1816 boni
1233 1783 1349 1828 operis
1377 1790 1505 1817 cuncta
1528 1783 1657 1816 exhau-

98 1839 221 1873 rienda
246 1847 328 1872 sunt
348 1839 444 1879 vitia,
475 1846 514 1871 ut
535 1838 570 1871 in
593 1836 875 1882 contemplativa
903 1838 976 1882 jam
998 1848 1085 1883 pura
1108 1837 1238 1870 mentis
1253 1837 1329 1870 acie
1345 1837 1387 1870 ad
1411 1836 1656 1882 contemplan-

97 1892 184 1926 dum
202 1892 363 1926 divinum
384 1891 507 1925 lumen
530 1892 679 1937 quisque
707 1898 928 1936 pertranseat
943 1903 979 1924 »ς
1003 1890 1065 1924 sed
1087 1899 1216 1924 cuncta
1237 1891 1322 1924 vitia
1348 1901 1422 1924 non
1445 1890 1655 1924 exhauriun—

95 1953 163 1987 tur,
192 1945 261 1979 nisi
289 1956 352 1991 per
378 1953 478 1978 actus
504 1945 677 1978 virtutum
706 1943 919 1986 moralium;
947 1955 1034 1989 ergo
1062 1952 1161 1978 actus
1191 1944 1363 1977 virtutum
1397 1943 1591 1977 moralium
1611 1943 1653 1976 ad

96 2000 209 2034 vitam
227 2000 382 2033 activam
403 1999 590 2044 pertinent.

169 2053 397 2087 RESPONDEO
420 2051 625 2093 dicendum,
647 2050 742 2097 quod
765 2051 857 2084 sicut
887 2062 992 2096 supra
1015 2050 1150 2084 dictum
1173 2058 1225 2084 est
1254 2050 1297 2095 (q.
1313 2061 1384 2096 179.
1415 2055 1479 2084 art.
1502 2049 1560 2093 L),
1583 2050 1655 2082 vita

104 2107 231 2148 activa,
254 2114 288 2140 et
310 2105 593 2151 contemplativa
627 2105 892 2149 distinguuntur
925 2104 1123 2138 secundum
1151 2104 1290 2137 diversa
1323 2103 1438 2136 studia
1464 2103 1655 2136 hominurn

99 2159 361 2193 intendentium
385 2159 427 2192 ad
447 2158 606 2192 diversos
622 2157 728 2191 fines:
748 2168 903 2203 quorum
918 2170 1020 2191 unum
1040 2165 1092 2191 est
1114 2157 1353 2191 consideratio
1375 2157 1544 2197 veritatis,
1564 2166 1655 2201 quae

100 2221 154 2247 est
173 2212 252 2246 finis
274 2212 368 2246 vitae
398 2211 718 2257 contemplativae:
742 2210 832 2244 aliud
854 2219 975 2244 autem
1010 2218 1062 2244 est
1096 2211 1248 2244 exterior
1281 2210 1454 2256 operatio,
1476 2209 1519 2243 ad
1546 2220 1654 2254 quam

101 2266 285 2302 ordinatur
310 2265 382 2298 vita
411 2265 537 2298 activa.
564 2263 796 2297 Manifestum
823 2271 876 2297 est
901 2271 1033 2305 autem,
1061 2264 1157 2309 quod
1184 2264 1220 2297 in
1246 2263 1432 2296 virtutibus
1458 2262 1655 2296 moralibus

99 2332 174 2355 non
195 2318 438 2366 principaliter
455 2317 636 2363 quaeritur
658 2316 917 2362 contemplatio
932 2317 1102 2358 veritatis,
1124 2317 1186 2350 sed
1209 2316 1417 2350 ordinantur
1444 2315 1487 2349 ad
1509 2326 1656 2360 operan-

100 2375 206 2416 dum;
228 2372 322 2406 unde
344 2370 480 2405 Philos.
503 2371 587 2405 dicit
608 2371 643 2403 in
667 2381 698 2404 2.
720 2370 932 2416 Ethic.(cap.
955 2381 985 2404 2.
1005 2375 1032 2403 et
1050 2370 1166 2404 libro.
1185 2370 1259 2412 ult.)
1273 2370 1369 2415 quod
1395 2369 1466 2402 «ad
1486 2368 1655 2402 virtutem

101 2427 247 2473 quidem
275 2425 377 2466 scire,
404 2435 543 2470 parum,
567 2431 626 2457 aut
642 2423 733 2456 nihil
755 2423 900 2468 prodest
921 2435 952 2465 »3
976 2423 1068 2456 unde
1087 2422 1319 2456 manifestum
1341 2430 1405 2463 est,
1432 2421 1528 2467 quod
1553 2434 1570 2453 «
1590 2420 1656 2453 vir-

100 2488 194 2514 tutes
215 2478 372 2513 morales
394 2477 573 2523 pertinent
595 2475 829 2511 essentialiter
856 2476 899 2509 ad
925 2477 1037 2509 vitam
1060 2475 1210 2508 activam
1234 2487 1266 2516 »3
1289 2475 1381 2508 unde
1404 2482 1438 2508 et
1458 2473 1593 2508 Philos.
1620 2474 1655 2506 in

106 2543 156 2567 10.
181 2531 296 2566 Ethic.
317 2531 404 2576 (cap.
428 2541 457 2576 7.
477 2535 505 2564 et
525 2529 575 2574 8.)
597 2530 745 2563 virtutes
767 2528 924 2562 morales
947 2528 1088 2562 ordinat
1114 2528 1158 2561 ad
1178 2527 1386 2561 felicitatem
1407 2527 1573 2561 activam.

172 2586 232 2619 AD
253 2594 403 2619 PRIMUM
437 2594 523 2628 ergo
553 2583 756 2624 dicendum,
780 2582 876 2628 quod
909 2584 1000 2616 inter
1020 2582 1167 2615 virtutes
1197 2581 1353 2615 morales
1383 2581 1575 2626 praecipua
1605 2586 1656 2629 est

101 2639 246 2686 justitia,
268 2648 359 2683 quae
393 2636 519 2682 aliquis
550 2636 593 2669 ad
628 2636 779 2670 alterum
810 2636 1004 2676 ordinatur,
1040 2643 1077 2668 ut
1103 2634 1238 2668 Philos.
1272 2634 1399 2679 probat
1424 2634 1460 2667 in
1486 2644 1513 2677 5.
1539 2632 1655 2666 Ethic.

104 2693 192 2739 (cap.
220 2693 287 2736 1.);
310 2691 404 2724 unde
426 2690 498 2722 vita
525 2689 640 2723 activa
667 2689 878 2723 describitur
906 2700 967 2734 per
1001 2699 1043 2721 ea
1073 2699 1164 2733 quae
1187 2688 1229 2720 ad
1252 2687 1404 2720 alterum
1435 2686 1655 2726 ordinantur,

102 2757 176 2780 non
196 2745 278 2790 quia
299 2744 335 2777 in
357 2743 412 2776 his
431 2742 562 2783 solum,
585 2742 646 2776 sed
669 2743 751 2787 quia
772 2742 808 2775 in
833 2742 888 2775 his
910 2741 1140 2787 principalius
1162 2741 1334 2775 consistit.

173 2798 233 2832 AD
263 2807 469 2832 SECUNDUM
500 2795 704 2837 dicendum,
732 2795 827 2841 quod
849 2806 912 2841 per
940 2803 1038 2828 actus
1071 2794 1235 2827 omnium
1260 2794 1431 2827 virtutum
1461 2791 1654 2826 moralium

103 2859 222 2898 potest
243 2850 370 2896 aliquis
396 2849 580 2895 proximos
610 2859 675 2882 suo
705 2847 871 2894 exemplo
899 2848 1051 2893 dirigere
1090 2847 1133 2880 ad
1159 2847 1315 2881 bonum:
1338 2846 1434 2892 quod
1457 2844 1656 2891 Gregorius

103 2905 153 2940 ibi
178 2904 336 2940 attribuit
356 2904 449 2937 vitae
472 2902 620 2936 activae.

248 2985 276 3013 S.
297 2985 420 3012 Tuosne
440 2984 544 3011 Summa
570 2983 728 3018 Theologica.
750 2982 815 3010 Vol.
835 2982 888 3009 111.
1479 2989 1510 3015 75
