1859 3122
163 165 247 221 948
555 177 778 212 QUAEsrto
813 176 973 208 cxtvn.
1006 177 1250 207 ARTICULUS
1282 178 1309 207 1.

743 344 1088 389 ARTICULUS
1124 346 1157 388 Ι.
1650 359 1718 406 706

499 453 651 482 UTRUM
672 453 878 494 JEJUNIUM
906 453 973 482 SIT
996 453 1140 482 ACTUS
1167 454 1386 484 VIRTUTIS.

403 539 517 586 (Snpr.
540 551 569 585 q.
594 539 669 583 146.
692 545 756 574 art.
778 552 805 574 Ι.
833 545 861 574 et
886 552 918 585 4.
946 541 1032 575 Dist.
1059 553 1103 588 15.
1130 553 1159 587 q.
1182 554 1211 588 3.
1238 546 1301 576 art.
1328 554 1354 576 1.
1377 553 1407 587 q.
1428 542 1487 586 2.).

236 626 296 661 AD
323 637 472 661 PRIMUM
491 627 540 661 sic
563 628 780 673 proceditur.
803 629 965 671 Videtur,
982 630 1078 676 quod
1100 631 1276 675 jejunium
1297 642 1371 664 non
1393 631 1437 665 sit
1451 638 1551 665 actus
1564 631 1722 666 virtutis:

168 681 286 716 omnis
309 680 406 714 enim
428 688 528 714 actus
549 681 689 715 virtutis
718 682 800 716 Deo
823 690 876 716 est
902 691 1090 728 acceptus:
1118 684 1178 718 sed
1206 684 1381 730 jejunium
1406 695 1480 718 non
1506 695 1648 731 semper
1673 692 1726 719 est

166 735 247 768 Deo
271 741 472 779 acceptum,
495 735 695 768 secundum
717 735 804 769 illud
827 736 893 769 Isa.
919 737 993 780 58.:
1017 737 1133 781 Quare
1154 738 1396 783 jejunavimus,
1416 742 1444 772 et
1463 749 1529 772 non
1546 738 1726 785 aspexisti?

167 788 263 833 Ergo
285 787 461 833 jejunium
483 798 556 821 non
581 795 634 822 est
655 797 755 823 actus
775 789 926 824 virtutis.

239 850 270 874 2.
285 841 522 876 PRAETEREA.
538 841 668 876 Nullus
691 850 790 876 actus
804 843 943 878 virtutis
964 844 1100 878 recedit
1121 855 1140 877 a
1155 844 1277 878 medio
1291 844 1447 880 virtutis:
1475 845 1536 880 sed
1551 844 1726 890 jejunium

167 894 304 928 recedit
317 905 336 928 a
359 894 481 928 medio
503 895 664 937 virtutis;
687 897 783 942 quod
803 897 948 942 quidem
971 897 1006 931 in
1020 898 1150 931 virtute
1166 897 1399 932 abstinentiae
1418 898 1592 944 accipitur
1605 909 1729 933 secun-

167 948 255 982 dum
275 948 358 989 hoc,
380 955 419 981 ut
439 948 670 982 subveniatur
698 950 903 984 necessitati
928 959 1088 992 naturae,
1116 951 1174 984 cui
1199 962 1262 997 per
1287 951 1462 996 jejunium
1490 951 1624 998 aliquid
1649 952 1728 986 sub-

167 1001 331 1043 trahitur3
354 1001 516 1048 alioquin
537 1013 611 1036 non
632 1003 835 1048 jejunantes
864 1015 939 1038 non
960 1005 1136 1039 haberent
1160 1004 1331 1039 virtutem
1359 1005 1613 1048 abstinentiae;
1639 1016 1728 1051 ergo

166 1055 342 1104 jejunium
364 1066 439 1089 non
461 1063 514 1090 est
536 1064 635 1090 actus
657 1056 808 1091 virtutis.

242 1120 270 1155 3.
292 1108 529 1144 PRAETEREA.
547 1109 587 1144 Id
609 1110 707 1156 quod
729 1111 972 1145 communiter
993 1111 1162 1146 omnibus
1185 1111 1365 1151 convenit,
1385 1119 1420 1146 et
1432 1112 1548 1154 bonis,
1565 1120 1600 1146 et
1612 1111 1729 1154 malis,

168 1174 244 1197 non
265 1170 319 1196 est
339 1170 439 1196 actus
460 1163 616 1197 virtutis:
636 1164 698 1198 sed
719 1164 895 1209 jejunium
917 1173 969 1199 est
990 1165 1218 1211 hujusmodi:
1243 1165 1391 1211 quilibet
1412 1165 1520 1208 enim,
1536 1172 1729 1212 antequam

170 1216 350 1257 comedat,
371 1216 512 1261 jejunus
534 1225 604 1260 est;
628 1228 715 1263 ergo
738 1218 913 1263 jejunium
935 1229 1009 1252 non
1031 1226 1084 1252 est
1106 1227 1206 1252 actus
1227 1219 1377 1253 virtutis.

242 1270 317 1304 SED
340 1279 495 1304 CONTRA
518 1278 581 1312 est,
604 1271 701 1316 quod
724 1279 1005 1306 connumeratur
1027 1271 1104 1306 aliis
1118 1272 1291 1306 virtutum
1314 1272 1461 1315 actibus,
1477 1282 1508 1307 2.
1525 1272 1569 1307 ad
1584 1272 1670 1307 Cor.
1686 1271 1730 1315 6.,

171 1323 232 1358 ubi
252 1322 451 1369 Apostolus
475 1323 577 1357 dicit:
599 1324 800 1370 Itzjejzmiis‚
827 1326 861 1358 in
879 1326 1026 1366 scientia,
1054 1326 1090 1358 in
1109 1327 1266 1368 castitate,
1290 1333 1357 1359 etc.

243 1377 472 1411 RESPONDEO
495 1376 701 1418 dicendum,
724 1377 821 1423 quod
840 1388 883 1411 ex
903 1377 974 1411 hoc
999 1377 1126 1423 aliquis
1149 1386 1248 1412 actus
1271 1386 1324 1413 est
1343 1378 1536 1421 virtuosus,
1555 1378 1652 1425 quod
1669 1385 1733 1426 per

174 1431 353 1465 rationem
376 1430 561 1464 ordinatur
584 1430 626 1464 ad
655 1430 802 1476 aliquod
829 1431 967 1464 bonurn
987 1431 1202 1465 honestum:
1225 1431 1296 1465 hoc
1320 1439 1440 1466 autem
1462 1433 1632 1466 convenit
1648 1433 1734 1478 jeju-

173 1485 255 1518 nio:
279 1484 472 1518 assumitur
495 1484 590 1518 enim
620 1484 797 1530 jejunium
820 1484 1065 1531 principaliter
1092 1485 1135 1518 ad
1158 1487 1248 1520 tria:
1271 1486 1386 1532 primo
1413 1486 1560 1532 quidem
1587 1486 1631 1520 ad
1653 1497 1735 1520 con-

176 1537 415 1584 cupiscentias
438 1537 554 1571 carnis
572 1538 836 1583 reprimendas,
859 1538 954 1572 unde
969 1538 1169 1584 Apostolus
1191 1539 1276 1573 dicit
1290 1539 1325 1572 in
1341 1539 1552 1574 auctoritate
1569 1540 1732 1574 inducta:

174 1593 214 1627 In
235 1593 386 1638 jejuniis,
401 1592 437 1624 in
455 1592 612 1632 castitate,
637 1591 719 1637 quia
741 1602 803 1636 per
824 1591 959 1638 jejunia
982 1592 1126 1626 castitas
1149 1600 1403 1627 conservatur:
1432 1601 1471 1627 ut
1492 1593 1589 1627 enim
1611 1593 1736 1627 Hiero-

175 1656 307 1692 nymus
322 1644 408 1678 dicit
421 1645 536 1689 (lz·b.2.
552 1650 636 1679 cont.
647 1645 760 1689 sovin.
773 1651 843 1691 cap.
863 1646 912 1690 6.)
929 1658 946 1676 ‹<
959 1647 1035 1679 sine
1052 1645 1198 1688 Cerere,
1222 1654 1256 1680 et
1277 1646 1424 1680 Baccho
1442 1646 1547 1693 friget
1562 1646 1687 1681 Venus
1703 1660 1734 1689 »‚

175 1700 266 1733 idest
286 1709 350 1745 per
376 1698 627 1732 abstinentiam
652 1698 732 1740 cibi,
763 1706 797 1732 et
818 1706 924 1744 potus
954 1699 1104 1744 tepescit
1133 1699 1288 1734 luxuria:
1314 1700 1449 1734 secundo
1473 1700 1665 1734 assumitur
1692 1699 1735 1734 ad

175 1754 259 1795 hoc,
283 1753 379 1799 quod
411 1764 512 1787 mens
539 1752 685 1787 liberius
708 1752 867 1787 elevetur
895 1754 937 1787 ad
965 1754 1133 1788 sublimia
1156 1754 1454 1800 contemplanda3
1480 1755 1575 1789 unde
1597 1755 1736 1797 dicitur,

175 1808 268 1841 Dan.
296 1818 359 1849 IO.‚
382 1807 478 1853 quod
500 1815 581 1853 post
606 1807 781 1852 jejunium
804 1807 913 1840 trium
934 1807 1248 1841 hebdomadarum
1275 1807 1535 1842 revelationem
1562 1808 1692 1854 accipit
1717 1819 1737 1842 a

175 1861 276 1895 Deo:
300 1862 392 1895 tertio
416 1860 459 1894 ad
481 1859 761 1894 satisfacendum
783 1871 847 1906 pro
863 1861 1038 1906 peccatis;
1057 1861 1151 1895 unde
1166 1861 1306 1903 dicitur,
1316 1861 1408 1906 Joel.
1424 1871 1475 1895 2.:
1494 1862 1738 1896 Convertimini

177 1914 219 1949 ad
244 1926 293 1948 me
311 1915 346 1948 in
368 1919 432 1948 toto
452 1913 546 1948 corde
566 1919 684 1955 restro,
709 1915 742 1947 in
757 1915 897 1959 jejunio,
920 1915 955 1948 -ῐιι
981 1915 1068 1957 βαΐα,
1090 1920 1119 1949 et
1139 1915 1289 1961 planctu.
1315 1914 1359 1948 Et
1380 1915 1451 1949 hoc
1475 1923 1527 1949 est
1548 1915 1645 1961 quod
1666 1915 1739 1949 Au-

178 1967 340 2014 gustinus
363 1967 448 2001 dicit
469 1967 505 2000 in
527 1967 687 2013 quodam
709 1978 878 2001 sermone
900 1968 943 2002 de
967 1969 1142 2008 oratione,
1167 1976 1201 2002 et
1221 1967 1357 2013 jejunio
1378 1967 1423 2014 (q.
1439 1980 1509 2014 230.
1529 1967 1565 2003 de
1585 1966 1756 2014 Temp.):‘

181 2036 199 2055 «
213 2022 395 2068 Jejunium
433 2029 563 2068 purgat
597 2021 768 2063 animam,
802 2030 963 2056 mentem
997 2021 1169 2063 sublevat,
1203 2022 1387 2068 propriam
1421 2032 1568 2055 carnem
1601 2021 1739 2068 spiritui

179 2076 331 2121 subjicit,
351 2086 414 2109 cor
428 2074 513 2109 facit
529 2075 735 2117 contritum,
753 2083 786 2109 et
799 2075 1044 2117 humiliatum,
1060 2075 1376 2121 concupiscentiae
1393 2075 1543 2109 nebulas
1558 2075 1738 2122 dispergit,

179 2129 369 2163 libidinum
392 2129 537 2162 ardores
560 2129 744 2174 extinguit,
772 2129 944 2163 castitatis
964 2140 1091 2163 verum
1112 2128 1236 2162 lumen
1258 2129 1423 2163 accendit
1436 2141 1481 2172 »ς
1508 2127 1602 2163 unde
1628 2136 1737 2174 patet,

181 2182 277 2229 quod
299 2181 474 2227 jejunium
496 2190 548 2215 est
570 2189 669 2215 actus
690 2182 840 2215 virtutis.

252 2235 311 2269 AD
337 2245 485 2270 PRIMUM
513 2246 600 2280 ergo
627 2235 833 2277 dicendum,
861 2234 958 2280 quod
989 2235 1177 2281 contingit,
1200 2235 1297 2281 quod
1320 2235 1447 2282 aliquis
1471 2244 1582 2278 actus,
1613 2235 1674 2282 qui
1697 2246 1740 2269 ex

182 2300 314 2336 genere
344 2299 410 2322 suo
438 2296 490 2322 est
515 2288 708 2330 virtuosus,
736 2299 777 2322 ex
805 2287 981 2334 aliquibus
1009 2289 1286 2323 circumstantiis
1310 2289 1485 2334 adjunctis
1511 2289 1670 2323 redditur
1693 2288 1741 2322 vi-

181 2343 314 2384 tiosus;
336 2342 430 2376 unde
451 2341 585 2375 ibidem
607 2341 751 2375 dicitur:
776 2342 858 2375 Esse
881 2343 913 2374 in
929 2341 1038 2375 [liebus
1061 2343 1183 2387 jejunii
1208 2343 1308 2376 vestri
1336 2343 1504 2377 invenitur
1521 2342 1674 2377 voluntas
1690 2354 1741 2376 ve:-

181 2402 272 2437 stra;
297 2404 331 2430 et
345 2395 453 2442 paulo
470 2403 550 2441 post
569 2395 746 2429 subditur:
770 2394 824 2429 Ad
843 2395 922 2436 lites,
944 2399 971 2428 at
989 2396 1205 2430 collimitiones
1218 2397 1391 2441 jejunatis,
1406 2400 1434 2430 et
1445 2397 1617 2442 percutitis
1629 2402 1741 2442 pugno

182 2451 302 2496 impie;
331 2450 427 2495 quod
451 2459 633 2495 exponens
657 2448 810 2493 Gregor.
826 2448 860 2481 in
877 2448 1014 2483 Pastor.
1037 2449 1141 2494 (part.
1160 2461 1186 2494 3.
1210 2455 1280 2495 cup.
1297 2449 1382 2494 20),
1404 2449 1505 2483 dicit:
1531 2448 1741 2484 «Voluntas

185 2504 228 2538 ad
250 2503 423 2537 laetitiam
447 2503 609 2548 pertinet,
625 2513 766 2548 pugnus
781 2502 824 2535 ad
839 2502 947 2543 iram3
970 2502 1151 2536 incassum
1167 2514 1252 2547 ergo
1270 2503 1597 2548 per-abstinentiam
1613 2513 1742 2548 corpus

185 2557 355 2598 atteritur,
378 2557 406 2590 si
428 2556 641 2590 inordinatis
663 2555 819 2589 motibus
843 2555 988 2589 dimissa
1012 2567 1112 2589 mens
1135 2556 1229 2590 vitiis
1252 2556 1441 2601 dissipatur
1454 2568 1495 2598 »3
1529 2564 1563 2590 et
1590 2555 1742 2601 August.

184 2611 220 2644 in
242 2610 426 2655 praedicto
449 2620 617 2643 sermone
641 2609 736 2649 dicit,
759 2609 854 2654 quod
881 2609 1087 2653 «jejunium
1110 2609 1367 2643 verbositatem
1385 2620 1459 2643 non
1479 2616 1586 2651 amat,
1609 2608 1745 2642 divitia-

186 2675 266 2697 rum
303 2663 584 2708 superfluitatem
622 2662 768 2707 judicat,
807 2662 1009 2707 superbiam
1044 2663 1188 2708 spernit,
1222 2663 1465 2696 humilitatem
1501 2661 1744 2705 commendat,

186 2725 343 2763 praestat
364 2716 502 2750 homini
527 2716 684 2761 seipsum
707 2715 919 2760 intelligere,
943 2716 1037 2760 quod
1062 2724 1114 2749 est
1137 2715 1330 2757 infirmum,
1354 2724 1387 2750 et
1408 2715 1532 2761 fragile
1551 2729 1582 2749 ».

259 2771 318 2803 AD
341 2780 547 2804 SECUNDUM
569 2769 774 2810 dicendum,
797 2768 892 2814 quod
916 2769 1075 2802 medium
1099 2769 1237 2803 virtutis
1257 2780 1329 2803 non
1350 2769 1522 2814 accipitur
1543 2768 1742 2803 secundum

189 2823 437 2868 quantitatem,
452 2823 513 2857 sed
530 2822 726 2857 secundum
739 2822 915 2856 rationem
933 2829 1080 2863 rectam,
1096 2830 1133 2855 ut
1148 2822 1276 2856 dicitur
1291 2822 1325 2855 in
1343 2832 1374 2856 2.
1388 2821 1547 2856 Ethicor.
1562 2823 1649 2868 (cap.
1669 2821 1722 2866 6.)

190 2876 280 2910 ratio
304 2884 423 2910 autem
445 2876 589 2921 judicat,
611 2876 707 2922 quod
729 2883 874 2922 propter
896 2875 1050 2921 aliquam
1080 2875 1273 2920 specialem
1302 2886 1448 2909 causam
1479 2874 1606 2921 aliquis
1627 2874 1740 2909 home
