1859 3122
171 147 260 189 194
566 145 788 180 QUAESTIO
824 146 939 175 XXIV.
968 145 1211 175 ARTICULUS
1246 146 1340 176 VIII.

172 227 208 260 in
230 227 303 260 via:
326 238 400 260 non
422 234 544 260 tamen
564 234 617 260 est
636 226 841 260 communis
857 227 1023 261 omnibus
1038 227 1251 261 habentibus
1275 227 1505 261 charitatem:
1526 230 1620 263 tertio
1634 228 1729 263 modo

172 280 231 321 ita,
254 280 349 326 quod
370 279 599 313 habitualiter
621 279 748 325 aliquis
770 287 887 313 totum
904 291 966 313 cor
981 291 1087 313 suum
1104 288 1216 325 ponat
1233 280 1268 313 in
1283 280 1383 322 Deo3
1406 280 1454 314 ita
1475 280 1612 315 scilicet
1633 282 1730 328 quod

171 333 262 366 nihil
284 333 428 378 cogitet,
450 332 508 366 vel
529 332 625 374 velit,
653 332 749 378 quod
776 332 917 366 divinae
944 332 1130 367 dilectioni
1156 333 1200 366 sit
1226 334 1465 376 contrarium3
1489 341 1523 368 et
1543 334 1634 368 haec
1656 346 1732 381 per-

171 385 280 420 fectio
304 394 355 420 est
378 385 584 419 communis
607 385 774 419 omnibus
798 385 1010 420 charitatem
1032 385 1255 420 habentibus.

241 440 301 473 AD
323 450 471 473 PRIMUM
503 450 589 484 ergo
613 438 818 480 dicendum,
849 439 944 484 quod
967 439 1094 484 Apost.
1122 447 1231 484 negat
1256 438 1299 473 de
1326 450 1362 472 se
1389 439 1648 484 perfectionem
1673 451 1731 486 pa-

170 492 275 534 triae3
298 492 391 526 unde
416 491 517 526 Glos.
543 492 644 537 (Aug.
669 492 723 526 lib.
746 503 776 526 2.
800 492 835 526 de
857 493 1025 526 Peccator.
1047 493 1130 526 Mer.
1146 497 1176 526 et
1192 493 1307 527 Remis.
1328 498 1400 538 cap.
1425 494 1501 538 13.),
1524 492 1660 526 ibidem
1682 493 1729 526 di-

171 545 228 586 cit,
252 545 348 591 quod
375 544 552 591 perfectus
580 553 655 579 erat
680 545 807 587 viator,
834 544 895 578 sed
922 545 1085 578 nondum
1112 545 1221 590 ipsius
1248 545 1383 579 itineris
1409 545 1631 591 perfectione
1657 557 1732 592 per-

170 605 307 631 ventor.

240 651 299 685 AD
323 661 530 685 SECUNDUM
551 651 756 692 dicendum,
771 651 868 696 quod
887 650 958 684 hoc
979 651 1108 684 dicitur
1126 658 1270 697 propter
1287 650 1620 696 peccata'venialia,
1641 662 1730 697 quae

169 715 243 737 non
271 704 535 738 contrariantur
561 704 700 737 habitui
727 703 920 745 charitatis,
948 704 1011 737 sed
1038 703 1147 738 actui:
1171 711 1204 737 et
1226 703 1274 736 ita
1295 714 1369 737 non
1393 711 1596 749 repugnant
1621 703 1732 750 perfe-

170 757 281 792 ctioni
301 757 392 799 viae,
415 757 477 791 sed
500 756 715 803 perfectioni
736 757 882 802 patriae.

241 810 300 845 AD
323 821 494 845 TERTIUM
517 811 722 852 dicendum,
738 810 834 855 quod
852 809 1025 854 perfectio
1040 809 1119 844 viae
1138 821 1211 843 non
1231 817 1284 843 est
1304 809 1476 855 perfectio
1499 809 1730 855 simpliciter3

170 871 204 897 et
226 863 307 897 ideo
329 874 472 909 semper
494 863 612 905 habet,
636 874 707 909 quo
732 871 878 897 crescat.

245 987 251 1018 l
741 993 1083 1037 ARTICULUS
1114 993 1190 1035 IX.
1665 1015 1728 1051 132

169 1100 323 1131 UTRUM
357 1101 695 1131 CONVENIENTER
723 1101 1083 1130 DISTINGUANTUR
1111 1101 1214 1130 TRES
1243 1100 1414 1130 GRADUS
1449 1100 1725 1130 CHARITATls:

501 1166 729 1205 INCIPIENS,
764 1166 1033 1204 PROFICIENS,
1065 1166 1120 1194 ET
1152 1165 1388 1195 PERFECTA.

265 1253 366 1299 (Infr.
385 1265 414 1299 q.
437 1254 502 1299 183.
521 1259 584 1287 art.
606 1264 638 1297 4.
662 1258 692 1288 et
709 1265 738 1298 q.
761 1254 835 1297 184.
858 1258 920 1287 art.
943 1264 973 1287 2.
997 1259 1024 1287 el
1045 1259 1150 1298 opusc.
1171 1253 1221 1287 61.
1244 1258 1315 1298 cap.
1337 1264 1367 1287 2.
1392 1257 1418 1286 et
1440 1253 1525 1286 PsaL
1549 1254 1632 1298 24).

240 1341 299 1375 AD
326 1352 467 1375 NONUM
493 1341 543 1375 sic
574 1341 789 1387 proceditur.
817 1340 978 1382 Videtur,
1006 1340 1101 1386 quod
1136 1340 1432 1374 inconvenienter
1465 1340 1728 1386 distinguantur

170 1400 231 1429 tres
252 1395 382 1440 gradus
405 1394 608 1453 charitatis;
631 1394 783 1428 scilicet:
807 1395 951 1428 charitas
980 1395 1148 1440 incipiens,
1180 1395 1368 1440 proficiens,
1401 1402 1434 1427 et
1449 1394 1614 1439 perfecta:
1637 1394 1728 1428 inter

168 1447 384 1493 principium
407 1447 504 1481 enim
527 1447 720 1489 charitatis,
743 1455 777 1481 et
799 1448 872 1492 ejus
895 1447 1061 1480 ultimam
1088 1446 1346 1506 perfectionem
1368 1455 1449 1480 sunt
1470 1446 1575 1480 multi
1597 1447 1728 1492 gradus

169 1500 298 1543 medii3
320 1511 394 1533 non
418 1511 504 1546 ergo
527 1512 641 1533 unum
663 1500 782 1534 solum
806 1500 968 1533 medium
990 1500 1110 1533 debuit
1132 1500 1228 1544 poni.

239 1564 270 1588 2
300 1554 535 1588 PRAETEREA.
565 1554 696 1588 Statim
719 1565 802 1587 cum
825 1553 980 1587 charitas
1001 1553 1125 1599 incipit
1147 1565 1236 1595 esse,
1258 1553 1383 1598 incipit
1405 1536 1514 1587 etiam
1532 1552 1728 1598 proficere3

167 1619 241 1641 non
263 1618 349 1653 ergo
372 1607 476 1641 debet
497 1607 666 1653 distingui
689 1607 843 1641 charitas
864 1606 1055 1653 proficiens
1078 1618 1097 1640 a
1117 1607 1288 1641 charitate
1310 1607 1514 1652 incipiente.

242 1672 270 1706 3.
293 1661 528 1695 PRAETEREA.
554 1636 902 1706 Quoantumcumque
925 1659 1052 1706 aliquis
1071 1660 1201 1693 habeat
1215 1660 1251 1693 in
1264 1660 1335 1693 hoc
1356 1660 1492 1693 mundo
1513 1659 1727 1694 charitatem

168 1712 375 1759 perfectam,
397 1722 516 1759 potest
537 1715 612 1759 ejus
635 1714 789 1748 charitas
812 1713 947 1759 augeri,
962 1720 999 1746 ut
1014 1713 1149 1746 dictum
1172 1721 1225 1747 est
1245 1712 1324 1756 (art.
1343 1724 1372 1759 7.
1393 1713 1460 1758 huj.
1484 1714 1546 1758 q.).·
1565 1713 1626 1747 sed
1646 1713 1727 1747 cha-

168 1767 309 1801 ritatem
332 1767 454 1812 augeri
477 1775 529 1801 est
550 1768 665 1813 ipsam
681 1766 875 1812 proficere3
899 1778 985 1812 ergo
1002 1767 1156 1800 charitas
1170 1766 1327 1811 perfecta
1342 1777 1414 1800 non
1435 1766 1541 1800 debet
1559 1766 1730 1812 distingui

169 1831 188 1853 a
211 1820 382 1854 charitate
405 1820 633 1866 proficiente:
656 1820 952 1853 inconvenienter
978 1831 1063 1865 ergo
1091 1819 1264 1864 praedicti
1290 1828 1360 1853 tres
1388 1820 1518 1864 gradus
1546 1819 1728 1854 charitatis

169 1873 404 1919 assignantur.

241 1926 314 1960 SED
338 1936 492 1960 CONTRA
512 1934 575 1967 est,
591 1925 687 1972 quod
702 1925 854 1971 August.
879 1925 963 1959 dicit
985 1937 1090 1971 super
1108 1936 1134 1959 1.
1157 1925 1298 1959 Canon.
1317 1925 1419 1970 Joan.
1436 1925 1550 1970 (tract.
1565 1925 1627 1970 5.):
1645 1925 1729 1960 Cha-

168 1981 262 2022 ritas,
285 1992 358 2014 cum
385 1980 493 2025 suerit
515 1984 606 2020 nata,
641 1980 801 2020 nutritur,
832 1979 927 2024 quod
954 1979 1105 2024 pertinet
1128 1979 1168 2011 ad
1191 1978 1422 2023 incipientes:
1446 1990 1519 2012 cnm.
1534 1978 1643 2024 suerit
1670 1991 1728 2012 nu-

169 2034 259 2075 trita,
282 2034 472 2074 roboratur,
497 2032 593 2078 quod
616 2032 770 2078 pertinet
791 2032 835 2065 ad
856 2031 1100 2077 proficientes:
1124 2043 1197 2065 sum
1216 2031 1324 2076 fuerit
1346 2032 1515 2074 roborata,
1537 2032 1724 2077 perficitur,

169 2086 265 2132 quod
287 2086 439 2132 pertinet
461 2086 504 2119 ad
527 2085 723 2131 perfectos;
746 2096 832 2130 ergo
855 2092 908 2118 est
928 2084 1057 2130 triplex
1078 2084 1208 2130 gradus
1231 2084 1423 2118 charitatis.

239 2139 467 2174 RESPONDEO
490 2139 696 2179 dicendum,
719 2138 815 2183 quod
836 2137 1019 2183 spirituale
1042 2144 1277 2182 augmentum
1301 2137 1483 2170 charitatis
1507 2137 1727 2171 considerari

169 2200 287 2238 potest
308 2201 481 2238 quantum
505 2192 547 2226 ad
568 2192 701 2237 aliquid
723 2190 839 2225 simile
859 2190 1039 2237 corporali
1059 2190 1218 2224 hominis
1237 2198 1445 2235 augmento,
1462 2190 1557 2235 quod
1581 2190 1727 2236 quidem

169 2246 332 2291 quamvis
351 2246 386 2278 in
402 2245 574 2290 plurimas
589 2253 706 2290 partes
721 2244 889 2289 distingui
908 2244 1038 2289 possit;
1052 2243 1160 2276 habet
1177 2251 1299 2276 tamen
1315 2242 1451 2288 aliquas
1471 2243 1725 2277 determinatas

170 2299 416 2332 distinctiones
439 2299 637 2332 secundum
661 2297 915 2331 determinatas
938 2297 1109 2337 actiones,
1124 2295 1181 2329 vel
1196 2296 1323 2337 studia,
1339 2296 1381 2329 ad
1404 2307 1495 2341 quae
1517 2296 1631 2330 homo
1651 2307 1727 2342 per-

169 2351 308 2386 ducitur
329 2363 392 2398 per
414 2359 668 2397 augmentum:
692 2351 783 2384 sicut
800 2350 963 2396 infantilis
985 2357 1081 2383 aetas
1100 2349 1238 2390 dicitur,
1259 2357 1450 2394 antequam
1470 2349 1600 2383 habeat
1621 2360 1726 2383 usum

168 2406 333 2440 rationis:
351 2411 463 2451 postea
485 2413 605 2438 autem
628 2404 855 2449 distinguitur
882 2403 970 2437 alius
998 2411 1109 2436 status
1135 2403 1305 2443 hominis,
1334 2403 1477 2448 quando
1503 2403 1575 2447 jam
1602 2402 1727 2448 incipit

168 2458 279 2504 loqui,
301 2466 335 2492 et
356 2459 494 2492 ratione
517 2458 584 2492 uti:
608 2458 735 2491 iterum
760 2458 871 2491 tertius
892 2464 1003 2490 status
1031 2457 1105 2501 ejus
1128 2463 1180 2489 est
1201 2456 1378 2501 pubertas,
1403 2467 1486 2489 cum
1507 2457 1579 2500 jam
1601 2455 1726 2501 incipit

168 2523 273 2558 posse
296 2522 486 2557 generare:
510 2518 544 2544 et
565 2510 615 2544 sic
639 2510 778 2551 deinde,
794 2520 980 2555 quousque
1002 2508 1228 2555 perveniatur
1247 2508 1289 2541 ad
1309 2507 1524 2554 perfectum3
1546 2510 1594 2542 ita
1617 2508 1725 2542 etiam

168 2565 297 2598 diversi
312 2564 441 2610 gradus
457 2563 639 2597 charitatis
655 2563 920 2608 distinguuntur
934 2562 1132 2596 secundum
1149 2561 1288 2595 diversa
1303 2561 1430 2603 studia,
1446 2561 1488 2595 ad
1506 2572 1596 2606 quae
1611 2561 1724 2595 homo

167 2618 372 2664 perducitur
394 2629 457 2663 per
485 2616 666 2651 charitatis
694 2623 947 2661 augmentum:
970 2626 1055 2648 nam
1072 2615 1184 2660 primo
1211 2615 1354 2660 quidem
1384 2614 1558 2648 incumbit
1584 2614 1726 2649 homini

168 2671 325 2705 studium
347 2669 542 2716 principale
566 2670 608 2703 ad
631 2669 873 2703 recedendum
892 2680 911 2702 a
933 2675 1095 2714 peccato,
1111 2676 1144 2701 et
1163 2669 1398 2702 resistendum
1423 2667 1724 2713 concupiscentiis

169 2725 254 2769 ejus,
277 2735 367 2770 quae
389 2724 423 2757 in
447 2723 667 2757 contrarium
691 2722 872 2755 charitatis
895 2729 1061 2755 movent:
1086 2729 1119 2754 et
1141 2721 1210 2755 hoc
1233 2722 1385 2767 pertinet
1403 2722 1445 2755 ad
1469 2722 1663 2767 incipientes,
1687 2720 1724 2754 in

168 2777 293 2822 quibus
317 2777 470 2810 charitas
493 2785 546 2810 est
566 2776 765 2816 nutrienda,
787 2774 846 2809 vel
866 2773 1032 2816 fovenda,
1047 2786 1092 2808 ne
1112 2783 1372 2820 corrumpatur.
1396 2774 1578 2809 Saczmdmn
1601 2782 1721 2808 autem

168 2830 324 2864 studium
347 2830 516 2872 succedit,
542 2838 579 2864 ut
600 2830 712 2863 homo
736 2827 979 2875 principaliter
1000 2828 1161 2861 intendat
1183 2828 1226 2861 ad
1250 2828 1330 2869 hoc,
1353 2827 1449 2873 quod
1472 2827 1507 2860 in
1529 2827 1624 2860 bono
1647 2837 1725 2873 pro-
