1859 3122
499 162 720 199 QUAESTIO
753 162 872 192 XXXI.
906 162 1150 193 ARTICULUS
1184 163 1244 193 111.
1564 165 1648 207 257

88 245 170 279 ideo
193 252 346 291 oportet,
368 245 464 290 quod
488 245 531 278 ad
554 245 669 290 magis
696 245 918 291 propinquos
941 245 1052 279 51111115
1079 245 1195 291 magis
1222 245 1396 280 benefici:
1425 245 1486 279 sed
1509 245 1652 291 propin-

89 299 204 345 quitas
243 298 346 332 unius
373 298 533 332 hominis
556 299 599 332 ad
623 298 732 332 alium
761 306 879 344 potest
906 299 1041 332 attendi
1063 299 1261 333 secundum
1285 299 1436 341 diversa,
1459 299 1494 332 in
1521 299 1648 345 quibus

88 352 154 386 sibi
181 352 223 386 ad
245 352 400 386 invicem
423 352 591 386 homines
612 352 903 393 communicant3
920 360 957 386 ut
973 353 1236 397 consanguinei
1254 353 1289 386 in
1312 352 1466 386 naturali
1489 364 1651 386 commu-

88 406 280 446 nicatione,
299 406 470 439 concives
488 406 523 439 in
547 406 653 446 civili,
676 404 798 439 fideles
816 405 852 438 in
875 405 1060 450 spirituali,
1083 414 1117 439 et
1138 406 1188 439 sic
1208 406 1251 440 de
1275 406 1362 440 aliis.
1386 406 1429 440 Et
1451 406 1649 440 secundum

87 459 244 493 diversas
266 460 540 503 conjunctiones
559 467 640 493 sunt
658 458 899 492 diversimode
919 459 1058 492 diversa
1081 459 1255 492 beneficia
1283 459 1540 505 dispensanda:
1564 470 1649 492 nam

87 512 279 558 unicuique
306 520 358 546 est
384 513 498 558 magis
518 512 758 546 exhibendum
779 511 994 545 beneficium
1014 513 1195 556 pertinens
1223 513 1267 546 ad
1288 512 1390 546 illam
1414 524 1502 554 rem,
1525 524 1650 546 secun-

87 566 174 599 dum
200 577 308 611 quam
339 574 391 599 est
420 566 535 610 magis
564 565 667 599 nobis
699 566 926 609 conjunctus,
953 565 1165 611 simpliciter
1195 565 1399 611 loquendo:
1422 574 1543 600 tamen
1579 566 1649 599 hoc

85 627 203 666 potest
222 619 353 653 variari
370 620 570 653 secundum
593 619 836 652 diversitatem
850 618 1030 660 locorum,
1046 627 1080 652 61
1101 627 1321 664 temporum,
1338 627 1372 653 et
1392 619 1642 664 negotiorum:

87 684 172 706 nam
198 673 234 706 in
257 672 377 719 aliquo
401 684 485 706 casu
501 681 553 706 est
573 672 689 717 magis
706 672 991 706 subveniendum
1015 680 1198 715 extraneo,
1218 680 1302 718 puta
1322 672 1350 706 si
1372 673 1466 706 sitin
1489 681 1650 706 extrema

87 726 311 768 necessitate,
331 738 440 772 quam
459 726 567 759 etiam
589 726 679 771 patri
700 736 773 759 non
792 733 930 759 tantam
951 725 1205 759 necessitatem
1227 726 1386 771 patienti.

159 781 218 814 AD
245 791 393 815 pumen
422 791 508 825 ergo
531 779 735 820 dicendum,
759 779 855 825 quod
877 779 1058 812 Dominus
1081 790 1155 812 non
1177 779 1344 825 prohibet
1365 779 1574 826 simpliciter
1591 791 1651 813 vo-

88 845 169 868 care
193 834 342 875 amicos,
358 842 418 867 aut
440 832 731 878 consanguineos
754 832 797 866 ad
820 833 1040 874 convivium,
1063 833 1126 867 sed
1148 844 1280 867 vocare
1296 844 1359 867 eos
1381 844 1422 867 ea
1439 833 1649 875 intentione,

88 887 184 933 quod
211 895 244 921 te
265 887 333 933 ipsi
359 887 566 920 reinvitent:
590 886 660 920 hoc
688 886 785 920 enim
806 897 879 920 non
902 886 967 920 erit
989 886 1184 928 charitatis,
1207 887 1269 920 sed
1291 887 1504 932 cupiditatis.
1527 887 1651 920 Potest

87 948 209 974 tamen
229 940 452 985 contingere,
471 940 567 986 quod
583 939 742 974 extranei
764 939 834 973 sint
855 939 971 985 magis
997 939 1171 973 invitandi
1192 940 1228 973 in
1251 939 1372 986 aliquo
1388 951 1485 982 casu,
1507 948 1651 986 propter

88 995 265 1039 majorem
286 993 540 1039 indigentiam:
560 992 835 1038 intelligendum
859 1001 912 1027 est
927 994 1035 1034 enim,
1054 993 1151 1038 quod
1172 993 1288 1039 magis
1311 994 1512 1038 conjunctis
1534 993 1651 1039 magis

88 1055 151 1089 est,
171 1048 320 1081 caeteris
346 1047 501 1093 paribus,
523 1045 841 1081 benefaciendum:
864 1046 893 1080 si
913 1054 1033 1080 31116111
1060 1046 1215 1080 duorum
1237 1058 1328 1081 unus
1351 1055 1404 1081 est
1430 1047 1546 1092 magis
1569 1058 1652 1080 con-

87 1102 241 1147 junctus,
264 1108 298 1134 et
324 1100 413 1134 alter
441 1100 557 1145 magis
588 1100 765 1146 indigem,
792 1111 865 1133 non
893 1108 1011 1146 potest
1037 1100 1231 1134 universali
1256 1100 1382 1145 regula
1409 1100 1650 1143 determinari,

88 1155 146 1188 cui
167 1154 210 1188 sit
232 1154 347 1199 magis
368 1153 674 1195 subveniendum,
696 1153 779 1199 quia
805 1161 887 1187 sunt
914 1153 1046 1187 diversi
1068 1154 1197 1199 gradus
1213 1162 1248 1188 et
1269 1154 1499 1199 indigentiae,
1514 1162 1549 1188 et
1569 1165 1649 1200 pro-

87 1207 308 1254 pinquitatis:
332 1207 394 1241 sed
416 1207 486 1241 hoc
508 1207 656 1252 requirit
676 1207 860 1252 prudentis
881 1207 1065 1252 judicium.

158 1261 217 1295 AD
240 1271 446 1295 SECUNDUM
468 1260 672 1302 dicendum,
699 1260 795 1305 quod
817 1260 955 1293 bonum
976 1259 1175 1294 multorum
1198 1271 1393 1295 commune
1412 1261 1564 1295 divinius
1588 1269 1650 1303 est,

87 1326 197 1360 quam
218 1315 355 1348 bonum
378 1314 499 1355 unius3
517 1313 611 1347 unde
634 1324 698 1359 pro
717 1313 814 1347 bono
839 1313 1027 1347 communi
1048 1313 1294 1359 Reipublicae,
1308 1314 1367 1348 vel
1385 1314 1571 1360 spirituali,
1593 1314 1651 1348 vel

86 1367 289 1414 temporali,
311 1367 512 1401 virtuosum
540 1375 603 1408 est,
626 1367 722 1412 quod
751 1366 878 1413 aliquis
906 1367 1015 1400 etiam
1042 1367 1227 1413 propriam
1248 1367 1359 1401 vitam
1383 1376 1538 1414 exponat
1564 1368 1650 1414 peri-

89 1421 190 1463 culo;
217 1429 251 1455 et
276 1421 370 1463 ideo,
394 1432 478 1454 curn
493 1420 778 1454 communicatio
807 1422 842 1454 in
869 1420 1006 1454 bellicis
1026 1421 1163 1455 actibus
1191 1421 1375 1455 ordinetur
1397 1421 1440 1455 ad
1463 1433 1650 1455 conserva-

87 1474 227 1508 tionem
253 1473 497 1520 Reipublicae,
516 1474 551 1507 111
569 1474 640 1507 hoc
660 1473 763 1508 miles
789 1474 1000 1519 impendens
1023 1474 1267 1508 commilitoni
1290 1474 1474 1517 auxilium,
1492 1486 1565 1508 non
1587 1475 1650 1508 im-

88 1528 211 1573 pendit
226 1528 258 1561 ei
273 1536 459 1573 tamquam
474 1528 632 1573 privatae
649 1539 835 1573 personae,
848 1528 908 1561 sed
924 1528 1015 1562 516111
1029 1535 1145 1561 1013111
1160 1528 1439 1574 Rempublicam
1453 1529 1600 1574 juvans3
1616 1536 1651 1562 et

87 1581 169 1615 ideo
181 1592 255 1615 non
266 1589 318 1615 est
329 1581 472 1622 mirum,
489 1581 516 1614 si
530 1581 567 1613 in
578 1581 648 1614 hoc
660 1580 857 1626 praefertur
869 1589 1056 1615 extraneus
1069 1581 1263 1625 conjuncto
1279 1582 1479 1615 secundum
1491 1592 1648 1615 carnem.

158 1635 218 1668 AD
250 1645 420 1668 TERTIUM
442 1634 647 1675 dicendum,
671 1634 766 1680 quod
794 1634 913 1680 duplex
935 1643 988 1668 est
1014 1635 1184 1668 debitum.
1227 1636 1336 1669 Unum
1367 1635 1525 1680 quidem,
1552 1636 1648 1681 quod

87 1700 162 1723 non
184 1696 237 1722 est
261 1688 527 1722 numerandum
553 1688 589 1721 in
611 1688 715 1721 bonis
737 1689 825 1733 ejus,
847 1689 906 1733 qui
929 1688 1046 1730 debet,
1073 1689 1135 1722 sed
1157 1688 1276 1734 potius
1297 1688 1333 1721 in
1352 1688 1455 1722 bonis
1482 1689 1569 1733 ejus,
1592 1689 1650 1722 6111

87 1742 250 1776 debetur:
274 1750 358 1787 puta
392 1741 422 1775 si
455 1741 582 1787 aliquis
604 1741 713 1775 habet
742 1741 945 1787 pecuniam,
969 1750 1028 1775 aut
1050 1753 1127 1775 rern
1149 1741 1258 1775 aliam
1291 1741 1448 1783 alterius,
1470 1741 1528 1776 vel
1554 1741 1648 1776 furto

87 1795 277 1836 sublatam,
298 1794 356 1828 vel
374 1802 501 1828 mutuo
524 1802 723 1839 acceptam,
743 1794 817 1828 sive
840 1794 1055 1840 depositam,
1075 1795 1133 1829 vel
1151 1795 1272 1841 aliquo
1296 1795 1367 1829 alio
1386 1795 1495 1829 simili
1517 1796 1648 1829 modo:

87 1857 122 1883 et
143 1856 317 1894 quantum
340 1848 383 1881 ad
405 1848 476 1881 hoc
499 1847 605 1881 debet
625 1847 740 1881 homo
762 1848 859 1893 prius
882 1848 1030 1881 reddere
1058 1848 1229 1890 debiturn,
1253 1860 1362 1894 quarn
1385 1860 1426 1882 ex
1445 1860 1487 1883 eo
1510 1848 1650 1883 benefa-

87 1914 167 1937 cere
194 1901 417 1947 conjuncti53
443 1901 512 1935 nisi
540 1900 632 1935 forte
660 1909 752 1935 esset
777 1909 898 1935 tantae
925 1902 1149 1936 necessitatis
1177 1902 1359 1943 articulus,
1386 1902 1423 1935 in
1445 1914 1517 1948 quo
1540 1903 1649 1936 etiam

85 1955 211 1990 liceret
230 1955 297 2001 ipsi
322 1966 399 1989 rem
422 1954 578 1989 alienam
606 1954 769 2000 accipere
806 1955 849 1988 ad
876 1954 1163 1988 subveniendum
1193 1955 1446 1989 necessitatem
1480 1956 1648 2002 patienti3

86 2010 155 2044 nisi
174 2009 265 2043 forte
287 2016 320 2043 et
340 2008 412 2050 ille,
435 2008 493 2042 cui
514 2020 570 2043 res
597 2009 758 2050 debetur,
787 2008 823 2042 in
854 2008 962 2042 simili
988 2008 1202 2042 necessitate
1230 2017 1342 2043 esset:
1369 2009 1405 2042 in
1428 2020 1499 2055 quo
1526 2017 1648 2043 tamen

87 2074 171 2098 casu
189 2062 373 2109 pensanda
394 2069 487 2096 esset
507 2063 690 2107 utriusque
713 2061 873 2096 conditio
886 2062 1086 2096 secundum
1106 2061 1192 2096 alias
1213 2062 1439 2096 conditiones
1461 2063 1648 2109 requisitas

87 2116 268 2162 prudentis
289 2115 442 2161 judicio:
466 2115 548 2161 quia
574 2115 611 2149 in
629 2115 758 2149 talibus
784 2127 859 2149 non
886 2123 1005 2161 potest
1026 2115 1238 2150 universalis
1261 2115 1385 2162 regula
1407 2116 1483 2150 dari
1503 2125 1648 2162 propter

86 2170 297 2204 varietatem
323 2168 560 2215 singularium
588 2180 749 2210 casuum,
777 2176 814 2202 ut
835 2168 927 2202 Phil.
957 2169 1043 2202 dicit
1071 2168 1108 2202 in
1141 2180 1173 2215 9.
1200 2169 1316 2203 Ethic.
1342 2169 1427 2216 (cap.
1455 2170 1518 2214 2.).
1544 2170 1649 2204 Aliud

88 2231 208 2257 autem
234 2231 287 2257 est
308 2222 479 2264 debitum,
502 2222 598 2267 quod
621 2230 851 2268 computatur
881 2223 916 2255 in
946 2222 1050 2256 bonis
1078 2223 1164 2267 ejus,
1192 2222 1252 2268 qui
1274 2222 1389 2264 debet,
1413 2231 1447 2257 et
1467 2234 1541 2257 non
1561 2224 1647 2268 ejus,

87 2277 144 2311 cui
166 2276 331 2317 debetur,
361 2284 447 2321 puta
473 2276 502 2309 si
535 2276 705 2310 debeatur
723 2286 797 2309 non
819 2286 861 2309 ex
882 2275 1038 2320 justitiae
1069 2275 1300 2318 necessitate,
1330 2276 1390 2309 sed
1414 2288 1455 2310 ex
1491 2276 1647 2322 quadam

86 2329 218 2364 morali
239 2329 487 2375 aequitate3ut
506 2329 682 2374 contingit
702 2329 739 2362 111
760 2328 944 2362 beneficiis
966 2329 1077 2373 gratis
1092 2329 1287 2373 susceptis:
1303 2328 1434 2363 nullius
1451 2337 1571 2363 autem
1592 2329 1649 2362 be-

86 2383 279 2417 nefactoris
300 2382 517 2417 beneficium
544 2390 597 2417 est
622 2390 774 2423 tantum,
789 2382 879 2416 sicut
894 2389 1104 2427 parentum,
1128 2389 1162 2415 et
1177 2382 1257 2415 ideo
1273 2390 1438 2428 parentes
1456 2383 1492 2416 in
1511 2394 1649 2416 recom—

86 2436 278 2481 pensandis
304 2435 487 2469 beneficiis
517 2443 598 2469 sunt
627 2435 795 2469 omnibus
827 2434 904 2468 aliis
940 2434 1174 2480 praeferendi,
1201 2435 1270 2469 nisi
1295 2436 1490 2469 necessitas
1514 2448 1556 2469 ex
1578 2435 1646 2469 alia

86 2498 186 2535 parte
212 2489 527 2534 praeponderaret,
553 2488 611 2522 vel
641 2488 711 2522 alia
739 2489 917 2530 conditi03
945 2496 1029 2534 puta
1058 2489 1264 2522 communis
1291 2489 1424 2522 utilitas
1451 2488 1647 2530 Ecclesiae,

86 2542 145 2576 vel
165 2541 419 2587 Reipublicae:
442 2542 478 2575 in
501 2541 577 2575 aliis
609 2550 730 2575 autem
758 2549 811 2575 est
833 2541 1036 2575 aestimatio
1064 2541 1230 2575 habenda
1257 2550 1291 2576 et
1313 2542 1591 2585 conjunctionis,
1614 2550 1648 2576 et

86 2595 253 2630 beneficii
274 2595 447 2640 suspecti3
470 2606 560 2640 quae
575 2594 739 2628 similiter
760 2606 833 2628 non
860 2602 978 2640 potest
1005 2595 1193 2628 communi
1214 2595 1337 2640 regula
1359 2595 1599 2628 determinari.

159 2649 218 2682 AD
246 2659 433 2687 QUARTUM
461 2649 664 2689 dicendum,
699 2648 795 2694 quod
827 2657 991 2694 parentes
1022 2656 1103 2681 sunt
1137 2648 1228 2681 sicut
1258 2648 1476 2693 superiores:
1506 2656 1539 2681 et
1565 2648 1646 2682 ideo

89 2713 191 2736 amor
212 2710 402 2748 parentum
421 2710 474 2735 est
495 2702 538 2735 ad
559 2701 871 2742 benefaciendum,
887 2712 990 2734 amor
1013 2709 1133 2734 autem
1152 2701 1309 2734 filiorum
1325 2701 1368 2734 ad
1390 2701 1646 2735 honorandum

87 2763 268 2802 parentes:
298 2763 332 2789 et
369 2763 492 2789 tamen
513 2756 549 2789 in
575 2755 797 2789 necessitatis
820 2762 1001 2788 extremae
1025 2754 1175 2788 articulo
1203 2754 1318 2799 magis
1340 2754 1463 2788 liceret
1484 2754 1646 2789 deserere

88 2808 194 2850 filios,
213 2820 322 2854 quam
343 2815 520 2854 parentes,
542 2819 632 2853 quos
653 2807 754 2841 nullo
776 2808 888 2841 modo
916 2808 1079 2841 deserere
1101 2807 1196 2848 licet,
1218 2816 1364 2852 propter
1385 2807 1645 2853 obligationem

88 2861 348 2896 beneficiorum
370 2869 631 2907 susceptorum,
654 2868 692 2895 ut
712 2869 810 2906 patet
823 2872 885 2906 per
907 2860 1046 2894 Philos.
1062 2861 1098 2894 in
1117 2862 1148 2894 8.
1169 2859 1284 2894 Ethic.
1309 2859 1395 2906 (cap.
1418 2861 1503 2906 ult).
