1859 3122
474 213 692 249 QUAESTIO
727 212 933 242 CLXXVIII.
968 211 1212 241 ARTICULUS
1247 210 1274 239 Ι.
1546 210 1650 251 1155

93 297 186 338 tatis,
209 304 348 342 praeter
369 294 586 329 beneficium
609 305 818 335 commune,
840 292 936 339 quod
959 292 1148 327 exhibetur
1168 292 1203 325 in
1224 291 1391 326 omnibus
1407 290 1602 333 miraculis,
1617 299 1655 325 ut

95 350 234 385 scilicet
255 349 424 383 homines
447 347 669 382 adducantur
688 347 723 380 in
750 347 819 380 Dei
841 346 1018 380 notitiam.

168 404 227 437 AD
250 412 430 442 QUINTUM
454 401 659 442 dicendum,
681 401 777 446 quod
801 400 964 446 operatio
981 398 1241 433 miraculorum
1258 398 1458 432 attribuitur
1479 398 1563 433 fidei
1578 409 1657 444 pro-

96 465 173 503 pter
191 456 253 490 duo
267 457 399 502 :primo
423 455 580 500 quidem,
596 454 677 500 quia
693 453 878 487 ordinatur
894 452 936 486 ad
952 452 1033 486 fidei
1049 452 1365 486 confirmationem
1382 463 1390 486 ι
1411 451 1561 494 secundo,
1573 451 1655 498 quia

95 509 259 556 procedit
277 520 320 543 ex
338 508 408 542 Dei
431 507 707 553 omnipotentia,
730 507 787 540 cui
805 506 892 540 fides
907 506 1089 547 innititur3
1113 514 1148 539 et
1168 513 1292 539 tamen
1315 506 1406 539 sicut
1423 512 1564 550 praeter
1581 516 1657 550 gra-

95 563 184 598 tiam
206 562 287 596 fidei
309 562 510 596 necessaria
533 569 586 595 est
607 561 721 607 gratia
743 560 921 594 sermonis
955 559 999 593 ad
1033 559 1116 593 fidei
1144 559 1442 601 instructionem3
1476 560 1523 592 ita
1546 559 1653 593 etiam

95 616 299 651 necessaria
321 624 373 649 est
395 615 557 661 operatio
581 613 839 648 miraculorum
863 613 906 647 ad
928 612 1010 647 fidei
1033 612 1362 646 confirmationem.

659 755 1002 800 ARTICULUS
1038 755 1093 796 II.
1589 764 1653 809 845

392 864 546 894 UTRUM
578 864 682 893 MALI
714 863 896 893 POSSINT
924 863 1146 893 MIRACULA
1179 863 1357 892 FACERE.

299 952 406 996 (Part.
434 964 461 987 r.
484 964 513 998 q.
540 962 610 987 110.
633 956 695 985 art.
718 963 750 995 4.
778 951 819 985 ad
840 963 870 985 2.
893 956 921 984 et
941 956 1033 996 part.
1052 963 1079 996 3.
1102 962 1130 996 q.
1158 962 1207 995 43.
1230 955 1293 984 art.
1322 962 1348 984 l.
1375 955 1403 984 et
1420 961 1453 994 4.

187 1011 216 1040 et
243 1006 312 1040 Pot.
340 1017 369 1051 q.
393 1006 425 1040 6.
453 1010 516 1039 art.
540 1017 567 1050 5.
595 1004 636 1038 ad
662 1016 693 1050 ι).
720 1009 747 1038 et
769 1009 831 1038 art.
855 1016 886 1048 9.
915 1003 956 1037 ad
978 1015 1007 1049 7.
1033 1009 1062 1038 et
1090 1004 1212 1048 Quodl.
1234 1015 1264 1038 2.
1287 1008 1351 1038 art.
1379 1003 1412 1038 6.
1439 1003 1481 1036 ad
1506 1003 1569 1048 4.).

169 1094 229 1128 AD
252 1104 458 1128 SECUNDUM
485 1093 537 1128 sic
557 1093 773 1139 proceditur.
795 1091 958 1133 Videtur,
981 1092 1077 1137 quod
1105 1091 1193 1125 mali
1217 1103 1291 1125 non
1318 1092 1456 1137 possint
1482 1090 1657 1124 miracula

95 1146 232 1182 facere:
256 1146 430 1181 miracula
452 1148 548 1180 enim
569 1147 806 1192 impetrantur
816 1157 879 1191 per
893 1145 1109 1186 orationem,
1124 1145 1215 1178 sicut
1229 1145 1365 1178 dictum
1380 1153 1433 1178 est
1449 1144 1527 1187 (art.
1542 1151 1657 1190 praec.

97 1201 139 1234 ad
160 1201 225 1244 1.):
248 1200 309 1234 sed
333 1200 448 1234 oratio
475 1199 676 1246 peccatoris
705 1210 779 1232 non
810 1206 862 1232 est
891 1197 1113 1239 exaudibilis,
1135 1198 1336 1232 secundum
1368 1197 1456 1231 illud
1474 1197 1578 1242 Joan.
1605 1208 1658 1244 9.;

96 1254 237 1296 Scimus,
257 1255 336 1299 quia
354 1258 543 1300 peccatores
568 1253 658 1287 Deus
684 1265 749 1287 non
775 1253 879 1294 audit,
915 1261 949 1286 et
967 1251 1138 1286 Proverb.
1170 1251 1225 1285 28.
1254 1251 1396 1285 dicitur:
1422 1252 1493 1296 Qui
1518 1251 1660 1286 declinat

96 1318 192 1341 aures
211 1318 295 1347 suas,
318 1319 356 1340 ne
373 1306 488 1340 audiat
505 1306 616 1352 legem,
639 1308 745 1341 oratio
765 1309 832 1353 ejus
853 1307 913 1340 erit
935 1306 1126 1340 execrabilis
1138 1318 1150 1346 ‚·
1175 1316 1261 1351 ergo
1282 1305 1435 1346 videtur,
1455 1305 1551 1350 quod
1572 1304 1658 1338 mali

97 1359 271 1394 miracula
292 1359 410 1393 facere
432 1370 506 1393 non
528 1360 675 1406 possint.

169 1423 199 1447 2.
222 1413 458 1447 PRAETEREA.
481 1413 656 1447 Miracula
679 1413 916 1447 attribuuntur
937 1412 1032 1454 fidei,
1055 1412 1254 1446 secundum
1270 1411 1357 1445 illud
1379 1411 1506 1445 Matth.
1534 1422 1604 1456 17.:
1625 1411 1660 1445 51·

97 1468 277 1502 habueritis
293 1467 400 1509 fidem,
421 1469 505 1502 sicut
524 1479 667 1513 granum
688 1469 823 1513 sinapis,
839 1467 948 1502 dicetis
967 1468 1070 1500 monti
1092 1466 1187 1506 lmic;
1210 1467 1316 1500 transi
1337 1465 1425 1508 hinc,
1441 1471 1470 1500 et
1485 1465 1658 1500 transibit:

93 1521 171 1566 fides
186 1529 306 1554 autem
319 1522 386 1555 sine
404 1522 556 1567 operibus
576 1526 709 1555 mortua
723 1527 778 1563 cst,
799 1529 836 1555 ut
851 1521 978 1554 dicitur
988 1519 1115 1565 Jacobi
1129 1530 1172 1561 2.,
1187 1527 1222 1553 et
1235 1519 1287 1553 sic
1306 1530 1381 1553 non
1395 1519 1547 1561 videtur,
1562 1518 1659 1564 quod

97 1574 231 1608 habeat
252 1574 435 1620 propriam
457 1574 726 1620 operationem3
750 1585 836 1620 ergo
859 1574 999 1608 videtur
1025 1573 1122 1619 quod
1149 1572 1247 1614 mali,
1269 1573 1330 1618 qui
1351 1584 1424 1606 non
1446 1580 1529 1606 sunt
1549 1572 1660 1606 bono-

99 1639 179 1661 rum
203 1639 354 1673 operum
377 1627 562 1672 operativi,
582 1627 755 1661 miracula
778 1627 895 1661 facere
917 1638 991 1661 non
1008 1627 1157 1673 possint.

175 1692 203 1725 3.
226 1680 462 1714 PRAETEREA.
485 1680 658 1714 Miracula
682 1689 763 1714 sunt
785 1680 963 1727 quaedam
986 1680 1106 1713 divina
1123 1679 1343 1721 testimonia,
1359 1680 1557 1713 secundum
1571 1678 1659 1712 illud

99 1734 142 1768 ad
163 1734 270 1767 Hebr.
295 1743 345 1767 2.:
375 1734 580 1768 Contestante
606 1735 678 1768 Deo
698 1736 811 1780 signis,
835 1740 863 1768 et
889 1735 1061 1780 portentis,
1089 1738 1118 1767 et
1145 1734 1252 1767 variis
1277 1734 1477 1773 virtzctibzts;
1505 1732 1600 1766 unde
1627 1740 1661 1766 et

99 1787 135 1821 in
156 1787 320 1821 Ecclesia
342 1786 452 1832 aliqui
474 1787 733 1821 canonizantur
758 1799 820 1833 per
845 1787 1053 1821 testimonia
1080 1785 1358 1820 miraculorum:
1382 1785 1442 1820 sed
1464 1786 1564 1819 Deus
1585 1796 1660 1819 non

98 1848 217 1887 potest
238 1851 314 1874 esse
336 1840 434 1874 testis
455 1838 639 1882 falsitatis3
662 1852 750 1886 ergo
772 1841 924 1882 videtur,
948 1840 1045 1886 quod
1067 1839 1154 1873 mali
1169 1839 1338 1873 homines
1353 1850 1427 1873 non
1441 1839 1581 1885 possint
1598 1838 1662 1872 mi-

99 1892 222 1927 racula
242 1892 372 1927 facere.

171 1957 203 1989 4.
226 1946 461 1981 PRAETEREA.
486 1947 578 1980 Boni
596 1955 678 1981 sunt
698 1947 779 1981 Deo
803 1947 1081 1993 conjunctiores,
1104 1958 1213 1993 quarn
1235 1947 1340 1980 mali:
1363 1947 1424 1981 sed
1443 1958 1518 1980 non
1533 1957 1660 1980 omnes

98 2000 184 2034 boni
206 1999 342 2034 faciunt
363 1999 558 2042 miracula3
581 2011 668 2046 ergo
691 2000 806 2034 multo
828 2000 948 2034 minus
970 2000 1057 2034 mali
1077 1999 1224 2034 faciunt.

172 2053 246 2087 SED
266 2063 421 2087 CONTRA
443 2061 506 2095 est,
529 2054 624 2099 quod
640 2053 726 2087 dicit
739 2054 866 2099 Apost.
886 2064 913 2087 1.
937 2054 980 2088 ad
1001 2053 1087 2088 Cor.
1107 2065 1177 2099 13.:
1200 2053 1235 2088 Si
1248 2054 1390 2088 halmero
1407 2065 1534 2087 omnem
1544 2052 1659 2099 fidem,

100 2108 148 2141 ita
163 2112 197 2140 nt
211 2111 332 2140 montes
346 2106 559 2152 transferam,
575 2107 769 2141 charitatem
781 2112 887 2141 antem
902 2119 967 2141 non
981 2107 1138 2148 habuero,
1154 2107 1337 2142 nihilsum:
1361 2107 1422 2141 sed
1441 2107 1660 2153 quicumque

100 2170 174 2193 non
201 2159 309 2193 habet
335 2159 559 2201 charitatem,
587 2168 639 2193 est
664 2159 801 2202 malus;
823 2160 906 2206 quia
930 2160 1032 2194 «hoc
1060 2159 1179 2194 solum
1202 2161 1337 2194 donum
1362 2160 1513 2206 Spiritus
1537 2159 1662 2194 Sancti

102 2220 166 2253 est,
185 2212 282 2258 quod
305 2212 428 2246 dividit
449 2212 540 2246 inter
561 2212 655 2246 filios
677 2214 789 2258 regni,
812 2221 846 2247 et
867 2213 961 2248 filios
982 2213 1192 2260 perditionis
1211 2227 1243 2255 >›,
1263 2222 1301 2247 ut
1323 2214 1407 2248 dicit
1428 2213 1582 2259 August.
1609 2223 1660 2257 15.

102 2266 145 2299 de
166 2264 296 2299 Trinit.
321 2263 406 2311 (cap.
429 2265 517 2309 13.)‚·
541 2276 628 2311 ergo
650 2266 801 2308 videtur,
823 2267 920 2312 quod
939 2267 1048 2301 etiam
1070 2267 1157 2300 mali
1177 2267 1315 2313 possint
1337 2266 1510 2300 miracula
1530 2265 1659 2300 facere.

171 2319 401 2353 RESPONDEO
424 2319 628 2360 dicendum,
651 2320 746 2365 quod
773 2320 1034 2354 miraculorum
1060 2321 1172 2366 aliqua
1194 2320 1340 2367 quidem
1362 2328 1443 2354 sunt
1464 2331 1538 2353 non
1563 2330 1660 2360 vera,

101 2372 163 2406 sed
185 2372 412 2417 phantastica
432 2370 538 2414 facta,
558 2373 683 2418 quibus
698 2372 835 2407 scilicet
849 2373 1052 2407 ludificatur
1069 2374 1196 2416 homo,
1218 2382 1257 2408 ut
1277 2374 1441 2407 videatur
1463 2373 1496 2407 ei
1515 2372 1660 2418 aliquid,

101 2425 198 2471 quod
221 2436 295 2459 non
318 2433 388 2459 est:
412 2425 572 2471 quaedam
597 2436 683 2460 vero
705 2434 787 2460 sunt
806 2438 892 2460 vera
914 2426 1019 2469 facta,
1042 2427 1103 2461 sed
1125 2438 1199 2461 non
1221 2438 1305 2461 vere
1327 2427 1462 2461 habent
1481 2426 1661 2460 rationem

103 2478 279 2519 miraculi,
303 2490 393 2524 quae
420 2478 509 2512 fiunt
533 2478 662 2512 virtute
690 2479 892 2525 aliquarum
918 2480 1138 2514 naturalium
1168 2491 1379 2522 causarum3
1407 2489 1441 2514 et
1469 2480 1561 2514 haec
1589 2479 1660 2513 duo

102 2539 254 2577 possunt
274 2530 351 2564 fieri
371 2543 434 2577 per
455 2531 664 2573 daemones,
687 2540 724 2566 ut
745 2544 850 2578 supra
873 2533 1007 2567 dictum
1032 2541 1084 2567 est
1105 2535 1183 2578 (art.
1202 2540 1315 2580 praec.
1338 2533 1379 2567 ad
1401 2534 1469 2578 2.):
1493 2533 1554 2567 sed
1576 2543 1661 2566 vera

103 2583 279 2618 miracula
299 2595 373 2618 non
399 2593 550 2630 possunt
574 2584 649 2618 fieri
678 2585 748 2620 nisi
776 2586 905 2620 virtute
936 2587 1072 2620 divina:
1104 2595 1273 2632 operatur
1303 2587 1400 2621 enim
1422 2598 1464 2621 ea
1490 2587 1590 2621 Deus
1617 2585 1661 2620 ad

101 2638 295 2671 hominum
322 2637 531 2672 utilitatem:
554 2646 588 2671 et
608 2638 679 2673 hoc
700 2638 890 2685 dupliciter:
914 2652 978 2673 uno
1001 2639 1146 2685 quidem
1168 2640 1262 2674 modo
1283 2640 1326 2673 ad
1348 2640 1506 2674 veritatis
1526 2639 1663 2685 praedi-

104 2698 205 2725 catae
237 2690 572 2725 confirmationem:
601 2691 666 2725 alio
693 2692 787 2726 modo
816 2693 859 2726 ad
887 2692 1239 2726 demonstrationem
1269 2693 1466 2727 sanctitatis
1498 2693 1660 2739 alicujus,

104 2755 215 2790 quarn
242 2744 341 2777 Deus
362 2743 570 2788 hominibus
591 2743 667 2778 vult
687 2756 891 2791 proponere
913 2746 948 2779 in
976 2745 1184 2791 exemplum
1212 2746 1371 2780 virtutis:
1399 2748 1512 2792 primo
1540 2754 1660 2780 autem

102 2796 200 2831 modo
222 2796 396 2830 miracula
417 2804 566 2842 possunt
587 2796 663 2831 fieri
684 2808 746 2842 per
763 2809 1042 2844 quemcumque,
1062 2799 1123 2844 qui
1142 2810 1266 2833 veram
1288 2799 1397 2833 fidem
1418 2799 1612 2844 praedicat,
1628 2806 1663 2833 et

103 2861 240 2884 nomen
260 2849 396 2883 Christi
406 2850 569 2884 invocat:
586 2851 681 2896 quod
697 2851 806 2885 etiarn
820 2851 1000 2885 interdum
1015 2863 1078 2897 per
1092 2851 1209 2885 malos
1224 2851 1278 2894 fit3
1301 2860 1336 2886 et
1349 2852 1549 2886 secundum
1563 2851 1660 2886 hunc

104 2903 255 2937 modurn
283 2903 392 2937 etiam
418 2902 505 2937 mali
531 2911 682 2948 possunt
707 2904 883 2938 miracula
911 2904 1048 2947 facere;
1078 2905 1172 2938 unde
1200 2916 1306 2952 super
1335 2905 1423 2939 illud
1450 2905 1578 2939 Matth.
1607 2915 1660 2950 7.:
