1859 3122
244 229 324 272 154
661 225 881 263 QUAESTIO
914 227 1002 257 XIX.
1037 226 1280 257 ARTICULUS
1312 227 1368 256 VI.

785 413 1127 458 ARTICULUS
1160 413 1237 455 vi.
1744 440 1788 476 99

416 533 568 564 UTRUM
600 533 739 563 TIMOR
772 533 958 563 SERVILIS
992 532 1223 563 REMANEAT
1259 532 1349 562 CUM
1377 532 1640 563 CHARITATE,

498 634 537 680 (3.
560 634 648 669 Dist.
664 645 715 680 34.
736 646 764 680 q.
788 645 817 668 2.
838 638 902 667 art.
924 645 954 668 2.
977 639 1006 668 et
1031 633 1116 668 Veri.
1140 644 1170 678 q.
1193 643 1242 676 14.
1262 637 1326 667 art.
1350 642 1378 678 7.
1402 631 1443 666 ad
1464 632 1525 677 2.).

307 735 366 768 AD
388 744 539 769 SEXTUM
561 734 610 768 sic
634 734 849 780 proceditur.
883 733 1045 775 Videtur,
1076 733 1171 779 quod
1202 733 1311 766 timor
1340 732 1478 767 servilis
1504 744 1578 767 non
1604 742 1790 769 remaneat

237 799 319 822 cum
343 788 531 822 charitate:
555 788 640 821 dicit
654 788 750 821 enim
770 788 923 832 August.
945 798 1049 833 super
1065 786 1206 821 Canon.
1230 786 1370 831 1.Joan.
1388 786 1497 830 (tract.
1513 786 1577 832 9.)‚
1593 787 1690 833 quod
1705 799 1788 822 cum

237 842 396 888 coeperit
418 841 572 875 charitas
592 841 765 882 habitare,
788 841 930 887 pellitur
948 841 1069 882 timor,
1092 840 1151 886 qui
1173 840 1205 874 ei
1223 840 1448 886 praeparavit
1465 839 1600 874 locum.

309 905 339 928 2.
362 895 597 929 PRAETEREA.
623 894 778 929 Charitas
800 895 865 929 Dei
887 894 1081 940 diffunditur
1102 895 1136 928 in
1158 893 1308 928 cordibus
1328 894 1449 928 nostris
1462 899 1524 939 per
1536 893 1697 940 Spiritum
1709 894 1791 929 San-

237 953 335 991 ctum,
357 950 413 994 qui
434 948 527 983 datus
548 953 591 982 cst
613 949 715 989 nobis,
739 955 777 982 ut
799 947 925 981 dicitur
951 947 1058 981 Rom.
1085 958 1132 992 5.:
1160 947 1221 981 sed
1248 948 1305 980 ubi
1333 947 1474 993 Spiritus
1499 947 1651 989 Domini,
1678 948 1726 982 ibi
1751 948 1791 981 li-

238 1003 354 1043 bertas,
378 1010 416 1036 ut
437 1001 565 1035 dicitur
587 1011 617 1035 2.
646 1001 689 1034 ad
713 1001 798 1035 Cor.
821 1013 868 1046 3.:
892 1012 975 1034 cum
998 1012 1084 1046 ergo
1107 1000 1250 1034 libertas
1273 999 1437 1034 excludat
1458 1000 1677 1043 servitutem,
1697 1000 1791 1035 vide-

235 1063 292 1090 tur
313 1055 408 1101 quod
429 1055 539 1088 timor
560 1054 697 1089 servilis
720 1054 916 1100 expellatur
943 1054 1115 1088 charitate
1139 1053 1360 1087 adveniente.

310 1120 338 1154 3.
362 1108 598 1143 PRAETEREA.
627 1107 757 1142 Timor
784 1107 920 1142 servilis
949 1120 990 1142 ex
1018 1119 1142 1142 amore
1164 1108 1218 1141 sui
1241 1115 1417 1150 causatur,
1439 1107 1652 1154 inquantum
1673 1119 1791 1155 poena

237 1162 404 1196 diminuit
421 1162 607 1208 proprium
628 1162 785 1195 bonum:
809 1161 871 1195 sed
894 1173 997 1195 amor
1022 1161 1092 1195 Dei
1115 1161 1258 1207 expellit
1285 1172 1449 1195 amorem
1476 1161 1552 1196 sui:
1581 1161 1664 1196 facit
1694 1161 1791 1196 enim

237 1223 470 1250 contemnere
492 1216 663 1261 seipsum,
686 1223 723 1249 ut
744 1222 840 1261 patet
856 1226 918 1261 per
940 1214 1191 1249 auctoritatem
1206 1215 1359 1260 August.
1386 1224 1437 1257 14.
1460 1214 1502 1248 de
1526 1214 1605 1249 Civ.
1619 1215 1689 1249 Dei
1702 1215 1791 1261 (cap.

237 1269 293 1303 ult.
316 1274 343 1303 et
366 1270 398 1302 in
420 1269 540 1303 Psalm..
565 1268 636 1313 64.)
666 1269 761 1314 quod
785 1279 888 1302 amor
913 1267 983 1302 Dei
1006 1279 1117 1313 usque
1140 1268 1183 1301 ad
1207 1275 1456 1314 contemptum
1486 1268 1540 1302 sui
1566 1267 1652 1302 facit
1673 1268 1793 1302 civita-

235 1330 308 1356 tem
331 1322 417 1364 Dei3
442 1333 528 1367 ergo
551 1322 702 1364 videtur,
725 1322 820 1368 quod
842 1321 1008 1356 veniente
1032 1322 1216 1363 charitate,
1238 1322 1347 1355 timor
1369 1321 1506 1356 servilis
1527 1321 1683 1356 tollatur.

309 1376 382 1410 SED
403 1386 557 1410 CONTRA
576 1383 639 1417 est,
654 1376 750 1421 quod
765 1375 874 1409 timor
893 1375 1029 1409 servilis
1049 1383 1101 1409 est
1123 1375 1259 1408 donum
1288 1375 1438 1421 Spiritus
1467 1374 1601 1417 Sancti,
1622 1382 1659 1409 ut
1685 1386 1791 1421 supra

236 1429 370 1464 dictum
390 1437 442 1464 est
464 1429 543 1474 (art.
565 1441 597 1473 4.
617 1429 685 1474 lmj.
708 1430 776 1474 (1.)ss
800 1428 861 1462 sed
884 1429 977 1462 dona
998 1428 1148 1474 Spiritus
1167 1428 1290 1462 Sancti
1305 1439 1378 1462 non
1392 1427 1565 1462 tolluntur
1580 1428 1791 1463 adveniente

236 1483 420 1524 charitate,
443 1495 505 1528 per
526 1494 634 1528 quam
657 1482 808 1528 Spiritus
833 1481 963 1515 Santus
985 1481 1020 1515 in
1038 1481 1142 1515 nobis
1163 1481 1318 1524 habitat3
1338 1492 1424 1527 ergo
1448 1481 1659 1516 adveniente
1681 1482 1792 1517 chari-

237 1544 309 1571 tate
332 1548 404 1570 non
426 1535 564 1570 tollitur
585 1536 694 1570 timor
715 1534 864 1569 servilis.

308 1590 536 1624 RESPONDEO
555 1589 760 1631 dicendum,
776 1589 871 1634 quod
886 1588 995 1622 timor
1009 1587 1146 1622 servilis
1166 1599 1207 1621 ex
1231 1599 1353 1622 amore
1369 1588 1423 1622 sui
1437 1595 1624 1623 causatur:
1643 1588 1726 1635 quia
1740 1597 1793 1624 est

239 1644 349 1678 timor
359 1654 510 1689 poenae,
527 1654 617 1689 quae
627 1651 679 1676 est
690 1643 945 1676 detrimentum
955 1641 1085 1688 proprii
1103 1641 1207 1675 boni:
1223 1642 1316 1675 unde
1325 1642 1396 1676 hoc
1408 1642 1639 1676 modotimor
1652 1653 1791 1688 poenae

236 1705 355 1743 potest
377 1704 468 1730 stare
492 1708 575 1730 cum
598 1696 782 1737 charitate,
801 1695 892 1730 sicut
907 1703 940 1729 et
955 1706 1058 1729 amor
1071 1695 1142 1729 sui:
1167 1695 1326 1740 ejusdem
1343 1695 1439 1729 enim
1454 1695 1602 1729 rationis
1618 1703 1680 1737 est,
1695 1695 1791 1741 quod

236 1751 351 1784 homo
374 1750 493 1796 cupiat
515 1750 652 1784 bonum
675 1761 792 1791 suurn,
815 1757 849 1783 et
870 1749 966 1795 quod
988 1749 1113 1783 timeat
1135 1760 1178 1782 eo
1201 1749 1342 1794 privari.
1365 1749 1483 1783 Amor
1510 1756 1630 1782 autem
1656 1749 1711 1783 sui
1736 1750 1792 1783 tri-

233 1805 368 1851 pliciter
388 1815 425 1838 se
447 1812 566 1850 potest
578 1803 710 1837 habere
726 1803 768 1836 ad
785 1803 1015 1837 charitatem:
1038 1814 1102 1836 imo
1126 1802 1221 1836 enim
1245 1802 1338 1836 modo
1362 1795 1598 1837 contrariatur
1616 1802 1792 1844 charitati,

237 1857 435 1892 secundum
455 1857 551 1903 quod
574 1857 702 1903 aliquis
723 1857 759 1890 in
782 1867 906 1890 amore
925 1856 1059 1902 proprii
1072 1856 1158 1889 boni
1172 1855 1281 1889 finem
1297 1856 1495 1891 constituit:
1514 1856 1580 1890 alio
1592 1867 1678 1890 vero
1696 1856 1792 1890 modo
1843 1876 1846 1880 ·

236 1910 272 1944 in
296 1910 467 1944 charitate
489 1909 693 1951 includitur,
716 1909 914 1943 secundum
937 1909 1033 1955 quod
1055 1909 1169 1942 homo
1192 1920 1228 1942 se
1255 1917 1401 1955 propter
1429 1909 1561 1951 Deum,
1589 1917 1623 1943 et
1648 1909 1683 1943 in
1709 1909 1791 1944 Deo
1842 1899 1843 1920 ³

238 1963 372 2009 diligit:
397 1965 489 1997 tertio
512 1963 605 1997 modo
630 1974 648 1996 a
672 1963 845 1996 charitate
867 1962 1013 2008 quidem
1036 1961 1274 2007 distinguitur,
1297 1962 1358 1996 sed
1381 1962 1545 1996 charitati
1566 1973 1640 1996 non
1656 1970 1793 1996 contra·
1840 1964 1841 1979 ³

239 2017 368 2051 riatur:
390 2024 473 2062 puta
497 2028 579 2049 cum
603 2016 730 2062 aliquis
752 2015 867 2060 diligit
885 2015 1042 2061 seipsum
1065 2014 1263 2048 secundum
1279 2015 1456 2049 rationem
1478 2015 1612 2061 proprii
1632 2015 1729 2058 boni,
1744 2015 1792 2049 ita
1837 2005 1840 2047 i

238 2078 363 2104 tamen
386 2069 481 2115 quod
501 2069 536 2102 in
557 2069 628 2103 hoc
651 2069 796 2115 proprio
818 2069 916 2102 bono
931 2079 1004 2101 non
1024 2068 1216 2101 constituat
1228 2068 1355 2102 finem:
1377 2068 1470 2102 sicut
1484 2068 1593 2102 etiam
1608 2076 1641 2102 et
1656 2068 1699 2102 ad
1714 2080 1792 2115 pro·
1835 2082 1838 2099 ι

238 2123 376 2156 ximum
399 2130 517 2169 potest
535 2134 611 2156 esse
635 2122 752 2168 aliqua
775 2121 843 2155 alia
858 2121 1022 2167 specialis
1038 2121 1182 2154 dilectio
1198 2129 1337 2167 praeter
1351 2121 1582 2155 dilectionem
1598 2122 1791 2164 charitatis,
1834 2132 1836 2135 ’

239 2187 330 2222 quae
350 2175 517 2209 fundatur
538 2176 573 2208 in
596 2176 694 2218 Deo3
717 2175 802 2208 dum
819 2175 1002 2220 proximus
1017 2174 1174 2219 diligitur
1189 2174 1327 2208 ratione
1347 2175 1627 2218 commoditatis,
1643 2186 1792 2209 consan-
1827 2188 1828 2193 ¹

241 2229 434 2275 guiiiitatiS‚
461 2228 519 2262 vel
542 2228 691 2274 alicujus
714 2228 857 2262 alterius
880 2228 1097 2262 conditionis
1118 2227 1312 2269 humanae,
1335 2239 1426 2273 quae
1455 2236 1577 2262 tamen
1606 2227 1791 2263 referibilis
1830 2242 1831 2264 1

241 2283 284 2317 sit
306 2282 349 2316 ad
372 2282 602 2316 charitatem:
634 2282 682 2315 sic
711 2293 797 2327 ergo
821 2289 854 2315 et
875 2281 984 2315 timor
1005 2292 1143 2327 poenae
1166 2280 1358 2315 includitur
1380 2292 1452 2315 uno
1475 2281 1586 2316 modo
1611 2283 1646 2316 in
1680 2282 1791 2316 chari·
1828 2307 1830 2311 .

238 2345 329 2371 tate:
352 2348 437 2369 nam
460 2335 617 2381 separari
640 2347 658 2369 a
680 2336 761 2369 Deo
784 2343 836 2369 est
858 2335 1035 2380 quaedam
1058 2345 1186 2380 poena,
1209 2346 1317 2380 quam
1340 2335 1494 2369 charitas
1521 2335 1677 2370 maxime
1703 2334 1792 2369 refu-

239 2390 305 2435 git3
328 2390 421 2423 unde
437 2389 506 2423 hoc
522 2389 674 2435 pertinet
694 2388 736 2421 ad
751 2388 920 2422 timorem
937 2396 1075 2422 castum
1094 2401 1099 2422 :
1123 2389 1187 2422 alio
1211 2396 1330 2422 autem
1352 2388 1446 2423 ¹modo
1461 2388 1698 2423 contrariatur
1712 2389 1792 2422 cha-
1824 2403 1827 2420 ι

238 2443 344 2484 ritati,
366 2442 565 2476 secundum
587 2441 682 2487 quod
707 2441 833 2487 aliquis
856 2441 984 2486 refugit
1006 2453 1162 2487 poenam
1186 2443 1401 2476 contrariam
1424 2442 1520 2475 bono
1543 2453 1608 2476 suo
1623 2442 1788 2484 naturali,
1821 2443 1826 2474 J

239 2497 331 2531 sicut
353 2495 548 2542 principale
571 2495 709 2528 malum
732 2495 952 2528 eontrarium
975 2495 1083 2536 bono,
1104 2495 1199 2540 quod
1222 2494 1380 2541 diligitur
1393 2503 1431 2528 ut
1446 2495 1542 2529 sinis:
1565 2503 1598 2529 et
1616 2495 1665 2529 sic
1683 2495 1792 2529 timor
1820 2512 1823 2523 ι

238 2561 377 2596 poenae
399 2560 472 2582 non
496 2556 548 2582 est
570 2559 651 2582 cum
675 2548 863 2581 charitate:
889 2548 954 2581 alio
976 2548 1070 2581 modo
1093 2549 1201 2582 timor
1227 2560 1365 2594 poenae
1392 2548 1619 2593 distinguitur
1645 2548 1791 2594 quidem
1811 2570 1812 2573 =

240 2604 439 2638 secundum
462 2602 695 2637 substantiam
720 2613 738 2635 a
760 2602 890 2635 timore
914 2609 1032 2643 casto;
1057 2602 1138 2646 quia
1161 2601 1424 2635 scilicethorno
1443 2602 1545 2636 timet
1560 2601 1696 2635 malum
1711 2613 1792 2648 poe·
1812 2602 1820 2631 ἰ

239 2656 320 2690 nale
336 2668 408 2689 non
425 2656 563 2689 ratione
585 2655 819 2701 separationis
837 2666 853 2687 a
868 2655 960 2695 Uen,
976 2655 1034 2687 sed
1057 2655 1267 2699 inquantum
1285 2663 1336 2688 est
1350 2655 1520 2688 nocivum
1536 2655 1668 2701 proprii
1686 2655 1790 2697 boni3
1814 2655 1818 2686 ἔ

239 2722 304 2744 nec
327 2718 447 2743 tamen
471 2710 504 2742 in
529 2709 590 2742 illo
612 2709 709 2741 hono
733 2708 959 2741 constituitur
981 2709 1055 2751 ejus
1079 2708 1171 2740 linis:
1196 2708 1289 2741 unde
1312 2719 1376 2741 nec
1400 2707 1486 2741 illud
1509 2708 1644 2741 malum
1672 2707 1817 2742 fornii-'5

241 2765 342 2797 datur
363 2772 548 2809 tamquam
572 2762 804 2808 principalem
830 2761 985 2794 malum:
1010 2769 1043 2794 et
1064 2761 1143 2794 talis
1165 2762 1274 2794 timor
1295 2773 1433 2807 poenae
1460 2769 1576 2807 potest
1604 2773 1680 2796 esse
1707 2773 1789 2796 cum
1811 2767 1815 2795 '1

241 2817 436 2851 charitate:
459 2817 519 2850 sed
543 2817 607 2850 iste
630 2816 738 2849 timor
760 2826 898 2860 poenae
917 2826 989 2847 non
1014 2814 1142 2847 dicitur
1165 2826 1241 2848 esse
1263 2814 1411 2856 servilis,
1435 2815 1501 2848 nisi
1515 2815 1658 2860 quando
1673 2826 1790 2861 poena
1809 2841 1811 2849 s
1850 2833 1851 2837 =

240 2869 452 2903 formidatur
473 2870 565 2903 sicut
588 2868 783 2914 principale
803 2867 952 2909 malum,
975 2875 1012 2901 ut
1034 2879 1076 2901 ex
1098 2867 1201 2901 dictis
1223 2876 1319 2913 patet
1340 2868 1421 2912 (art.
1444 2879 1474 2902 2.
1491 2873 1519 2902 ct
1535 2879 1567 2912 4.
1583 2868 1650 2913 huj.
1666 2868 1736 2914 q.),·
1756 2875 1790 2902 ct
1808 2874 1810 2908 ῑ

241 2923 322 2957 ideo
344 2923 463 2964 timor,
486 2923 697 2968 inquantum
720 2921 868 2963 servilis,
891 2932 963 2954 non
987 2928 1107 2954 manet
1130 2932 1212 2954 cum
1236 2921 1426 2955 charitate:
1450 2920 1510 2955 sed
1532 2920 1727 2956 substantia
1752 2921 1808 2968 ti-,l
1846 2934 1847 2941 ¹

1800 3004 1805 3078 i

1798 3090 1803 3122 1
