1859 3122
509 171 728 208 QUAESTIO
763 171 893 201 XXXV.
927 170 1170 201 ARTICULUS
1203 170 1260 200 IV.
1573 169 1657 212 297

101 255 162 290 sed
184 266 248 300 pro
269 254 424 301 quadam
445 254 704 301 indignatione,
720 254 812 289 sicut
830 253 965 288 dictum
985 261 1037 287 est
1059 252 1192 298 (il›id.);
1217 260 1251 286 et
1272 251 1368 286 idem
1392 249 1585 285 dicendum
1607 258 1660 284 est

101 308 144 342 de
167 307 255 342 aliis.
488 315 505 341 a

171 361 231 396 AD
247 372 417 397 TERTmM
433 362 637 404 dicendum,
651 361 747 407 quod
767 361 875 395 etiam
891 360 1086 395 Cassianus
1102 360 1135 393 in
1152 360 1210 393 lib.
1231 370 1280 393 10.
1297 359 1339 393 de
1361 359 1473 392 instit.
1497 357 1658 392 Caenob.

101 414 187 461 (rap.
206 427 233 450 r.
255 421 283 449 ct
304 416 360 450 lib.
380 428 411 462 9.
434 422 505 462 cap.
528 417 584 461 r.),
616 415 801 460 distinguit
833 414 1011 448 tristitiam
1045 414 1086 447 ab
1122 413 1277 446 accidia:
1302 413 1362 446 sed
1385 412 1659 446 convenientius

101 467 300 513 Gregorius
323 469 400 514 (loc.
423 471 478 504 cit.
497 481 566 515 arg.
590 469 637 512 2.)
660 468 835 502 accidiam
860 469 1026 502 tristitiam
1050 467 1233 501 nominat:
1257 467 1351 512 quia,
1373 466 1465 500 sicut
1486 477 1591 512 supra
1613 465 1661 498 di-

100 528 197 555 ctum
220 530 273 556 est
297 522 376 566 (art.
398 534 428 557 2.
451 523 518 567 huj.
541 523 600 568 (J),
617 522 756 556 tristitia
771 532 845 555 non
860 529 913 555 est
926 521 1052 554 vitium
1069 521 1110 554 ab
1135 520 1211 553 aliis
1227 520 1445 560 distinctum,
1460 519 1659 553 secundum

99 575 194 620 quod
219 575 346 621 aliquis
368 576 503 610 recedit
525 587 543 609 a
566 575 677 621 gravi,
705 583 739 608 et
760 574 943 608 laborioso
967 585 1088 620 opere,
1109 573 1167 607 vel
1190 573 1388 607 secundum
1412 583 1659 618 quascumque

99 627 186 661 alias
209 639 334 662 causas
358 628 485 674 aliquis
506 629 674 670 tristetur,
696 628 759 662 sed
781 627 900 661 solum
924 627 1123 661 secundum
1138 626 1234 672 quod
1256 626 1414 660 tristatur
1437 627 1478 660 de
1500 626 1597 659 bono
1614 625 1661 659 di-

98 681 203 723 vino3
237 682 332 728 quod
366 683 518 728 pertinet
547 682 590 716 ad
618 682 794 716 rationem
824 681 994 722 accidiae,
1022 692 1112 726 quae
1138 680 1317 714 intantum
1345 691 1382 714 se
1409 680 1587 714 convertit
1616 679 1660 713 ad

98 734 257 780 quietem
279 735 488 777 indebitam,
509 735 722 781 inquantum
746 743 955 780 aspernatur
971 734 1110 767 bonum
1132 734 1311 768 divinum:
1334 733 1395 766 illa
1417 741 1549 774 autem,
1569 743 1660 778 quae

99 787 256 822 Isidorus
278 789 379 834 ponit
401 789 484 823 oriri
507 801 549 823 ex
571 789 719 830 accidia,
736 797 770 822 et
790 788 943 830 tristitia,
965 788 1183 822 reducuntur
1205 788 1249 821 ad
1272 799 1324 829 ea,
1347 798 1437 833 quae
1461 787 1660 832 Gregorius

98 841 214 886 ponit:
238 853 323 875 nam
346 842 548 885 amaritudo,
571 853 680 888 quam
701 842 859 876 Isidorus
882 842 984 887 ponit
1002 841 1086 875 oriri
1108 852 1152 875 ex
1172 841 1324 882 tristitia,
1339 849 1391 874 est
1413 841 1558 886 quidam
1581 840 1662 874 effe-

99 902 175 929 ctus
201 897 371 930 rancoris:
402 897 545 930 otiositas
571 904 703 937 autem,
734 903 768 929 et
799 896 1015 930 sonmolmztia
1048 895 1268 929 reducuntur
1295 894 1338 928 ad
1366 899 1534 941 torporem
1569 895 1659 928 cisra

93 953 284 996 praecepta,
306 949 401 983 circa
423 960 514 995 quae
537 957 589 983 est
607 948 734 994 aliquis
750 949 898 990 otiosus,
914 949 1065 982 omnino
1081 959 1121 982 ea
1137 948 1437 993 praetermittens,
1461 955 1494 981 et
1515 958 1661 981 somno-

97 1000 214 1035 lentus
237 1013 278 1036 ea
299 1002 524 1048 negligenter
549 1002 721 1049 implens:
745 1003 868 1036 omnia
891 1010 1013 1036 autem
1039 1001 1109 1035 alia
1130 1003 1283 1047 quinque,
1305 1012 1397 1047 quae
1419 1001 1520 1047 ponit
1542 1012 1583 1034 ex
1607 1012 1661 1035 ac-

98 1054 189 1088 cidia
216 1056 312 1097 oriri,
338 1056 516 1102 pertinent
541 1056 584 1089 ad
610 1057 838 1102 evagationem
865 1057 979 1090 inmitis
1004 1057 1095 1090 circa
1120 1055 1259 1089 illicita:
1295 1066 1386 1100 quae
1418 1055 1576 1100 quidem,
1610 1066 1661 1088 se-

98 1108 257 1143 cundum
279 1109 375 1155 quod
397 1109 433 1143 in
455 1109 531 1155 ipsa
554 1121 635 1143 arce
658 1109 788 1144 mentis
816 1109 946 1144 residet
971 1108 1126 1143 volentis
1153 1110 1359 1155 importune
1387 1109 1430 1142 ad
1458 1108 1596 1142 diversa
1623 1119 1660 1142 se

97 1161 308 1204 diffundere,
338 1170 489 1197 vocatur
515 1164 751 1210 importunitas
778 1164 904 1204 mantis,
934 1162 1134 1196 secundum
1162 1170 1283 1195 autern
1309 1162 1405 1207 quod
1433 1161 1586 1207 pertinet
1615 1161 1659 1194 ad

98 1215 358 1261 cognitionem,
380 1215 508 1250 dicitur
529 1218 722 1251 curiositas:
743 1224 917 1262 quantum
937 1224 1059 1249 autem
1082 1215 1124 1249 ad
1147 1214 1371 1249 locutionem
1394 1215 1522 1248 dicitur
1542 1216 1660 1249 verbo-

96 1270 194 1303 sitas:
227 1277 400 1314 quantum
431 1277 553 1304 autem
576 1269 619 1303 ad
642 1281 773 1316 corpus
796 1270 832 1303 in
860 1269 989 1303 eodem
1011 1268 1095 1302 loco
1118 1280 1191 1302 non
1214 1280 1364 1302 manens
1392 1268 1519 1302 dicitur
1540 1269 1661 1314 inquie-

98 1321 171 1356 tudo
194 1324 361 1369 corpori5;
386 1323 530 1369 quando
549 1322 688 1357 scilicet
710 1322 837 1369 aliquis
860 1334 922 1368 per
943 1322 1167 1356 inordinatos
1190 1330 1310 1356 motus
1333 1321 1582 1356 membrorum
1603 1333 1660 1355 va-

97 1375 291 1421 gacitatem
310 1376 444 1410 indicat
465 1377 616 1411 mentis:
639 1385 814 1423 quantum
834 1384 954 1410 autem
970 1376 1013 1409 ad
1033 1376 1171 1409 diversa
1186 1375 1268 1409 loca
1290 1375 1419 1410 dicitur
1440 1376 1657 1416 instabilitas;

95 1428 155 1463 vel
175 1437 294 1475 potest
315 1429 430 1476 accipi
450 1429 662 1464 instabilitas
684 1429 883 1464 secundum
905 1428 1183 1463 mutabilitatem
1205 1428 1391 1475 propositi.

553 1745 908 1806 QUAESTIO
952 1745 1193 1793 XXXVI.

287 1873 351 1904 DE
389 1873 591 1913 INVIDIA,
633 1875 685 1905 IN
723 1874 951 1915 QUATUOR
990 1875 1251 1907 ARTICULOS
1289 1875 1464 1907 DIVISA.

166 2012 307 2048 Deinde
329 2014 632 2049 considerandum
654 2023 707 2050 est
731 2016 774 2050 de
796 2016 940 2050 invidia.

555 2100 601 2135 Et
621 2101 711 2135 circa
732 2101 791 2136 hoc
812 2107 1020 2147 quaeruntur
1040 2107 1194 2148 quatuor.

166 2168 302 2202 Primo.
326 2168 425 2209 Quid
447 2170 491 2204 sit
511 2170 656 2206 invidia.

169 2221 351 2256 Secundo.
374 2222 505 2257 Utrum
527 2224 571 2258 sit
592 2232 794 2270 peccatum.

168 2273 306 2309 Tertio.
329 2275 462 2310 Utrum
482 2277 528 2310 sit
549 2286 740 2323 peccatum
762 2279 927 2314 mortale.

170 2327 323 2367 Quarto.
350 2329 483 2363 Utrum
508 2330 553 2364 sit
573 2331 700 2365 vitium
724 2332 887 2378 capitale,
910 2341 944 2368 et
965 2333 1008 2368 de
1030 2333 1170 2368 filiabus
1193 2335 1279 2380 ejus,

674 2474 1018 2519 ARTICULUS
1054 2477 1086 2519 I.
1588 2497 1651 2533 213

520 2582 672 2612 UTRUM
705 2584 874 2613 INVIDIA
907 2585 974 2613 SIT
1008 2585 1241 2614 TRISTITIA.

181 2665 283 2711 (Jnsr.
306 2671 369 2700 art.
392 2678 422 2701 2.
445 2672 473 2701 et
494 2668 578 2702 Mal.
601 2680 631 2714 t]-
653 2681 703 2704 10.
727 2674 789 2703 art.
817 2682 844 2704 Ι.
867 2669 909 2704 aci
930 2670 962 2705 6.
982 2675 1010 2704 et
1031 2683 1060 2716 q.
1082 2683 1126 2705 11.
1154 2675 1216 2704 art.
1236 2682 1263 2715 3.
1283 2674 1310 2703 rt
1331 2680 1362 2713 4.
1385 2673 1413 2702 at
1429 2669 1491 2712 sol)
1510 2669 1568 2714 5..)

168 2753 228 2788 AD
255 2765 403 2789 PRIMUM
423 2755 472 2788 sic
495 2757 710 2800 proceditur.
736 2757 899 2799 Videtur,
921 2759 1017 2804 quod
1044 2758 1176 2791 invidia
1206 2768 1279 2790 non
1308 2756 1351 2790 sit
1376 2756 1534 2790 tristitia:
1563 2757 1656 2802 obje-

98 2813 196 2840 ctum
212 2807 308 2840 enim
323 2808 484 2842 tristitiae
500 2817 552 2842 est
566 2809 720 2843 malum:
740 2811 802 2844 sed
821 2811 1005 2856 objectum
1023 2811 1177 2844 invidiae
1199 2817 1251 2843 est
1272 2810 1409 2842 bonum
1425 2821 1432 2842 :
1456 2809 1540 2843 dicit
1558 2809 1653 2843 enim

99 2858 298 2905 Gregorius
318 2861 355 2894 in
380 2872 410 2904 5.
432 2861 560 2895 Moral.
581 2861 669 2909 (cap.
684 2864 748 2909 31.)
770 2863 813 2897 de
833 2864 954 2897 invido
976 2863 1146 2909 loquens:
1173 2876 1189 2893 «
1207 2862 1471 2896 Tabescentem
1494 2871 1652 2897 mentem
