1859 3122
198 192 276 222 122
635 191 855 227 QUAESTIO
889 192 976 222 XIV.
1009 192 1253 221 ARTICULUS
1285 192 1313 221 1.

191 273 305 317 xerit),
326 272 423 306 Hier.
447 272 534 318 (sup.
557 278 627 318 cap.
643 284 692 306 12.
708 272 846 316 amuli.)
869 280 903 306 et
925 272 1054 318 Chrys.
1080 271 1181 315 (hom.
1203 283 1258 316 42.
1279 273 1315 305 in
1330 272 1450 306 Matth.
1465 271 1611 317 amad),
1625 272 1747 307 dicunt

192 337 269 360 esse
291 333 481 370 peccatum
503 327 537 358 in
562 325 735 371 Spiritum
758 325 944 367 Sanctum,
967 325 1110 370 quando
1133 325 1177 358 ad
1191 324 1331 358 literam
1348 324 1480 370 aliquid
1494 325 1747 371 blasphemum

192 379 320 412 dicitur
342 386 466 412 contra
494 378 667 424 Spiritum
695 378 888 420 Sanctum3
916 379 990 412 sive
1018 378 1170 424 Spiritus
1197 378 1351 412 Sanctus
1385 379 1590 423 accipiatur,
1625 390 1749 413 secun-

193 432 278 465 dum
305 431 401 477 quod
429 439 481 465 est
506 443 642 465 nomen
669 431 857 466 essentiale
886 432 1104 465 conveniens
1129 431 1197 465 toti
1224 430 1403 473 Trinitati,
1438 432 1538 476 cujus
1571 431 1750 477 quaelibet

191 495 345 530 persona
372 492 406 518 ct
431 484 575 529 spiritus
603 493 665 527 est,
683 493 717 518 et
735 493 878 519 sanctus
899 493 970 526 est,
990 485 1063 518 sive
1083 492 1188 530 prout
1210 492 1263 518 est
1279 495 1415 518 nomen
1437 484 1627 530 personale
1645 484 1749 519 unius

192 538 228 571 in
251 536 428 570 Trinitate
451 548 646 583 personae3
670 546 704 572 et
724 538 923 572 secundum
938 538 1009 571 hoc
1027 537 1265 582 distinguitur,
1287 537 1414 571 Matth.
1441 547 1504 579 12.,
1525 537 1750 583 blasphemia

192 590 227 623 in
251 589 424 636 Spiritum
447 590 622 624 Sanctum
645 599 769 625 contra
792 591 1057 637 blasphemiam
1078 591 1114 623 in
1135 590 1266 624 Filium
1280 591 1456 624 hominis:
1474 590 1638 624 Christus
1653 590 1750 624 enim

193 643 406 689 operabatur
428 644 605 689 quaedam
626 644 846 685 humanitus,
870 643 1110 685 comedendo,
1131 643 1298 685 bibendo,
1322 652 1356 678 et
1379 643 1447 677 alia
1469 643 1679 689 hujusmodi
1703 642 1752 677 fa-

194 696 333 737 ciendo;
350 704 383 729 et
397 696 575 742 quaedam
590 697 769 738 divinitus,
784 697 929 731 scilicet:
946 697 1142 731 daemones
1157 697 1518 742 ejiciendo,mortuos
1532 697 1750 739 suscitando,

193 757 228 784 et
250 749 319 783 alia
339 749 564 794 hujusmodi;
588 761 680 795 quae
703 750 848 795 quidem
871 750 999 795 agebat
1021 758 1055 783 et
1076 761 1138 794 per
1158 750 1327 783 virtutem
1349 750 1514 796 propriae
1545 750 1750 791 divinitatis,

193 811 227 837 et
248 814 310 848 per
332 803 579 848 operationem
603 803 753 848 Spiritus
770 803 903 844 Sancti,
919 814 990 848 quo
1006 803 1205 837 secundum
1218 803 1482 837 humanitatem
1498 811 1572 837 erat
1585 802 1751 848 repletus.

188 855 315 900 Judaei
337 865 457 889 autem
479 856 595 901 primo
619 856 765 902 quidem
787 857 948 890 dixerant
968 856 1232 902 blasphemiam
1255 856 1291 889 in
1312 856 1443 889 Filium
1474 856 1645 898 hominis,
1669 867 1752 889 cum

193 908 360 942 dicebant
381 920 464 942 eum
486 921 651 951 voratam,
672 914 858 955 potatorem
879 911 963 950 vini,
987 915 1017 943 ct
1032 910 1288 955 publianum-mn
1309 914 1504 951 amatorem,
1536 917 1574 943 ut
1601 909 1753 943 habetur

193 962 294 995 Matt.
321 972 390 995 11.:
413 963 649 1007 postmodum
672 971 793 996 autem
814 962 1158 1008 blasphemaverunt
1180 964 1214 996 in
1237 962 1410 1008 Spiritum
1445 962 1631 1004 Sanctum,
1666 961 1753 995 dum

194 1025 315 1060 opera,
338 1026 428 1060 quae
451 1015 525 1060 ipse
549 1016 761 1061 operabatur
781 1016 910 1050 virtute
932 1016 1098 1062 propriae
1131 1015 1336 1058 divinitatis,
1359 1024 1394 1049 et
1414 1027 1476 1061 per
1503 1015 1754 1061 operationem

195 1067 346 1114 Spiritus
369 1068 503 1109 Sancti,
526 1068 764 1102 attribuebant
785 1069 938 1114 principi
960 1069 1258 1110 daemoniorum;
1281 1077 1315 1102 et
1335 1076 1481 1114 propter
1498 1069 1569 1102 hoc
1589 1068 1755 1102 dicuntur

193 1121 229 1154 in
252 1120 425 1166 Spiritum
448 1121 621 1155 Sanctum
643 1121 924 1167 blasphemasse.
947 1122 1098 1168 August.
1123 1130 1243 1156 autem
1270 1123 1305 1156 in
1331 1122 1390 1156 lib.
1425 1122 1468 1155 de
1501 1121 1608 1156 Verb.
1642 1121 1753 1155 Dom.

195 1174 306 1218 (serm.
324 1186 369 1208 H.
393 1181 463 1220 cap.
486 1186 535 1218 14.
558 1186 601 1220 15.
624 1180 656 1209 et
676 1178 739 1219 21)
763 1174 1039 1221 blasphemiam,
1062 1175 1119 1209 vel
1134 1183 1324 1221 peccatum
1338 1175 1374 1208 in
1391 1175 1564 1221 Spiritum
1580 1175 1754 1208 Sanctum

194 1226 279 1260 dicit
301 1238 378 1260 esse
401 1227 546 1261 finalem
569 1228 903 1274 impoenitentiam,
926 1229 1070 1274 quando
1094 1228 1231 1262 scilicet
1250 1227 1376 1274 aliquis
1399 1236 1605 1274 perseverat
1622 1228 1657 1261 in
1676 1238 1756 1273 pec—

195 1287 276 1313 cato
298 1280 442 1314 mortali
466 1292 577 1326 usque
601 1281 643 1314 ad
666 1289 835 1323 mortem,
857 1282 953 1327 quod
976 1282 1122 1327 quidem
1144 1293 1217 1314 non
1240 1281 1360 1315 solum
1381 1282 1491 1315 verbo
1523 1281 1594 1315 oris
1620 1281 1669 1322 fit,
1692 1280 1754 1314 sed

194 1333 303 1367 etiam
325 1333 434 1367 verbo
458 1334 587 1375 cordis,
610 1343 643 1368 et
666 1335 796 1380 operis,
818 1345 891 1368 non
914 1346 998 1376 uno,
1021 1334 1082 1368 sed
1106 1334 1243 1368 multis:
1279 1335 1351 1369 hoc
1387 1343 1507 1368 autem
1530 1334 1683 1368 verbum
1703 1333 1754 1367 sic

195 1394 384 1432 acceptum
406 1386 534 1420 dicitur
556 1398 632 1421 esse
655 1396 779 1421 contra
803 1387 975 1432 Spiritum
992 1387 1178 1429 Sanctum,
1194 1387 1276 1433 quia
1292 1395 1344 1422 est
1358 1396 1484 1421 contra
1499 1387 1756 1421 remissionem

193 1447 440 1485 peccatorum,
463 1451 553 1485 quae
576 1440 613 1474 fit
634 1451 696 1486 per
718 1440 891 1486 Spiritum
915 1441 1102 1482 Sanctum,
1136 1441 1196 1486 qui
1230 1449 1282 1474 est
1316 1440 1471 1474 charitas
1505 1449 1540 1474 et
1573 1439 1700 1481 Patris,
1721 1446 1756 1472 et

195 1491 293 1526 Filii:
316 1503 382 1525 nec
405 1492 475 1526 hoc
499 1492 680 1527 Dominus
703 1493 787 1527 dicit
804 1493 962 1538 Judaeis,
984 1494 1085 1539 quasi
1106 1493 1175 1539 ipsi
1196 1501 1389 1539 peccarent
1410 1493 1445 1526 in
1469 1493 1644 1539 Spiritum
1670 1492 1758 1526 San-

197 1553 313 1579 ctum:
336 1546 500 1579 nondum
523 1546 622 1580 enim
644 1554 744 1580 erant
765 1546 917 1580 finaliter
939 1547 1234 1592 impoenitentes:
1258 1547 1319 1580 sed
1343 1546 1532 1580 admonuit
1553 1557 1628 1588 eos,
1646 1556 1691 1579 ne
1708 1553 1758 1579 ta-

195 1597 275 1632 liter
295 1597 484 1643 loquentes
507 1599 550 1632 ad
573 1599 643 1633 hoc
666 1600 904 1645 pervenirent,
927 1600 1023 1645 quod
1041 1600 1077 1633 in
1097 1599 1271 1646 Spiritum
1291 1600 1466 1634 Sanctum
1486 1607 1694 1645 peccarent:
1722 1605 1758 1633 et

195 1651 247 1685 sic
268 1650 544 1697 intelligendum
567 1660 629 1694 est,
652 1652 749 1698 quod
771 1653 900 1686 dicitur
921 1653 1031 1686 Marc.
1052 1665 1092 1698 3.,
1111 1653 1171 1686 ubi
1185 1661 1376 1699 postquam
1393 1653 1548 1687 dixerat:
1566 1653 1757 1697 Quiautem

196 1704 429 1750 blasphemam
451 1706 484 1738 in
507 1705 672 1751 Spiritum
691 1706 850 1740 Sanctum
865 1714 930 1739 etc.
947 1707 1129 1752 subjungit
1143 1706 1391 1752 Evangelista:
1408 1707 1579 1750 Quoniam
1594 1706 1756 1740 dicebant:

194 1757 358 1804 Spiritum
384 1758 591 1792 immundum
612 1759 714 1793 habet.
739 1758 813 1792 Alii
834 1770 921 1793 vero
945 1760 1047 1793 aliter
1070 1760 1261 1804 accipiunt,
1285 1760 1444 1793 dicentes
1475 1767 1678 1805 peccatum,
1698 1757 1758 1792 vel

195 1810 459 1856 blasphemiam
481 1811 517 1844 in
540 1811 713 1856 Spiritum
733 1812 906 1846 Sanctum
930 1823 1019 1854 esse,
1041 1813 1186 1858 quando
1209 1812 1335 1858 aliquis
1353 1821 1478 1858 peccat
1494 1820 1618 1846 contra
1634 1822 1759 1857 appro-

196 1863 350 1910 priatum
368 1864 505 1897 bonum
522 1865 673 1910 Spiritus
694 1865 834 1899 Sancti:
851 1866 901 1899 sic
917 1866 1013 1899 enim
1029 1866 1177 1911 Spiritui
1192 1866 1326 1899 Sancto
1342 1866 1592 1912 appropriatur
1605 1865 1758 1906 bonitas,

198 1916 290 1951 sicut
312 1924 345 1949 et
367 1917 463 1950 Patri
486 1918 734 1963 appropriatur
755 1919 925 1964 potentia,
954 1926 987 1952 et
1019 1918 1110 1952 Filio
1137 1918 1330 1964 sapientia;
1370 1919 1464 1952 unde
1500 1926 1691 1964 peccatum
1723 1917 1760 1951 in

197 1969 343 2003 Patrem
377 1970 499 2004 dicunt
533 1982 622 2012 esse,
655 1971 799 2017 quando
834 1980 1004 2016 peccatur
1038 1983 1078 2005 ex
1109 1971 1332 2005 infirmitate:
1367 1979 1557 2017 peccatum
1581 1979 1701 2005 autem
1722 1970 1758 2004 in

198 2022 340 2064 Filium,
368 2023 511 2068 quando
539 2031 708 2068 peccatur
735 2036 776 2059 ex
802 2024 1022 2069 ignorantia:
1051 2033 1241 2069 peccatum
1268 2032 1389 2058 autem
1415 2025 1451 2058 in
1474 2024 1647 2069 Spiritum
1674 2023 1760 2057 San-

200 2083 310 2117 ctum,
336 2076 481 2121 quando
503 2085 674 2122 peccatur
689 2089 730 2111 ex
753 2086 849 2111 certa
864 2077 1011 2119 malitia,
1026 2078 1116 2111 idest
1130 2089 1172 2111 ex
1186 2078 1262 2124 ipsa
1278 2077 1455 2111 electione
1477 2077 1574 2119 mali,
1596 2085 1633 2111 ut
1655 2087 1760 2123 supra

200 2129 403 2174 expositum
434 2138 488 2163 est
511 2130 590 2173 (1-2.
621 2142 650 2176 q.
683 2132 735 2176 78.
766 2136 828 2164 art.
851 2143 878 2165 1.
909 2133 1012 2176 οη).
1049 2130 1159 2171 Quod
1186 2131 1332 2176 quidem
1360 2130 1536 2176 contingit
1562 2130 1758 2176 dupliciter:

198 2193 262 2216 uno
290 2182 383 2216 modo
412 2194 453 2216 ex
480 2182 715 2217 inclinatione
742 2183 883 2217 habitus
904 2184 1034 2225 vitiosi,
1058 2184 1117 2229 qui
1144 2183 1282 2218 malitia
1303 2183 1453 2217 dicitur:
1480 2191 1515 2216 et
1541 2183 1590 2217 sic
1612 2194 1685 2216 non
1709 2189 1762 2217 est

199 2235 295 2269 idem
317 2246 468 2281 peccare
492 2247 532 2269 ex
555 2235 703 2278 malitia,
726 2236 821 2282 quod
844 2248 993 2282 peccare
1017 2237 1051 2270 in
1075 2236 1247 2282 Spiritum
1267 2236 1460 2270 Sanctum:
1484 2236 1550 2270 alio
1569 2236 1664 2270 modo
1679 2246 1762 2269 con-

198 2288 303 2333 tingit
325 2299 366 2321 ex
389 2299 444 2329 e0,
467 2289 563 2334 quod
586 2300 648 2334 per
671 2298 920 2335 contemptum
944 2290 1117 2335 abjicitur,
1141 2297 1174 2323 et
1196 2297 1402 2323 removetur
1424 2289 1470 2330 id,
1500 2288 1597 2334 quod
1619 2288 1762 2322 electio-

200 2352 285 2374 nem
313 2341 451 2387 peccati
477 2349 619 2387 poterat
645 2342 838 2388 impedire;
866 2343 957 2376 sicut
986 2354 1065 2389 spes
1092 2354 1154 2388 per
1184 2342 1484 2388 desperationem,
1515 2350 1549 2376 et
1570 2342 1679 2375 timor
1698 2351 1761 2388 per

200 2395 545 2441 praesumptionem,
565 2403 598 2429 et
614 2396 791 2441 quaedam
812 2396 879 2430 alia
899 2396 1089 2441 ejusmodi,
1107 2404 1144 2429 ut
1166 2395 1256 2429 infra
1276 2395 1414 2429 dicetur
1437 2395 1516 2439 (art.
1538 2406 1599 2440 seq.
1614 2399 1644 2429 et
1661 2406 1690 2440 q.
1705 2405 1760 2429 20.

200 2453 229 2482 ct
247 2448 334 2491 21.).·
357 2448 446 2481 haec
470 2456 590 2482 autem
614 2451 748 2490 onmia,
765 2460 855 2494 quae
877 2449 1015 2495 peccati
1038 2448 1255 2483 electionem
1277 2448 1493 2494 impediunt,
1515 2455 1597 2481 sunt
1615 2446 1761 2481 effectus

204 2500 356 2546 Spiritus
376 2500 499 2534 Sancti
520 2501 556 2534 in
578 2501 704 2543 nobis,
728 2509 762 2535 et
783 2502 864 2535 ideo
892 2502 941 2536 sic
966 2514 1008 2536 ex
1030 2501 1167 2535 malitia
1199 2512 1349 2547 peccare
1373 2508 1426 2535 est
1456 2511 1607 2547 peccare
1629 2499 1665 2533 in
1687 2499 1763 2545 Spi-

201 2553 309 2587 ritum
333 2553 519 2587 Sanctum.

272 2606 332 2640 AD
354 2617 503 2640 PRmmt
519 2618 605 2652 ergo
621 2607 825 2649 dicendum,
841 2608 935 2653 quod
952 2608 1043 2641 sicut
1058 2606 1237 2641 consessio
1260 2607 1343 2640 fidei
1364 2618 1437 2641 non
1458 2606 1578 2640 solum
1602 2604 1763 2639 consistit

203 2659 238 2692 in
260 2660 518 2705 protestatione
543 2661 626 2702 oris,
641 2660 702 2695 sed
720 2662 828 2694 etiam
844 2661 879 2693 in
899 2662 1156 2706 protestatione
1179 2661 1313 2706 operis;
1337 2660 1384 2693 ita
1407 2659 1515 2693 etiam
1537 2658 1763 2704 blasphemia

206 2712 357 2758 Spiritus
381 2713 502 2747 Sancti
526 2721 643 2759 potest
666 2713 883 2747 considerari
907 2722 940 2747 et
963 2715 996 2747 in
1020 2725 1093 2755 ore,
1113 2721 1147 2747 et
1169 2713 1203 2746 in
1227 2713 1346 2754 corde,
1369 2721 1403 2746 et
1424 2712 1458 2745 in
1482 2722 1601 2757 opere.

276 2766 334 2798 AD
349 2776 554 2800 SECUNDUM
571 2766 776 2808 dicendum,
792 2767 887 2812 quod
903 2767 1102 2800 secundum
1117 2766 1258 2800 tertiam
1275 2767 1525 2811 acceptionem
1540 2763 1763 2809 blasphemia

204 2817 240 2851 in
263 2818 435 2863 Spiritum
458 2820 631 2853 Sanctum
651 2820 879 2865 distinguitur
901 2828 1023 2853 contra
1039 2819 1303 2864 blasphemiam
1326 2819 1360 2852 in
1383 2818 1513 2852 Filium
1527 2817 1696 2858 hominis,
1714 2827 1765 2850 se-

207 2872 364 2905 cundum
388 2873 483 2917 quod
507 2873 615 2907 Filius
638 2873 796 2907 hominis
820 2881 872 2907 est
894 2873 1001 2906 etiam
1026 2873 1117 2906 silius
1140 2872 1219 2913 Dei,
1242 2872 1332 2906 idest
1349 2871 1418 2905 Dei
1436 2871 1558 2912 virtus,
1577 2878 1611 2904 et
1628 2869 1696 2903 Dei
1714 2880 1765 2903 sa-

1818 2827 1828 2866 ’,Ἰ
