1859 3122
442 240 663 276 QUAESTIO
698 241 830 271 xcvii.
867 241 1109 272 AurieuLus
1143 242 1199 271 iv.
1520 232 1600 285 695

600 394 944 439 ARTICULUS
980 396 1055 439 IV.
1544 418 1608 453 520

43 502 195 532 UTRUM
221 502 448 532 TENTATIO
473 503 546 531 DEI
575 503 641 533 SIT
671 505 855 534 Gar-ivios
879 505 1129 544 paeoxrun,
1154 505 1279 541 QUAM
1302 505 1600 535 SUPERsTtTIO.

111 590 172 625 AD
193 600 382 630 QUARTUM
409 591 459 625 sic
483 592 700 636 proceditur.
724 592 885 636 Videtur,
907 593 1002 639 quod
1029 593 1181 628 tentatio
1209 593 1278 627 Dei
1300 593 1344 627 sit
1365 595 1508 638 gravius
1530 605 1608 639 pec-

42 652 174 687 catum,
205 656 313 690 quam
348 646 571 691 superstitio:
596 648 713 692 major
747 648 842 680 enim
878 658 994 693 poena
1018 658 1081 692 pro
1110 647 1241 692 majori
1267 655 1417 693 peccato
1442 647 1606 690 infertur3

40 697 102 732 sed
124 698 268 743 gravius
291 706 343 732 est
365 699 531 744 punitum
546 699 580 733 in
592 700 736 745 Judaeis
757 708 947 746 peccatum
970 700 1178 734 tentationis
1189 700 1270 742 Dei,
1286 712 1392 746 quani
1415 709 1603 746 peccatum

41 751 279 793 idololatriae,
302 752 397 798 quod
420 759 541 786 tamen
565 761 617 787 est
650 754 884 799 praecipuum
911 754 1002 788 inter
1028 754 1319 800 superstitiones:
1343 754 1425 799 quia
1441 766 1504 799 pro
1528 766 1606 800 pec-

41 813 121 839 cato
144 804 370 839 idololatriae
398 805 575 840 interfecti
597 815 679 841 sunt
704 819 746 841 ex
769 807 818 841 eis
841 807 943 852 quasi
964 807 1091 852 viginti
1112 807 1179 841 tria
1207 807 1319 840 millia
1342 807 1547 849 hominum,
1568 815 1604 842 ut

41 858 169 904 legitur
190 858 302 893 Exod.
322 869 373 904 32.
396 859 480 904 (vid.
502 866 571 906 sup.
594 872 623 906 q.
645 860 701 905 64.
716 865 779 894 art.
801 871 834 905 4.
857 872 927 906 arg.
951 861 1011 905 1.).·
1036 872 1100 906 pro
1123 868 1274 906 peccato
1299 869 1419 895 autem
1442 861 1606 895 tentatio-

41 911 95 946 nis
118 923 245 946 omnes
276 912 526 947 universaliter
559 913 594 947 in
629 913 770 948 deserto
805 914 997 959 perierunt,
1025 922 1157 948 terram
1184 914 1435 960 promissionis
1463 926 1536 948 non
1558 914 1606 947 in-

41 973 186 1007 trantes,
209 966 409 1000 secundum
435 966 523 1000 illud
544 967 602 1000 Ps.
625 977 699 1013 94:
730 967 956 1002 Tentathmt
977 980 1026 1002 me
1042 972 1156 1014 patres
1176 969 1299 1003 wstri:
1320 976 1353 1002 et
1375 976 1501 1014 postea
1528 969 1605 1002 sub-

41 1019 150 1054 ditur:
175 1020 305 1064 Quibus
321 1021 441 1066 juravi
467 1022 501 1054 in
521 1021 574 1054 ira
596 1032 679 1062 ntea,
711 1022 737 1055 si
763 1022 949 1055 *introibunt
975 1022 1009 1055 in
1030 1023 1176 1067 requiam
1203 1033 1332 1062 metium
1363 1033 1449 1067 ergo
1472 1029 1608 1056 tentare

41 1073 161 1107 Deum
184 1081 237 1107 est
254 1074 398 1118 gravius
416 1081 618 1118 peccatum,
645 1085 755 1119 quam
778 1074 996 1120 superstitio.

114 1136 144 1160 2.
166 1126 401 1161 PRAETEREA.
426 1126 546 1161 Tanto
570 1126 715 1173 aliquod
734 1135 926 1173 peccatum
941 1128 1082 1162 videtur
1105 1139 1181 1162 esse
1204 1128 1360 1174 gravius,
1381 1137 1515 1174 quanto
1539 1141 1610 1163 ma-

41 1180 94 1225 gis
115 1179 236 1214 virtuti
258 1180 469 1226 opponitur3
484 1180 546 1214 sed
568 1180 828 1226 irreligiositas,
849 1182 949 1226 cujus
975 1181 1114 1227 species
1138 1189 1191 1216 est
1212 1182 1364 1216 tentatio
1386 1182 1467 1224 Dei,
1491 1183 1607 1228 magis

43 1233 236 1279 opponitur
260 1233 380 1267 virtuti
414 1233 611 1280 religionis,
640 1246 749 1280 quam
771 1235 989 1281 superstitio,
1017 1246 1108 1281 quae
1135 1235 1245 1269 habet
1267 1235 1427 1282 aliquam
1449 1236 1611 1270 similitu-

42 1287 163 1321 dinem
185 1297 268 1320 cum
289 1286 388 1332 ipsa;
416 1297 503 1333 ergo
525 1287 676 1322 tentatio
698 1287 769 1322 Dei
791 1295 844 1322 est
865 1288 1009 1334 gravius
1031 1296 1235 1334 peccatum,
1258 1300 1367 1334 quam
1389 1290 1606 1334 superstitio.

115 1351 143 1386 3.
165 1340 401 1376 PRAETEREA.
432 1340 550 1386 Majus
572 1349 764 1387 peccatum
791 1341 931 1376 videtur
965 1353 1042 1376 esse
1076 1342 1313 1376 irreverenter
1339 1354 1375 1376 se
1406 1343 1540 1377 habere
1564 1343 1607 1377 ad

42 1401 218 1439 parentes,
240 1405 349 1440 quarn
368 1395 608 1429 reverentiam
630 1395 836 1440 parentibus
859 1395 1017 1430 debitam
1040 1394 1118 1429 aliis
1140 1396 1328 1438 exhibere3
1351 1397 1412 1430 sed
1440 1396 1539 1430 Deus
1559 1405 1611 1431 est

41 1446 276 1482 honorandus
299 1459 318 1482 a
339 1448 443 1482 nobis
465 1449 556 1483 sicut
578 1449 744 1483 omnium
766 1456 872 1496 patet,
900 1457 939 1484 ut
967 1450 1095 1484 dicitur
1122 1449 1279 1484 Malach.
1307 1461 1354 1493 1.;
1384 1461 1471 1496 ergo
1494 1451 1610 1496 majus

42 1509 232 1547 peccatum
251 1512 327 1536 esse
348 1501 489 1536 videtur
509 1503 660 1537 tentatio
689 1502 770 1545 Dei,
804 1514 867 1549 per
888 1515 997 1549 quam
1018 1503 1256 1538 irreverenter
1282 1515 1348 1537 nos
1367 1504 1544 1538 habemus
1567 1504 1609 1538 ad

42 1555 174 1596 Deum,
209 1566 318 1600 quam
348 1554 568 1598 idololatria,
595 1567 658 1602 per
685 1567 794 1602 quarn
822 1556 1024 1591 reverentia
1049 1555 1132 1591 Deo
1155 1556 1274 1591 debita
1307 1557 1495 1591 exhibetur
1517 1569 1611 1592 crea-

42 1615 152 1642 turae.

114 1661 189 1695 SED
216 1671 371 1696 CONTRA
405 1670 468 1704 est,
502 1661 597 1708 quod
631 1674 738 1708 super
764 1662 852 1697 illud
884 1663 1084 1698 Deuteron.
1125 1674 1195 1709 17.:
1222 1664 1307 1699 Cum
1334 1665 1458 1710 reperti
1476 1665 1610 1710 fuerin!

43 1715 132 1761 apud
157 1719 196 1757 te,
220 1722 287 1749 etc.
318 1715 404 1749 dicit
431 1715 532 1750 Glos.
557 1715 695 1761 (ordin.)
710 1729 720 1750 .·
755 1729 773 1748 «
800 1717 873 1751 Lex
901 1728 1073 1759 errorem,
1102 1725 1136 1751 et
1168 1716 1415 1752 idololatriam
1452 1718 1609 1752 maxime

44 1767 248 1810 detestatur,
270 1768 471 1803 maximum
494 1769 592 1804 enim
620 1777 673 1804 est
706 1769 835 1812 scelus,
856 1770 1037 1804 honorem
1061 1770 1255 1805 Creatoris
1280 1771 1488 1817 impendere
1517 1783 1611 1806 crea-

43 1828 142 1855 turae
163 1835 195 1855 ».

114 1875 342 1910 RESPONDEO
370 1875 685 1922 dicendum,quod
707 1876 743 1910 in
762 1876 933 1923 peccatis,
956 1888 1046 1923 quae
1062 1876 1229 1922 religioni
1248 1877 1492 1920 adversantur,
1508 1887 1608 1912 tanto

46 1927 177 1975 aliquid
199 1929 342 1974 gravius
365 1937 427 1971 est,
450 1937 585 1975 quanto
609 1930 724 1975 magis
740 1930 881 1964 divinae
896 1931 1117 1964 reverentiae
1141 1930 1366 1965 adversatur:
1385 1932 1441 1965 cui
1463 1932 1608 1977 quidem

45 1982 162 2016 minus
199 1982 416 2024 adversatur,
445 1983 541 2028 quod
580 1982 708 2029 aliquis
740 1984 782 2017 de
817 1983 936 2017 divina
971 1983 1184 2017 excellentia
1211 1983 1357 2026 dubitet,
1382 1996 1490 2030 quam
1513 1986 1609 2031 quod

47 2035 267 2069 contrarium
289 2047 351 2081 per
374 2036 625 2070 certitudinem
647 2037 795 2079 sentiat3
817 2037 909 2071 sicut
935 2037 1031 2071 enim
1062 2037 1178 2082 magis
1213 2045 1265 2071 est
1300 2037 1466 2077 infidelis,
1490 2039 1549 2084 qui
1576 2041 1610 2072 in

47 2099 165 2123 errore
189 2089 423 2123 confirmatus
455 2097 518 2131 est,
542 2101 649 2135 quam
674 2090 734 2135 qui
756 2089 798 2124 de
828 2090 978 2124 veritate
1005 2090 1087 2123 fidei
1114 2090 1269 2131 dubitat3
1293 2091 1340 2125 ita
1363 2091 1471 2125 etiam
1494 2092 1611 2137 magis

48 2149 171 2175 contra
192 2142 263 2176 Dei
284 2143 523 2176 reverentiam
546 2143 630 2189 agit,
664 2144 724 2189 qui
751 2154 816 2177 suo
843 2142 939 2177 facto
961 2151 1179 2188 protestatur
1201 2155 1361 2178 errorem
1381 2153 1507 2178 contra
1529 2145 1613 2178 divi-

47 2205 130 2228 nam
153 2194 416 2237 excellenffiam,
439 2207 547 2241 quam
570 2196 630 2242 qui
651 2204 868 2242 protestatur
894 2197 1176 2238 dubitationem;
1200 2197 1466 2243 superstitiosus
1490 2206 1610 2232 autem

47 2255 263 2294 protestatur
289 2260 461 2290 errorem,
484 2257 521 2282 ut
544 2260 586 2283 ex
608 2249 710 2283 dictis
732 2257 829 2295 patet
852 2250 896 2295 (q.
920 2251 1006 2295 92.):
1029 2250 1089 2284 ille
1113 2258 1233 2284 autem
1256 2251 1317 2296 qui
1338 2259 1451 2285 tentat
1476 2251 1608 2285 Deum.

48 2301 173 2343 verbis,
194 2301 252 2335 vel
272 2301 386 2344 factis,
409 2310 625 2348 protestatur
651 2302 913 2337 dubitationem
948 2303 990 2337 de
1019 2303 1140 2336 divina
1167 2303 1391 2346 excellentia,
1416 2312 1453 2338 ut
1475 2304 1609 2337 dictum

49 2361 102 2388 est
117 2355 196 2399 (art.
219 2365 247 2388 r.
271 2360 298 2390 et
324 2367 354 2390 2.
383 2356 450 2401 lmj.
470 2357 537 2401 q.);
561 2363 595 2390 et
620 2355 703 2390 ideo
731 2357 874 2402 gravius
903 2364 956 2391 est
988 2364 1180 2402 peccatum
1206 2357 1479 2403 superstitionis,
1503 2369 1608 2403 quam

49 2415 237 2453 peccatum
259 2409 466 2442 tentationis
487 2408 567 2442 Dei.

119 2461 178 2496 AD
199 2472 349 2496 PRiMUM
379 2473 465 2507 ergo
496 2461 700 2504 dicendum,
727 2462 824 2508 quod
851 2470 1042 2509 peccatum
1064 2463 1291 2497 idololatriae
1325 2475 1398 2497 non
1420 2463 1485 2497 fuit
1515 2464 1614 2509 puni-

50 2521 125 2547 tum
146 2514 206 2548 illa
228 2526 346 2561 poena
368 2515 469 2561 quasi
503 2514 710 2557 sufficienti3
741 2516 803 2549 sed
836 2516 873 2549 in
902 2524 1087 2562 posterum
1110 2528 1174 2563 pro
1205 2516 1267 2550 illo
1295 2526 1446 2562 peccato
1469 2517 1613 2560 gravior

51 2578 166 2612 poena
187 2569 450 2603 reservabatur:
475 2569 602 2602 dicitur
624 2569 721 2602 enim
744 2569 855 2602 Exod.
878 2580 951 2615 32.:
976 2571 1044 2615 Ego
1060 2575 1167 2604 alliam
1191 2572 1223 2604 in
1247 2570 1295 2604 dic
1319 2570 1450 2603 allionis
1471 2571 1611 2604 tristato

53 2621 108 2655 hoc
125 2627 298 2667 peccatum
325 2634 448 2656 eornm.

121 2674 180 2708 AD
203 2685 408 2710 SECUNDUM
428 2675 632 2716 dicendum,
651 2675 747 2721 quod
774 2676 978 2722 superstitio
1002 2676 1109 2710 habet
1131 2676 1404 2710 similitudinem
1428 2687 1511 2709 cum
1537 2676 1614 2710 reli-

53 2726 158 2771 gione
185 2736 358 2773 quantum
382 2729 424 2762 ad
447 2728 671 2762 materialem
696 2736 814 2762 actum
834 2741 942 2775 quem
965 2730 1117 2771 exhibet,
1140 2730 1232 2763 sicut
1254 2729 1399 2774 religi03
1422 2729 1483 2762 sed
1506 2741 1613 2775 quan<

53 2786 128 2812 tum
150 2781 193 2814 ad
215 2780 335 2823 finem,
350 2781 429 2827 plus
452 2782 689 2815 contrariatur
707 2782 750 2823 ei,
778 2794 887 2827 quam
908 2783 1058 2817 tentatio
1081 2783 1168 2825 Dei3
1188 2782 1271 2828 quia
1293 2781 1371 2827 plus
1394 2782 1546 2827 pertinet
1569 2783 1611 2816 ad

54 2831 210 2866 divinam
231 2834 513 2876 irreverentiam,
534 2842 571 2868 ut
593 2835 729 2868 dictum
752 2843 805 2869 est
833 2837 883 2878 (in
910 2842 1003 2882 corp.
1026 2837 1121 2880 art).

123 2885 182 2919 AD
205 2896 375 2921 TERTIUM
393 2888 586 2921 dicendum
607 2888 702 2933 quod
718 2888 761 2921 de
783 2888 922 2923 ratione
944 2889 1087 2922 divinae
1110 2887 1343 2922 excellentiae
1364 2895 1429 2929 est,
1452 2888 1547 2934 quod
1571 2889 1613 2922 sit

57 2937 255 2983 singularis,
278 2948 312 2974 et
331 2941 707 2983 incommunicabilis3
730 2949 764 2975 et
785 2941 868 2976 ideo
889 2942 986 2976 idem
1013 2950 1065 2976 est
1097 2949 1222 2976 contra
1257 2941 1417 2975 divinam
1453 2952 1613 2975 reveren—
