1859 3122
200 166 308 208 1068
609 179 828 213 QUAESTIO
864 180 1010 209 CLXIII.
1045 181 1287 210 ARTICULUS
1321 182 1362 211 ΙΙ.

761 336 1107 380 ARTICULUS
1135 338 1191 380 H.

394 444 547 473 UTRUM
580 444 785 473 SUPERBIA
818 446 933 474 PRIMI
967 446 1149 475 HOMINIS
1184 446 1341 475 FUERIT
1372 447 1415 475 IN
1449 446 1554 486 HOC,

494 509 619 544 QUOD
644 510 899 540 APPETIERIT
929 511 1114 540 DIVINAM
1132 511 1480 541 SIMILITUDINEM.

1683 362 1742 397 793

806 597 884 640 (Isa.
905 608 952 642 17.
980 597 1049 631 lect.
1072 599 1152 642 12.).
1586 604 1600 626 v

268 683 327 716 AD
349 693 556 718 SECUNDUM
576 685 625 718 sic
649 685 863 730 proceditur.
887 685 1048 727 Videtur,
1069 686 1164 731 quod
1187 686 1351 731 superbia
1373 686 1479 732 primi
1500 687 1658 720 hominis
1679 697 1754 719 non

197 735 357 769 fueritin
380 736 463 778 hoc,
486 738 582 782 quod
617 739 803 783 appetierit
835 739 993 772 divinam
1019 739 1314 773 similitudinem:
1349 739 1468 773 nullus
1503 740 1600 773 enim
1629 747 1756 784 peccat

199 789 398 835 appetendo
428 790 475 831 id,
499 791 594 835 quod
617 791 682 824 sibi
711 792 884 837 competit
905 792 1103 825 secundum
1126 804 1229 826 suam
1261 800 1443 826 naturam:
1466 793 1527 827 sed
1558 791 1754 826 similitudo

198 843 267 876 Dei
290 843 463 888 competit
481 843 622 877 homini
636 845 835 878 secundum
857 856 959 878 suam
974 854 1159 878 naturam:
1184 845 1312 879 dicitur
1334 846 1430 879 enim
1451 845 1542 880 Gen.
1568 857 1613 879 1.:
1635 846 1756 880 Facia-

200 909 269 930 mus
289 897 451 931 hominem
475 897 516 930 iiii
538 899 729 942 imaginem,
756 904 783 932 el
807 899 1056 933 similitmiinsm
1084 904 1229 933 nostram
1239 911 1252 939 ;
1276 911 1363 945 ergo
1390 910 1464 933 non
1486 899 1649 945 peccavit
1669 899 1758 933 divi-

199 961 284 983 nam
307 949 580 984 similitudinem
604 952 817 997 appetendo.

271 1012 301 1035 2.
324 1002 559 1038 PRAETEREA.
575 1004 616 1037 In
638 1005 709 1038 hoc
728 1005 867 1038 videtur
885 1005 1020 1050 primus
1040 1005 1152 1039 homo
1176 1006 1334 1040 divinam
1356 1005 1629 1040 similitudinem
1651 1015 1759 1050 appe-

197 1056 307 1097 tiisse,
335 1065 371 1090 ut
393 1057 542 1090 scientia
568 1057 665 1098 boni,
689 1066 722 1091 et
748 1058 832 1091 mali
856 1059 1047 1103 potiretur:
1079 1059 1149 1093 hoc
1174 1060 1271 1093 enim
1297 1059 1330 1092 ei
1357 1070 1376 1092 a
1403 1067 1566 1105 serpente
1594 1068 1761 1103 suggere-

199 1110 319 1143 batur:
350 1110 455 1145 Eritis
479 1112 562 1145 sicut
596 1111 643 1144 dii
667 1113 799 1145 scientes
826 1113 957 1152 bonum,
986 1118 1015 1146 et
1040 1113 1188 1163 nntium:
1215 1113 1276 1146 sed
1304 1112 1480 1157 appetitus
1506 1112 1677 1146 scientiae
1708 1118 1760 1144 est

200 1163 344 1197 homini
364 1164 548 1205 naturalis,
571 1166 770 1198 secundum
791 1165 878 1198 illud
900 1165 1036 1199 Pliilos.
1059 1166 1094 1199 in
1117 1166 1265 1211 princip.
1288 1166 1468 1211 Metaph.:
1499 1178 1516 1197 «
1536 1165 1677 1200 Omnes
1698 1165 1762 1198 ho-

202 1216 317 1250 mines
335 1226 462 1250 natura
483 1219 575 1252 scire
595 1218 798 1252 desiderant
812 1231 851 1261 »3
874 1230 960 1264 ergo
982 1230 1056 1252 non
1078 1219 1241 1264 peccavit
1260 1219 1462 1264 appetendo
1485 1219 1643 1252 divinam
1666 1217 1760 1252 simi-

201 1269 402 1305 litudinem.

277 1334 305 1368 3.
339 1323 574 1358 PRAETEREA.
609 1324 739 1359 Nullus
773 1326 913 1370 sapiens
945 1325 1043 1370 eligit
1072 1325 1118 1367 id,
1145 1326 1242 1371 quod
1273 1333 1326 1359 est
1354 1324 1595 1370 impossibile:
1627 1325 1762 1370 primus

204 1384 325 1410 autem
346 1377 460 1411 homo
484 1377 658 1423 sapientia
679 1378 859 1424 praeditus
894 1386 979 1419 erat,
1001 1378 1201 1411 secundum
1223 1378 1309 1412 illud
1331 1378 1440 1412 Eccli.
1479 1389 1550 1423 17.:
1572 1378 1760 1423 Disciplina

205 1430 380 1464 intellectus
398 1431 531 1476 replevit
558 1431 649 1471 illos;
681 1443 764 1464 cum
786 1443 872 1476 ergo
896 1442 1005 1465 omne
1027 1439 1217 1476 peccatum
1240 1432 1412 1465 consistat
1433 1432 1468 1465 in
1496 1433 1653 1476 appetitu
1680 1430 1763 1464 deli-

203 1483 340 1524 berato,
363 1483 422 1528 qui
449 1492 501 1517 est
523 1483 664 1526 electio,
686 1484 824 1518 videtur
847 1485 942 1530 quod
964 1485 1100 1530 primus
1122 1484 1236 1517 homo
1252 1495 1326 1517 non
1344 1484 1548 1530 peccaverit
1562 1483 1762 1529 appetendo

205 1535 337 1581 aliquid
360 1536 600 1582 impossibile:
623 1538 685 1571 sed
706 1537 929 1583 impossibile
957 1546 1009 1571 est
1035 1549 1111 1571 esse
1134 1537 1322 1571 hominem
1344 1536 1501 1571 similem
1522 1537 1617 1578 Deo,
1639 1547 1764 1570 secun-

206 1590 292 1623 dum
312 1589 400 1623 illud
421 1590 534 1624 Exod.
562 1602 632 1635 15.:
657 1592 741 1635 Quis
761 1592 876 1625 similis
895 1593 942 1625 tui
964 1592 996 1624 in
1011 1591 1169 1636 fortibus,
1185 1591 1355 1625 Domine?
1373 1590 1468 1636 Ergo
1491 1590 1627 1636 primus
1648 1589 1765 1623 homo

205 1654 279 1677 non
298 1644 461 1689 peccavit
483 1645 684 1689 appetendo
707 1645 864 1678 divinam
887 1644 1171 1678 similitudinem.

280 1696 353 1730 SED
377 1707 531 1731 CONTRA
554 1706 617 1739 est,
639 1698 736 1743 quod
759 1709 865 1743 super
886 1697 973 1731 illud
996 1697 1088 1731 Psal.
1111 1695 1186 1731 68.:
1212 1698 1306 1742 Quae
1329 1709 1394 1731 non
1414 1698 1526 1743 rapui,
1549 1701 1623 1731 tunc
1644 1696 1768 1731 exolve-

207 1751 293 1791 lnzm,
318 1750 403 1784 dicit
432 1751 584 1796 August.
618 1750 676 1794 (ast
702 1753 735 1785 ill
761 1751 865 1786 Gloss.
889 1752 1010 1797 ordin.)
1025 1765 1035 1786 :
1066 1752 1231 1794 «Adam,
1253 1760 1287 1785 et
1315 1751 1391 1785 Eva
1421 1762 1545 1797 rapere
1573 1750 1769 1785 voluerunt

208 1805 445 1847 divinitatem,
468 1813 501 1839 et
528 1806 758 1851 perdiderunt
772 1805 984 1840 felicitatem
1000 1819 1031 1839 >).

280 1858 508 1893 RESPon-:o
523 1859 728 1900 dicendum,
748 1859 845 1905 quod
859 1859 979 1906 duplex
997 1866 1050 1892 est
1070 1858 1287 1892 similitudo:
1311 1870 1377 1892 una
1395 1857 1631 1892 omnimodae
1653 1855 1772 1902 aequi-

209 1911 411 1957 parantiae3
435 1920 469 1945 et
490 1912 582 1945 hanc
605 1912 880 1946 similitudinem
904 1913 946 1946 ad
969 1912 1090 1946 Deum
1116 1912 1223 1957 primi
1244 1919 1408 1957 parentes
1429 1923 1503 1945 non
1527 1910 1768 1956 appetierunt:

211 1965 294 2010 quia
307 1964 388 1998 talis
403 1964 602 1998 similitudo
618 1965 660 1998 ad
675 1965 795 1999 Deum
811 1977 884 1999 non
905 1966 999 1999 cadit
1012 1966 1048 1998 in
1064 1965 1362 2011 apprehensione,
1378 1964 1568 2010 praecipue
1582 1962 1770 2009 sapientis:

211 2017 279 2051 alia
302 2026 422 2051 autem
445 2026 497 2051 est
514 2018 712 2052 similitudo
734 2019 956 2060 imitationis,
971 2018 1086 2064 qualis
1107 2018 1286 2063 possibilis
1302 2026 1355 2052 est
1369 2027 1553 2052 creaturae
1573 2017 1616 2050 ad
1631 2017 1772 2057 Deum3

211 2071 424 2116 inquantum
446 2071 614 2105 videlicet
635 2072 821 2117 participat
840 2072 972 2117 aliquid
996 2072 1038 2105 de
1058 2071 1291 2105 similitudine
1313 2072 1422 2117 ipsius
1444 2071 1643 2105 secundum
1665 2080 1771 2104 suum

213 2124 383 2158 modum:
400 2124 552 2170 Dionys.
573 2125 670 2158 enim
688 2126 773 2159 dicit
787 2125 821 2158 in
841 2136 873 2169 c).
896 2137 970 2170 cap.
995 2125 1038 2158 de
1052 2125 1134 2159 Div.
1156 2125 1265 2158 Nom.
1281 2127 1316 2168 (a
1332 2124 1412 2158 mesi.
1432 2125 1500 2159 lect.
1516 2125 1559 2169 3.)
1572 2137 1582 2158 .·
1604 2123 1772 2157 «Eadem

213 2177 345 2211 similia
364 2186 446 2211 sunt
467 2178 559 2219 Deo,
583 2186 615 2211 et
637 2178 843 2213 dissimilia:
865 2174 952 2211 illud
976 2178 1121 2223 quidem
1143 2178 1343 2212 secundum
1362 2178 1634 2223 contingentem
1655 2176 1773 2210 imita-

213 2231 371 2264 tionem:
399 2230 469 2264 hoc
493 2239 611 2264 autem
640 2232 839 2265 secundum
861 2232 956 2277 quod
979 2239 1124 2265 causata
1147 2231 1265 2265 minus
1288 2231 1421 2264 habent
1443 2243 1461 2265 a
1480 2242 1587 2264 causa
1601 2243 1641 2264 »ε
1664 2229 1775 2275 quod-

216 2284 301 2318 libet
323 2292 442 2317 autem
465 2284 601 2318 bonum
623 2285 658 2317 in
681 2293 842 2318 creatura
874 2286 1026 2319 existens
1057 2293 1109 2318 est
1130 2286 1308 2330 quaedam
1339 2285 1550 2330 participata
1575 2282 1773 2318 similitudo

216 2337 323 2383 primi
344 2337 445 2379 boni3
469 2346 502 2371 et
523 2338 604 2371 ideo
621 2349 662 2371 ex
684 2338 753 2371 hoc
770 2338 848 2383 ipso
871 2339 967 2383 quod
982 2339 1097 2371 homo
1117 2338 1251 2384 appetit
1272 2338 1417 2383 aliquod
1433 2337 1615 2383 spirituale
1637 2337 1775 2370 bonum

217 2402 323 2436 supra
345 2402 449 2424 suam
464 2402 682 2432 mensuram,
705 2399 742 2424 ut
757 2391 891 2424 dictum
915 2400 966 2425 est
981 2394 1058 2435 (art.
1071 2391 1212 2437 praetia),
1238 2402 1462 2436 consequens
1481 2398 1544 2432 est,
1559 2390 1656 2435 quod
1674 2400 1777 2435 appe-

217 2444 311 2477 tierit
322 2444 478 2477 divinam
498 2444 769 2477 similitudinem
786 2444 997 2478 inordinate.
1018 2444 1332 2478 Considerandum
1348 2452 1469 2477 tamen
1485 2452 1548 2484 est,
1563 2443 1659 2488 quod
1676 2453 1778 2488 appe·

216 2497 301 2530 titus
323 2506 375 2530 est
396 2499 536 2543 proprie
571 2498 621 2531 rei
638 2508 711 2530 non
734 2497 894 2530 habitae:
923 2498 1059 2530 bonum
1082 2506 1200 2530 autem
1230 2497 1424 2542 spirituale,
1453 2496 1652 2531 secundum
1679 2495 1776 2541 quod

220 2559 383 2584 creatura
413 2551 595 2585 rationalis
630 2551 789 2584 divinam
819 2551 1006 2596 participat
1031 2551 1315 2591 similitudinem,
1344 2558 1461 2595 potest
1487 2549 1685 2583 secundum
1713 2549 1777 2582 tria

220 2605 370 2638 attendi:
389 2606 501 2650 primo
525 2605 670 2650 quidem
692 2605 890 2638 secundun:
914 2605 1030 2648 ipsum
1063 2615 1139 2637 esse
1161 2612 1328 2645 naturae3
1352 2612 1385 2636 et
1411 2602 1491 2636 talis
1513 2601 1709 2636 similitudo
1733 2601 1774 2634 ab

220 2658 298 2702 ipso
315 2658 505 2691 creationis
524 2658 699 2703 principio
721 2656 786 2690 fuit
807 2657 991 2702 impressit,
1008 2666 1041 2690 et
1057 2657 1206 2698 homini,
1222 2657 1264 2690 de
1284 2668 1355 2702 quo
1371 2657 1498 2689 dicitur
1515 2655 1606 2689 Gen.
1627 2666 1666 2696 1.‚
1682 2654 1778 2700 quod

222 2712 312 2744 Deus
330 2711 411 2756 fecit
433 2711 594 2744 hominem
621 2711 662 2744 ad
683 2711 873 2755 imaginem,
897 2715 924 2743 ct
943 2710 1193 2744 similitiidimem
1214 2722 1319 2750 snam,
1343 2718 1377 2742 et
1399 2708 1542 2754 angelo,
1565 2708 1607 2741 de
1634 2719 1706 2753 quo
1728 2707 1779 2740 di-

223 2764 312 2797 citur
330 2764 458 2797 Ezech.
480 2764 553 2797 28.:
584 2765 633 2798 Ἰἰι
649 2763 856 2808 signaculum
877 2763 1124 2797 simililmiinis:
1147 2763 1282 2797 secundo
1301 2773 1387 2796 vero
1403 2770 1577 2807 quantum
1597 2761 1640 2794 ad
1655 2761 1779 2805 cogni-

222 2818 378 2859 tione1n3
402 2826 435 2850 et
462 2817 554 2850 hanc
577 2818 686 2851 etiam
707 2816 979 2850 similitudinem
1001 2816 1037 2848 in
1059 2816 1112 2849 sui
1135 2817 1316 2849 creatione
1339 2815 1487 2860 angelus
1510 2813 1666 2859 accepit3
1686 2813 1778 2847 unde

224 2871 257 2903 in
280 2870 483 2916 praemissis
505 2871 621 2904 verbis
656 2881 738 2904 cum
769 2870 904 2903 dictum
932 2876 1045 2902 esset:
1076 2869 1125 2902 'l'u
1154 2869 1360 2913 signaculum
1393 2867 1628 2908 similitudinis,
1659 2867 1778 2899 statim
