1859 3122
199 143 218 184 υ.)

229 130 254 171 ΟΧ

257 142 280 170 ω

581 140 802 176 QUAESTIO
836 140 966 170 XLVII.
996 139 1239 170 ARTICULUS
1273 140 1363 170 VIII.

727 310 1069 354 ARTICULUS
1099 310 1221 352 vm.
1686 319 1751 366 265

328 415 480 445 UTRUM
504 416 763 445 PRAECIPERE
786 417 851 446 SIT
875 417 1140 447 PRINCIPALIS
1164 417 1306 446 ACTUS
1330 416 1621 446 PRUDENTIAE.

228 505 328 551 (Infr.
351 516 380 550 q.
395 515 447 551 51.
470 510 532 539 art.
555 517 586 540 2.
607 510 677 552 etj.
696 506 784 540 Dist.
804 517 847 552 33.
870 511 934 540 art.
950 518 978 552 3.
1001 511 1028 541 ct
1051 507 1145 541 Rom.
1167 507 1198 541 3.
1219 506 1289 540 lect.
1314 515 1343 539 Ι.
1365 510 1396 540 et
1416 504 1497 551 Eph.
1521 515 1552 539 2.
1575 504 1645 539 lect.
1667 503 1729 549 8.).

269 593 328 627 AD
356 603 544 627 OCTAVUM
567 594 615 627 sic
637 595 852 640 proceditur.
878 595 1036 636 Videtur,
1056 595 1152 641 quod
1174 595 1380 640 praecipere
1397 604 1472 627 non
1490 592 1534 627 sit
1551 590 1757 639 principalis

198 653 297 680 actus
319 646 546 691 prudentiae:
571 647 777 693 praecipere
805 648 901 681 enirn
928 649 1080 693 pertinet
1107 648 1150 681 ad
1176 648 1282 690 bona,
1310 658 1400 693 quae
1427 654 1508 680 sunt
1533 645 1669 680 fienda:
1693 644 1755 679 sed

197 700 350 744 August.
377 709 428 741 14.
451 699 494 733 de
519 700 647 734 Trinit.
671 701 762 747 (cap.
783 701 844 747 9.)‚
868 701 968 747 ponit
995 709 1116 735 actum
1143 701 1352 746 prudentiae
1372 706 1574 746 praecavere
1599 697 1756 739 insidias;

197 763 283 798 ergo
305 753 510 798 praecipere
532 764 605 787 non
629 762 680 787 est
702 754 907 800 principalis
930 762 1030 788 actus
1052 754 1273 800 prudentiae.

270 816 299 839 2.
323 806 558 841 PRAETEREA.
582 806 718 840 Philos.
742 807 827 841 dicit
852 807 888 840 in
916 806 947 841 6.
975 807 1090 841 Ethic.
1114 808 1204 854 (sap.
1223 807 1284 853 5.),
1308 806 1404 853 quod
1426 805 1596 853 prudentis
1617 810 1660 840 est
1682 805 1757 840 bene

198 859 393 894 consiliari:
421 860 484 893 sed
512 859 600 893 alius
628 869 728 894 actus
754 860 894 894 videtur
920 872 996 895 esse
1024 861 1207 903 consiliari,
1235 868 1269 894 et
1289 861 1493 906 praecipere,
1521 867 1560 893 ut
1585 869 1627 892 ex
1653 869 1758 904 supra

198 913 301 946 dictis
328 920 424 958 patet
452 913 528 956 (art.
553 914 584 947 6.
607 918 635 947 et
657 925 686 959 7.
709 914 777 959 huj.
801 926 830 959 q.
853 919 881 948 at
902 926 962 949 1-2.
986 926 1015 960 q.
1038 925 1088 958 14.
1111 919 1141 948 et
1161 914 1248 960 17.)‚·
1278 924 1364 959 ergo
1391 912 1602 959 prudentiae
1628 911 1759 958 princi-

198 965 288 1012 palis
310 974 409 999 actus
430 977 504 999 non
526 974 579 1000 est
600 967 816 1012 praecipere.

272 1031 299 1064 3.
322 1020 557 1053 PRAETEREA.
580 1020 803 1066 Praecipere,
826 1020 884 1054 vel
905 1020 1083 1066 imperare
1101 1021 1241 1054 videtur
1261 1019 1438 1066 pertinere
1458 1018 1502 1052 ad
1520 1018 1759 1060 voluntatem,

200 1073 300 1117 cujus
322 1072 505 1117 objectum
528 1081 581 1107 est
602 1072 692 1114 finis,
712 1081 745 1107 et
760 1084 849 1118 quae
866 1082 988 1108 movet
1002 1073 1089 1108 alias
1108 1073 1286 1119 potentias
1306 1073 1467 1106 animae:
1490 1071 1551 1106 sed
1573 1071 1761 1118 prudentia

199 1137 273 1159 non
295 1133 348 1160 est
364 1125 401 1159 in
420 1126 616 1165 voluntate,
639 1127 700 1160 sed
713 1127 749 1160 in
764 1127 919 1169 ratione3
940 1139 1027 1172 ergo
1047 1127 1256 1174 prudentiae
1273 1134 1371 1160 actus
1386 1137 1460 1160 non
1475 1133 1528 1159 est
1542 1125 1760 1171 praecipere.

272 1179 346 1213 SED
374 1190 528 1214 CONTRA
544 1188 606 1221 est,
629 1180 724 1225 quod
747 1180 883 1214 Philos.
907 1181 992 1214 dicit
1013 1181 1048 1214 in
1071 1179 1102 1214 6.
1126 1180 1242 1214 Ethic.
1265 1181 1353 1226 (cap.
1376 1180 1443 1225 10.)
1468 1178 1564 1224 quod
1579 1178 1759 1225 prudentia

197 1233 413 1279 praeceptiva
434 1238 486 1266 est.

273 1286 501 1320 RESPONDEO
530 1286 734 1328 dicendum,
764 1286 860 1332 quod
883 1286 1061 1332 prudentia
1090 1292 1132 1321 est
1162 1291 1249 1322 recta
1275 1287 1364 1321 ratio
1391 1285 1577 1331 agibilium,
1596 1292 1635 1319 ut
1655 1295 1762 1330 supra

204 1339 340 1372 dictum
363 1347 415 1372 est
438 1338 515 1382 (art.
538 1351 568 1374 2.
591 1340 659 1385 huj.
682 1341 752 1385 q.),·
776 1340 869 1373 unde
893 1348 1045 1386 oportet,
1067 1340 1163 1386 quod
1186 1339 1244 1374 ille
1267 1341 1311 1373 sit
1332 1339 1545 1384 praecipuus
1563 1345 1662 1372 actus
1684 1349 1763 1384 pru-

203 1392 356 1433 dentiae,
379 1392 439 1437 qui
461 1400 512 1426 est
533 1393 745 1438 praecipuus
768 1401 867 1426 actus
889 1393 1037 1427 rationis
1060 1392 1263 1438 agibilium:
1293 1393 1392 1437 cujus
1419 1391 1565 1436 quidem
1590 1398 1674 1425 sunt
1699 1396 1763 1425 tres

201 1454 318 1480 actus:
342 1457 496 1491 quorum
513 1447 645 1492 primus
660 1454 713 1480 est
726 1447 906 1488 consiliari,
925 1447 1020 1492 quod
1042 1446 1196 1492 pertinet
1218 1445 1261 1479 ad
1282 1445 1550 1479 inventionem:
1574 1455 1661 1478 nam
1681 1455 1762 1477 con-

204 1499 314 1533 siliari
335 1507 387 1533 est
414 1510 596 1545 quaerere,
619 1507 656 1533 ut
677 1511 784 1546 supra
810 1500 974 1534 habiturn
1001 1508 1053 1533 est
1077 1499 1153 1543 (1-2.
1176 1511 1204 1545 q.
1227 1510 1277 1543 14.
1305 1503 1368 1533 art.
1392 1499 1456 1544 1.):
1482 1497 1637 1532 secundus
1663 1505 1762 1531 actus

204 1561 256 1586 est
272 1552 423 1597 judicare
442 1552 477 1587 de
499 1554 654 1593 inventis;
681 1561 716 1587 et
736 1553 806 1586 hoc
826 1552 909 1586 facit
927 1552 1147 1599 speculativa
1162 1552 1272 1586 ratio:
1296 1551 1358 1586 sed
1380 1551 1539 1598 practica
1552 1552 1655 1596 ratio,
1671 1561 1762 1596 quae

206 1606 390 1640 ordinatur
411 1606 455 1640 ad
477 1617 577 1652 opus,
600 1607 761 1652 procedit
782 1606 948 1641 ulterius:
971 1614 1005 1640 et
1027 1615 1080 1640 est
1106 1607 1219 1640 tertius
1239 1612 1338 1639 actus
1366 1605 1439 1648 ejus
1462 1605 1673 1651 praecipere;
1703 1603 1762 1650 qui

205 1660 349 1705 quidem
371 1667 470 1693 actus
494 1660 657 1693 consistit
678 1660 713 1693 in
737 1659 977 1706 applicatione
1000 1659 1286 1700 consiliatorum,
1306 1667 1341 1692 et
1357 1658 1601 1703 judicatorum
1620 1657 1663 1691 ad
1682 1667 1764 1704 ope-

205 1713 375 1746 randum:
400 1721 433 1746 et
455 1714 536 1758 quia
558 1713 623 1746 iste
646 1721 744 1747 actus
773 1721 824 1747 est
852 1713 1086 1758 propinquior
1112 1712 1174 1746 fini
1201 1712 1350 1746 rationis
1376 1711 1574 1757 practicae3
1600 1710 1682 1744 inde
1710 1718 1764 1744 est

205 1766 300 1812 quod
323 1766 388 1799 iste
410 1774 463 1800 est
483 1765 687 1812 principalis
711 1775 810 1800 actus
832 1766 980 1800 rationis
1002 1766 1192 1811 practicae,
1218 1773 1252 1799 et
1273 1776 1335 1811 per
1357 1775 1583 1810 consequens
1614 1763 1766 1809 pruden-

204 1821 291 1861 tiae3
323 1827 357 1853 et
384 1819 490 1864 hujus
520 1819 662 1863 signum
686 1827 748 1861 est,
771 1819 868 1865 quod
898 1819 1071 1865 perfectio
1095 1819 1178 1852 artis
1201 1818 1363 1852 consistit
1390 1818 1425 1851 in
1457 1817 1661 1863 judicando,
1688 1828 1762 1851 non

207 1880 327 1906 autem
349 1872 384 1905 in
407 1872 679 1917 praecipiendo:
701 1873 783 1906 ideo
809 1880 994 1918 reputatur
1021 1871 1151 1905 melior
1178 1870 1313 1912 artifex,
1336 1871 1396 1916 qui
1422 1870 1547 1904 volens
1575 1877 1702 1915 peccat
1726 1869 1762 1903 in

207 1933 291 1966 arte,
313 1925 414 1970 quasi
435 1925 570 1959 habens
593 1934 731 1959 rectum
753 1926 936 1970 judicium,
964 1936 1073 1970 quam
1101 1925 1160 1970 qui
1186 1931 1314 1970 peccat
1338 1923 1478 1965 nolens,
1501 1923 1596 1969 quod
1623 1923 1764 1957 videtur

207 1989 283 2012 esse
306 1990 347 2011 ex
369 1977 508 2012 defectu
530 1979 669 2023 judicii:
690 1979 751 2012 sed
773 1979 808 2012 in
831 1979 1017 2024 prudentia
1040 1985 1091 2012 est
1114 1989 1132 2011 e
1155 1987 1344 2018 converso,
1367 1984 1404 2010 ut
1425 1976 1555 2010 dicitur
1575 1976 1612 2009 in
1634 1974 1666 2012 6.
1681 1975 1761 2010 Eth.

207 2031 293 2077 (cap.
312 2032 371 2076 5.).·
393 2031 655 2077 imprudentior
677 2032 773 2066 enim
793 2040 855 2073 est,
877 2032 937 2077 qui
959 2031 1084 2065 volens
1107 2038 1243 2076 peccat,
1266 2030 1367 2075 quasi
1387 2029 1556 2063 deficiens
1578 2029 1614 2063 in
1636 2029 1763 2075 princi—

207 2084 278 2130 pali
301 2093 381 2118 actu
404 2085 623 2129 prudentiae,
645 2085 705 2130 qui
727 2093 779 2119 est
800 2085 1016 2130 praecipere,
1040 2095 1148 2129 quam
1171 2084 1231 2129 qui
1252 2091 1378 2129 peccat
1399 2082 1537 2117 nolens.

278 2138 337 2172 AD
358 2149 505 2171 PRIMUM
536 2149 621 2183 ergo
644 2138 847 2180 dicendum,
882 2138 978 2184 quod
1013 2146 1111 2171 actus
1143 2137 1385 2183 praecipiendi
1412 2148 1448 2170 se
1476 2136 1632 2171 extendit
1662 2144 1697 2170 et
1718 2135 1761 2169 ad

206 2192 301 2225 bona
331 2192 590 2237 prosequenda,
614 2199 647 2225 et
675 2192 717 2224 ad
745 2191 840 2224 mala
868 2190 1042 2225 cavenda:
1075 2198 1109 2224 et
1142 2198 1264 2224 tamen
1298 2197 1498 2236 praecavere
1526 2190 1660 2225 insidias
1688 2200 1762 2223 non

209 2245 365 2279 attribuit
393 2246 540 2289 August.
566 2245 785 2289 prudentiae,
813 2245 913 2290 quasi
935 2243 1170 2290 principalem
1199 2251 1319 2277 actum
1342 2244 1462 2289 ipsius,
1492 2244 1555 2278 sed
1588 2244 1671 2290 quia
1696 2243 1762 2277 iste

210 2307 308 2332 actus
331 2298 538 2343 prudentiae
561 2309 632 2331 non
656 2306 777 2331 manet
799 2298 832 2331 in
853 2298 976 2342 patria.

280 2352 339 2385 AD
362 2361 566 2385 SECUNDUM
590 2351 792 2392 dicendum,
809 2351 902 2396 quod
919 2351 1058 2384 bonitas
1075 2349 1213 2383 consilii
1229 2350 1428 2396 requiritur,
1444 2358 1481 2384 ut
1503 2362 1543 2384 ea
1570 2361 1661 2396 quae
1683 2356 1763 2384 sunt

209 2406 299 2439 bene
326 2405 482 2446 inventa,
516 2404 737 2449 applicentur
759 2404 801 2437 ad
833 2415 939 2449 opus,
968 2412 1002 2437 et
1030 2404 1111 2437 ideo
1146 2404 1352 2449 praecipere
1374 2404 1526 2449 pertinet
1548 2404 1591 2438 ad
1614 2403 1763 2450 pruden-

207 2460 307 2500 tiam,
327 2469 417 2504 quae
440 2465 492 2491 est
513 2459 602 2490 bene
625 2457 860 2491 consiliativa.

282 2513 340 2546 ΑΙ)
363 2522 532 2545 TERTIUM
555 2511 758 2552 dicendum,
781 2511 876 2556 quod
904 2521 1050 2544 movere
1089 2510 1251 2544 absolute
1277 2511 1429 2557 pertinet
1456 2510 1498 2544 ad
1520 2510 1761 2545 voluntatem:

211 2567 270 2600 sed
294 2566 497 2611 praecipere
528 2565 699 2610 importat
726 2565 926 2597 motionem
958 2574 1039 2596 cum
1075 2564 1230 2608 quadam
1261 2565 1504 2607 ordinatione3
1535 2571 1569 2598 et
1598 2563 1680 2598 ideo
1710 2571 1763 2597 est

210 2628 309 2653 actus
332 2619 490 2660 rationis,
517 2626 554 2652 ut
575 2629 680 2664 supra
702 2618 836 2651 dictum
860 2625 911 2651 cst
935 2617 983 2660 (in
1005 2622 1093 2662 corp.
1116 2622 1145 2651 ct
1174 2627 1235 2652 1-2.
1255 2629 1284 2663 q.
1305 2629 1352 2663 17.
1379 2622 1442 2652 ανΙ.
1465 2618 1520 2662 L).
