1905 3137
232 133 283 175 62
682 141 901 176 QUAESTIO
934 141 991 171 tv.
1024 140 1267 172 ARTICULUS
1300 140 1340 170 v.

802 329 1145 375 ARTICULUS
1178 330 1230 372 V.
1739 352 1780 386 27

619 449 803 479 UTRUM
844 450 998 479 FIDES
1041 450 1122 478 SIT
1166 449 1383 479 VIRTUS.

305 552 388 596 (1-2.
411 562 440 596 q.
464 551 512 596 65.
532 555 594 585 art.
617 563 647 585 2.
669 556 736 597 ct3.
760 552 846 585 Dist.
865 563 917 585 22.
941 563 969 596 q.
990 562 1019 585 2.
1044 555 1107 585 art.
1129 561 1160 594 4.
1185 555 1212 584 et
1236 550 1320 584 Vari.
1344 561 1372 595 q.
1397 560 1446 593 14.
1465 554 1530 584 art.
1549 561 1576 595 3.
1595 555 1634 584 et.
1649 549 1708 596 5.).

302 653 360 687 AD
383 663 562 691 QUINTUM
593 652 642 685 sic
665 652 881 698 proceditur.
904 651 1066 693 Videtur,
1089 651 1185 696 quod
1215 650 1302 684 fides
1335 661 1407 683 non
1442 650 1487 684 sit
1514 650 1643 684 virtus:
1673 649 1783 683 virtus

232 707 328 741 enim
347 706 532 740 ordinatur
553 705 595 739 ad
617 706 773 738 bonum:
792 716 877 738 nam
902 706 1010 739 virtus
1027 709 1082 746 est,
1105 716 1186 750 qnae
1209 705 1328 738 bonnm
1343 704 1431 749 facit
1452 704 1631 746 habentem,
1647 711 1685 737 ut
1699 703 1784 736 dicit

230 759 365 794 Philos.
388 759 423 793 in
439 769 469 793 2.
487 758 601 792 Ethic.
618 759 705 804 (cap.
722 758 793 802 6.).·
809 758 870 792 sed
889 757 976 792 fides
999 757 1182 791 ordinatur
1204 756 1246 790 ad
1264 768 1411 799 verum3
1431 768 1516 802 ergo
1535 757 1622 791 fides
1640 768 1714 791 non
1732 764 1785 791 est

230 814 352 847 virtus.

302 876 333 900 2.
355 866 590 900 PRAETEREA.
614 864 811 898 Persectior
833 872 886 898 est
910 864 1021 898 virtus
1043 863 1170 905 infusa,
1186 875 1293 909 quam
1313 863 1502 909 acquisita:
1522 863 1583 897 sed
1601 863 1689 897 fides
1707 873 1785 909 pro-

231 928 308 966 pter
334 919 388 953 sui
408 917 721 965 imperfectionem
743 928 817 952 non
839 917 983 963 ponitur
1008 917 1100 951 inter
1120 917 1267 951 virtutes
1293 916 1554 950 intellectuales
1581 916 1784 962 acquisitas,

231 981 269 1007 ut
290 981 388 1019 patet
405 984 468 1019 per
486 971 622 1006 Philos.
643 972 676 1005 in
697 971 728 1005 6.
751 971 866 1005 Ethic.
881 972 966 1017 (cap.
980 972 1046 1016 3.),·
1063 981 1149 1015 ergo
1169 969 1284 1004 multo
1303 970 1422 1004 minus
1440 977 1557 1016 potest
1570 970 1658 1016 poni
1673 970 1784 1004 virtus

230 1026 358 1060 infusa.

305 1091 332 1125 3.
356 1079 592 1113 PRAETEREA.
615 1078 719 1112 Fides
737 1077 903 1119 formata,
922 1085 956 1111 et
970 1077 1134 1112 informis
1156 1085 1237 1111 sunt
1259 1077 1419 1123 ejusdem
1434 1077 1578 1123 speciei,
1597 1085 1635 1111 ut
1649 1077 1785 1111 dictum

233 1142 286 1168 est
309 1133 385 1177 (art.
410 1132 562 1178 praec.):
585 1131 646 1165 sed
668 1131 755 1165 fides
775 1130 937 1165 informis
959 1142 1033 1164 non
1055 1139 1108 1164 est
1125 1131 1254 1173 virtus3
1277 1131 1359 1177 quia
1381 1142 1455 1164 non
1473 1130 1582 1165 habet
1596 1130 1786 1164 connexio-

235 1198 319 1220 nem
342 1197 426 1220 curn
448 1185 524 1219 aliis
543 1185 746 1226 virtutibus3
769 1195 855 1230 ergo
874 1195 940 1218 nec
963 1184 1050 1217 fides
1071 1183 1225 1218 formata
1248 1192 1301 1218 est
1317 1184 1438 1218 virtus.

302 1250 334 1282 4.
356 1240 591 1274 PRAETEREA.
616 1238 761 1272 Gratiae
781 1238 889 1283 gratis
908 1237 1022 1279 datae,
1042 1246 1075 1271 et
1096 1237 1231 1271 fructus
1250 1238 1515 1283 distinguuntur
1537 1249 1557 1271 a
1577 1238 1784 1272 virtutibus:

233 1293 295 1327 sed
316 1292 403 1326 fides
425 1299 655 1326 enumeratur
682 1291 772 1325 inter
799 1291 929 1336 gratias
951 1291 1060 1335 gratis
1087 1291 1186 1325 datas
1213 1302 1240 1324 1.
1258 1291 1343 1325 Cor.
1371 1301 1434 1333 12.,
1456 1299 1490 1325 et
1511 1291 1674 1325 similiter
1694 1291 1787 1325 inter

232 1346 365 1380 fructus
388 1345 430 1379 ad
455 1345 572 1379 Galat.
599 1355 644 1389 5.;
668 1355 753 1389 ergo
772 1344 859 1378 fides
881 1355 954 1378 non
977 1351 1029 1378 est
1049 1344 1170 1378 virtus.

304 1399 378 1433 SED
401 1409 555 1433 CONTRA
577 1406 640 1439 est,
663 1398 758 1443 quod
777 1397 890 1431 homo
913 1408 975 1443 per
996 1398 1142 1431 virtutes
1164 1397 1390 1442 justificatur:
1415 1409 1500 1432 nam
1519 1399 1650 1443 justitia
1660 1403 1703 1432 est
1721 1402 1786 1432 tota

234 1454 352 1494 virtus,
369 1460 407 1486 ut
426 1452 554 1486 dicitur
572 1451 608 1484 in
628 1462 654 1496 5.
671 1450 786 1484 Ethic.
802 1451 893 1497 (cap.
916 1451 982 1495 1.).·
1005 1451 1066 1484 sed
1081 1461 1143 1496 per
1157 1451 1264 1484 fidem
1286 1451 1400 1485 honio
1422 1451 1643 1497 justificatur,
1665 1463 1788 1486 secun-

233 1507 318 1540 dum
340 1505 427 1539 illud
447 1505 490 1539 ad
512 1505 619 1539 Rom.
646 1505 889 1550 5.:]115t1fisati
915 1516 992 1549 ergo
1018 1515 1056 1538 ex
1073 1504 1265 1550 fidepacem,
1288 1505 1454 1547 habemus,
1482 1512 1568 1547 etc.;
1591 1516 1678 1551 ergo
1699 1504 1787 1539 fides

233 1567 285 1594 est
304 1567 427 1593 virtus.

304 1613 533 1647 RESPONDEO
550 1611 754 1653 dicendum,
770 1610 878 1656 quod,
893 1611 984 1644 sicut
999 1621 1042 1644 ex
1058 1611 1247 1657 praedictis
1262 1619 1359 1657 patet
1376 1611 1455 1655 (1-2.
1471 1623 1499 1657 q.
1511 1622 1554 1658 55.
1571 1616 1633 1646 art.
1645 1623 1672 1658 3.
1683 1616 1711 1646 et
1723 1612 1785 1657 4.),

232 1666 342 1700 virtus
363 1666 523 1699 humana
550 1673 613 1706 est,
641 1676 704 1710 per
725 1675 834 1710 quam
853 1672 953 1698 actus
972 1664 1152 1698 humanus
1176 1664 1334 1698 redditur
1356 1664 1492 1707 bonus3
1514 1665 1607 1699 unde
1629 1664 1788 1711 quicum-

233 1731 300 1765 que
319 1719 461 1753 habitus
480 1726 532 1752 est
562 1729 704 1764 semper
735 1717 950 1763 principium
980 1717 1066 1751 boni
1097 1726 1208 1759 actus,
1243 1725 1361 1763 potest
1379 1718 1446 1752 dici
1473 1718 1583 1752 virtus
1609 1718 1787 1759 humana3

232 1772 312 1806 talis
335 1780 455 1806 autem
473 1771 615 1805 habitus
635 1779 687 1804 est
706 1771 792 1804 fides
814 1770 987 1804 formata:
1013 1782 1096 1803 cum
1119 1771 1215 1804 enim
1235 1771 1379 1805 credere
1399 1771 1443 1805 sit
1465 1779 1564 1804 actus
1585 1770 1787 1805 intellectus

234 1825 457 1859 assentientis
476 1836 563 1858 vero
587 1836 629 1858 ex
650 1824 802 1869 imperio
821 1823 1027 1864 voluntatis,
1055 1823 1098 1856 ad
1117 1823 1187 1857 hoc
1207 1823 1303 1869 quod
1322 1824 1386 1857 iste
1409 1832 1508 1858 actus
1530 1825 1574 1857 sit
1599 1823 1787 1870 perfectus,

234 1879 296 1913 <iao
312 1878 559 1924 requiruntur:
579 1888 732 1923 quorum
752 1888 852 1911 mmm
870 1885 935 1917 est,
956 1885 995 1910 ut
1015 1875 1247 1910 infallibiliter
1264 1876 1467 1910 intellectus
1488 1876 1610 1910 tendat
1627 1877 1663 1910 in
1682 1888 1787 1910 suum

236 1933 429 1978 obiectum,
452 1931 547 1977 quod
563 1939 615 1965 est
635 1942 776 1964 verum:
796 1930 886 1964 aliud
901 1937 1019 1963 autem
1039 1936 1102 1971 est,
1117 1937 1155 1963 ut
1168 1929 1334 1963 voluntas
1354 1929 1584 1964 infallibiliter
1605 1930 1788 1964 ordinetur

236 1986 278 2020 ad
301 1985 468 2019 ultimum
490 1984 611 2025 finem,
633 1991 777 2029 propter
796 1994 903 2029 quem
919 1983 1064 2016 assentit
1078 1993 1179 2016 vero:
1203 1991 1237 2016 et
1251 1991 1442 2028 utrumque
1456 1983 1634 2017 invenitur
1651 1983 1687 2016 in
1706 1991 1786 2017 actu

237 2039 318 2073 fidei
336 2038 531 2072 formatae:
553 2049 638 2071 nam
658 2049 700 2071 ex
715 2037 853 2071 ratione
865 2037 974 2082 ipsius
989 2035 1070 2069 fidei
1091 2044 1153 2077 est,
1168 2036 1263 2081 quod
1283 2036 1484 2070 intellectus
1500 2047 1642 2082 semper
1655 2035 1788 2070 feratur

238 2093 273 2126 in
292 2103 439 2133 verum3
463 2092 544 2137 quia
566 2091 647 2125 fidei
669 2102 743 2124 non
765 2098 882 2136 potest
903 2090 1047 2124 subesse
1069 2088 1210 2132 falsum,
1237 2097 1275 2123 ut
1300 2101 1406 2135 supra
1428 2090 1590 2124 habitum
1618 2098 1671 2124 est
1693 2091 1736 2135 (q.
1759 2102 1786 2125 1.

237 2152 302 2181 art.
318 2147 386 2192 3.);
407 2157 447 2179 ex
468 2145 639 2178 charitate
659 2152 791 2185 autem,
814 2155 904 2189 quae
927 2142 1059 2176 format
1076 2142 1195 2183 fidem,
1217 2143 1324 2176 habet
1347 2143 1477 2185 anima,
1504 2143 1600 2189 quod
1623 2142 1788 2177 infallibi-

235 2199 316 2233 liter
334 2198 501 2232 voluntas
520 2198 703 2231 ordinetur
717 2197 752 2230 in
767 2196 875 2230 finem
890 2196 1046 2237 bonum;
1066 2204 1099 2229 et
1114 2196 1194 2229 ideo
1210 2195 1296 2229 fides
1311 2195 1465 2229 formata
1488 2205 1540 2230 est
1552 2197 1680 2230 virtus:
1701 2196 1787 2230 fides

237 2261 357 2287 autem
376 2251 541 2285 informis
558 2262 633 2284 non
652 2258 704 2284 est
724 2250 853 2284 virtus:
878 2250 959 2295 quia
982 2249 1047 2283 etsi
1067 2249 1198 2282 habeat
1219 2248 1477 2294 perfectionem
1504 2249 1661 2283 debitam
1689 2257 1787 2283 actus

236 2307 316 2340 fidei
340 2306 504 2340 informis
527 2316 569 2338 ex
584 2313 682 2351 parte
709 2304 922 2344 intellectus,
945 2314 1018 2336 non
1040 2311 1161 2337 tamen
1176 2303 1283 2336 habet
1297 2302 1553 2348 perfectionem
1574 2303 1731 2337 debitam
1746 2315 1788 2337 ex

237 2368 336 2406 parte
358 2358 571 2393 voluntatis:
595 2358 685 2391 sicut
719 2357 827 2391 etiam
849 2357 877 2391 si
905 2357 1141 2402 temperantia
1169 2365 1261 2390 esset
1283 2356 1317 2389 in
1346 2356 1629 2401 concupiscibili,
1657 2364 1691 2390 et
1711 2368 1789 2402 pru-

237 2413 356 2446 dentia
378 2423 451 2446 non
474 2420 567 2446 esset
588 2411 623 2444 in
645 2410 822 2451 rationali,
844 2409 1082 2455 temperantia
1105 2420 1176 2442 non
1200 2417 1292 2442 esset
1318 2409 1439 2449 virtus,
1463 2417 1499 2442 ut
1521 2420 1625 2455 supra
1652 2410 1788 2443 dictum

236 2475 289 2500 est
308 2467 388 2511 (J·2.
417 2477 446 2511 q.
462 2466 512 2511 58.
528 2470 592 2499 art.
612 2476 643 2508 4.
667 2469 693 2498 rt
711 2476 740 2509 ‹J-
764 2464 812 2507 65.
840 2468 903 2497 art.
928 2463 985 2506 1.),
1009 2462 1091 2507 quia
1113 2462 1155 2495 ad
1180 2470 1299 2495 actum
1321 2463 1578 2507 temperantiae
1601 2463 1788 2508 requiritur

236 2528 270 2554 et
292 2528 391 2554 actus
413 2519 573 2559 rationis,
609 2525 641 2551 et
664 2525 762 2550 actus
798 2515 1107 2561 concupiscibilis:
1143 2515 1234 2549 sicut
1261 2515 1303 2548 ad
1332 2524 1451 2549 actum
1487 2515 1567 2549 fidei
1599 2516 1788 2562 requiritur

238 2581 338 2607 actus
358 2572 565 2613 voluntatis,
589 2579 622 2604 et
644 2579 742 2604 actus
762 2569 974 2603 intellectus.

309 2627 367 2660 AD
386 2636 534 2660 PRiMUM
550 2635 636 2669 ergo
651 2623 854 2664 dicendum,
872 2622 965 2668 quod
986 2622 1100 2667 ipsum
1119 2634 1234 2655 verum
1253 2630 1304 2655 est
1325 2621 1460 2654 bonum
1477 2621 1688 2664 intellectus,
1705 2633 1787 2656 cum

239 2680 282 2713 sit
301 2680 375 2723 ejus
402 2677 593 2724 perfectio,
616 2685 649 2711 et
670 2677 763 2717 ideo,
786 2676 997 2721 inquantum
1016 2686 1077 2721 per
1104 2675 1211 2708 sidem
1233 2674 1434 2708 intellectus
1461 2675 1718 2709 determinatur
1744 2675 1787 2708 ad

238 2744 375 2772 verum,
398 2732 484 2766 sides
514 2731 621 2764 habet
652 2730 812 2764 ordinem
846 2731 880 2763 in
910 2729 1046 2762 bonum
1075 2728 1274 2774 quoddam:
1297 2728 1357 2761 sed
1389 2728 1545 2769 ulterius,
1575 2728 1788 2774 inquantum

238 2786 325 2819 fides
351 2785 526 2818 formatur
557 2796 620 2830 per
650 2783 873 2823 charitatem,
904 2782 1012 2816 habet
1038 2782 1144 2816 etiam
1165 2781 1329 2815 ordinem
1354 2781 1395 2814 ad
1419 2781 1566 2822 bonum,
1588 2781 1786 2816 secundum

239 2838 334 2884 quod
358 2846 409 2873 est
435 2837 628 2872 voluntatis
651 2837 845 2882 objectum.
