1859 3122
152 191 155 195 ’
179 183 261 239 338
587 195 808 231 QUAESTIO
842 196 957 226 XLIV.
991 172 1241 226 ARTICULUS-
1269 197 1330 227 111.

248 287 279 310 2.
301 277 537 311 PRAETEREA.
561 276 757 312 Charitatis
780 285 879 312 actus
901 289 975 312 non
997 277 1117 312 solum
1140 285 1193 312 est
1206 277 1364 320 dilectio,
1379 278 1440 312 sed
1460 279 1643 324 gaudium,
1659 291 1739 326 pax,

175 329 430 364 beneficentia:
452 330 514 364 sed
537 329 580 364 de
603 330 739 364 actibus
761 331 934 365 virtutum
956 339 1037 365 sunt
1059 330 1176 365 danda
1198 339 1409 377 praecepta3
1431 342 1519 377 ergo
1540 332 1612 367 duo
1639 345 1738 379 prae-

175 391 278 429 cepta
301 383 484 417 charitatis
506 395 580 417 non
602 382 794 418 sufficiunt.
1196 424 1200 428 ³

249 448 276 481 3.
300 436 535 470 PRAETEREA.
560 437 660 471 Sicut
683 437 726 471 ad
748 438 917 472 virtutem
939 438 1092 484 pertinet
1112 437 1231 472 facere
1252 438 1402 481 bonum,
1423 439 1472 473 ita
1495 447 1529 474 et
1555 439 1738 476 declinare

175 501 193 522 a
216 489 330 524 malo:
354 490 415 523 sed
439 490 482 523 ad
503 489 711 525 faciendum
732 491 871 526 bonurn
892 492 1098 526 inducimur
1126 504 1188 538 per
1215 500 1407 538 praecepta
1434 492 1668 536 affirmativa3
1696 495 1739 529 ad

174 542 431 577 declinandum
455 555 473 577 a
495 543 594 577 malo
616 556 679 590 per
697 553 889 591 praecepta
910 545 1098 590 negativa;
1115 557 1201 591 ergo
1217 545 1260 579 de
1276 545 1449 580 charitate
1465 545 1609 581 fuerunt
1623 547 1740 582 danda

174 605 364 642 praecepta
385 608 460 630 non
482 597 602 631 solum
626 597 851 641 affirmativa,
873 599 935 633 sed
959 599 1068 633 etiam
1095 599 1284 644 negativa;
1311 606 1345 633 et
1371 599 1421 634 sic
1449 600 1520 634 duo
1547 609 1740 648 praecepta

173 650 355 695 praedicta
378 650 561 685 charitatis
583 662 657 685 non
680 651 871 686 sufficiunt.

245 703 320 737 SED
348 714 503 738 CONTRA
530 712 593 746 est,
620 705 717 750 quod
738 705 920 740 Dominus
943 705 1028 739 dicit
1048 705 1175 740 Matth.
1199 715 1269 739 22.:
1292 705 1333 739 In
1359 706 1407 740 his
1428 705 1551 741 duobus
1573 707 1739 742 mandatis

173 763 239 792 tota
265 759 316 792 Iex
336 758 462 804 pandet,
486 764 514 793 et
530 760 720 806 prophatae.

243 811 472 846 RESPONDEO
492 813 696 855 dicendum,
716 813 812 859 quod
828 813 994 855 charitas,
1013 813 1104 847 sicut
1122 824 1228 859 supra
1247 812 1384 846 dictum
1399 821 1450 846 est
1465 813 1512 858 (q.
1530 825 1577 858 23.
1597 819 1660 848 art.
1675 815 1735 859 L),

173 874 225 899 est
247 866 407 900 amicitia
430 866 626 911 quaedam:
651 867 808 900 amicitia
831 875 951 900 autem
973 866 1016 900 ad
1040 866 1191 900 alterum
1215 874 1283 908 est;
1306 866 1400 900 unde
1425 865 1578 911 Gregor.
1598 867 1682 901 dicit
1699 867 1736 901 in

172 919 328 964 quadam
351 919 488 952 Homil.
513 919 581 965 (17.
611 921 643 953 in
665 920 812 964 Evczng.)
827 933 836 954 :
859 933 876 951 α
900 919 1067 953 Charitas
1089 920 1208 953 minus
1231 931 1340 965 quam
1370 919 1461 953 inter
1490 919 1581 954 duos
1610 920 1735 954 haberi

172 983 245 1006 non
267 980 385 1018 potest
406 986 444 1007 »ς
474 972 660 1018 quomodo
695 981 815 1006 autem
846 984 887 1006 ex
918 973 1090 1007 charitate
1119 972 1247 1018 aliquis
1277 973 1436 1018 seipsum
1466 972 1601 1019 diligat,
1631 985 1738 1020 supra

172 1026 308 1059 dictum
324 1034 375 1059 est
397 1028 441 1071 (q.
457 1038 503 1071 25.
520 1031 582 1060 art.
598 1026 668 1070 4.):
693 1037 776 1059 cum
793 1033 912 1059 autem
931 1025 1089 1068 dilectio,
1106 1034 1140 1060 et
1155 1037 1258 1059 amor
1276 1026 1320 1059 sit
1337 1026 1441 1060 boni:
1461 1026 1599 1060 bonum
1617 1035 1739 1061 autem

171 1079 215 1112 sit
236 1078 294 1113 vel
315 1079 407 1121 finis,
422 1080 479 1113 vel
493 1079 528 1112 id
544 1080 640 1125 quod
664 1087 715 1113 est
734 1079 776 1112 ad
793 1079 922 1121 finem;
943 1080 1200 1113 convenienter
1215 1080 1257 1113 de
1274 1079 1447 1113 charitate
1462 1080 1533 1114 duo
1548 1089 1740 1126 praecepta

171 1131 368 1166 sufficiunt:
392 1144 504 1166 unum
523 1133 681 1178 quidem,
701 1144 772 1178 quo
795 1132 1001 1166 inducimur
1023 1133 1065 1166 ad
1088 1133 1210 1166 Deum
1234 1132 1469 1178 diligendum,
1492 1135 1583 1168 sicut
1608 1134 1738 1168 finem:

171 1185 266 1219 aliud
289 1194 421 1227 autem,
445 1197 516 1231 quo
538 1186 742 1220 inducimur
770 1186 813 1219 ad
841 1185 1065 1231 diligendum
1092 1186 1298 1232 proximum
1326 1195 1472 1232 propter
1492 1187 1625 1230 Deum,
1647 1188 1739 1223 sicut

170 1247 316 1284 propter
346 1239 468 1273 finem.

242 1293 301 1326 An
316 1303 465 1326 PRxMUM
481 1303 567 1338 ergo
583 1292 789 1334 dicendum,
805 1292 901 1338 quod
924 1292 1015 1326 sicut
1031 1292 1182 1338 August.
1199 1292 1284 1326 dicit
1304 1294 1337 1326 in
1359 1304 1385 1326 1.
1402 1293 1445 1327 de
1460 1293 1585 1327 Doctr.
1602 1293 1736 1329 Christ.

170 1346 259 1392 (sap.
281 1346 369 1391 23.).·
395 1359 412 1377 «
436 1345 532 1379 Cum
555 1354 708 1391 quatuor
730 1346 799 1379 sint
821 1356 862 1379 ex
886 1346 1059 1379 charitate
1075 1345 1269 1391 diligenda,
1289 1346 1331 1379 de
1351 1346 1523 1389 secundo,
1543 1354 1577 1380 et
1595 1355 1734 1393 quarto,

169 1399 260 1433 idest
288 1399 330 1432 de
357 1398 552 1433 dilectione
585 1399 650 1443 sui,
684 1407 718 1433 et
753 1399 915 1444 corporis
949 1399 1096 1445 proprii,
1130 1398 1228 1432 nulla
1258 1407 1449 1445 praecepta
1480 1399 1597 1434 danda
1625 1410 1736 1438 erant.

172 1452 519 1498 Quantumcumque
542 1453 638 1486 enim
657 1452 771 1486 homo
794 1452 934 1486 excidat
955 1464 973 1486 a
997 1452 1157 1494 veritate,
1179 1459 1341 1486 remanet
1362 1451 1414 1486 illi
1436 1451 1581 1487 dilectio
1608 1455 1674 1497 sui,
1700 1462 1735 1488 et

169 1505 315 1540 dilectio
338 1506 500 1551 corporis
527 1506 598 1540 sui:
627 1506 757 1540 modus
784 1514 905 1540 autem
932 1506 1104 1551 diligendi
1130 1506 1404 1552 praecipiendus
1432 1514 1484 1540 est
1509 1507 1669 1550 honiini3
1696 1517 1734 1543 ut

169 1561 306 1596 scilicet
327 1572 364 1595 se
388 1561 551 1594 ordinate
574 1559 709 1605 diligat⁷
733 1568 767 1593 et
790 1570 919 1605 corpus
946 1559 1151 1606 proprium:
1181 1560 1277 1605 quod
1305 1560 1452 1606 quidem
1485 1559 1523 1594 fit
1555 1572 1619 1607 per
1651 1562 1735 1608 hoc,

169 1616 265 1661 quod
286 1615 401 1648 homo
423 1613 538 1659 diligit
559 1613 692 1656 Deum,
714 1621 748 1647 et
769 1613 986 1659 proximum.

239 1669 298 1703 AD
326 1677 531 1702 SECUNDUM
555 1666 760 1709 dicendum,
779 1667 876 1712 quod
899 1666 959 1700 alii
977 1673 1076 1700 actus
1099 1666 1282 1701 charitatis
1305 1675 1574 1713 consequuntur
1592 1678 1634 1702 ex
1653 1676 1734 1703 actu

169 1721 384 1763 dilectionis,
406 1721 498 1755 sicut
519 1719 667 1754 effectus
690 1731 731 1754 ex
755 1731 874 1761 causa,
897 1727 935 1753 ut
956 1732 999 1753 ex
1021 1731 1126 1766 supra
1149 1720 1252 1754 dictis
1273 1728 1371 1766 patet
1391 1720 1439 1766 (q.
1470 1721 1524 1756 28.
1552 1726 1617 1756 art.
1646 1733 1679 1766 4.
1706 1727 1735 1757 et

168 1788 196 1820 q.
219 1787 274 1821 29.
297 1780 361 1809 art.
380 1776 446 1820 3.);
470 1774 564 1807 unde
583 1774 618 1807 in
637 1773 836 1820 praeceptis
859 1772 1062 1807 dilectionis
1080 1774 1209 1807 virtute
1227 1773 1459 1808 includuntur
1477 1783 1669 1821 praecepta
1688 1775 1731 1810 de

167 1830 244 1863 aliis
268 1829 416 1863 artibus:
437 1837 471 1862 et
487 1837 609 1862 tamen
625 1835 769 1874 propter
783 1827 958 1861 tardiores
976 1827 1207 1861 inveniuntur
1225 1827 1268 1861 de
1288 1827 1438 1873 singulis
1457 1827 1621 1874 explicite
1636 1840 1735 1874 prae-

168 1891 271 1929 cepta
292 1882 439 1916 tradita:
463 1882 506 1915 de
530 1881 662 1927 gaudio
686 1881 831 1926 quidem
858 1880 988 1925 Philip.
1018 1890 1071 1922 4:
1103 1880 1250 1915 Gaudete
1280 1882 1313 1914 in
1342 1881 1491 1914 Domino
1519 1887 1663 1928 semper:
1691 1883 1734 1916 de

167 1948 254 1982 pace
277 1945 397 1970 autem
419 1935 461 1969 ad
481 1935 571 1969 Heb.
596 1945 665 1969 12.:
687 1935 803 1968 Pacem
822 1934 999 1979 sequimini
1017 1945 1090 1967 cum
1106 1935 1276 1968 omnibus:
1296 1933 1339 1968 de
1357 1933 1594 1968 beneficentia
1614 1943 1734 1969 autem

168 1990 210 2023 ad
235 1989 352 2024 Galat.
376 1988 456 2022 ult.:
479 1989 573 2022 Dum
596 1993 716 2034 tempus
737 1988 902 2029 hammus,
930 1993 1101 2032 opinemur
1135 1988 1255 2021 honum
1282 1987 1323 2021 ad
1350 1999 1479 2027 onmes,-
1511 1987 1553 2021 de
1581 1987 1733 2034 singulis

166 2042 424 2077 beneticentiae
446 2042 603 2088 partibus
625 2041 854 2075 inveniuntur
875 2048 1066 2086 praecepta
1095 2040 1223 2074 tradita
1254 2040 1289 2073 in
1321 2040 1431 2074 Sacra
1463 2040 1666 2087 Scriptura3
1694 2050 1731 2076 ut

167 2104 264 2142 patet
284 2096 472 2141 diligenter
495 2094 746 2129 consideranti.

239 2150 298 2184 AD
318 2159 488 2183 TERTIUM
509 2148 713 2189 dicendum,
730 2147 826 2193 quod
845 2146 923 2192 plus
940 2154 993 2180 est
1011 2146 1151 2192 operari
1165 2147 1314 2189 bonum,
1329 2159 1437 2193 quam
1451 2147 1563 2181 vitare
1582 2148 1731 2191 malum,

167 2211 200 2237 et
222 2203 304 2237 ideo
327 2203 362 2236 in
385 2202 583 2248 praeceptis
607 2201 828 2235 affirmativis
850 2200 978 2234 virtute
1001 2199 1232 2234 includuntur
1261 2208 1451 2246 praecepta
1482 2202 1668 2247 negativa:
1697 2210 1731 2236 et

166 2265 289 2291 tamen
311 2255 477 2301 explicite
499 2255 730 2288 inveniuntur
752 2261 942 2300 praecepta
965 2253 1046 2287 data
1077 2262 1203 2287 contra
1233 2254 1317 2288 vitia
1349 2254 1514 2289 charitati
1545 2255 1730 2301 opposita:

165 2321 251 2343 nam
274 2318 399 2344 contra
421 2309 545 2343 odium
568 2308 696 2341 dicitur
718 2307 867 2341 Levitic.
894 2317 964 2351 1c).:
986 2307 1034 2340 Ne
1054 2306 1159 2341 oderis
1177 2308 1318 2352 fratrem
1344 2313 1436 2342 tuum
1468 2310 1501 2342 in
1531 2308 1625 2343 sorde
1655 2314 1730 2343 tuo:

166 2372 291 2397 contra
314 2363 491 2397 accidiam
513 2362 642 2395 dicitur
664 2360 772 2394 Eccli.
808 2359 856 2394 6.:
886 2361 936 2394 Ne
963 2359 1119 2394 acedieris
1150 2361 1183 2393 in
1212 2361 1353 2395 vinculis
1383 2363 1468 2407 ejus:
1497 2369 1622 2395 contra
1644 2361 1732 2395 invi-

165 2417 262 2450 diam
286 2416 404 2451 Galat.
432 2427 478 2460 5.:
503 2417 579 2450 Non
605 2416 787 2461 efficiamur
815 2414 922 2447 immIs
954 2413 1078 2457 gloriae
1106 2413 1229 2459 cupidi,
1262 2415 1403 2448 invicem
1428 2420 1658 2461 provocantes,
1684 2416 1732 2449 in-

164 2472 269 2505 ·z'Icam
289 2470 485 2505 invidentes:
506 2465 629 2503 contra
653 2467 870 2502 discordiam
892 2477 977 2499 vero
1006 2477 1032 2499 1.
1057 2466 1099 2499 ad
1123 2466 1208 2500 Cor.
1237 2478 1283 2501 1.:
1306 2468 1453 2514 Ja'z'pszcm
1472 2468 1590 2502 dicatis
1608 2479 1729 2510 omnes,

164 2529 192 2558 ct
207 2536 271 2557 non
296 2525 360 2558 sint
380 2525 412 2557 in
437 2524 530 2557 volvis
554 2523 750 2557 schismata:
775 2528 899 2554 contra
922 2518 1133 2553 scandalum
1157 2528 1277 2553 autem
1301 2521 1344 2554 ad
1367 2521 1473 2555 Rom.
1501 2530 1572 2563 14:
1595 2521 1645 2556 Ne
1664 2526 1726 2567 po-

165 2579 250 2612 natis
272 2577 497 2623 offendiculmn
518 2577 639 2622 fratri,
661 2575 712 2609 vel
738 2573 939 2608 scandalum.
