1905 3137
236 120 291 162 80
667 132 889 167 QUAESTIO
922 133 1011 162 VIII.
1046 133 1291 162 ARTICULUS
1325 133 1369 162 11.

301 214 375 248 SED
399 223 553 248 CONTRA
577 220 640 254 est,
663 213 759 258 quod
783 213 895 259 Greg.
918 214 1002 248 dicit
1023 215 1059 248 in
1081 214 1140 248 lib.
1167 225 1194 247 1.
1216 213 1345 247 Moral.
1368 215 1456 260 (cap.
1479 215 1553 260 15),
1579 214 1675 260 quod
1699 215 1790 249 intel-

229 268 326 302 lectus
339 268 375 302 de
390 267 511 301 auditis
526 271 663 301 mentem
677 267 843 301 illustrat:
866 267 927 301 sed
951 267 1077 313 aliquis
1092 268 1228 301 habens
1243 267 1351 300 fidem
1366 275 1485 313 potest
1500 279 1577 301 esse
1595 267 1792 302 illustratus

230 330 352 356 mente
375 321 469 354 circa
492 320 629 362 audita3
648 321 742 353 unde
765 320 892 354 dicitur
919 321 1040 355 Lucae
1068 321 1129 354 ult.
1152 320 1249 366 quod
1276 321 1443 354 Dominus
1468 321 1599 366 aperuit
1625 321 1793 367 discipulis

229 376 294 409 suis
307 386 444 416 sensum,
461 379 497 408 ut
512 373 723 418 intelligerent
736 373 944 420 Scripturas;
961 385 1047 420 ergo
1059 373 1260 407 intellectus
1270 380 1387 419 potest
1400 372 1508 407 simul
1523 384 1600 407 esse
1615 385 1698 408 curn
1711 373 1793 408 fide.

303 427 533 461 Respoxmzo
553 426 758 468 dicendum,
777 427 874 472 quod
893 427 950 461 hic
969 427 1094 473 duplici
1111 426 1339 460 distinctione
1359 434 1412 460 est
1433 437 1541 472 opus:
1560 438 1628 460 una
1648 426 1794 472 quidem

231 492 272 514 ex
294 488 392 526 parte
414 479 517 514 fidei:
539 480 609 513 alia
632 488 753 514 autem
781 491 822 513 ex
849 489 949 525 parte
971 480 1187 514 intellectus.
1209 480 1261 513 Ex
1282 488 1382 525 parte
1405 479 1551 524 quidem
1572 479 1655 513 fidei
1677 479 1795 513 distin-

232 533 415 579 guendum
438 541 501 574 est,
529 532 626 578 quod
653 533 813 578 qmwdczm
839 545 902 579 per
923 545 962 567 se
985 533 1116 567 directe
1140 533 1272 566 cadunt
1293 533 1355 566 sub
1378 532 1458 574 fide,
1481 544 1572 578 quae
1593 532 1794 566 naturalem

231 587 409 620 rationem
437 587 631 620 excedunt:
659 586 761 628 sicut,
788 587 909 620 Deum
937 598 1014 620 esse
1035 587 1181 627 trinum,
1204 594 1239 619 et
1259 597 1384 627 unum,
1405 585 1535 619 Filium
1557 586 1627 619 Dei
1648 596 1726 620 esse
1745 585 1796 619 in-

232 647 439 681 carnatum;
467 639 627 684 quaedam
653 650 739 673 vero
769 640 899 673 cadunt
925 640 988 673 sub
1018 639 1098 681 fide,
1121 641 1222 685 quasi
1244 639 1408 673 ordinata
1431 639 1474 672 ad
1495 639 1574 680 ista,
1596 638 1795 672 secundum

231 692 389 738 aliquem
405 693 578 726 modum:
602 693 694 726 sicut
709 693 843 734 omnia,
863 704 954 738 quae
973 693 1009 725 in
1028 692 1211 738 Scriptura
1234 692 1354 725 divina
1373 693 1611 725 continentur.
1626 691 1679 725 Ex
1695 699 1795 737 parte

229 757 316 779 veto
338 745 541 779 intellectus
565 746 857 790 distinguendum
881 753 943 787 est,
971 746 1068 791 quod
1090 746 1261 791 dupliciter
1287 745 1358 778 dici
1384 756 1576 790 possumus
1607 744 1725 790 aliqua
1746 744 1796 778 in-

229 798 414 844 telligere:
437 811 500 832 uno
524 799 617 832 modo
641 798 819 844 perfecte;
847 799 992 844 quando
1015 798 1152 832 scilicet
1172 798 1408 844 pertingimus
1431 798 1475 831 ad
1497 798 1796 843 cognoscendum

231 853 423 886 essentiam
444 853 495 885 rei
516 851 733 893 intellectae,
753 860 787 885 et
804 852 919 898 ipsam
934 851 1122 885 veritatem
1142 850 1368 885 enuntiabilis
1389 850 1572 892 intellecti,
1595 850 1795 884 secundum

231 906 327 951 quod
349 906 385 938 in
407 916 444 939 se
467 913 537 939 est:
561 914 595 939 et
616 905 686 939 hoc
710 906 821 939 modo
841 916 893 946 ea,
914 916 1004 950 quae
1020 905 1156 938 directe
1175 904 1307 938 cadunt
1325 904 1387 938 sub
1407 903 1487 945 fide,
1506 903 1706 948 intelligere
1720 914 1795 937 non

230 970 423 1005 possumus
445 959 595 992 durante
617 967 709 992 statu
732 959 833 992 fidei:
857 959 918 992 sed
941 959 1120 1004 quaedam
1139 958 1208 991 alia
1223 958 1265 990 ad
1281 957 1390 991 fidem
1409 957 1572 990 ordinata
1595 957 1704 990 etiarn
1722 957 1793 991 hoc

231 1012 342 1046 modo
357 1012 507 1058 intelligi
524 1021 692 1058 possunt;
707 1013 773 1045 alio
789 1012 883 1045 modo
900 1012 1077 1057 contingit
1092 1011 1225 1057 aliquid
1240 1010 1392 1055 intelligi
1406 1009 1634 1055 imperfecte:
1649 1010 1794 1056 quando

231 1066 368 1100 scilicet
390 1066 465 1111 ipsa
488 1066 641 1099 essentia
668 1067 730 1107 rei,
756 1064 814 1099 vel
840 1065 972 1099 veritas
999 1064 1256 1110 propositionis
1284 1075 1358 1097 non
1381 1063 1614 1108 cognoscitur
1635 1063 1718 1108 quid
1739 1062 1795 1105 sit,

232 1129 293 1154 aut
314 1120 501 1166 quomodo
525 1121 589 1161 sit,
612 1120 674 1154 sed
693 1128 815 1153 tamen
839 1120 1108 1164 cognoscimus,
1131 1118 1227 1164 quod
1250 1129 1302 1160 ea,
1325 1129 1416 1164 quae
1438 1117 1591 1151 exterius
1612 1125 1794 1163 apparent,

231 1174 371 1207 veritati
392 1185 466 1207 non
490 1173 772 1215 contrariantur3
800 1173 1014 1218 inquantum
1041 1172 1179 1206 scilicet
1199 1172 1314 1205 homo
1336 1170 1511 1214 intelligit,
1534 1171 1630 1216 quod
1651 1179 1796 1217 propter

232 1238 285 1268 ea,
312 1238 402 1272 quae
431 1227 583 1260 exterius
611 1234 794 1272 apparent,
816 1237 891 1259 non
918 1234 971 1259 est
997 1225 1240 1259 recedendum
1268 1226 1310 1258 ab
1329 1225 1396 1266 his,
1419 1236 1510 1270 quae
1532 1233 1614 1258 sunt
1634 1224 1741 1266 fidei3
1762 1231 1796 1258 et

231 1280 431 1314 secundum
457 1280 528 1313 hoc
555 1279 646 1313 nihil
672 1279 849 1325 prohibet,
872 1279 1021 1312 durante
1043 1287 1135 1312 statu
1157 1278 1252 1320 fidei,
1274 1277 1474 1323 intelligere
1497 1277 1605 1311 etiarn
1629 1288 1681 1319 ea,
1704 1287 1794 1323 quae

232 1344 294 1379 per
315 1344 352 1366 se
375 1333 438 1366 sub
461 1333 530 1367 fide
553 1333 696 1366 cadunt.

302 1386 347 1420 Et
368 1398 430 1432 per
451 1386 520 1420 hoc
544 1394 641 1432 patet
662 1385 850 1431 responsio
871 1396 922 1419 AD
950 1396 1132 1431 OBJECTA:
1155 1396 1241 1418 nam
1258 1386 1391 1431 primae
1413 1389 1474 1418 tras
1495 1384 1652 1418 rationes
1673 1394 1795 1429 proce-

232 1439 330 1481 dunt,
345 1440 544 1473 secundum
561 1439 656 1484 quod
673 1439 806 1484 aliquid
821 1438 978 1484 perfecte
993 1438 1221 1484 intelligitur:
1246 1438 1364 1472 ultima
1382 1446 1503 1471 autem
1522 1437 1613 1470 ratio
1632 1436 1796 1482 procedit

232 1493 274 1526 de
295 1492 479 1526 intellectu
503 1504 642 1534 eorum,
664 1503 755 1538 quae
778 1492 987 1525 ordinantur
1009 1491 1052 1524 ad
1075 1491 1194 1525 fidem.

784 1637 1129 1682 ARTICULUS
1167 1638 1246 1680 ΠΙ.
1748 1659 1790 1692 41

319 1759 474 1788 UTRUM
506 1759 666 1788 DONUM
700 1758 1002 1787 INTELLECTUS
1037 1758 1103 1786 SIT
1138 1758 1473 1786 SPECULATIVUM
1506 1758 1702 1797 TANTUM,

755 1817 812 1847 AN
844 1817 979 1846 ETIAM
1006 1817 1271 1846 PRACTICUM.

724 1915 826 1959 (Infr.
853 1921 918 1950 art.
947 1916 979 1950 6.
1008 1923 1098 1963 corp.
1125 1921 1152 1950 cl
1178 1916 1220 1950 ad
1241 1916 1300 1962 3.).

302 2016 362 2050 AD
386 2026 556 2050 TERTrcM
575 2015 624 2049 sic
644 2016 860 2061 proceditur.
878 2015 1040 2054 Videtur,
1059 2016 1155 2062 quod
1174 2015 1388 2056 intellectus,
1411 2017 1467 2062 qui
1491 2016 1635 2062 ponitur
1657 2016 1792 2050 donum

233 2070 385 2116 Spiritus
409 2069 543 2111 Sancti,
565 2080 638 2102 non
661 2069 705 2102 sit
732 2069 920 2114 practicus,
948 2069 1009 2103 sed
1039 2069 1278 2115 speculativus
1304 2077 1462 2103 tantum:
1484 2070 1665 2104 Intellectus
1685 2070 1794 2112 enim,

232 2131 271 2156 ut
297 2122 495 2167 Gregorius
523 2122 608 2156 dicit
634 2122 669 2155 in
700 2133 727 2155 1.
756 2121 883 2156 Moral.
911 2123 1095 2169 (cap.15.),
1120 2122 1243 2156 altiora
1265 2122 1422 2168 quaedum
1446 2127 1620 2169 penetrat:
1648 2123 1710 2156 sed
1740 2133 1793 2165 ea,

232 2187 323 2222 quae
346 2176 525 2221 pertinent
546 2175 589 2208 ad
612 2175 835 2208 intellectum
858 2176 1068 2220 pracfflcum,
1088 2186 1161 2208 non
1181 2184 1261 2208 sunt
1281 2175 1362 2217 alta,
1381 2176 1441 2209 sed
1459 2176 1636 2221 quaedam
1658 2175 1793 2218 infima,

232 2228 369 2263 scilicet
390 2228 597 2274 singularia,
621 2229 716 2261 circa
734 2240 825 2273 quae
840 2237 921 2262 sunt
939 2237 1059 2271 actus;
1079 2239 1165 2274 ergo
1180 2228 1394 2270 intellectus,
1413 2229 1473 2274 qui
1487 2229 1632 2275 ponitur
1646 2229 1793 2272 donum,

231 2293 305 2316 non
329 2290 381 2315 est
401 2281 605 2316 intellectus
632 2282 821 2327 practicus.

303 2345 333 2369 2.
356 2335 592 2369 PRAETEREA.
619 2334 838 2376 Intellectus,
866 2335 926 2380 qui
953 2343 1005 2369 est
1032 2335 1180 2376 donum,
1203 2342 1255 2369 est
1277 2335 1417 2379 dignius
1444 2334 1589 2381 aliquid,
1613 2347 1721 2381 quam
1743 2336 1799 2370 in-

230 2388 407 2429 tellectus,
435 2389 493 2434 qui
521 2396 574 2422 est
597 2388 707 2421 virtus
734 2387 1000 2422 intellectualis:
1029 2388 1088 2421 sed
1117 2387 1332 2429 intellectus,
1359 2388 1419 2433 qui
1445 2396 1497 2422 est
1523 2389 1633 2422 virtus
1659 2388 1795 2423 intelle-

231 2441 371 2483 ctualis,
395 2450 447 2475 est
468 2441 587 2476 solum
607 2442 702 2475 circa
724 2441 938 2482 necessaria,
967 2449 1002 2475 ut
1024 2449 1119 2486 patet
1145 2453 1206 2486 per
1228 2441 1320 2474 Phil.
1342 2441 1378 2474 in
1405 2441 1436 2474 6.
1459 2441 1574 2475 Ethic.
1602 2443 1693 2488 (cap.
1716 2443 1764 2488 6.)
1780 2455 1792 2483 ,-

231 2506 317 2541 ergo
337 2495 452 2529 multo
468 2495 583 2540 magis
602 2494 815 2534 intellectus,
834 2494 892 2540 qui
917 2502 969 2528 est
990 2494 1138 2535 donum,
1158 2502 1210 2527 est
1228 2493 1346 2527 solum
1369 2494 1464 2528 circa
1486 2495 1709 2529 necessaria:
1732 2495 1793 2529 sed

230 2548 432 2582 intellectus
452 2548 630 2594 practicus
652 2559 725 2581 non
753 2556 805 2581 est
824 2548 918 2581 circa
932 2547 1145 2588 necessaria,
1164 2547 1224 2580 sed
1248 2547 1342 2580 circa
1365 2548 1612 2593 contingentia
1634 2548 1736 2582 aliter
1756 2560 1793 2583 se

231 2601 375 2642 habere,
398 2613 489 2647 quae
517 2612 624 2647 opere
650 2600 811 2634 humano
839 2600 915 2634 ficri
941 2608 1109 2646 possunt3
1137 2611 1223 2646 ergo
1246 2599 1460 2642 intellectus,
1487 2601 1547 2647 qui
1570 2610 1623 2635 est
1645 2601 1793 2644 donum,

231 2665 305 2688 non
327 2662 380 2688 est
402 2654 604 2688 intellectus
626 2654 814 2699 practicus.

306 2719 333 2752 3.
357 2707 593 2741 PRAETERr-A.
616 2707 764 2740 Donum
787 2705 990 2740 intellectus
1010 2705 1161 2740 illustrat
1176 2714 1335 2739 mentem
1356 2706 1398 2739 ad
1419 2718 1471 2747 ea,
1487 2718 1577 2752 quae
1591 2707 1791 2741 naturalem

232 2761 411 2795 rationem
431 2761 626 2795 excedunt:
649 2761 710 2794 sed
726 2759 922 2806 operabilia
940 2760 1112 2801 humana,
1132 2770 1284 2805 quorum
1308 2768 1361 2793 est
1380 2760 1557 2805 practicus
1578 2759 1793 2802 intellectus,

231 2826 303 2863 non
333 2815 509 2848 excedunt
530 2813 731 2848 naturalem
754 2813 943 2854 rationem,
967 2824 1057 2859 quae
1080 2813 1199 2858 dirigit
1220 2813 1256 2845 in
1278 2812 1382 2846 rebus
1401 2813 1561 2858 agendis,
1576 2821 1614 2847 ut
1627 2824 1669 2847 ex
1687 2824 1794 2859 supra
