1859 3122
500 138 719 173 QUAESTIO
755 137 885 167 CXVII.
919 137 1162 167 ARTICULUS
1197 136 1223 165 1.
1565 137 1644 179 793

163 220 222 254 AD
240 229 388 254 PRIMUM
410 230 496 264 ergo
519 219 724 261 dicendum,
747 219 855 265 quod,
878 219 970 253 sicut
992 218 1161 253 Ambros.
1186 219 1297 264 (serm.
1318 218 1374 263 64.
1390 218 1426 253 de
1447 218 1592 265 Temp.),
1616 227 1650 252 et

93 273 243 308 Basilius
271 273 380 317 (sarm.
409 279 498 318 supr.
523 273 626 308 illud.-
651 274 829 307 Destruam
853 273 970 307 horrea
991 272 1081 317 mea)
1103 272 1237 315 dicunt,
1259 271 1584 318 superabundantia
1604 272 1651 305 di-

90 326 257 360 vitiarum
279 326 380 360 datur
403 325 578 371 aliquibus
595 338 613 360 a
635 326 729 368 DQO,
752 334 789 360 ut
811 326 979 360 meritum
1002 326 1118 360 bonae
1145 325 1422 370 dispensationis
1443 324 1647 370 acquirant:

91 391 205 426 pauca
228 388 346 413 autem
369 379 430 413 uni
452 379 651 422 sufficiunt,
675 388 708 414 et
724 380 803 413 ideo
821 379 975 413 liberalis
998 379 1098 425 plura
1121 378 1346 412 laudabiliter
1359 378 1394 411 in
1417 378 1506 412 alios
1525 389 1650 424 expcn-

91 433 151 475 dit‚
178 445 286 479 quam
309 434 343 467 in
374 433 549 479 seipsum:
581 433 685 467 debet
708 442 827 467 autem
856 434 970 466 homo
999 444 1140 478 semper
1167 432 1282 477 magis
1311 432 1375 465 sibi
1402 431 1591 477 providere
1613 431 1649 464 in

90 487 329 533 spiritualibus
351 487 465 528 bouis,
486 487 519 520 in
543 487 668 533 quibus
689 487 931 532 unusquisque
947 486 1011 520 sibi
1026 486 1217 532 praecipue
1241 485 1428 519 subvenire
1451 493 1592 531 potest:
1616 493 1650 519 et

90 549 211 575 tamen
245 541 353 574 etiam
376 541 410 574 in
446 541 548 574 rebus
569 540 828 585 temporalibus
855 551 926 574 non
955 540 1107 586 pertinet
1137 540 1179 573 ad
1212 538 1408 580 liberalem,
1432 547 1469 573 ut
1495 539 1544 573 sic
1573 538 1650 572 aliis

90 595 260 636 intendat,
279 595 373 641 quod
398 595 548 628 omniuo
571 606 619 636 se,
655 602 688 628 et
721 605 806 628 suos
835 594 1027 640 despiciat,
1051 593 1144 627 unde
1168 593 1337 627 Ambros.
1361 593 1446 626 dicit
1480 593 1515 626 in
1554 603 1581 626 1.
1606 592 1649 625 de

93 647 233 683 Officiis
268 648 355 695 (cap.
380 650 445 695 30.)
461 662 469 682 .·
506 662 522 679 ‹<
552 648 611 682 Est
641 648 701 682 illa
723 648 909 693 probanda
931 647 1135 690 liberalitas,
1164 655 1201 681 ut
1222 649 1407 694 proximos
1429 646 1577 681 seminis
1598 646 1649 680 tui

91 713 164 736 non
191 702 378 747 despicias,
400 702 429 736 si
451 714 555 748 egere
578 713 826 748 cognoscas».

161 756 221 790 AD
248 766 454 791 SECUNDUM
477 756 681 798 dicendum,
716 756 812 802 quod
844 755 886 789 ad
917 755 1103 789 liberalem
1136 766 1210 789 non
1243 755 1397 801 pertinet
1426 755 1475 789 sic
1510 753 1650 788 divitias

91 809 266 851 emittere,
288 817 326 844 ut
347 821 420 844 non
442 810 508 844 sibi
529 817 714 843 remaneat
736 809 829 843 unde
852 816 1080 850 sustentetur,
1103 817 1137 843 et
1159 809 1251 842 unde
1278 809 1417 842 virtutis
1440 819 1549 854 opera
1572 819 1649 842 exe—

91 871 229 910 quetur,
260 864 387 909 quibus
414 864 457 898 ad
490 863 698 898 felicitatem
735 863 955 909 pervenitur,
983 862 1076 896 unde
1109 862 1244 896 Philos.
1280 863 1365 896 dicit
1393 863 1429 896 in
1466 873 1498 905 4.
1533 861 1650 895 Ethic.

91 917 180 964 (cap.
196 918 238 963 r.)
275 918 370 963 quod
408 930 425 949 «
446 916 601 951 liberalis
636 928 710 950 non
740 916 899 962 negliget
925 916 1081 962 propria,
1104 915 1230 950 volens
1260 927 1323 962 per
1343 916 1414 949 hoc
1437 915 1650 961 quibusdam

90 970 253 1005 sufficere
275 983 308 1014 »3
331 979 365 1005 et
386 971 554 1005 Ambros.
579 970 663 1004 dicit
684 970 719 1004 in
746 981 773 1004 1.
797 970 839 1004 de
863 969 971 1004 Offic.
994 969 1072 1014 (loc.
1095 975 1184 1015 supr.
1207 970 1277 1015 cit.)
1302 969 1398 1015 quod
1429 982 1446 1001 «
1468 969 1650 1003 Dominus

90 1035 163 1058 non
185 1024 261 1059 vult
294 1024 402 1059 simul
423 1024 558 1058 effundi
579 1035 677 1070 opes,
704 1023 765 1058 sed
787 1023 1004 1070 dispensa1·i;
1031 1022 1100 1057 nisi
1120 1022 1212 1057 forte
1231 1031 1269 1057 ut
1290 1022 1490 1065 Helisaeus,
1511 1023 1571 1068 qui
1591 1023 1651 1056 bo-

90 1090 152 1112 ves
174 1089 258 1113 suos
281 1078 423 1120 occidit,
435 1087 468 1112 et
490 1078 587 1124 pavit
607 1088 780 1123 pauperes
797 1088 838 1111 ex
857 1088 900 1111 eo
917 1076 1013 1122 quod
1028 1076 1164 1118 habuit,
1187 1084 1224 1110 ut
1244 1075 1343 1110 nulla
1366 1088 1450 1110 cura
1471 1084 1652 1110 teneretur

91 1132 291 1166 domestica
313 1144 344 1173 »3
380 1132 475 1177 quod
512 1131 663 1177 pertinet
696 1131 738 1164 ad
766 1138 898 1165 statum
920 1129 1150 1177 perfectionis
1172 1130 1365 1176 spiritualis
1386 1131 1492 1172 vitae,
1515 1130 1557 1164 de
1580 1142 1651 1176 quo

89 1184 179 1219 infra
201 1185 338 1220 dicetur
359 1187 404 1231 (q.
426 1187 500 1229 184.
528 1190 556 1220 et
581 1186 655 1220 186.
678 1184 822 1231 at't.3.):
850 1192 903 1219 est
923 1193 1046 1218 tamen
1076 1185 1276 1226 sciendum,
1310 1185 1406 1231 quod
1435 1185 1507 1218 hoc
1534 1184 1651 1230 ipsum

89 1239 186 1284 quod
208 1246 260 1273 est
278 1250 342 1273 sua
364 1238 557 1273 liberaliter
578 1238 710 1284 largiri,
733 1238 946 1284 inquantum
962 1245 1014 1272 est
1033 1245 1132 1272 actus
1154 1238 1304 1280 virtutis,
1328 1238 1370 1272 ad
1392 1238 1651 1272 beatitudinem

89 1292 283 1326 ordinatur.

159 1346 218 1380 AD
253 1356 424 1381 TERTIUM
446 1345 649 1387 dicendum,
678 1346 786 1392 quod,
817 1346 907 1380 sicut
933 1345 1069 1379 Philos.
1097 1345 1182 1379 dicit
1211 1345 1247 1379 in
1274 1355 1306 1388 4.
1329 1345 1443 1380 Ethic.
1479 1345 1565 1391 (cap.
1592 1346 1649 1388 1.),

92 1399 173 1434 «illi
198 1400 257 1445 qui
280 1408 499 1434 consumunt
527 1399 657 1433 multas
694 1410 749 1434 res
780 1400 816 1433 in
849 1399 1147 1445 intemperantiis,
1181 1410 1255 1433 non
1278 1407 1359 1433 sunt
1386 1399 1565 1441 liberales,
1588 1399 1649 1433 sed

89 1453 231 1499 prodigi
251 1465 291 1487 »2
315 1461 349 1487 et
370 1453 534 1487 similiter
555 1453 774 1498 quicumque
802 1452 951 1487 effundit
977 1464 1068 1498 quae
1090 1452 1208 1494 habet,
1235 1460 1380 1498 propter
1401 1464 1650 1498 quaecumque

90 1507 158 1541 alia
180 1515 347 1553 peccata,
378 1507 472 1540 unde
495 1514 529 1540 et
556 1507 726 1540 Ambros.
746 1506 831 1540 dicit
852 1506 888 1540 in
915 1517 942 1539 1.
970 1506 1013 1540 de
1038 1505 1144 1541 Offic.
1178 1505 1263 1552 (cap.
1283 1507 1372 1552 30.).·
1399 1519 1416 1537 κ
1440 1506 1479 1539 Si
1505 1505 1650 1550 adjuves

90 1573 184 1604 eum,
207 1561 268 1606 qui
294 1561 540 1607 possessiones
563 1560 719 1594 aliorum
742 1560 877 1606 eripere
910 1567 1072 1601 conatur,
1106 1570 1179 1593 non
1207 1560 1376 1605 probatur
1397 1559 1561 1605 largitas:
1583 1571 1648 1593 nec

89 1614 151 1648 illa
173 1613 329 1660 perfecta
363 1622 416 1648 est
448 1613 652 1655 liberalitas,
680 1613 708 1648 si
734 1613 925 1658 jactantiae
949 1624 1056 1646 causa
1084 1613 1212 1658 magis,
1240 1624 1349 1658 quam
1380 1612 1649 1646 misericordiae

89 1667 251 1713 largiaris
274 1680 305 1710 »3
329 1675 363 1701 et
383 1668 465 1701 ideo
487 1667 549 1708 illi,
572 1667 632 1712 qui
655 1674 778 1701 carent
800 1666 877 1700 aliis
899 1666 1098 1707 virtutibus,
1121 1665 1206 1700 licet
1226 1666 1261 1699 in
1284 1665 1403 1712 aliqua
1421 1665 1518 1699 mala
1540 1677 1649 1711 opera

91 1721 204 1755 multa
228 1720 439 1767 expandant,
462 1731 535 1753 non
559 1728 641 1754 sunt
661 1720 843 1753 liberales:
866 1720 955 1753 nihil
983 1719 1091 1753 etiarn
1118 1719 1294 1765 prohibet,
1317 1719 1457 1765 aliquos
1479 1719 1591 1753 multa
1613 1719 1648 1752 in

88 1774 204 1808 bonos
224 1785 309 1808 usus
331 1773 542 1820 expendere,
565 1782 600 1807 et
619 1773 783 1807 habitum
805 1772 1025 1807 liberalitatis
1048 1784 1122 1806 non
1152 1773 1301 1807 habere:
1324 1773 1414 1807 sicut
1441 1781 1475 1807 et
1497 1772 1647 1806 aliarum

89 1827 259 1861 virtutum
283 1838 392 1873 opera
413 1826 548 1860 faciunt
569 1827 749 1868 homines,
784 1835 978 1872 antequam
1015 1826 1179 1860 habitum
1214 1827 1353 1861 virtutis
1375 1827 1542 1868 habeant,
1564 1826 1648 1860 licet

88 1891 162 1914 non
184 1881 315 1914 eodem
336 1880 447 1914 modo
470 1891 541 1925 quo
563 1880 724 1921 virtuosi,
743 1888 781 1914 ut
807 1891 912 1926 supra
934 1880 1069 1913 dictum
1092 1887 1145 1913 est
1173 1879 1252 1923 (1-2.
1272 1892 1302 1925 q.
1325 1880 1372 1926 65.
1395 1885 1458 1915 art.
1474 1881 1531 1924 1.).·
1554 1880 1648 1913 simi-

88 1932 168 1967 liter
190 1934 299 1967 etiam
331 1933 421 1967 nihil
447 1933 625 1979 prohibet,
652 1933 791 1979 aliquos
817 1934 1010 1975 virtuosos,
1037 1933 1121 1967 licet
1149 1933 1220 1967 sint
1251 1945 1435 1979 pauperes,
1459 1945 1536 1968 esse
1566 1933 1648 1967 libe-

89 1987 200 2029 rales3
222 1987 316 2021 unde
337 1986 472 2021 Philos.
493 1987 578 2021 dicit
599 1987 633 2020 in
661 1997 693 2029 4.
721 1987 836 2021 Ethic.
862 1987 948 2033 (cap.
971 1987 1040 2032 1.):
1069 2000 1086 2018 «
1112 1987 1321 2021 Secundum
1347 1987 1596 2029 substantiam,
1616 1987 1648 2020 iil

89 2045 131 2075 est
144 2041 339 2087 facultatem
357 2041 568 2082 divitiarum,
591 2039 785 2074 liberalitas
807 2040 953 2074 dicitur:
977 2052 1051 2074 non
1067 2041 1164 2075 enim
1184 2041 1346 2075 consistit
1365 2041 1400 2074 in
1420 2040 1646 2074 multitudine

90 2094 269 2136 datorum,
291 2095 352 2128 sed
383 2094 418 2128 in
441 2094 557 2128 dantis
578 2094 701 2128 habitu
728 2106 760 2136 »3
785 2102 819 2128 et
840 2094 1008 2128 Ambros.
1033 2093 1119 2128 dicit
1154 2094 1189 2127 in
1217 2105 1243 2128 1.
1267 2094 1310 2128 de
1339 2093 1446 2129 Offic.
1469 2095 1556 2140 (rzip.
1575 2093 1646 2139 30.)

90 2148 186 2194 quod
212 2147 396 2182 «affectus
423 2147 570 2182 divitem
604 2146 851 2190 collationem,
874 2154 933 2182 aut
966 2158 1161 2194 pauperem
1183 2146 1278 2189 facit,
1298 2155 1332 2182 et
1362 2147 1515 2194 pretium
1542 2147 1646 2180 rebus

89 2201 244 2247 imponit
257 2215 288 2235 )).

651 2344 993 2389 ARTICULUS
1023 2344 1079 2386 II.
1581 2363 1640 2399 591

365 2451 517 2481 UTRUM
550 2451 827 2481 LIBERALITAS
861 2452 928 2480 SIT
963 2451 1092 2481 CIRCA
1126 2451 1350 2481 PECUNIAS.

210 2538 311 2584 (Insr.
338 2543 446 2583 a1·t.3.
469 2543 499 2573 et
515 2550 580 2573 1-2.
602 2550 631 2584 q.
654 2538 709 2574 60.
737 2544 802 2574 art.
822 2550 848 2585 5.
877 2544 905 2573 at
931 2539 1016 2574 Mal.
1044 2550 1073 2584 q.
1100 2551 1143 2584 13.
1164 2543 1226 2572 art.
1250 2551 1276 2572 r.
1295 2542 1324 2571 at
1341 2548 1373 2581 4.
1398 2537 1502 2581 Em).

161 2627 221 2661 AD
237 2636 442 2661 SECUNDUM
457 2625 506 2660 sic
528 2626 742 2671 proceditur.
757 2627 919 2669 Videtur,
935 2627 1030 2673 quod
1052 2626 1245 2660 liberalitas
1266 2637 1340 2659 non
1362 2625 1405 2658 sit
1427 2625 1520 2658 circa
1543 2636 1646 2670 pecu-

90 2680 185 2714 nias:
209 2680 327 2714 omnis
354 2680 450 2713 enim
471 2679 582 2713 virtus
609 2679 756 2714 moralis
783 2688 835 2714 est
862 2680 956 2714 circa
983 2680 1223 2726 operationes,
1251 2678 1308 2712 vel
1335 2678 1540 2724 passiones:
1569 2689 1644 2711 esse

92 2741 212 2768 autem
232 2733 325 2767 circa
348 2733 575 2778 operationes
597 2741 649 2767 est
674 2734 859 2779 proprium
881 2734 1047 2778 justitiae,
1063 2741 1100 2766 ut
1115 2733 1243 2766 dicitur
1260 2731 1296 2765 in
1316 2742 1342 2776 5.
1359 2731 1473 2765 Ethic.
1486 2731 1642 2777 (cap.r.)‚·

92 2798 179 2833 ergo
206 2798 289 2821 cum
315 2786 507 2821 liberalitas
533 2786 577 2820 sit
597 2786 707 2821 virtus
729 2786 888 2829 moralis,
909 2787 1050 2821 videtur
1076 2786 1171 2831 quod
1198 2785 1242 2819 sit
1269 2785 1362 2818 circa
1390 2784 1584 2830 passiones,
1612 2792 1646 2818 et

91 2851 164 2873 non
192 2840 286 2873 circa
312 2839 493 2885 pecunias.
