1859 3122
524 153 745 188 QUAESTIO
780 153 895 182 chr.
929 151 1173 182 ARTICULUS
1206 151 1231 181 1.
1553 152 1660 194 1045

97 246 202 276 seco3
226 242 260 268 et
281 234 351 268 hoc
376 242 492 280 potest
515 234 590 268 ficri
611 233 803 280 quandoque
826 233 970 279 quidem
993 233 1104 274 bene,
1129 240 1213 278 puta
1237 243 1320 266 cum
1345 231 1472 278 aliquis
1502 232 1665 266 conside-

99 299 177 322 rant
195 299 300 322 suurn
316 287 509 329 defectum,
521 296 618 322 tenet
628 299 665 322 se
677 287 711 321 in
723 287 855 320 infimis
870 287 1070 320 secundum
1081 297 1185 320 suum
1198 285 1361 327 modum3
1373 285 1465 319 sicut
1476 285 1663 319 Abraham

99 341 186 375 dixit
207 341 250 374 ad
277 341 492 382 Dominum,
517 341 607 376 Gen.
633 341 706 376 18.:
730 342 868 386 Loquar
893 340 935 373 ad
960 340 1147 373 Dominum
1176 351 1294 380 mcum,
1318 351 1389 373 cum
1411 340 1471 372 sim
1488 338 1614 385 pulvis,
1635 344 1665 373 et

98 396 199 435 τίνῃς,-
217 402 250 428 et
264 394 335 427 hoc
353 395 464 428 modo
480 394 664 428 humilitas
681 394 824 440 ponitur
839 393 967 435 virtus3
983 392 1175 438 quandoque
1190 400 1311 425 autem
1326 400 1443 437 potest
1459 391 1533 425 fieri
1549 391 1663 433 male;

98 456 181 493 puta
203 459 285 481 cum
309 448 422 481 homo
446 448 626 482 honorem
641 459 745 481 suum
764 458 838 481 non
857 446 1073 492 intelligens,
1093 450 1265 492 comparat
1286 457 1315 479 se
1334 447 1492 490 jumentis
1512 446 1664 492 insipien-

98 503 195 543 tibus,
218 506 246 535 et
266 501 383 534 similis
396 502 440 546 sit
462 502 535 535 illis.

169 554 228 588 AD
251 564 458 588 SECUNDUM
480 555 686 595 dicendum,
702 555 810 600 quod,
829 554 920 588 sicut
939 553 1075 587 dictum
1095 561 1147 586 est
1167 552 1216 596 (in
1235 553 1290 586 sol.
1306 553 1449 599 praua),
1466 551 1664 594 humilitas,

98 607 298 641 secundum
321 607 417 653 quod
441 616 493 641 est
514 608 636 652 virtus,
651 608 687 641 in
710 608 764 641 sui
779 607 916 640 ratione
935 607 1108 652 importat
1122 606 1317 652 quamdam
1337 605 1556 640 laudabilem
1573 606 1664 651 deje-

99 661 257 695 ctionem
285 661 320 694 in
348 661 438 694 ima:
467 661 536 694 hoc
567 669 687 694 autem
714 661 906 706 quandoque
934 659 971 694 fit
992 659 1112 693 solum
1135 659 1334 693 secundum
1357 659 1458 705 signa
1485 659 1664 694 exteriora

99 713 298 748 secundum
321 713 522 748 fictionem:
547 715 640 748 unde
662 715 752 748 haec
776 722 828 748 est
848 713 936 747 falsa
959 712 1157 754 humilitas,
1180 713 1222 746 de
1245 724 1314 758 qua
1336 712 1490 757 August.
1519 712 1605 746 dicit
1624 712 1662 746 in

99 767 255 813 quadam
276 767 386 812 Epist.
417 768 555 813 (implis.
578 769 666 813 epist.
689 779 763 812 149.
784 768 824 800 ol.
844 767 924 813 59),
950 766 1045 812 quod
1069 775 1122 800 est
1149 777 1270 811 magna
1295 767 1468 811 superlria,·
1491 766 1575 812 quia
1595 765 1660 800 sci-

98 820 182 854 licet
203 821 343 855 videtur
363 822 510 855 tendere
534 822 577 855 ad
596 821 847 855 excellentiam
871 820 1029 865 gloriae:
1052 820 1244 865 quandoque
1263 828 1385 853 autem
1405 819 1441 852 fit
1463 820 1665 854 secundum

99 874 310 908 interiorem
330 883 472 908 motum
487 875 648 916 animae,
668 883 701 908 et
715 873 915 908 secundum
931 873 1002 906 hoc
1018 872 1203 906 humilitas
1218 873 1360 918 proprie
1376 873 1521 918 ponitur
1534 873 1664 914 virtus3

100 928 182 973 quia
197 928 308 961 virtus
324 938 397 961 non
413 928 576 961 consistit
590 927 625 961 in
641 926 886 967 exterioribus,
902 926 961 960 sed
982 926 1226 972 principaliter
1246 926 1283 959 in
1303 926 1466 960 interiori
1488 926 1664 960 electione

100 981 243 1021 mentis,
267 988 304 1014 ut
325 989 422 1026 patet
443 992 505 1026 per
526 980 660 1014 Philos.
681 980 716 1013 in
737 979 797 1013 lib.
818 989 848 1013 2.
868 979 982 1012 Ethic.
1007 979 1097 1025 (cap.
1115 980 1173 1024 5).

172 1034 231 1067 AD
260 1044 431 1068 'rERTiuM
453 1033 658 1074 dicendum,
681 1033 777 1078 quod
800 1031 986 1065 humilitas
1005 1031 1166 1077 reprimit
1189 1032 1399 1077 appetitum,
1418 1043 1462 1065 ne
1484 1032 1608 1066 tendat
1625 1032 1661 1065 in

101 1098 234 1132 magna
262 1095 402 1132 praeter
428 1086 605 1120 rationem
632 1093 787 1119 rectam:
816 1085 1098 1130 magnanimitas
1121 1093 1242 1118 autem
1270 1085 1433 1118 animum
1462 1085 1504 1118 ad
1533 1096 1665 1131 magna

100 1140 254 1185 impellit
275 1139 474 1174 secundum
489 1139 667 1172 rationem
683 1147 839 1179 rectam3
862 1137 955 1171 unde
977 1145 1085 1183 patet,
1100 1138 1197 1183 quod
1220 1138 1502 1183 magnanimitas
1518 1149 1592 1172 non
1608 1149 1667 1184 op-

101 1193 246 1240 ponitur
267 1192 482 1235 humilitati3
504 1192 567 1226 sed
590 1191 811 1226 conveniunt
831 1191 868 1224 in
889 1191 973 1232 hoc,
992 1191 1088 1236 quod
1107 1199 1257 1237 utraque
1273 1201 1326 1225 est
1339 1191 1540 1225 secundum
1562 1191 1667 1225 ratio-

100 1257 185 1280 nem
207 1254 354 1279 rectam.

172 1299 232 1333 AD
260 1309 448 1337 QUARTUM
475 1298 680 1340 dicendum,
708 1298 804 1344 quod
832 1297 1032 1343 perfectum
1059 1298 1188 1331 dicitur
1215 1297 1348 1344 aliquid
1375 1298 1572 1345 dupliciter:
1600 1310 1664 1332 uno

100 1352 194 1386 modo
213 1352 435 1398 simpliciter,
450 1352 485 1385 in
501 1363 572 1398 quo
588 1351 726 1385 scilicet
739 1351 858 1385 nullus
874 1350 1034 1384 defectus
1050 1351 1241 1393 invenitur,
1256 1363 1322 1385 nec
1343 1352 1543 1385 secundum
1562 1363 1665 1385 suam

101 1415 280 1447 naturam,
295 1417 361 1439 nec
376 1417 440 1452 per
454 1414 658 1451 respectum
675 1405 717 1439 ad
738 1404 871 1450 aliquid
894 1404 1011 1446 aliud3
1035 1412 1069 1438 et
1089 1404 1139 1438 sic
1162 1404 1261 1438 solus
1282 1405 1382 1438 Deus
1405 1413 1458 1438 est
1479 1404 1667 1451 perfectus,

104 1459 161 1494 cui
183 1459 384 1493 secundum
398 1467 565 1492 naturam
580 1459 737 1492 divinam
760 1469 834 1492 non
855 1458 1029 1503 competit
1043 1457 1239 1500 humilitas,
1255 1458 1316 1491 sed
1331 1457 1450 1492 solum
1466 1458 1666 1492 secundum

102 1521 269 1546 naturam
293 1521 515 1558 assumptam
532 1525 540 1546 :
558 1512 622 1545 αΖίο
645 1511 740 1546 modo
762 1519 881 1556 potest
896 1511 967 1544 dici
981 1511 1115 1556 aliquid
1130 1510 1328 1557 perfectum
1348 1512 1549 1545 secundum
1571 1511 1668 1557 quid,

101 1574 187 1612 puta
208 1566 409 1599 secundum
430 1577 534 1599 suam
555 1573 733 1606 naturam,
757 1572 817 1598 aut
837 1572 982 1605 statum,
1005 1572 1065 1598 aut
1086 1572 1248 1610 tempus,
1271 1572 1306 1598 et
1326 1557 1398 1598 hoc
1421 1565 1533 1598 modo
1552 1564 1667 1598 homo

102 1620 284 1653 virtuosus
307 1627 360 1653 est
380 1618 578 1664 perfectus;
602 1619 702 1664 cujus
720 1626 843 1652 tamen
862 1617 1034 1663 perfectio
1058 1618 1093 1651 in
1119 1617 1393 1663 comparatione
1409 1618 1452 1651 ad
1470 1618 1591 1651 Deum
1611 1617 1667 1652 de-

102 1671 227 1705 ficiens
242 1672 432 1713 invenitur,
455 1671 655 1705 secundum
673 1671 760 1705 illud
781 1671 849 1704 Isa.
871 1680 948 1712 4o.:
974 1671 1094 1705 Omnes
1113 1675 1231 1716 gentes,
1248 1671 1341 1715 quasi
1359 1682 1423 1703 non
1441 1672 1517 1713 sint,
1536 1672 1581 1705 sic
1595 1676 1667 1705 sunt

103 1737 216 1759 coram
239 1736 292 1765 ro;
316 1732 351 1758 et
371 1725 421 1758 sic
445 1724 591 1758 cuilibet
610 1724 753 1757 homini
775 1732 894 1770 potest
916 1723 1111 1758 convenire
1129 1723 1326 1757 humilitas.

175 1779 235 1812 AD
258 1788 439 1816 QUINTUM
461 1777 665 1819 dicendum,
688 1777 785 1823 quod
807 1776 943 1810 Philos.
971 1776 1179 1810 intendebat
1200 1787 1307 1822 agere
1329 1776 1372 1810 de
1395 1777 1595 1819 virtutibus,
1617 1788 1668 1811 se-

105 1831 265 1865 cundum
287 1831 383 1877 quod
407 1831 617 1864 ordinantur
644 1831 687 1864 ad
708 1831 821 1864 vitam
847 1829 1003 1871 civilem,
1025 1830 1062 1863 in
1089 1841 1159 1876 qua
1181 1830 1356 1875 subjectio
1377 1830 1481 1863 unius
1503 1830 1664 1864 hominis

105 1884 149 1918 ad
172 1884 325 1918 alterum
347 1884 547 1918 secundum
573 1883 662 1929 legis
691 1883 856 1917 ordinem
883 1883 1161 1925 determinatur;
1184 1891 1218 1917 et
1237 1883 1321 1917 ideo
1350 1883 1580 1917 continentur
1601 1883 1666 1917 sub

103 1938 240 1984 justitia
254 1937 382 1983 legali:
405 1936 591 1970 humilitas
607 1945 739 1978 autem,
755 1936 955 1970 secundum
978 1936 1074 1981 quod
1090 1944 1143 1970 est
1155 1936 1322 1982 specialis
1337 1936 1461 1978 virtus,
1476 1937 1668 1983 praecipue

104 1991 250 2037 respicit
269 1991 532 2034 subjectionem
547 1990 707 2024 hominis
722 1989 766 2023 ad
780 1990 913 2031 Deum,
932 1997 1079 2035 propter
1093 2001 1201 2035 quem
1217 1990 1327 2023 etiam
1341 1989 1419 2024 aliis
1440 1989 1668 2024 humiliando

105 2056 142 2078 se
164 2044 318 2090 subjicit.

676 2183 1021 2228 ARTICULUS
1054 2184 1110 2226 Π.
1599 2208 1666 2243 779

308 2292 460 2322 UTRUM
493 2291 732 2321 HUMILITAS
767 2291 1012 2321 CONSISTAT
1041 2292 1170 2321 CIRCA
1196 2292 1462 2322 APPETITUM.

475 2377 576 2423 (Infr.
598 2383 663 2412 art.
686 2378 718 2412 6.
741 2384 829 2424 corp.
852 2383 882 2412 et
902 2390 931 2423 q.
953 2378 1021 2423 165.
1046 2383 1111 2412 art.
1129 2390 1157 2424 3.
1180 2378 1222 2412 ad
1242 2380 1303 2423 2.).

179 2467 238 2500 AD
261 2477 468 2501 SECUNDUM
489 2467 539 2501 sic
562 2467 778 2513 proceditur.
797 2467 958 2509 Videtur,
981 2468 1078 2514 quod
1093 2468 1278 2502 humilitas
1292 2479 1365 2502 non
1382 2469 1556 2503 consistat
1573 2469 1670 2503 circa

109 2519 321 2566 appetitum,
342 2520 404 2554 sed
426 2520 542 2565 magis
564 2521 658 2555 circa
679 2520 851 2565 judicium
875 2521 1040 2555 rationis:
1064 2521 1250 2556 humilitas
1277 2522 1374 2555 enim
1396 2523 1584 2568 superbiae
1611 2534 1669 2569 op-

108 2573 270 2619 ponitur:
290 2573 352 2607 sed
371 2573 535 2619 superbia
550 2574 708 2607 maxime
724 2574 891 2608 consistit
903 2575 939 2608 in
958 2575 1026 2616 his,
1040 2586 1131 2620 quae
1147 2576 1328 2621 pertinent
1341 2576 1385 2610 ad
1401 2577 1668 2622 cognitionem:

109 2626 195 2660 dicit
216 2627 314 2660 enim
337 2626 447 2672 Greg.
472 2637 525 2671 34.
547 2627 676 2660 Moral.
697 2627 785 2674 (cap.
804 2628 870 2673 18.)
884 2638 896 2661 .·
922 2641 940 2659 «
955 2628 1051 2674 quod
1074 2629 1250 2674 superbia,
1274 2640 1357 2662 cum
1380 2630 1533 2663 exterius
1555 2641 1667 2676 usque

110 2680 154 2713 ad
169 2691 298 2726 corpus
314 2680 524 2721 extenditur,
547 2680 643 2725 prius
657 2691 720 2726 per
735 2680 862 2715 oculos
883 2681 1061 2726 judicatur
1074 2695 1092 2713 >³
1108 2694 1115 2723 3
1131 2682 1225 2715 unde
1245 2690 1279 2716 et
1299 2682 1335 2715 in
1353 2682 1411 2717 Ps.
1431 2693 1505 2728 130.
1522 2683 1670 2717 dicitur:

109 2733 266 2775 Domine,
294 2745 361 2767 non
381 2738 425 2767 est
446 2733 627 2767 exaltatum
654 2745 711 2767 cor
731 2746 851 2776 meum,
873 2746 973 2779 neque
999 2734 1077 2768 elati
1101 2739 1174 2768 sunt.
1200 2735 1286 2769 oculi
1313 2737 1394 2770 mei:
1422 2736 1519 2769 oculi
1547 2744 1668 2770 autem

111 2785 268 2820 maxime
290 2786 493 2820 deserviunt
508 2786 726 2831 cognitioni;
750 2798 836 2832 ergo
850 2787 1002 2828 videtur,
1018 2787 1113 2832 quod
1128 2787 1313 2822 humilitas
1336 2789 1492 2823 maxime
1513 2789 1558 2823 sit
1576 2789 1670 2824 circa

111 2839 371 2884 cognitionem,
393 2850 457 2885 per
478 2850 587 2884 quam
609 2839 652 2873 de
674 2850 712 2873 se
734 2839 862 2885 aliquis
881 2840 1048 2874 aestimat
1067 2851 1189 2886 parva.

254 2920 283 2948 S.
303 2920 424 2947 Tuomz
447 2919 551 2946 Summa
576 2920 736 2956 Theologica.
757 2920 822 2948 Vol.
844 2920 898 2948 ΙΙΙ.
1495 2924 1526 2957 67
