1905 3137
526 151 742 188 QUAESTIO
776 151 832 180 IX.
867 150 1109 181 ARTICULUS
1144 150 1199 179 IV.
1584 148 1632 190 91

639 308 980 353 ARTICULUs
1012 308 1085 350 Ν.
1598 328 1640 361 50

213 418 364 448 UTRUM
393 417 518 447 DONO
541 416 768 446 SCIENTIAE
792 415 1046 446 RESPODEAT
1070 415 1229 444 TERTIA
1251 415 1519 453 BEATITUDO,

453 482 673 512 SCILICET:
698 481 840 520 BEATI,
869 481 946 516 QUI
974 480 1163 519 LUGENT,
1188 480 1286 509 ETC.

156 571 229 615 (1-2.
252 583 281 617 q.
304 571 360 616 69.
382 576 446 605 art.
467 582 493 616 3.
516 569 557 603 ad
574 581 602 616 3.
624 574 653 604 ct
672 569 751 610 infr.
774 580 803 614 q.
826 579 893 603 121.
916 573 980 602 art.
1003 579 1034 602 2.
1057 572 1084 602 et
1102 579 1129 613 3.
1153 568 1240 601 Dist.
1256 578 1307 612 34.
1328 579 1357 612 q.
1380 579 1406 601 1.
1430 571 1492 600 art.
1514 567 1576 611 4.).

158 658 217 692 An
233 668 418 697 QUARTL'M
441 657 489 691 sic
512 656 727 703 proceditur.
742 655 904 697 Videtur,
918 655 1015 701 quod
1030 654 1201 688 scientiae
1216 665 1290 687 non
1306 653 1521 699 respondeat
1538 653 1641 688 tertia

85 711 279 753 beatitudo,
306 710 460 745 scilicet:
488 711 594 751 Beati,
622 711 678 755 qni
704 709 821 754 lugent,
848 710 1004 754 qnoniam
1032 709 1094 754 ipsi
1121 707 1397 742 consolabuntur:
1426 707 1517 740 sicut
1544 707 1639 740 enim

86 764 222 798 malum
246 772 298 798 est
319 775 427 797 causa
447 763 620 805 tristitiae,
647 770 682 797 et
707 762 841 796 luctus:
869 762 917 796 ita
944 761 1053 796 etiam
1079 761 1217 794 bonum
1247 768 1299 794 est
1328 771 1435 793 causa
1462 759 1636 794 laetitiae:

85 817 147 851 sed
170 828 231 862 per
251 817 439 851 scientiam
461 816 691 862 principalius
707 815 980 849 manifestantur
993 815 1099 855 bona,
1115 825 1223 860 quam
1238 812 1345 854 mala,
1362 824 1452 858 quae
1471 825 1534 859 per
1546 813 1641 846 bona

86 878 371 916 cognoscuntur:
394 876 518 905 rectum
539 871 625 904 anim
643 869 800 915 astjzcdex
816 870 866 903 sm?
885 870 996 915 ipsius,
1013 873 1039 902 et
1058 868 1194 913 obliqui,
1214 874 1252 901 ut
1268 867 1395 901 dicitur
1410 867 1445 900 in
1468 877 1495 900 1.
1513 866 1555 900 de
1570 866 1640 899 An.

87 923 164 968 (tex.
180 924 243 969 85.)
255 936 267 964 ,·
283 934 369 969 ergo
385 924 565 969 praedicta
578 923 762 957 beatitudo
777 933 851 955 non
868 921 1124 956 convenienter
1138 920 1332 966 respondet
1346 919 1517 954 scientiae
1533 920 1641 953 dono.

157 988 188 1012 2.
209 977 444 1012 PRAETEREA.
461 977 714 1011 Consideratio
736 976 895 1010 veritatis
919 984 971 1010 est
994 983 1092 1009 actus
1114 975 1304 1009 scientiae:
1333 974 1393 1008 sed
1420 974 1456 1007 in
1484 973 1643 1007 conside-

84 1031 222 1065 ratione
243 1030 402 1065 veritatis
415 1041 489 1064 non
508 1038 560 1064 est
577 1030 729 1072 tristitia,
746 1030 805 1064 sed
829 1029 945 1074 magis
965 1028 1156 1075 gaudium:
1177 1028 1305 1061 dicitur
1320 1027 1415 1061 enim
1432 1027 1575 1073 Sapien.
1591 1026 1641 1060 8.:

84 1084 161 1119 Non
182 1084 275 1118 habet
289 1083 548 1118 amaritudinem
570 1083 658 1118 illius
680 1084 894 1125 coum-satio,
917 1095 973 1117 uec
996 1082 1139 1116 taedium
1167 1083 1333 1116 con-victus
1359 1081 1458 1123 illius,
1480 1080 1531 1115 sed
1553 1081 1641 1114 lacti-

85 1139 177 1179 tiam,
200 1143 229 1172 et
247 1137 425 1183 gaudium;
449 1148 535 1183 ergo
557 1137 737 1183 praedicta
759 1136 942 1171 beatitudo
965 1147 1039 1170 non
1057 1135 1314 1170 convenienter
1333 1134 1527 1181 respondet
1545 1134 1642 1168 dono

84 1190 265 1225 scientiae.

157 1255 186 1289 3.
207 1243 441 1278 PRAETEREA.
463 1244 613 1277 Donum
636 1243 806 1277 scientiae
828 1243 925 1290 prius
948 1241 1112 1276 consistit
1132 1242 1168 1275 in
1190 1241 1450 1288 speculatione,
1472 1252 1582 1287 quam
1604 1241 1639 1274 in

85 1297 311 1343 operatione:
333 1298 392 1332 sed
414 1297 612 1331 secundum
635 1297 731 1342 quod
754 1297 917 1330 consistit
937 1296 973 1329 in
995 1294 1255 1342 speculatione,
1273 1306 1347 1329 non
1366 1295 1559 1340 respondet
1578 1294 1643 1328 sibi

83 1350 218 1385 luctus:
241 1350 323 1396 quia
344 1350 547 1385 intellectus
568 1349 810 1396 speculativus
836 1349 927 1384 nihil
953 1349 1038 1383 dicit
1065 1349 1107 1382 de
1134 1348 1312 1390 imitabili,
1339 1356 1374 1382 et
1398 1347 1583 1394 fugiendo,
1605 1356 1643 1381 ut

84 1403 212 1438 dicitur
232 1403 268 1437 in
293 1415 321 1449 3.
345 1403 387 1438 de
402 1404 471 1437 An.
492 1403 571 1447 (tex.
594 1403 682 1448 49),
704 1414 821 1449 neque
845 1403 930 1437 dicit
949 1402 1082 1448 aliquid
1096 1402 1245 1443 laetum,
1261 1409 1295 1435 et
1307 1402 1424 1444 triste;
1445 1412 1531 1447 ergo
1546 1412 1644 1447 prae-

84 1456 177 1491 dicta
197 1457 379 1490 beatitudo
401 1467 475 1490 non
498 1456 754 1490 convenienter
775 1456 920 1502 ponitur
942 1456 1160 1501 respondere
1184 1455 1281 1489 dono
1304 1455 1486 1489 scientiae.

155 1509 229 1544 SED
251 1520 405 1544 CONTRA
427 1518 490 1551 est,
513 1509 609 1555 quod
632 1510 784 1555 August.
808 1510 893 1544 dicit
914 1509 949 1542 in
972 1509 1033 1543 lib.
1059 1520 1086 1542 1.
1111 1509 1153 1542 de
1175 1508 1289 1542 Serm.
1312 1508 1422 1542 Dom.
1446 1508 1481 1541 in
1500 1515 1641 1541 monte:

85 1563 175 1609 (cap.
193 1564 242 1608 4.)
254 1575 265 1603 ;
286 1563 434 1597 scientia
453 1562 622 1596 convenit
637 1562 852 1608 lugentibus,
869 1562 929 1608 qui
947 1562 1146 1596 didicerunt
1161 1562 1287 1608 quibus
1306 1561 1411 1595 malis
1425 1561 1536 1595 vincti
1550 1568 1642 1602 sunt,

85 1627 176 1662 quae
199 1616 299 1662 quasi
319 1616 415 1650 bona
438 1616 670 1661 appetierunt.

155 1669 382 1703 RESPONDEO
411 1669 617 1710 dicendum,
643 1669 739 1714 quod
762 1668 805 1702 ad
827 1669 1017 1703 scientiam
1043 1670 1186 1714 proprie
1212 1668 1367 1714 pertinet
1392 1676 1531 1702 rectum
1556 1667 1643 1713 judi-

86 1723 183 1756 cium
205 1730 466 1756 creaturarum:
491 1730 674 1756 creaturae
697 1730 818 1755 autern
840 1730 932 1764 sunt,
960 1733 1002 1755 ex
1029 1722 1155 1767 quibus
1181 1722 1295 1755 homo
1323 1721 1601 1755 occasionaliter
1622 1731 1641 1754 a

83 1776 164 1809 Deo
187 1775 366 1817 avertitur,
388 1775 586 1809 secundum
609 1774 697 1808 illud
720 1775 803 1820 Sap.
824 1784 894 1817 14:
920 1775 1102 1810 creaturae
1113 1776 1225 1820 factae
1241 1779 1315 1809 szmt
1336 1775 1370 1807 in
1393 1773 1515 1815 odium,
1531 1779 1644 1808 etmu-

82 1829 242 1875 scijmlam
257 1828 395 1875 pedibus
415 1829 661 1874 ‘insipientium;
685 1828 745 1873 qui
766 1827 904 1862 scilicet
924 1836 1063 1862 rectum
1085 1828 1259 1873 judicium
1274 1827 1317 1862 de
1330 1827 1386 1861 his
1405 1838 1478 1861 non
1497 1827 1640 1868 habent,

83 1882 169 1916 dum
184 1882 374 1916 aestimant
394 1881 431 1914 in
453 1881 502 1915 eis
525 1892 601 1915 esse
623 1880 823 1927 perfectum
843 1881 1000 1923 bonum3
1022 1881 1117 1915 unde
1138 1881 1175 1915 in
1197 1881 1247 1915 eis
1266 1880 1375 1914 finem
1390 1881 1642 1914 constituendo

84 1943 246 1981 peccant,
268 1943 302 1969 et
326 1946 453 1968 verum
479 1934 615 1968 bonum
642 1935 811 1980 perdunt:
840 1943 874 1969 et
899 1935 971 1968 hoc
999 1934 1173 1968 damnum
1199 1934 1342 1968 homini
1367 1934 1560 1968 innotescit
1580 1944 1643 1979 per

84 1996 223 2022 rectum
244 1988 417 2033 judicium
445 1987 489 2021 de
516 1988 699 2030 creaturis,
726 1988 822 2033 quod
848 1988 1000 2022 habetur
1025 1999 1088 2033 per
1114 1988 1252 2022 donum
1278 1987 1469 2029 scientiae3
1498 1995 1532 2021 et
1559 1986 1642 2020 ideo

82 2041 266 2076 beatitudo
288 2040 404 2075 luctus
425 2040 569 2087 ponitur
590 2041 805 2087 respondere
828 2040 925 2075 dono
947 2041 1130 2075 scientiae.

154 2095 213 2129 AD
249 2105 399 2129 PRIMUM
426 2105 511 2140 ergo
539 2094 743 2136 dicendum,
772 2094 868 2140 quod
900 2094 996 2128 bona
1023 2102 1142 2128 creata
1169 2105 1243 2128 non
1270 2094 1426 2128 excitant
1459 2092 1641 2140 spirituale

84 2148 266 2194 gaudium,
300 2147 368 2181 nisi
389 2155 562 2193 quatenus
584 2146 783 2181 referuntur
805 2147 848 2181 ad
870 2148 1008 2181 bonurn
1030 2147 1202 2189 divinum,
1225 2158 1267 2181 ex
1288 2159 1360 2193 quo
1382 2147 1524 2193 proprie
1558 2157 1641 2180 con-

83 2202 195 2247 surgit
216 2201 388 2247 gaudium
409 2200 610 2247 spirituale3
633 2208 667 2235 et
686 2201 769 2235 ideo
791 2201 925 2235 directe
944 2201 1090 2247 quidem
1108 2200 1300 2247 spiritualis
1319 2212 1398 2246 pax,
1415 2208 1449 2234 et
1470 2200 1641 2246 gaudium

84 2266 309 2300 consequens
331 2254 525 2300 respondet
545 2254 641 2288 dono
663 2254 875 2300 sapientiae:
897 2254 994 2288 dono
1019 2262 1139 2288 autem
1157 2254 1328 2288 scientiae
1346 2253 1539 2299 respondet
1570 2253 1642 2298 qui-

84 2307 167 2342 dem
184 2307 301 2354 primo
320 2307 435 2342 luctus
450 2307 493 2340 de
508 2307 707 2352 praeteritis
722 2307 857 2349 erratis,
869 2315 903 2341 et
918 2315 1182 2353 consequenter
1196 2307 1411 2349 consolatio,
1428 2307 1514 2341 dum
1527 2307 1642 2340 homo

83 2372 146 2407 per
166 2368 304 2395 rectum
325 2360 499 2406 judicium
521 2360 690 2394 scientiae
714 2368 895 2394 creaturas
918 2360 1060 2394 ordinat
1081 2361 1116 2394 in
1138 2360 1276 2394 bonum
1303 2360 1483 2402 divinum;
1507 2368 1540 2394 et
1561 2359 1642 2393 ideo

82 2414 119 2448 in
139 2414 207 2448 hac
228 2413 447 2448 beatitudine
469 2413 614 2459 ponitur
634 2412 751 2447 luctus
773 2424 838 2459 pro
858 2414 1000 2456 merito,
1028 2422 1062 2447 et
1089 2413 1292 2447 consolatio
1321 2423 1545 2458 consequens
1571 2423 1635 2458 pro

82 2467 265 2513 praemio;
287 2478 378 2513 quae
400 2467 546 2513 quidem
568 2467 760 2500 inchoatur
780 2467 816 2500 in
839 2467 906 2500 hac
928 2468 1011 2509 vita,
1035 2466 1218 2513 perficitur
1241 2474 1361 2501 autem
1383 2467 1418 2500 in
1440 2465 1568 2500 futura.

153 2521 212 2555 AD
244 2530 450 2555 SECUNDUM
484 2520 689 2562 dicendum,
717 2520 814 2565 quod
841 2521 883 2554 de
910 2520 987 2565 ipsa
1015 2520 1304 2554 consideratione
1331 2519 1488 2553 veritatis
1521 2518 1636 2552 horno

85 2574 233 2620 gaudet3
252 2573 313 2608 sed
329 2574 371 2607 de
386 2585 434 2615 re,
451 2573 545 2607 circa
566 2585 675 2619 quam
695 2573 898 2607 considerat
910 2574 1112 2616 veritatem,
1127 2581 1246 2619 potest
1259 2573 1389 2607 tristari
1404 2571 1638 2618 quandoque:

85 2635 120 2662 et
139 2627 339 2661 secundum
357 2626 428 2660 hoc
451 2626 568 2660 luctus
591 2627 761 2660 scientiae
785 2627 996 2660 attribuitur.

155 2681 214 2714 AD
237 2690 406 2715 TERTIUM
429 2680 634 2721 dicendum,
657 2680 752 2725 quod
776 2680 958 2721 scientiae,
987 2679 1187 2714 secundum
1219 2679 1315 2724 quod
1337 2679 1372 2711 in
1395 2677 1642 2723 speculatione

86 2735 257 2776 consistit,
279 2746 353 2768 non
374 2733 567 2779 respondet
584 2734 767 2767 beatitudo
791 2733 929 2779 aliqua;
952 2734 1034 2779 quia
1060 2733 1244 2767 beatitudo
1271 2731 1431 2765 hominis
1458 2742 1531 2764 non
1559 2742 1641 2764 con-

86 2787 176 2822 sistit
195 2788 231 2821 in
253 2787 542 2821 consideratione
565 2795 820 2828 creaturarum,
845 2787 906 2821 sed
928 2787 964 2820 in
987 2785 1295 2831 contemplatione
1316 2784 1403 2818 Dei:
1425 2783 1487 2818 sed
1509 2783 1643 2829 aliqua-

85 2840 164 2875 liter
183 2841 366 2875 beatitudo
385 2840 544 2874 hominis
567 2840 730 2874 consistit
750 2840 785 2873 in
809 2839 928 2874 debito
951 2851 1016 2873 usu
1039 2846 1297 2879 creaturarum,
1320 2845 1354 2871 et
1376 2837 1539 2871 ordinata
1563 2836 1644 2871 affe-
