1859 3122
191 116 275 171 856
599 127 818 162 QUAESTIO
854 127 999 156 cxxv1.
1033 127 1278 157 ARTicULus
1314 127 1342 156 1.

189 217 310 256 posset
331 209 464 249 inferri,
486 208 685 242 secundum
708 207 794 241 illud
818 208 886 242 Isa.
912 219 982 252 51.:
1007 209 1092 252 Quis
1108 214 1153 251 ιιι,
1180 213 1216 243 ut
1242 209 1355 243 timeas
1382 209 1422 242 ab
1444 209 1572 243 hom-ine
1593 209 1752 244 mortali?

189 262 285 308 Ergo
307 261 531 307 impavidum
556 272 632 295 esse
654 272 728 294 non
752 269 804 295 est
825 269 1026 307 peccatum.

264 327 291 361 3.
314 315 549 349 PRAETEREA.
573 313 703 348 Timor
726 325 767 347 ex
786 325 910 348 amore
932 315 1102 356 nascitur,
1125 322 1163 348 ut
1184 325 1290 360 supra
1311 314 1475 348 habiturn
1497 322 1549 348 est
1571 315 1618 360 (q.
1636 321 1751 361 praec.

189 374 254 403 art.
274 369 335 414 2.):
363 368 424 402 sed
439 367 528 401 nihil
545 368 768 401 mundanum
784 379 906 401 amare
922 369 1076 413 pertinet
1094 368 1137 401 ad
1153 367 1413 413 perfectionem
1429 368 1586 402 virtutis:
1604 368 1698 414 quia,
1713 375 1751 402 ut

190 423 284 467 Aug.
307 421 392 455 dicit
414 431 465 463 14.
484 421 527 455 de
552 421 658 455 Civit.
674 421 744 454 Dei
762 422 850 467 (cap.
866 422 950 466 28),
970 432 1107 455 «amor
1128 421 1198 454 Dei
1220 432 1332 466 usque
1356 421 1399 454 ad
1422 429 1673 466 contemptum
1695 421 1750 455 sui

188 474 274 509 facit
296 475 392 508 cives
421 474 573 508 civitatis
600 473 765 508 coelestis
787 487 819 516 »3
843 485 929 519 ergo
951 474 1041 508 nihil
1063 474 1267 507 humanum
1287 473 1495 516 formidare,
1517 474 1656 508 videtur
1677 485 1752 508 non

191 539 268 562 esse
290 535 492 572 peccatum.

262 580 336 615 SED
360 591 514 615 CONTRA
537 587 599 622 est,
622 580 718 626 quod
741 580 783 614 de
805 580 923 626 judice
951 580 1075 626 iniquo
1098 580 1238 622 dicitur,
1261 580 1348 614 Luc.
1368 581 1432 622 18„
1447 580 1544 626 quod
1565 592 1622 615 nec
1642 581 1754 615 Deum

191 635 335 675 timebat,
354 646 411 668 nec
433 634 597 667 hominum
619 635 841 668 reverebatur.

260 687 489 722 RESPONDEO
513 687 717 728 dicendum,
734 687 829 732 quod
845 687 928 732 quia
946 687 1057 721 timor
1072 698 1114 720 ex
1129 698 1253 721 amore
1268 686 1437 728 nascitur,
1459 686 1556 720 idem
1577 686 1753 732 judicium

190 740 330 774 videtur
357 752 433 774 esse
462 740 504 774 de
533 751 668 782 amore,
692 748 726 774 et
746 741 896 774 timore:
926 740 1042 786 agitur
1069 748 1190 774 autem
1211 751 1307 774 nunc
1330 739 1372 774 de
1394 740 1537 782 timore,
1559 751 1631 785 quo
1659 739 1756 774 mala

190 793 404 840 temporalia
419 794 601 835 timentur,
623 794 683 839 qui
706 794 871 839 provenit
892 805 934 827 ex
955 793 1213 840 temporalium
1231 794 1412 827 bonorum
1436 804 1579 827 amore:
1601 793 1756 827 inditum

193 855 313 881 autem
333 855 384 881 est
405 847 596 892 unicuique
611 846 872 888 naturaliter,ut
893 847 1076 893 propriam
1098 847 1210 881 vitam
1233 855 1340 888 amet,
1354 853 1387 880 et
1402 858 1442 880 ea
1461 857 1552 892 quae
1575 846 1619 879 ad
1640 846 1755 892 ipsam

193 900 413 941 ordinantur,
430 911 512 934 cum
528 900 647 934 debito
671 900 801 941 modo3
824 908 861 933 ut
883 899 1020 934 scilicet
1043 908 1206 934 amentur
1226 899 1437 946 hujusmodi
1458 911 1532 933 non
1554 899 1656 946 quasi
1676 899 1756 934 finis

193 954 430 988 constituatur
444 954 480 986 in
498 953 559 995 eis,
575 954 635 987 sed
652 953 851 987 secundum
867 953 962 999 quod
978 954 1027 987 eis
1043 953 1217 987 utendum
1233 961 1285 987 est
1299 960 1444 999 propter
1454 952 1623 986 ultimum
1634 952 1756 996 finem3

193 1007 286 1041 unde
314 1007 409 1052 quod
437 1006 564 1052 aliquis
591 1006 734 1040 deficiat
755 1018 773 1039 a
796 1006 915 1040 debito
943 1007 1054 1040 modo
1083 1006 1216 1040 amoris
1243 1006 1416 1052 ipsorum,
1439 1014 1491 1040 est
1513 1014 1638 1039 contra
1659 1013 1757 1040 natu-

195 1060 309 1094 ralem
335 1060 621 1101 inclinationem,
649 1068 682 1094 et
708 1071 770 1105 per
796 1070 1021 1105 consequens
1049 1067 1102 1093 est
1128 1067 1335 1105 peccatum:
1358 1071 1559 1105 numquam
1587 1067 1710 1093 tamen
1738 1070 1757 1093 a

193 1113 255 1148 tali
278 1124 401 1147 amore
425 1113 552 1159 aliquis
574 1112 733 1147 totaliter
754 1113 903 1146 decidit:
927 1113 1009 1158 quia
1031 1112 1065 1146 id
1088 1113 1184 1158 quod
1208 1120 1261 1146 est
1281 1111 1455 1154 naturale,
1476 1112 1636 1147 totaliter
1657 1112 1757 1159 perdi

192 1177 266 1200 non
288 1174 422 1212 potest:
446 1174 590 1212 propter
617 1166 713 1212 quod
740 1165 937 1212 Apostolus
965 1166 1050 1199 dicit
1072 1167 1114 1199 ad
1138 1166 1227 1212 Eph.
1254 1176 1301 1210 5.:
1323 1166 1428 1200 Nemo
1451 1177 1596 1211 unquam
1624 1177 1756 1200 carnem

192 1232 285 1254 suam
303 1220 375 1253 odio
398 1220 526 1259 haban,-
547 1219 640 1253 unde
663 1219 773 1253 etiam
788 1218 839 1252 illi
862 1220 921 1264 qui
936 1219 1073 1265 seipsos
1088 1219 1310 1260 interimunt,
1326 1230 1367 1253 ex
1383 1230 1506 1252 amore
1530 1219 1646 1253 carnis
1668 1230 1755 1253 suae

193 1273 264 1307 hoc
286 1272 433 1313 faciunt,
451 1284 566 1319 ¹quam
587 1271 715 1306 volunt
731 1283 749 1305 a
764 1272 1008 1318 praesentibus
1032 1272 1204 1317 angustiis
1226 1271 1394 1315 liberare3
1424 1272 1518 1306 unde
1545 1272 1756 1317 contingere

193 1334 322 1372 potest,
345 1326 441 1372 quod
470 1326 597 1372 aliquis
619 1326 738 1359 minus
761 1337 869 1371 quam
892 1325 1030 1367 debeat,
1057 1327 1182 1359 timeat
1204 1333 1373 1367 mortem,
1397 1333 1431 1359 et
1453 1324 1522 1358 alia
1543 1324 1757 1370 temporalia

193 1380 301 1422 mala,
320 1388 464 1426 propter
481 1380 552 1413 hoc
573 1379 668 1425 quod
689 1379 806 1412 minus
826 1379 945 1413 debito
966 1386 1061 1412 amet
1081 1390 1141 1421 ea3
1160 1379 1222 1412 sed
1241 1378 1337 1424 quod
1355 1377 1445 1411 nihil
1462 1378 1595 1411 horum
1620 1378 1757 1420 timeat,

193 1445 267 1468 non
293 1441 410 1480 potest
436 1444 477 1466 ex
503 1432 607 1466 totali
628 1431 767 1466 defectu
797 1432 931 1465 amoris
963 1432 1186 1476 contingere,
1218 1431 1279 1465 sed
1310 1442 1352 1465 ex
1380 1442 1436 1472 eo,
1463 1431 1558 1476 quod
1581 1431 1757 1473 aestimat,

195 1486 289 1520 mala
307 1486 471 1532 opposita
489 1486 605 1527 bonis,
621 1496 711 1531 quae
732 1492 839 1526 amat,
859 1485 925 1518 sibi
944 1484 1172 1530 supervenire
1187 1495 1261 1518 non
1279 1495 1405 1530 posse3
1426 1484 1522 1529 quod
1542 1484 1757 1530 quandoque

196 1540 372 1585 contingit
394 1551 436 1573 ex
457 1539 622 1585 superbia
650 1538 760 1572 animi
789 1539 830 1572 de
857 1549 894 1572 se
921 1538 1195 1584 praesumentis,
1224 1545 1257 1571 et
1285 1536 1374 1571 alios
1402 1537 1685 1579 contemnentis;
1707 1547 1757 1571 se-

196 1593 354 1627 cundum
370 1593 465 1638 quod
481 1593 609 1626 dicitur
625 1592 691 1637 Job
714 1602 787 1634 41.:
811 1592 932 1626 Factus
952 1596 1004 1632 ast,
1029 1596 1062 1625 ut
1075 1591 1201 1625 nullum
1225 1592 1372 1625 timeret:
1392 1602 1485 1624 omne
1505 1590 1640 1624 sublime
1653 1590 1754 1625 videt:

195 1646 411 1692 quandoque
435 1654 554 1679 autem
578 1645 754 1690 contingit
776 1656 817 1679 ex
840 1644 981 1678 defectu
1004 1644 1170 1686 rationis;
1192 1644 1284 1678 sicut
1306 1643 1398 1678 Phil.
1422 1643 1507 1677 dicit
1527 1643 1563 1677 in
1589 1655 1616 1689 3.
1639 1643 1756 1677 Ethic.

198 1700 284 1746 (cap.
308 1699 356 1745 7.)
375 1699 470 1745 quod
494 1698 620 1732 Celtae
642 1706 786 1744 propter
809 1697 995 1732 stultitiam
1018 1696 1108 1730 nihil
1129 1697 1277 1731 timent:
1301 1697 1395 1731 unde
1421 1704 1528 1742 patet,
1556 1696 1652 1742 quod
1679 1707 1755 1730 esse

195 1753 419 1799 impavidum
442 1760 494 1786 est
515 1753 696 1793 vitiosum,
724 1753 797 1786 sive
821 1759 986 1785 causetur
1013 1762 1054 1784 ex
1082 1749 1222 1784 defectu
1250 1750 1396 1791 amoris,
1424 1749 1497 1784 sive
1525 1757 1689 1784 causetur
1715 1760 1757 1784 ex

195 1806 351 1840 elatione
375 1806 496 1847 animi,
523 1806 596 1839 sive
624 1813 788 1840 causetur
816 1816 857 1839 ex
884 1803 1103 1846 stoliditate3
1126 1815 1216 1850 quae
1239 1812 1361 1837 tamen
1384 1810 1531 1836 excusat
1553 1814 1572 1836 a
1592 1810 1757 1849 peccato,

196 1859 225 1893 si
246 1859 290 1893 sit
308 1858 532 1893 invincibilis.

267 1913 326 1946 AD
353 1923 501 1946 PRIMUM
524 1923 609 1957 ergo
633 1911 837 1952 dicendum,
860 1910 955 1956 quod
978 1912 1091 1956 justus
1115 1909 1392 1944 commendatur
1415 1921 1433 1942 a
1454 1909 1585 1943 timore
1608 1919 1682 1942 non
1704 1919 1756 1942 re-

196 1965 360 2000 trahente
380 1977 463 1999 eum
479 1977 497 1998 a
512 1965 620 2006 bono,
635 1976 708 1998 non
724 1964 820 2010 quod
835 1964 879 1998 sit
895 1964 1027 2009 absque
1044 1963 1145 1997 omni
1158 1963 1308 1997 timore:
1332 1962 1460 1996 dicitur
1475 1962 1572 1995 enim
1586 1961 1696 1995 Eccli.
1716 1972 1755 1995 1.:

199 2019 270 2063 Qui
293 2020 359 2052 sina
387 2019 502 2052 timore
529 2023 584 2060 cst,
606 2030 669 2052 non
686 2019 810 2064 poterit
827 2018 1018 2063 justificari.

270 2071 330 2105 AD
353 2082 558 2105 SECUNDUM
582 2071 788 2112 dicendum,
811 2070 907 2116 quod
930 2081 1042 2111 mors,
1059 2068 1117 2103 vel
1139 2068 1310 2115 quidquid
1333 2068 1428 2102 aliud
1445 2068 1486 2102 ab
1501 2068 1651 2102 homine
1666 2079 1759 2102 mor-

197 2123 260 2158 tali
281 2132 399 2170 potest
420 2123 553 2165 inferri,
575 2135 648 2157 non
673 2134 724 2157 est
747 2135 787 2157 ea
815 2124 953 2157 ratione
975 2122 1191 2164 timendum,
1213 2130 1251 2156 ut
1274 2133 1292 2155 a
1313 2122 1448 2167 justitia
1474 2121 1677 2156 recedatur:
1706 2128 1759 2155 est

197 2186 319 2212 tamen
341 2177 554 2218 timendum,
576 2177 789 2222 inquantum
813 2188 875 2222 per
895 2176 966 2210 hoc
989 2177 1104 2210 homo
1127 2184 1245 2222 potest
1265 2175 1432 2222 impediri
1447 2175 1488 2209 ab
1511 2175 1678 2221 operibus
1692 2174 1758 2208 vir-

197 2231 322 2272 tuosis,
344 2230 401 2264 vel
424 2238 596 2276 quantum
620 2230 661 2263 ad
685 2241 733 2271 se,
756 2229 813 2262 vel
836 2237 1010 2274 quantum
1034 2229 1076 2262 ad
1105 2228 1317 2274 perfectum,
1348 2240 1457 2274 quem
1485 2228 1521 2262 in
1549 2228 1626 2262 aliis
1655 2227 1758 2270 facit;

199 2284 293 2318 unde
315 2284 443 2317 dicitur
465 2283 635 2317 Proverb.
663 2293 725 2324 143
749 2283 884 2329 Sapiens
906 2284 1007 2324 timet,
1035 2287 1062 2316 ut
1085 2282 1224 2316 declinat
1250 2293 1269 2315 cz
1290 2282 1387 2316 malo.

270 2337 329 2371 AD
357 2347 526 2371 TERTmM
550 2337 754 2377 dicendum,
777 2335 872 2381 quod
894 2335 990 2368 bona
1012 2334 1227 2380 temporalia
1250 2335 1380 2369 debent
1402 2334 1596 2375 contemni,
1610 2334 1758 2379 inquan-

198 2399 275 2425 tum
301 2401 367 2424 nos
389 2390 588 2436 impediunt
611 2389 651 2422 ab
676 2400 811 2429 amore,
835 2396 869 2422 et
889 2388 1019 2422 timore
1042 2388 1132 2430 Dei;
1165 2396 1199 2422 et
1232 2388 1431 2422 secundum
1458 2388 1528 2421 hoc
1552 2387 1660 2421 etiarn
1682 2397 1756 2420 non

199 2444 329 2478 debent
354 2443 495 2485 timeri;
523 2442 614 2477 unde
637 2442 764 2475 dicitur
786 2441 895 2475 Eccli.
922 2451 997 2486 34:
1029 2442 1099 2485 Qui
1121 2442 1212 2475 limat
1233 2442 1433 2482 Dominum,
1452 2441 1537 2474 nihil
1558 2439 1755 2486 trepidabit:

199 2508 272 2531 non
299 2504 419 2530 autem
450 2497 579 2530 debent
608 2496 792 2529 contemni
820 2495 914 2527 bona
936 2493 1164 2539 temporalia,
1191 2494 1404 2540 inquantum
1434 2492 1758 2528 instrumentaliter

197 2562 264 2585 nos
284 2551 408 2596 juvant
429 2550 472 2584 ad
495 2561 547 2592 ea,
569 2560 660 2596 quae
682 2556 764 2583 sunt
785 2547 894 2581 divini
915 2547 1067 2589 timoris,
1091 2555 1125 2581 et
1147 2547 1294 2582 amoris.
