1859 3122
550 164 771 200 QUAESTIO
806 165 861 195 CI.
897 165 1140 195 ARTICULUS
1174 165 1229 195 IV.
1586 166 1666 209 723

109 259 194 282 vero
217 247 292 282 sine
315 258 359 282 eo
382 254 547 293 parentes
568 247 680 281 vitam
702 247 899 293 transigere
921 255 1078 294 possent,
1101 247 1240 282 licitum
1263 255 1357 282 esset
1378 247 1422 290 ei,
1445 247 1593 282 desertis
1615 259 1672 293 pa-

109 301 266 335 rentibus
296 300 510 346 religionem
542 301 690 342 intrare3
720 302 803 347 quia
829 301 892 335 filii
918 312 992 335 non
1019 309 1185 335 tenentur
1219 302 1262 335 ad
1290 301 1589 336 sustentationem
1615 312 1671 347 pa-

108 363 250 389 rentum
272 354 340 388 nisi
362 365 469 388 causa
493 355 728 396 necessitatis,
750 363 788 388 ut
810 355 946 388 dictum
966 363 1019 388 est
1037 356 1089 399 (in
1105 362 1194 401 corp.
1218 356 1321 400 art.):
1341 354 1401 389 ille
1414 366 1500 389 vero
1520 355 1580 401 qui
1597 355 1670 400 jam

107 408 208 442 estin
224 408 399 453 religione
422 407 615 453 professus,
638 416 821 454 reputatur
842 410 914 453 jam
929 408 1030 454 quasi
1046 416 1209 442 mortuus
1232 409 1388 451 mundo;
1412 409 1505 442 unde
1525 420 1599 443 non
1615 408 1672 442 de-

107 462 176 503 bet,
199 462 393 495 occasione
416 462 686 495 sustentationis
702 470 903 508 parentum,
926 463 1021 495 exire
1044 461 1254 503 claustrum,
1275 462 1311 495 in
1330 474 1402 508 quo
1426 462 1573 496 Christo
1589 473 1671 496 con-

107 514 289 560 sepelitur,
313 523 346 548 et
369 526 405 548 se
428 515 557 548 iterum
580 515 824 549 saecularibus
845 515 1000 559 negotiis
1022 514 1225 561 implicare:
1249 524 1390 550 tenetur
1410 524 1544 557 tamen,
1571 515 1671 549 salva

106 568 160 602 sui
181 567 330 614 praelati
353 568 569 610 obedientia,
592 577 627 602 et
648 580 733 602 suae
755 568 941 614 religionis
963 576 1068 608 statu,
1091 568 1192 614 pium
1214 569 1371 603 studium
1387 569 1570 611 adhibere,
1588 580 1670 614 qua-

106 620 185 655 liter
207 622 282 667 ejus
303 622 508 668 parentibus
530 622 771 656 subveniatur.

629 870 984 932 QUAESTIO
1027 870 1126 918 cn.

236 994 300 1025 DE
328 994 659 1025 OBSERVANTIA
685 994 945 1025 SECUNDUM
972 994 1040 1030 SE,
1070 995 1130 1026 ET
1154 994 1383 1026 PARTIBUS
1410 995 1532 1036 EJUS,

531 1065 583 1095 IN
608 1065 724 1096 TRES
751 1065 1013 1097 ARTICULOS
1041 1066 1216 1097 DIVISA.

173 1204 315 1239 Deinde
338 1205 642 1239 considerandum
665 1213 718 1239 est
738 1205 781 1240 de
804 1206 1046 1248 observantia,
1074 1214 1109 1241 et
1134 1207 1294 1253 partibus
1316 1208 1403 1254 ejus,
1426 1219 1488 1254 per
1511 1219 1601 1254 quae
1623 1208 1667 1243 de

103 1258 276 1305 oppositis
297 1258 392 1292 vitiis
415 1259 481 1293 erit
502 1258 745 1294 manifestum.

471 1348 574 1383 Circa
595 1350 840 1384 observantiam
862 1354 970 1384 autem
992 1355 1200 1396 quaeruntur
1219 1352 1297 1386 tria.

171 1420 307 1454 Primo.
331 1420 463 1454 Utrum
485 1420 713 1454 observantia
735 1422 779 1455 sit
800 1420 965 1467 specialis
986 1421 1098 1455 virtus
1120 1422 1162 1456 ab
1186 1421 1263 1456 aliis
1286 1421 1462 1456 distincta.

174 1474 356 1508 Secundo.
382 1473 480 1514 Quid
503 1474 731 1508 observantia
753 1474 931 1509 exhibeat.

174 1526 313 1562 Tertio.
335 1527 392 1562 De
416 1527 690 1573 comparatione
713 1529 788 1573 ejus
810 1528 854 1561 ad
880 1529 1065 1574 pietatem.

683 1668 1030 1714 ARTICULUS
1066 1670 1100 1713 I.
1600 1696 1664 1732 539

119 1777 272 1807 UTRUM
299 1777 601 1807 OBSERVANTIA
629 1777 697 1807 SIT
725 1778 942 1807 SPECIALIS
978 1778 1134 1808 VIRTUS
1163 1779 1215 1807 AB
1249 1779 1358 1808 ALIIS
1393 1780 1647 1811 DISTINCTA.

473 1865 588 1911 (Schr.
610 1877 640 1911 q.
667 1866 723 1901 8ο.
745 1870 774 1900 et
794 1865 874 1911 infr.
897 1878 928 1911 q.
948 1878 1016 1912 103.
1043 1871 1108 1901 art.
1127 1878 1156 1912 3.
1178 1867 1298 1912 corp).

170 1953 230 1988 AD
251 1964 401 1988 PRIMUM
423 1954 473 1988 sic
496 1954 712 1999 proceditur.
743 1954 905 1997 Videtur,
936 1955 1033 2001 quod
1061 1955 1290 1990 observantia
1323 1968 1397 1991 non
1428 1957 1472 1991 sit
1498 1958 1664 2004 specialis

99 2008 210 2041 virtus
232 2007 274 2041 ab
298 2007 376 2041 aliis
398 2007 583 2042 distincta:
605 2008 753 2042 virtutes
781 2008 877 2042 enim
897 2008 1164 2054 distinguuntur
1185 2010 1386 2044 secundum
1414 2011 1575 2055 obiecta:
1602 2013 1664 2046 sed

100 2061 283 2106 objectum
306 2060 555 2094 observantiae
576 2072 651 2094 non
673 2061 902 2106 distinguitur
917 2062 958 2095 ab
976 2062 1118 2107 objecto
1134 2063 1294 2108 pietatis:
1311 2063 1396 2098 dicit
1408 2065 1505 2098 enim
1521 2064 1663 2099 Tullius

98 2114 135 2148 in
157 2125 221 2147 sua
242 2113 348 2147 Rhet.
370 2114 444 2158 (lib.
466 2125 497 2148 2.
520 2113 556 2148 de
578 2114 726 2159 Invent.)
758 2115 854 2160 quod
880 2127 898 2146 ι(
920 2115 1148 2150 observantia
1179 2125 1242 2158 est,
1272 2128 1336 2163 per
1357 2129 1466 2164 quam
1493 2118 1663 2153 homines

100 2167 219 2213 aliqua
242 2167 414 2212 dignitate
437 2168 688 2202 antecedentes
711 2168 870 2214 quodam
893 2168 1003 2210 cultu,
1027 2177 1061 2203 et
1084 2169 1225 2204 honore
1248 2171 1440 2216 dignantur
1458 2183 1496 2204 »ε
1516 2172 1577 2205 sed
1593 2171 1664 2205 cul—

98 2229 189 2262 tum,
211 2228 246 2254 et
266 2221 446 2254 honorem
469 2221 577 2254 etiam
598 2221 712 2266 pietas
735 2222 879 2256 exhibet
899 2222 1116 2268 parentibus,
1139 2223 1200 2269 qui
1227 2223 1401 2270 dignitate
1428 2225 1661 2267 antecedunt;

100 2285 186 2320 ergo
209 2273 438 2307 observantia
458 2285 533 2307 non
555 2282 608 2308 est
628 2276 738 2308 virtus
761 2274 927 2309 distincta
954 2287 972 2308 a
996 2276 1139 2320 pietate.

170 2337 200 2360 2.
223 2327 460 2361 PRAETEREA.
484 2326 584 2361 Sicut
604 2327 814 2362 hominibus
835 2328 872 2362 in
895 2329 1068 2374 dignitate
1091 2330 1294 2364 constitutis
1317 2330 1465 2364 debetur
1483 2331 1603 2365 honor
1626 2339 1660 2365 et

99 2380 225 2422 cultus,
248 2380 296 2414 ita
318 2380 428 2414 etiam
450 2380 500 2414 eis
521 2382 581 2426 qui
600 2380 780 2415 excellunt
800 2381 951 2416 scientia
970 2390 1004 2417 et
1024 2383 1174 2417 virtute:
1195 2384 1256 2417 sed
1278 2395 1352 2417 non
1375 2391 1426 2418 est
1449 2384 1568 2430 aliqua
1587 2396 1661 2430 spe-

99 2434 198 2469 cialis
219 2434 342 2475 virtus,
364 2445 426 2478 per
447 2445 557 2479 quam
574 2434 755 2468 honorem
777 2443 811 2469 et
832 2434 970 2469 cultum
989 2436 1221 2470 exhibeamus
1239 2437 1460 2478 hominibus,
1476 2438 1535 2483 qui
1551 2438 1662 2471 scien-

96 2488 179 2530 tiae,
193 2487 252 2522 vel
261 2487 400 2521 virtutis
411 2486 661 2521 excellentiam
671 2488 823 2531 habent;
839 2500 926 2534 ergo
942 2489 1052 2523 etiam
1067 2490 1305 2532 observantia,
1321 2501 1383 2536 per
1398 2501 1507 2535 quam
1523 2490 1660 2524 cultum

98 2549 133 2575 et
152 2541 333 2575 honorem
356 2540 567 2575 exhibemus
587 2540 655 2583 his,
678 2541 738 2587 qui
759 2553 826 2575 nos
844 2542 880 2575 in
899 2542 1071 2588 dignitate
1091 2544 1318 2585 antecedunt,
1333 2554 1407 2577 non
1425 2551 1477 2578 est
1495 2543 1660 2589 specialis

96 2595 207 2628 virtus
230 2594 272 2628 ab
292 2594 370 2628 aliis
392 2593 569 2627 distincta.

173 2658 202 2691 3.
225 2647 461 2682 PRAETfiaffl.
482 2647 698 2681 Hominibus
720 2648 756 2681 in
779 2648 951 2693 dignitate
971 2649 1154 2683 constituti
1174 2649 1286 2682 multa
1306 2649 1489 2691 debentur,
1505 2649 1548 2683 ad
1568 2661 1659 2695 quae

97 2700 270 2735 solvenda
291 2700 348 2734 lex
370 2701 479 2746 cogit,
501 2700 700 2734 secundum
720 2700 808 2735 illud
831 2702 874 2736 ad
897 2702 1004 2736 Rom.
1032 2713 1101 2748 13.:
1126 2702 1257 2738 Reddite
1284 2703 1435 2736 omnibns
1460 2702 1579 2745 debita,
1604 2705 1657 2737 cui

98 2755 270 2795 tributum,
294 2755 467 2795 tributum,
492 2761 578 2787 etc.:
602 2765 644 2787 ea
663 2765 762 2797 vero,
786 2754 829 2788 ad
848 2767 939 2801 quae
962 2766 1024 2801 per
1045 2755 1164 2801 legem
1192 2755 1457 2800 compellimur,
1480 2756 1658 2800 pertinent

99 2807 143 2840 ad
159 2807 331 2852 justitiam
349 2806 518 2852 legalem,
537 2817 599 2840 seu
618 2807 726 2840 etiam
745 2807 789 2841 ad
807 2808 980 2852 justitiam
997 2808 1211 2854 specialem3
1232 2819 1319 2854 ergo
1338 2808 1565 2843 observantia
1582 2821 1656 2843 non

99 2867 151 2894 est
171 2871 234 2906 per
255 2871 292 2894 se
315 2859 479 2905 specialis
506 2860 618 2894 virtus
641 2861 682 2894 ab
707 2860 784 2894 aliis
807 2861 984 2895 distincta.
