1859 3122
486 170 706 206 QUAESTIO
743 168 920 199 CXLVIII.
954 168 1198 198 ARTICULUS
1234 168 1259 198 Ι.
1568 168 1650 210 959

674 337 1019 383 ARTICULUS
1055 337 1087 379 Ι.
1585 356 1652 391 714

474 446 654 475 UTRUM
688 446 822 475 GULA
856 445 935 475 SIT
967 444 1260 474 PECCATUM.

615 534 717 578 (Mal.
738 546 767 579 q.
790 545 840 577 14.
860 538 923 567 art.
942 546 969 568 I.
986 545 1016 567 2.
1032 537 1059 567 et
1074 534 1131 578 3.).

166 624 225 658 AD
253 634 401 658 PRIMUM
433 623 482 657 sic
518 622 734 668 proceditur.
761 621 924 663 Videtur,
946 621 1042 667 quod
1065 621 1148 666 gula
1174 631 1247 654 non
1270 620 1314 654 sit
1335 626 1542 665 peccatum:
1571 619 1657 652 dicit

96 678 192 712 enim
215 678 409 718 Dominus,
434 676 562 710 Matth.
591 687 664 720 15.:
690 676 787 720 Quod
810 678 914 710 intrat
941 676 973 709 in
1000 687 1043 716 ος,
1070 686 1133 708 non
1160 675 1351 719 coinquinat
1377 673 1566 706 hominem:
1594 671 1656 705 sed

93 731 178 777 gula
200 740 253 766 est
275 732 368 765 circa
400 730 510 772 cibos,
533 730 593 776 qui
614 730 746 763 intrant
783 729 818 763 in
848 729 1057 771 hominem3
1086 739 1168 762 cum
1200 739 1286 773 ergo
1322 737 1431 761 omne
1465 734 1656 772 peccatum

94 785 305 831 coinquinet
326 784 528 824 hominem,
547 783 688 817 videtur
714 783 811 828 quod
833 782 917 828 gula
938 793 1012 815 non
1034 782 1077 815 sit
1098 789 1299 826 peccatum.

164 848 194 872 2.
218 838 454 872 PRAETEREA.
488 836 618 871 Nullus
645 844 772 882 peccat
792 836 828 869 in
851 847 906 877 eo,
937 835 1033 880 quod
1059 834 1172 868 vitare
1206 845 1280 868 non
1300 841 1429 879 potest,
1441 840 1479 866 ut
1500 833 1654 877 August.

93 891 178 926 dicit
217 891 290 934 (lib.
324 891 359 925 du
390 891 515 925 Natus.
537 895 564 924 cl
589 890 685 924 Grat.
709 895 780 935 cap.
809 888 903 934 67.).·
931 888 992 922 sed
1027 887 1111 933 gula
1134 887 1298 921 consistit
1318 887 1354 920 in
1376 885 1657 920 immoderantia

94 944 174 986 cibi,
201 955 309 990 quam
331 954 405 977 non
433 951 550 989 potest
563 943 677 976 homo
701 943 829 975 vitare:
846 941 931 975 dicit
953 941 1048 974 enim
1067 940 1217 985 Gregor.
1240 951 1291 985 30.
1313 939 1440 973 Moral.
1461 940 1549 985 (cap.
1571 939 1656 983 14.)-

95 1009 113 1029 «
131 996 228 1038 Quia
250 1008 312 1042 per
334 1008 436 1030 esum
451 996 618 1042 voluptas
636 995 842 1029 necessitati
863 994 1044 1035 miscetur,
1067 993 1152 1039 quid
1173 993 1368 1027 necessitas
1394 1000 1501 1038 petat,
1521 1000 1555 1026 et
1573 992 1657 1038 quid

92 1050 257 1096 voluptas
280 1058 456 1095 suppetat,
490 1050 677 1094 ignoratur
699 1061 738 1082 »z
774 1056 808 1081 et
834 1047 987 1092 August.
1016 1046 1101 1080 dicit
1134 1046 1170 1079 in
1196 1056 1247 1080 10.
1271 1045 1437 1080 Confess.
1460 1046 1549 1091 (cap.
1568 1045 1656 1091 31.):

95 1115 114 1135 «
130 1103 222 1144 Quis
245 1112 308 1144 est,
342 1103 513 1143 Domine,
549 1102 610 1147 qui
643 1099 907 1146 aliquantulum
934 1108 1032 1134 extra
1058 1107 1173 1134 metas
1194 1099 1418 1133 necessitatis
1441 1099 1561 1132 cibum
1583 1109 1658 1132 non

93 1157 226 1192 sumit?
249 1169 289 1198 »ς
321 1167 407 1201 ergo
431 1155 514 1201 gula
535 1166 609 1188 non
636 1162 689 1189 est
710 1162 913 1200 peccatum.

167 1221 195 1255 3.
218 1209 454 1244 PRAETEREA.
480 1208 521 1241 In
548 1207 708 1253 quolibet
739 1218 870 1253 genere
892 1206 1033 1253 peccati
1060 1206 1196 1251 primus
1223 1213 1343 1239 motus
1366 1213 1419 1239 est
1439 1213 1653 1251 peccatum:

92 1263 154 1298 sed
175 1263 312 1308 primus
327 1270 447 1296 motus
466 1261 632 1295 sumendi
652 1261 773 1294 cibum
794 1271 868 1294 non
892 1268 944 1294 est
965 1267 1176 1304 peccatum3
1193 1258 1354 1305 alioquin
1375 1257 1502 1300 fames,
1525 1266 1559 1292 et
1580 1258 1656 1292 sitis

94 1323 214 1350 essent
234 1323 401 1362 peccata3
421 1326 507 1360 ergo
528 1314 611 1360 gula
629 1325 703 1348 non
723 1321 774 1347 est
792 1321 994 1359 peccatum.

167 1369 241 1404 SED
264 1380 420 1404 CONTRA
455 1377 517 1411 est,
541 1368 638 1414 quod
671 1368 824 1413 Gregor.
863 1378 914 1413 30.
949 1366 1078 1401 Moral.
1106 1367 1196 1413 (cap.
1222 1367 1284 1413 13.)
1313 1366 1410 1408 dicit,
1433 1366 1530 1412 quod
1569 1378 1586 1397 «
1614 1365 1659 1399 ad

96 1422 306 1457 conflictum
322 1422 514 1468 spiritualis
530 1421 656 1467 agonis
671 1433 745 1455 non
762 1421 970 1466 assurgitur,
981 1420 1048 1454 nisi
1062 1420 1158 1466 prius
1172 1420 1265 1454 intra
1283 1419 1527 1464 nosmetipsos
1546 1419 1660 1452 hostis

96 1477 246 1523 positus,
274 1476 380 1522 gulae
406 1475 576 1509 videlicet
603 1475 790 1521 appetitus,
811 1475 1001 1508 edomatur
1023 1486 1063 1508 »z
1099 1474 1161 1508 sed
1189 1473 1338 1507 interior
1360 1473 1474 1507 hostis
1500 1472 1660 1506 hominis

96 1538 151 1565 est
167 1538 377 1576 peccatum3
397 1541 483 1575 ergo
506 1528 590 1574 gula
612 1537 665 1563 est
686 1536 887 1574 peccatum.

166 1583 394 1618 RESPONDEO
433 1582 638 1623 dicendum,
673 1581 769 1627 quod
807 1581 891 1627 gula
924 1591 999 1614 non
1032 1581 1198 1614 nominat
1231 1579 1429 1626 quemlibet
1461 1579 1660 1626 appetitum

96 1637 235 1678 edendi,
255 1645 290 1670 et
309 1636 464 1677 bibendi,
487 1636 549 1669 sed
576 1636 839 1669 inordinatum:
867 1634 996 1668 dicitur
1023 1642 1144 1668 autem
1172 1634 1348 1680 appetitus
1371 1634 1596 1668 inordinatus
1619 1645 1661 1667 ex

96 1701 152 1732 eo,
179 1690 276 1736 quod
298 1689 434 1723 recedit
455 1689 497 1722 ab
521 1689 647 1722 ordine
669 1688 828 1729 rationis,
843 1688 879 1721 in
902 1699 973 1733 quo
996 1688 1133 1721 bonum
1154 1687 1293 1721 virtutis
1315 1686 1462 1720 moralis
1482 1687 1660 1722 consistit:

95 1754 138 1777 ex
158 1743 230 1777 hoc
253 1751 375 1777 autem
396 1742 524 1776 dicitur
546 1741 679 1787 aliquid
702 1752 780 1775 esse
802 1749 1004 1786 peccatum,
1031 1741 1128 1787 quod
1146 1740 1268 1774 virtuti
1289 1740 1545 1782 contrariatur3
1567 1740 1662 1774 unde

97 1795 329 1831 manifestum
352 1804 414 1838 est,
438 1796 534 1841 quod
561 1794 644 1841 gula
667 1804 720 1829 est
738 1803 940 1841 peccatum.

167 1850 227 1884 AD
246 1860 395 1884 PRIMUM
424 1860 510 1894 ergo
533 1848 740 1890 dicendum,
771 1847 867 1894 quod
893 1847 928 1880 id
960 1847 1056 1893 quod
1084 1847 1191 1881 intrat
1219 1847 1255 1880 in
1289 1847 1481 1880 hominem
1503 1858 1566 1892 per
1587 1857 1664 1880 mo-

97 1903 183 1937 dum
206 1903 287 1944 cibi,
309 1902 508 1936 secundum
523 1913 626 1935 suam
640 1901 890 1942 substantiam,
903 1908 937 1934 et
951 1908 1129 1941 naturam,
1145 1911 1220 1933 non
1240 1900 1450 1945 coinquinat
1471 1900 1663 1934 hominem

95 1955 342 2002 spiritualiter:
366 1955 428 1989 sed
451 1955 588 2000 Judaei,
611 1962 736 1988 contra
760 1965 851 2000 quos
873 1954 1055 1988 Dominus
1086 1952 1256 1999 loquitur,
1284 1961 1318 1987 et
1351 1953 1559 1987 Manichaei
1585 1953 1660 1999 opi-

97 2009 285 2050 nabantur,
313 2009 409 2055 quod
437 2008 546 2054 aliqui
579 2008 649 2041 cibi
680 2007 891 2041 immundos
922 2006 1094 2048 facerent,
1121 2018 1196 2041 non
1229 2015 1376 2053 propter
1401 2007 1566 2052 figuram,
1600 2007 1662 2041 sed

94 2070 240 2108 propter
264 2062 447 2108 propriam
468 2070 654 2095 naturam:
680 2061 886 2095 inordinata
913 2069 1036 2094 autern
1057 2060 1222 2094 ciborum
1244 2061 1539 2106 concupiscentia
1561 2061 1659 2106 spiri-

95 2115 239 2150 tualiter
258 2115 450 2149 hominem
472 2115 692 2160 coinquinat.

170 2169 230 2202 AD
258 2179 465 2203 SECUNDUM
498 2168 704 2209 dicendum,
732 2167 840 2213 quod,
863 2167 955 2202 sicut
981 2167 1118 2201 dictum
1145 2175 1198 2202 est
1221 2168 1270 2212 (in
1297 2174 1387 2213 corp.
1414 2168 1505 2211 art),
1533 2168 1661 2202 vitium

100 2221 206 2268 gulae
227 2233 302 2256 non
324 2222 488 2256 consistit
508 2222 544 2255 in
565 2221 762 2255 substantia
781 2221 862 2263 cibi,
881 2221 943 2255 sed
964 2221 1001 2254 in
1024 2221 1318 2267 concupiscentia
1339 2233 1413 2255 non
1428 2221 1590 2267 regulata
1612 2233 1663 2255 ra-

96 2277 214 2310 tione:
236 2283 270 2309 et
290 2275 372 2309 ideo
395 2275 425 2308 si
446 2274 574 2320 aliquis
598 2274 747 2308 excedat
767 2275 803 2308 in
826 2276 1023 2320 quantitate
1043 2275 1123 2316 cibi,
1139 2286 1214 2309 non
1232 2283 1379 2321 propter
1405 2275 1662 2320 concupiscen-

97 2329 186 2363 tiam
211 2329 289 2369 cibi,
305 2328 367 2362 sed
390 2328 584 2361 aestimans
606 2327 641 2360 id
661 2327 727 2361 sibi
744 2328 990 2362 necessarium
1005 2339 1180 2369 esse,non
1202 2328 1355 2374 pertinet
1375 2328 1446 2361 hoc
1467 2329 1510 2361 ad
1525 2327 1662 2373 gulam,

97 2382 194 2428 quod
229 2381 356 2427 aliquis
394 2389 539 2426 propter
579 2381 914 2427 concupiscentiam
953 2381 1023 2415 cibi
1056 2381 1278 2416 delectabilis
1322 2381 1475 2415 scienter
1513 2382 1662 2416 excedat

97 2447 307 2470 mensuram
337 2435 373 2468 in
392 2434 545 2468 edendo.

171 2489 231 2522 AD
255 2498 426 2522 TERTIUM
453 2487 658 2528 dicendum,
681 2486 776 2532 quod
795 2487 912 2534 duplex
926 2495 978 2522 est
993 2487 1184 2533 appetitus:
1200 2499 1283 2521 unus
1305 2487 1451 2532 quidem
1477 2486 1661 2530 naturalis,

99 2542 160 2587 qui
180 2541 333 2587 pertinet
360 2541 402 2574 ad
429 2540 521 2574 vires
549 2540 691 2574 animae
705 2540 926 2586 vegetabilis,
945 2541 981 2574 in
1007 2540 1134 2586 quibus
1152 2551 1226 2574 non
1249 2548 1368 2585 potest
1394 2551 1471 2574 esse
1485 2541 1609 2583 virtus,
1625 2549 1659 2575 et

98 2595 238 2636 vitium,
261 2606 304 2628 eo
327 2594 423 2640 quod
445 2605 519 2627 non
541 2601 691 2639 possunt
711 2594 839 2639 subjici
859 2594 1010 2636 rationi3
1033 2593 1126 2627 unde
1150 2601 1184 2627 et
1204 2593 1257 2626 vis
1279 2595 1461 2639 appetitiva
1488 2594 1658 2628 dividitur

99 2656 224 2682 contra
246 2649 453 2688 retentivam,
482 2646 685 2692 digestivum,
707 2654 740 2680 et
767 2647 987 2693 expulsivam,
1011 2654 1046 2680 et
1067 2646 1111 2680 ad
1132 2645 1243 2679 talem
1263 2647 1460 2692 appetitum
1482 2647 1662 2693 pertinent

100 2701 245 2743 esuries,
268 2709 303 2735 et
323 2701 417 2735 sitis:
442 2708 494 2734 est
512 2708 634 2733 autem
649 2707 684 2733 et
705 2699 795 2734 alius
817 2700 995 2746 appetitus
1017 2699 1218 2741 sensitivus,
1238 2700 1272 2733 in
1289 2701 1389 2745 cujus
1405 2701 1660 2746 concupiscen-

98 2754 148 2788 tia
165 2754 293 2788 vitium
314 2753 419 2800 gulae
439 2753 620 2794 consistit;
636 2753 730 2786 unde
744 2753 880 2799 primus
895 2761 1016 2787 motus
1031 2752 1138 2798 gulae
1161 2753 1331 2798 importat
1351 2753 1659 2788 inordinationem

98 2808 136 2842 in
158 2807 315 2854 appetitu
337 2807 522 2848 sensitivo,
550 2817 641 2852 quae
667 2817 742 2840 non
764 2814 817 2840 est
842 2806 919 2840 sine
940 2814 1103 2852 peccato.
