1859 3122
255 228 363 258 1112
656 225 876 261 QUAESTIO
911 225 1073 255 CLXXII.
1107 225 1351 256 ARTICULUS
1385 227 1413 256 Ι.

320 307 458 342 Tertio.
481 307 613 342 Utrum
636 306 679 340 ad
701 306 930 352 prophetiam
951 306 1152 352 requiratur
1173 306 1361 353 dispositio
1382 307 1566 343 naturalis.

322 361 475 402 Quarto.
498 361 629 394 Utrum
652 360 851 406 requiratur
872 360 1014 394 bonitas
1037 371 1193 395 morum.

322 414 473 455 Quinto.
497 413 627 448 Utrum
650 413 694 447 sit
716 413 835 459 aliqua
856 413 1046 459 prophetia
1068 425 1088 447 a
1110 413 1360 448 daemonibus.

321 468 443 502 Sexto.
466 467 598 501 Utrum
621 467 818 513 prophetae
840 467 1062 501 daemonum
1077 466 1271 513 aliquando
1294 467 1414 502 dicant
1434 479 1573 503 verum.

826 607 1170 652 ARTICULUS
1205 609 1238 651 Ι.
1334 618 1337 619 ’
1742 621 1811 656 818

516 717 668 747 UTRUM
700 718 948 747 PROPHETIA
980 718 1131 748 POSSIT
1164 719 1264 748 ESSE
1290 718 1550 748 NATURALIS.

649 806 752 852 (Insr.
772 811 876 852 arl.3.
891 811 920 840 ct
947 807 1034 840 Vari.
1054 818 1083 852 q.
1106 818 1155 841 12.
1178 811 1239 841 art.
1255 818 1283 853 3.
1310 806 1414 851 αφ).

319 894 379 928 AD
401 904 550 928 PRIMUM
572 894 621 928 sic
636 895 855 940 proceditur.
878 894 1040 935 Videtur,
1056 896 1151 941 quod
1175 895 1364 941 prophetia
1385 894 1498 940 possit
1520 905 1597 929 esse
1618 893 1810 929 naturalis:

247 947 333 982 dicit
347 947 443 981 enim
467 947 576 992 Greg.
600 948 635 981 in
657 958 689 990 4.
712 948 955 994 Dialogorum
973 949 1060 995 (cap.
1080 949 1135 983 26.
1155 950 1189 982 in
1211 949 1352 996 princ),
1376 949 1472 994 quod
1494 961 1511 979 «
1526 948 1603 994 ipsa
1617 947 1811 994 aliquando

248 1001 452 1034 animarum
474 1001 526 1034 vis
548 1012 611 1034 sua
633 1001 827 1036 subtilitate
850 1002 982 1048 aliquid
1005 1002 1189 1048 praevidet
1204 1014 1246 1044 »3
1274 1010 1307 1036 et
1332 1002 1427 1048 Aug.
1451 1002 1536 1035 dicit
1561 1002 1597 1035 in
1627 1011 1678 1035 12.
1704 1012 1813 1047 super

251 1053 341 1088 Gen.
374 1054 417 1087 ad
439 1053 488 1087 lit.
511 1055 598 1100 (rap.
619 1055 677 1100 13.)
702 1055 798 1100 quod
829 1068 847 1086 α
875 1055 1017 1089 animae
1040 1055 1233 1096 humanae,
1261 1056 1460 1089 secundum
1483 1054 1579 1100 quod
1609 1066 1629 1088 a
1651 1054 1812 1088 sensibus

249 1109 411 1152 corporis
444 1107 672 1149 abstrahitur,
695 1109 869 1154 competit
898 1108 1016 1142 futura
1043 1108 1251 1154 praevidere
1278 1120 1318 1142 »t
1340 1109 1411 1142 hoc
1443 1116 1564 1142 autem
1589 1107 1743 1154 pertinet
1768 1107 1812 1142 ad

247 1160 497 1206 prophetiam3
521 1172 608 1206 ergo
631 1161 752 1194 anima
774 1161 982 1195 naturaliter
1003 1169 1121 1208 potest
1143 1162 1283 1208 assequi
1304 1161 1545 1208 prophetiam.

320 1224 351 1248 2.
366 1214 601 1248 PRAETEREA.
619 1215 793 1260 Cognitio
817 1215 959 1249 animae
978 1215 1160 1250 humanae
1175 1216 1291 1261 magis
1312 1216 1410 1261 viget
1427 1215 1462 1249 in
1484 1214 1681 1261 vigilando,
1703 1226 1813 1261 quarn

247 1267 284 1300 in
313 1267 548 1302 dormiendo:
579 1268 640 1302 sed
668 1269 702 1301 in
737 1268 952 1302 dormiendo
975 1268 1122 1314 quidam
1156 1268 1366 1302 naturaliter
1395 1268 1607 1315 praevident
1635 1268 1814 1314 quaedam

248 1321 378 1363 futura,
400 1329 437 1354 ut
455 1329 553 1367 patet
574 1333 636 1367 per
658 1321 794 1356 Philos.
817 1322 853 1355 in
876 1322 934 1356 lib.
958 1323 1000 1356 de
1024 1322 1151 1356 Somn.
1175 1330 1208 1356 et
1235 1322 1316 1368 Vig.
1341 1322 1409 1366 (seu
1436 1322 1491 1356 lib.
1514 1321 1551 1356 de
1575 1322 1732 1356 Divinat.
1752 1328 1815 1368 per

249 1386 352 1408 somn.
375 1376 431 1420 qui
454 1375 502 1408 illi·
523 1377 721 1418 annectitur,
745 1382 814 1422 cap.
848 1378 893 1421 2.)
908 1388 920 1416 ‚·
944 1387 1031 1421 ergo
1054 1375 1169 1410 multo
1192 1376 1308 1421 magis
1329 1383 1448 1421 potest
1469 1375 1583 1409 homo
1605 1374 1814 1409 naturaliter

247 1427 364 1462 futura
386 1440 710 1474 praecognoscere.

324 1493 352 1528 3.
375 1481 612 1516 PRAETEREA.
636 1483 759 1518 Homo
782 1483 981 1517 secundum
1003 1495 1107 1517 suam
1127 1491 1294 1517 naturam
1317 1492 1370 1517 est
1390 1482 1581 1529 perfectior
1597 1483 1813 1518 animalibus

250 1535 379 1569 brutis:
403 1535 464 1569 sed
487 1536 664 1581 quaedam
689 1535 859 1570 animalia
885 1537 987 1570 bruta
1014 1537 1149 1571 habent
1175 1537 1512 1583 praecognitionem
1537 1536 1742 1571 futurorum
1768 1537 1813 1571 ad
1855 1549 1859 1584 γς

250 1599 287 1622 se
310 1589 582 1635 pertinentium:
606 1589 698 1623 sicut
719 1589 894 1624 formicae
921 1598 1237 1636 praecognoscunt
1263 1590 1401 1635 pluvias
1422 1589 1577 1633 futuras3
1599 1590 1695 1636 quod
1717 1597 1814 1636 patet
1855 1594 1856 1621 1

1854 1631 1856 1644 l

251 1653 293 1676 ex
315 1642 385 1676 hoc
406 1643 502 1688 quod
522 1650 603 1676 ante
625 1642 785 1688 pluviam
808 1644 984 1689 incipiunt
1005 1655 1116 1689 grana
1137 1644 1173 1677 in
1195 1644 1359 1677 foramen
1381 1655 1575 1689 reponere3
1597 1651 1632 1678 et
1650 1643 1814 1678 similiter
1853 1664 1855 1670 ν

249 1696 365 1741 pisces
387 1704 704 1742 praecognoscunt
724 1704 957 1742 tempestates
984 1696 1137 1739 futuras3
1160 1705 1197 1731 ut
1223 1697 1454 1743 perpenditur
1479 1708 1522 1731 ex
1544 1708 1671 1731 eorum
1697 1705 1812 1739 motu,
1852 1686 1854 1720 ³¹

251 1750 338 1783 dum
360 1749 440 1783 loca
462 1756 708 1796 tempestuosa
724 1750 924 1792 declinant3
941 1762 1028 1796 ergo
1044 1750 1158 1785 multo
1174 1750 1291 1796 magis
1312 1751 1480 1784 homines
1494 1750 1704 1785 naturaliter
1716 1761 1814 1797 prae·

251 1814 474 1849 cognoscere
496 1811 646 1848 possunt
666 1802 784 1837 futura
807 1804 849 1838 ad
868 1815 906 1838 se
922 1804 1146 1850 pertinentia,
1162 1805 1204 1838 de
1220 1804 1347 1850 quibus
1362 1812 1415 1838 est
1432 1804 1640 1850 prophetia;
1655 1811 1708 1839 est
1725 1815 1812 1851 ergo
1850 1827 1851 1842 i

251 1857 443 1903 prophetia
465 1868 485 1890 a
506 1865 645 1890 natura.
1849 1852 1851 1865 ¹

322 1921 354 1953 4.
377 1911 614 1945 PRAETEREA.
650 1911 820 1945 Proverb.
844 1921 898 1957 29.
922 1911 1068 1945 dicitur:
1095 1912 1179 1946 Cum
1206 1911 1381 1958 prophetia
1411 1911 1576 1957 defecerit,
1601 1911 1814 1958 dissipabitur
1848 1906 1849 1936 ἶ

245 1964 409 2010 populus:
435 1972 470 1998 et
490 1965 540 1998 sic
563 1972 670 2010 patet,
694 1965 789 2010 quod
811 1965 1000 2011 prophetia
1023 1973 1076 1999 est
1102 1965 1303 1999 necessaria
1331 1964 1374 1999 ad
1401 1964 1595 1998 hominum
1627 1975 1815 1999 conserva·

249 2018 407 2053 tionem:
426 2018 488 2052 sed
510 2026 635 2052 natura
658 2029 732 2052 non
755 2018 874 2053 deficit
900 2019 935 2052 in
957 2019 1188 2061 necessariis3
1212 2030 1298 2063 ergo
1326 2018 1476 2060 videtur,
1504 2018 1601 2064 quod
1623 2017 1814 2064 prophetia

247 2073 291 2106 sit
315 2083 334 2105 a
355 2080 493 2106 natura.
1844 2072 1846 2082 ‘'

324 2125 398 2160 SED
422 2136 577 2160 CONTRA
601 2133 663 2167 est,
686 2125 783 2172 quod
806 2126 935 2160 dicitur
957 2136 988 2160 2.
1010 2127 1104 2160 Petr.
1132 2137 1182 2161 1.:
1206 2127 1283 2161 Non
1305 2127 1393 2160 enim
1410 2126 1579 2160 voluntate
1605 2125 1751 2159 humana
1768 2125 1814 2159 al·
1843 2146 1844 2149 =

246 2179 319 2214 lata
340 2184 384 2214 (St
405 2179 584 2224 aliqnando
606 2180 796 2226 ptoplwtia,
817 2179 870 2213 sed
896 2180 1025 2226 Spiritu
1051 2180 1171 2215 Sancto
1198 2181 1380 2226 intpitanta
1405 2179 1505 2213 locuti
1524 2183 1597 2213 sunt
1621 2179 1726 2213 sancti
1745 2178 1813 2212 Dei
1842 2181 1843 2195 ³

249 2233 378 2267 homine
381 2245 410 2273 c,
439 2243 525 2277 ergo
548 2233 736 2278 prophetia
758 2244 831 2266 non
852 2242 904 2267 est
926 2245 944 2267 a
966 2241 1104 2275 natura,
1126 2234 1188 2267 sed
1208 2245 1250 2267 ex
1272 2233 1369 2266 dono
1389 2232 1540 2278 Spiritus
1563 2231 1697 2266 Sancti.
1841 2227 1842 2232 ¹

321 2286 551 2320 RESPONDEO
568 2286 773 2327 dicendum
790 2286 898 2331 quod,
913 2286 1004 2320 sicut
1019 2298 1123 2332 supra
1147 2286 1283 2320 dictum
1299 2294 1351 2320 est
1369 2287 1415 2331 (q.
1430 2292 1542 2332 pictae.
1561 2290 1624 2319 art.
1647 2285 1679 2320 6.
1695 2280 1841 2328 ad2),
1839 2319 1840 2323 ,

248 2339 460 2386 prophetica
477 2339 725 2385 praecognitio
748 2347 866 2384 potest
881 2350 957 2373 esse
980 2339 1023 2373 de
1044 2339 1170 2373 futuris
1184 2354 1191 2373 ι
1196 2339 1338 2385 i'zzplir'czt
1343 2352 1375 2380 r,
1403 2351 1467 2373 imo
1483 2338 1589 2381 modo,
1612 2338 1811 2372 secundum
1837 2331 1840 2386 j

247 2394 344 2439 quod
361 2393 490 2427 suntin
505 2393 649 2439 seipsis3
672 2393 736 2426 alio
754 2393 860 2434 modo,
878 2393 1077 2426 secundum
1093 2394 1187 2439 quod
1204 2401 1285 2427 sunt
1301 2393 1335 2426 in
1351 2367 1422 2427 sitis
1439 2393 1574 2427 causis:
1591 2403 1812 2438 praecogno-
1837 2410 1838 2419 κ

247 2458 347 2481 scere
370 2455 487 2480 autem
509 2445 639 2487 futura,
662 2446 859 2479 secundun]
883 2446 978 2491 quod
1002 2448 1132 2480 suntin
1157 2447 1293 2492 seipsis,
1310 2454 1363 2480 est
1382 2446 1567 2492 proprium
1586 2445 1697 2479 divini
1711 2444 1812 2479 intel·
1835 2482 1836 2485 Ἰ

247 2500 372 2542 lectus,
397 2501 495 2546 cujus
519 2500 719 2534 aeternitati
741 2508 823 2533 sunt
842 2500 963 2534 omnia
987 2501 1198 2545 praesentia,
1221 2508 1258 2534 ut
1274 2500 1308 2534 in
1325 2500 1441 2546 primo
1462 2500 1597 2533 dictum
1620 2507 1672 2534 est
1692 2499 1735 2545 (q.
1757 2510 1809 2544 14.
1834 2525 1835 2537 ,

248 2560 310 2589 ιιι-ί.
334 2557 391 2599 13.)
407 2567 419 2595 ;
444 2563 478 2588 et
496 2554 576 2587 ideo
597 2553 676 2587 talis
704 2553 953 2599 praecognitio
976 2553 1177 2587 futurorum
1201 2565 1272 2587 non
1296 2561 1414 2599 potest
1441 2564 1517 2587 esse
1545 2564 1564 2586 a
1585 2561 1724 2595 natura,
1746 2551 1808 2586 sed
1833 2563 1834 2594 γ

246 2608 366 2643 solum
391 2620 431 2642 ex
454 2607 673 2641 revelatione
696 2607 815 2640 divina
833 2619 840 2648 ;
858 2606 974 2640 futura
990 2619 1076 2640 vero
1100 2607 1135 2640 in
1151 2607 1222 2641 suis
1246 2607 1361 2640 causis
1378 2615 1527 2652 possunt
1548 2605 1810 2651 praecognosci

246 2662 401 2696 naturali
416 2661 626 2706 cognitione
646 2661 754 2694 etiam
771 2661 812 2693 ab
836 2661 1004 2694 homine:
1024 2661 1117 2695 sicut
1133 2661 1294 2695 medicus
1309 2661 1586 2706 praecognoscit
1607 2661 1807 2702 sanitatem,
1830 2700 1831 2703 Ἴ

246 2715 304 2749 vel
327 2723 483 2749 mortem
510 2714 667 2748 futuram
697 2714 732 2747 in
756 2713 931 2759 aliquibus
955 2714 1082 2755 causis,
1111 2726 1262 2759 quarum
1290 2714 1454 2748 ordinem
1479 2714 1521 2747 ad
1548 2713 1637 2747 tales
1660 2712 1807 2747 effectus

246 2769 493 2814 experimento
516 2767 795 2814 praecognovit3
819 2775 853 2800 et
873 2767 953 2800 talis
977 2768 1136 2812 cognitio
1152 2767 1353 2801 futurorum
1370 2775 1486 2813 potest
1507 2766 1658 2812 intelligi
1680 2777 1756 2800 esse
1771 2766 1805 2799 in

245 2821 396 2855 homine
415 2822 587 2868 [inplicita
610 2833 628 2855 a
650 2829 787 2854 natura.
817 2821 889 2854 Uno
916 2820 1010 2854 modo
1034 2821 1096 2862 sic,
1119 2821 1214 2866 quod
1237 2821 1357 2854 statim
1380 2820 1500 2853 anima
1523 2830 1564 2853 ex
1586 2830 1629 2853 eo
1652 2819 1747 2865 quod
1768 2819 1805 2852 in

245 2875 361 2920 seipsa
383 2875 502 2916 habet,
536 2874 648 2920 possit
679 2884 990 2920 praecognoscere
1024 2873 1161 2915 futura;
1184 2881 1218 2907 et
1245 2874 1307 2915 sic,
1341 2873 1433 2907 sicut
1461 2873 1613 2918 August.
1636 2872 1721 2906 dicit
1753 2881 1804 2906 12.

243 2939 349 2974 super
372 2928 465 2963 Gen.
488 2928 530 2962 ad
558 2927 649 2962 liter.
672 2928 761 2974 (cap.
785 2939 826 2974 13.
856 2928 891 2961 in
906 2926 1035 2973 princ.)
1060 2939 1078 2958 «
1098 2926 1244 2972 quidam
1265 2926 1468 2968 voluerunt,
1495 2926 1655 2960 animam
1681 2925 1805 2959 huma·
1824 2936 1826 2942 ¹

1827 2820 1829 2836 i

1825 2856 1832 2929 ᾼῖῌμ
1827 2838 1828 2844 ᾼ
