1859 3122
141 114 224 169 890
538 122 756 158 QUAESTIO
789 121 966 151 cxxxiv.
999 120 1241 152 ARTrcums
1274 120 1301 150 1.

710 291 1054 336 ARTICULUS
1089 291 1122 334 Ι.
1627 298 1695 334 662

509 401 661 430 UTRUM
692 400 1040 431 MAGNIFICENTIA
1067 400 1133 428 SIT
1165 398 1335 428 VIRTUS.

740 488 787 532 (4.
810 488 919 523 Ethic.
942 488 1010 522 lact.
1030 487 1092 532 6.).

211 578 271 612 AD
292 587 441 612 PRIMUM
467 576 517 610 sic
544 576 759 622 proceditur.
785 575 949 618 Videtur,
976 575 1072 621 quod
1109 573 1378 620 magnificentia
1403 584 1478 607 non
1499 572 1544 607 sit
1567 572 1698 607 virtus:

140 631 201 678 qui
223 631 319 665 enim
334 631 442 664 habet
457 641 567 663 unam
587 629 770 671 virtutem,
791 629 901 663 habet
921 639 1062 670 omnes,
1077 636 1115 662 ut
1128 639 1234 674 supra
1254 627 1418 661 habitum
1440 634 1493 661 est
1514 626 1633 672 (1-2.q.
1648 628 1698 672 65.

141 689 204 719 art.
226 684 272 729 1.)
285 697 295 719 .·
329 683 390 718 sed
425 683 552 729 aliquis
586 690 704 729 potest
735 682 867 716 habere
895 681 982 716 alias
1007 682 1155 716 virtutes
1193 681 1269 715 sine
1303 679 1591 726 magnificentia:
1614 679 1701 714 dicit

141 737 238 772 enim
259 736 395 771 Philos.
417 736 454 770 in
474 746 507 779 4.
530 736 646 770 Ethic.
670 735 841 782 (capsa),
865 735 960 782 quod
978 746 1053 770 non
1075 734 1193 769 omnis
1214 733 1370 768 liberalis
1392 741 1446 769 est
1465 732 1719 780 magnificum¹

142 802 228 837 ergo
243 789 514 836 magnificentia
534 801 609 823 non
627 798 679 823 est
696 791 818 824 virtus.

220 854 251 878 2.
274 844 510 878 PRAETEREA.
531 842 653 877 Virtus
675 842 823 877 moralis
849 842 1013 877 consistit
1037 842 1074 876 in
1095 841 1229 884 medio,
1251 849 1289 876 ut
1308 848 1405 888 patet
1424 840 1461 875 in
1487 850 1519 875 2.
1540 839 1700 875 Ethicor.

141 897 234 944 (cap.
258 897 324 942 6.).·
346 897 408 932 sed
439 896 709 942 magnificentia
738 907 813 930 non
842 895 984 930 videtur
1011 895 1208 930 consistere
1228 895 1265 929 in
1287 894 1430 929 medio:
1452 892 1702 941 superexcellit

143 951 240 985 enim
261 950 516 985 liberalitatem
536 949 804 996 magnitudine:
828 960 1004 995 magnum
1025 957 1146 984 autem
1169 948 1364 995 opponitur
1384 958 1508 994 parvo,
1529 947 1622 982 sicut
1647 958 1702 981 ex-

143 1013 313 1047 tremum,
336 1015 492 1050 quorum
513 1003 675 1037 medium
698 1011 750 1038 est
772 1002 934 1049 aequale,
955 1010 994 1037 ut
1012 1002 1139 1037 dicitur
1159 1002 1196 1036 in
1219 1012 1271 1037 10.
1292 1000 1451 1048 Metaph.
1475 1000 1562 1047 (tex2
1577 1009 1628 1047 17.
1649 1000 1701 1036 18.

142 1058 268 1104 et19.);
292 1065 326 1092 et
347 1059 397 1092 sic
421 1056 690 1103 magnificentia
710 1068 786 1091 non
809 1063 860 1091 est
881 1056 917 1090 in
940 1055 1073 1100 medio,
1095 1055 1157 1090 sed
1178 1055 1216 1090 in
1237 1063 1419 1098 extrem03
1441 1065 1527 1101 ergo
1548 1064 1624 1088 non
1649 1060 1704 1088 est

143 1111 266 1146 virtus.
1073 1134 1079 1141 .

219 1176 247 1210 3.
270 1164 506 1199 PRAETEREA.
535 1162 645 1198 Nulla
665 1163 776 1198 virtus
799 1163 1037 1198 contrariatur
1058 1161 1214 1197 naturali
1235 1161 1471 1204 inclinationi,
1498 1160 1561 1196 sed
1587 1159 1704 1206 magis

143 1218 282 1266 perficit
303 1217 433 1263 ipsam,
455 1225 492 1251 ut
515 1228 622 1263 supra
642 1216 806 1251 habitum
829 1225 880 1252 est
909 1217 955 1263 (q.
974 1217 1049 1252 108.
1076 1222 1141 1252 art.
1160 1228 1190 1251 2.
1218 1221 1247 1251 et
1265 1228 1294 1262 q.
1312 1226 1380 1262 117.
1404 1220 1468 1250 art.
1491 1227 1519 1250 Ι.
1542 1225 1611 1260 arg.
1633 1213 1702 1258 1.):

144 1271 218 1313 sed,
241 1272 332 1306 sicut
353 1270 491 1306 Philos.
513 1270 599 1304 dicit
619 1270 655 1304 in
676 1280 708 1313 4.
731 1270 847 1304 Ethic.
870 1271 960 1317 (cap.
979 1271 1039 1316 2.)‚
1066 1269 1281 1316 magnificus
1302 1280 1376 1303 non
1399 1276 1451 1303 est
1471 1275 1704 1314 sumptuosus

146 1326 183 1359 in
205 1325 379 1371 seipsum3
403 1323 498 1370 quod
522 1332 575 1358 est
596 1331 721 1358 contra
739 1323 943 1358 naturalem
961 1323 1246 1365 inclinationem,
1268 1334 1331 1369 per
1352 1334 1461 1368 quam
1483 1321 1610 1368 aliquis
1631 1332 1705 1354 ma-

148 1378 243 1412 xime
266 1377 430 1423 providet
450 1377 535 1418 sibi;
559 1388 645 1422 ergo
667 1376 937 1422 magnificentia
959 1388 1033 1410 non
1055 1384 1108 1411 est
1128 1376 1250 1410 virtus.

216 1442 248 1474 4.
264 1432 499 1466 PRAETEREA.
517 1430 726 1464 Secundum
736 1430 873 1464 Philos.
885 1431 920 1464 in
932 1428 962 1465 6.
978 1430 1137 1464 Ethicor.
1150 1428 1313 1476 (cap.4.),
1332 1440 1416 1463 «ars
1433 1436 1485 1463 est
1498 1436 1597 1463 recta
1610 1427 1702 1462 ratio

148 1484 365 1519 factibilium
381 1496 411 1518 »z
425 1484 487 1519 sed
503 1483 772 1530 magnificentia
788 1491 840 1518 cst
855 1484 950 1518 circa
971 1483 1154 1525 factibilia,
1168 1491 1206 1517 ut
1220 1494 1262 1517 ex
1278 1483 1358 1528 ipso
1375 1482 1526 1516 nomine
1541 1487 1705 1528 apparet3

149 1550 236 1584 ergo
259 1538 375 1584 magis
397 1546 449 1572 est
471 1549 538 1579 ars,
561 1549 669 1583 quam
686 1537 808 1572 virtus.

221 1592 294 1626 SED
318 1602 484 1626 CONTRA.
507 1591 677 1625 Humana
698 1591 809 1625 virtus
832 1598 884 1626 est
912 1590 1139 1636 participatio
1167 1589 1345 1636 quaedam
1373 1588 1513 1623 virtutis
1543 1587 1703 1622 divinae:

148 1644 211 1680 sed
234 1644 502 1691 magnificentia
525 1644 680 1690 pertinet
711 1644 754 1678 ad
776 1644 946 1678 virtutem
974 1644 1144 1685 divinam,
1175 1643 1375 1677 secundum
1405 1642 1492 1676 illud
1513 1640 1609 1676 Psal.
1630 1639 1705 1686 67.:

150 1699 400 1744 Magnz'ficcntiaez
427 1700 506 1743 ujus,
534 1703 562 1732 et
586 1699 694 1732 virtus
718 1699 786 1744 ejus
806 1699 841 1731 in
867 1698 1029 1738 nzcbibus‚·
1053 1708 1139 1743 ergo
1162 1696 1431 1742 magnificentia
1453 1703 1506 1730 est
1525 1695 1647 1729 virtus.

220 1751 449 1786 Rssspoxmzo
472 1751 677 1794 dicendum,
700 1750 808 1797 quod,
831 1751 922 1785 sicut
941 1751 1069 1785 dicitur
1088 1752 1124 1785 in
1147 1761 1175 1784 1.
1193 1750 1235 1784 de
1252 1749 1369 1783 Coelo
1387 1751 1464 1794 (tex.
1479 1748 1582 1794 116),
1606 1760 1624 1780 «
1641 1747 1708 1781 vir-

149 1813 205 1840 tus
228 1805 355 1839 dicitur
374 1816 436 1851 per
458 1805 771 1851 comparationem
794 1805 838 1838 ad
862 1804 1043 1846 ultimum,
1066 1804 1102 1837 in
1124 1803 1221 1850 quod
1247 1803 1409 1849 potentia
1430 1809 1550 1849 potest
1562 1812 1603 1836 »ε
1632 1811 1708 1835 non

150 1859 298 1905 quidem
318 1858 362 1892 ad
384 1858 552 1892 ultimum
577 1869 619 1892 ex
640 1866 739 1904 parte
762 1857 932 1900 defectus,
951 1858 1012 1892 sed
1028 1869 1070 1892 ex
1083 1865 1182 1903 parte
1204 1867 1382 1898 excessus,
1406 1856 1506 1901 cujus
1520 1855 1611 1889 ratio
1626 1865 1709 1889 con-

150 1912 241 1945 sistit
262 1912 296 1945 in
319 1911 580 1957 magnitudine,
596 1919 630 1946 et
651 1911 733 1945 ideo
749 1911 891 1957 operari
908 1910 1043 1957 aliquid
1061 1922 1248 1957 magnum,
1263 1921 1306 1944 ex
1321 1921 1392 1955 quo
1407 1909 1559 1944 sumitur
1572 1919 1708 1943 nornen

151 1965 454 2010 magnificentiae,
477 1965 619 2011 proprie
640 1965 794 2011 pertinet
815 1964 859 1998 ad
880 1964 1059 1999 rationem
1085 1964 1246 2007 virtutis3
1276 1963 1371 1997 unde
1392 1962 1637 2009 magnificentia
1653 1972 1710 1996 no-

151 2019 256 2052 miiztzt
277 2019 449 2052 virtutsm.

219 2071 279 2105 Ar>
302 2082 449 2106 PRIMUM
466 2082 552 2116 ergo
567 2071 773 2113 dicendum,
789 2070 885 2117 quod
903 2082 977 2105 non
999 2071 1118 2105 omnis
1132 2069 1288 2105 liberalis
1308 2078 1360 2104 est
1374 2068 1586 2116 magnificus
1601 2079 1709 2115 quan-

148 2132 227 2158 tum
257 2124 299 2157 ad
323 2132 463 2166 actum3
486 2124 569 2169 quia
591 2124 719 2158 desunt
740 2125 805 2158 sibi
828 2136 881 2166 ea,
904 2124 1031 2170 quibus
1052 2124 1104 2158 uti
1121 2135 1270 2158 necesse
1292 2131 1345 2157 est
1367 2123 1410 2157 ad
1431 2130 1552 2157 actum
1573 2121 1710 2168 magni-

153 2176 279 2211 ficum:
303 2185 424 2211 tamen
447 2178 565 2211 omnis
585 2176 742 2211 liberalis
765 2178 874 2212 habet
894 2177 1058 2211 habitum
1081 2176 1384 2222 magnificentiae,
1406 2175 1464 2210 vel
1487 2183 1579 2218 actu,
1597 2174 1656 2210 vel
1670 2175 1707 2208 in

152 2230 353 2276 propinqua
369 2230 614 2276 dispositione,
638 2238 674 2264 ut
696 2242 802 2276 supra
825 2231 961 2265 dictum
984 2239 1036 2265 est
1057 2231 1104 2276 (q.
1128 2242 1200 2277 129.
1223 2235 1288 2265 art.
1310 2242 1335 2275 3.
1357 2229 1400 2264 ad
1414 2241 1445 2264 2.
1467 2233 1496 2264 et
1519 2239 1582 2264 1-2.
1605 2240 1634 2274 q.
1657 2228 1707 2274 65.

152 2288 213 2318 art.
237 2285 280 2329 r.)
306 2295 388 2317 cum
411 2284 453 2317 de
477 2283 703 2317 connexione
724 2284 896 2318 virtutum
920 2292 1095 2327 ageretur.

224 2337 284 2371 AD
297 2347 503 2372 SECUNDUM
519 2336 723 2378 dicendum,
743 2337 839 2382 quoti
862 2336 1130 2382 magnificentia
1147 2336 1309 2371 consistit
1324 2335 1470 2382 quidem
1484 2335 1519 2369 in
1535 2342 1709 2377 extremo,

156 2390 380 2424 considerata
403 2390 599 2436 quantitate
623 2391 697 2435 ejus
720 2390 815 2435 quod
834 2389 937 2424 facit:
966 2390 1025 2424 sed
1048 2398 1170 2424 tamen
1192 2390 1228 2423 in
1250 2389 1371 2423 medio
1395 2388 1568 2430 consistit,
1597 2387 1711 2422 consi-

156 2444 276 2478 derata
297 2443 422 2489 regula
446 2443 604 2485 rationis,
628 2454 647 2476 a
669 2454 738 2488 qua
760 2454 834 2476 non
856 2443 986 2485 deficit,
1014 2455 1078 2476 nec
1110 2455 1191 2477 eam
1222 2443 1371 2484 excedit,
1406 2443 1497 2476 sicut
1525 2442 1635 2476 etiam
1665 2441 1708 2475 de

154 2497 452 2543 magnanimitate
475 2497 611 2531 dictum
634 2505 687 2530 est
708 2498 752 2542 (q.
775 2508 847 2542 129.
870 2502 934 2531 art.
953 2509 978 2542 3.
1002 2497 1044 2531 αι]
1063 2497 1119 2541 L).

227 2551 286 2584 Ao
310 2561 479 2584 TERTIUM
503 2550 706 2591 dicendum,
733 2549 829 2596 quod
858 2551 900 2583 ad
928 2549 1237 2595 magnificentiam
1265 2549 1416 2595 pertinet
1441 2548 1559 2583 facere
1578 2548 1710 2595 aliquid

159 2614 345 2649 magnum,
365 2603 460 2649 quod
484 2611 604 2637 autem
626 2603 780 2648 pertinet
801 2603 844 2636 ad
867 2614 1059 2649 personam
1082 2600 1374 2648 uniuscujusque,
1397 2610 1449 2636 est
1477 2601 1609 2648 aliquid
1636 2612 1711 2647 par-

157 2668 243 2690 vum
267 2657 301 2690 in
325 2656 598 2702 comparatione
621 2656 664 2690 ad
686 2656 733 2698 id,
755 2655 851 2702 quod
875 2656 1045 2690 convenit
1066 2656 1170 2690 rebus
1192 2655 1331 2697 divinis,
1352 2654 1410 2689 vel
1427 2655 1531 2689 rebus
1550 2665 1712 2689 commu-

155 2710 277 2753 nibus3
301 2717 335 2744 et
361 2709 441 2744 ideo
464 2709 678 2756 magnificus
701 2720 774 2743 non
797 2709 1039 2756 principaliter
1060 2709 1212 2744 intendit
1241 2716 1404 2755 sumptus
1430 2707 1549 2743 facere
1581 2708 1618 2742 in
1643 2707 1710 2750 his,

157 2774 248 2808 quae
270 2762 422 2809 pertinet
443 2763 486 2797 ad
508 2774 702 2810 personam
723 2762 925 2809 propriam:
956 2773 1030 2796 non
1053 2762 1135 2809 quia
1161 2763 1298 2797 bonum
1320 2773 1426 2796 suurn
1456 2772 1531 2795 non
1552 2768 1711 2808 quaerat,

157 2815 219 2849 scd
242 2816 323 2862 quia
345 2827 419 2850 non
442 2824 494 2851 est
520 2827 716 2862 magnum:
739 2816 768 2851 si
789 2815 873 2862 quid
891 2823 1014 2850 tamen
1043 2817 1076 2850 in
1107 2815 1174 2858 his,
1197 2825 1288 2861 quae
1319 2815 1362 2849 ad
1383 2814 1501 2860 ipsum
1522 2814 1710 2861 pertinent,
