1859 3122
208 215 316 257 1092
579 213 799 248 QUAESTIO
835 212 1012 242 CLXVIII.
1045 213 1290 243 ARTICULUS
1323 214 1368 244 11.

204 295 281 340 (loc.
300 295 386 339 cit.):
404 307 422 325 «
436 294 553 336 Ludo,
569 302 603 327 et
623 295 707 339 joco
730 293 782 327 uti
803 293 948 339 quidem
970 293 1064 335 licet,
1087 294 1149 328 sed
1171 294 1263 328 sicut
1283 306 1426 338 somno,
1441 303 1476 330 et
1493 296 1670 342 quietibus
1685 307 1763 331 cae-

202 349 298 391 teris,
318 357 395 383 tum
419 359 499 382 cum
523 348 702 393 gravibus,
724 347 896 393 seriisque
917 347 1023 382 rebus
1049 347 1329 383 satisfecerimus
1351 362 1383 383 >›.

758 487 1103 533 ARTICULUS
1133 490 1211 533 III.
1694 502 1762 539 806

312 595 463 624 UTRUM
494 596 538 626 IN
571 596 925 626 SUPERFLUITATE
958 597 1064 626 LUDI
1096 598 1247 627 POSSIT
1280 598 1380 627 ESSE
1413 597 1662 627 PECCATUM.

769 684 859 728 (Lib.
880 696 913 729 4.
936 685 1010 720 ΕΗ).
1031 685 1101 720 lect.
1124 685 1205 730 16).

275 773 334 807 AD
357 783 527 808 TERTIUM
550 773 600 807 sic
623 774 839 819 proceditur.
854 774 1016 815 Videtur,
1033 774 1129 820 quod
1151 774 1187 807 in
1209 774 1452 820 superfluitate
1474 774 1548 808 ludi
1565 786 1640 809 non
1653 776 1766 821 possit

204 838 281 861 esse
303 834 512 872 peccatum:
536 826 623 860 illud
646 827 743 861 enim
766 827 861 873 quod
885 836 1031 862 excusat
1053 839 1073 861 a
1093 836 1256 873 peccato,
1282 839 1356 861 non
1390 828 1519 862 dicitur
1544 839 1621 862 esse
1642 839 1767 874 pecca-

204 889 299 914 tum:
323 880 385 914 sed
406 879 509 914 ludus
533 880 750 926 quandoque
774 889 921 915 excusat
941 893 960 915 a
983 889 1152 927 peccato:
1175 881 1289 914 multa
1312 881 1420 923 enim,
1447 881 1477 915 si
1502 883 1595 915 serio
1628 881 1765 923 fierent,

205 933 329 979 gravia
349 943 499 980 peccata
520 942 648 975 essent,
664 945 755 979 quae
775 935 921 980 quidem
942 936 1025 980 joco
1048 934 1143 968 facta
1164 934 1222 968 vel
1243 934 1354 975 nulla,
1365 934 1424 968 vel
1442 934 1534 968 levia
1555 942 1655 977 sunt;
1678 945 1765 980 ergo

204 988 354 1029 videtur,
376 987 473 1033 quod
494 987 530 1021 in
552 988 876 1033 superabundantia
897 987 972 1022 ludi
993 999 1067 1022 non
1089 988 1133 1021 sit
1153 995 1355 1033 peccatum.

277 1051 308 1075 2.
330 1040 566 1075 PRAETEREA.
591 1041 727 1075 Omnia
750 1041 818 1074 alia
839 1041 926 1075 vitia
947 1041 1166 1075 reducuntur
1188 1041 1231 1074 ad
1253 1049 1393 1087 septem
1413 1041 1499 1075 vitia
1523 1040 1701 1087 capitalia,
1728 1049 1767 1075 ut

208 1094 405 1140 Gregorius
427 1094 513 1128 dicit
535 1105 588 1140 31.
610 1094 740 1128 Moral.
763 1094 853 1140 (cap.
873 1096 954 1140 17.).·
973 1095 1035 1128 sed
1057 1094 1385 1140 superabundantia
1405 1094 1441 1128 in
1459 1093 1551 1128 ludis
1578 1105 1654 1128 non
1674 1094 1769 1128 vide-

205 1155 262 1182 tur
283 1147 406 1181 reduci
433 1147 476 1181 ad
504 1147 650 1193 aliquod
678 1147 887 1194 capitalium
908 1147 1100 1189 vitiorum3
1123 1158 1210 1193 ergo
1232 1147 1383 1190 videtur,
1407 1147 1503 1194 quod
1524 1159 1599 1182 non
1620 1147 1666 1182 sit
1690 1159 1770 1194 pec-

207 1209 339 1235 catum.

280 1266 308 1300 3.
330 1254 566 1289 PRAETEREA.
583 1255 742 1288 Maxime
763 1255 956 1288 histriones
977 1254 1014 1288 in
1036 1254 1121 1288 ludo
1136 1254 1301 1288 videntur
1323 1254 1624 1300 superabundare,
1640 1254 1702 1300 qui
1718 1262 1771 1288 to-

205 1316 281 1342 tam
303 1319 407 1342 suam
429 1308 539 1342 vitam
563 1308 732 1342 ordinant
753 1309 796 1341 ad
818 1307 1036 1350 ludendum;
1059 1308 1088 1342 si
1110 1318 1196 1353 ergo
1223 1307 1551 1353 superabundantia
1575 1308 1651 1341 ludi
1677 1315 1771 1342 esset

207 1369 408 1406 peccatum,
430 1369 515 1395 tunc
538 1372 665 1395 omnes
698 1361 891 1395 histriones
914 1368 1032 1394 essent
1065 1361 1102 1394 in
1135 1369 1230 1394 statu
1263 1361 1420 1406 peccati:
1443 1368 1635 1407 peccarent
1662 1362 1768 1395 etiam

208 1425 346 1456 omnes,
375 1414 435 1459 qui
457 1425 585 1448 eorum
607 1414 805 1448 ministerio
828 1422 1022 1455 uterentur,
1043 1413 1102 1447 vel
1123 1414 1183 1459 qui
1205 1414 1256 1447 eis
1279 1413 1398 1459 aliqua
1424 1414 1651 1459 largirentur,
1677 1422 1770 1448 tam-

208 1479 317 1513 quam
340 1468 480 1513 peccati
500 1467 676 1501 fautores:
700 1468 797 1513 quod
818 1468 958 1501 videtur
985 1479 1062 1501 esse
1089 1466 1240 1501 falsum:
1259 1466 1390 1512 legitur
1417 1467 1513 1501 enim
1539 1468 1575 1501 in
1600 1468 1681 1501 vitis
1703 1467 1770 1501 Pa-

207 1529 303 1554 trum
324 1521 399 1566 (lib.
419 1533 449 1556 2.
465 1528 536 1567 cap.
555 1522 607 1556 16.
623 1526 651 1555 et
671 1521 726 1555 lib.
745 1522 776 1556 8.
800 1528 871 1568 cap.
898 1521 976 1567 63),
1000 1521 1095 1566 quod
1119 1521 1230 1554 Beato
1253 1520 1458 1565 Paphnutio
1480 1520 1679 1554 revelatum
1706 1528 1770 1562 est,

210 1574 306 1620 quod
330 1575 476 1620 quidam
498 1574 688 1619 joculator,
710 1574 848 1608 futurus
871 1583 946 1608 erat
967 1574 1034 1608 sibi
1056 1585 1205 1607 consors
1226 1574 1262 1607 in
1283 1573 1356 1607 vita
1377 1572 1505 1607 futura.

283 1627 357 1662 SED
386 1639 540 1662 CONTRA
569 1636 632 1670 est,
659 1629 755 1674 quod
783 1639 889 1674 super
915 1627 1003 1661 illud
1029 1627 1134 1661 Proxn
1167 1637 1236 1669 14:
1264 1628 1359 1662 Risus
1384 1627 1492 1661 dolore
1517 1628 1715 1669 miscebitur,
1743 1633 1773 1662 et

210 1686 356 1716 extrema
375 1681 490 1727 gaudii
511 1682 614 1716 luctus
636 1686 784 1727 occupat,
808 1682 893 1715 dicit
916 1681 1016 1716 Glos.
1043 1681 1198 1725 (interl.):
1220 1681 1342 1715 Luctus
1363 1685 1551 1727 perpetuus:
1573 1681 1635 1715 sed
1655 1681 1692 1714 in
1719 1692 1773 1715 su-

210 1734 410 1781 perfluitate
433 1734 507 1768 ludi
534 1743 587 1769 est
612 1735 836 1768 inordinatus
863 1735 966 1775 risus,
993 1742 1028 1768 et
1054 1734 1300 1768 inordinatum
1328 1734 1521 1779 gaudium3
1544 1745 1630 1780 ergo
1653 1743 1705 1768 est
1724 1734 1772 1768 ibi

210 1797 402 1834 peccatum
424 1788 577 1822 mortale
600 1789 656 1821 cui
679 1788 746 1822 soli
769 1788 917 1822 debetur
938 1787 1055 1822 luctus
1077 1796 1281 1833 perpetuus.

281 1841 510 1876 RESPONDEO
534 1841 740 1882 dicendum,
763 1841 859 1887 quod
878 1841 914 1874 in
937 1841 1039 1875 omni
1054 1852 1109 1882 eo,
1125 1841 1221 1886 quod
1241 1849 1294 1874 est
1311 1841 1488 1887 dirigibile
1506 1842 1705 1876 secundum
1723 1853 1774 1875 ra-

209 1897 360 1937 tionem,
382 1895 602 1942 superfluum
621 1896 760 1937 dicitur,
776 1895 872 1941 quod
891 1895 1055 1939 regulam
1072 1895 1220 1928 rationis
1240 1895 1397 1928 excedit:
1417 1895 1633 1929 diminutum
1653 1903 1773 1929 autem

211 1949 340 1983 dicitur
367 1949 511 1995 aliquid,
538 1950 738 1983 secundum
765 1949 862 1994 quod
890 1948 1008 1982 deficit
1030 1960 1049 1982 a
1071 1948 1194 1994 regula
1221 1948 1387 1982 rationis:
1411 1948 1547 1982 dictum
1574 1956 1626 1983 est
1652 1957 1773 1982 autem

213 2002 294 2046 (art.
312 2004 458 2048 praec),
481 2003 578 2048 quod
600 2002 748 2043 ludicra,
767 2003 842 2036 sive
863 2003 989 2047 jocosa
1003 2002 1123 2042 verba,
1142 2001 1200 2035 vel
1220 2001 1314 2035 facta
1336 2009 1418 2035 sunt
1439 2001 1630 2047 dirigibilia
1652 2013 1775 2036 secun-

213 2056 299 2089 dum
320 2056 516 2097 rationem;
540 2064 575 2090 et
596 2056 678 2089 ideo
701 2055 921 2101 superfluum
943 2057 979 2089 in
1002 2055 1088 2089 ludo
1117 2055 1300 2101 accipitur,
1322 2055 1418 2101 quod
1447 2055 1586 2089 excedit
1610 2055 1773 2101 regulam

214 2110 385 2151 rationis;
408 2109 504 2155 quod
527 2109 673 2154 quidem
694 2118 812 2154 potest
839 2120 916 2143 esse
943 2109 1133 2155 dupliciter:
1156 2121 1220 2142 uno
1242 2108 1338 2142 modo
1361 2119 1404 2142 ex
1424 2108 1500 2154 ipsa
1522 2109 1640 2154 specie
1667 2109 1775 2143 actio-

213 2175 312 2204 num,
341 2175 431 2209 quae
459 2170 690 2197 assumuntur
715 2162 750 2195 in
778 2162 921 2196 ludum:
950 2163 1046 2208 quod
1073 2162 1218 2208 quidem
1252 2161 1397 2206 jocandi
1428 2173 1540 2207 genus
1573 2163 1772 2196 secundum

215 2216 378 2250 Tullium
394 2217 468 2261 (lib.
483 2229 509 2251 Ι.
521 2216 557 2250 de
572 2216 651 2262 offic.
671 2217 720 2250 tit.
736 2216 772 2249 da
789 2216 955 2250 Scurrih't.
971 2221 1000 2250 ct
1014 2216 1142 2258 Facet.)
1157 2215 1284 2249 dicitur
1303 2225 1399 2249 esse:
1422 2215 1593 2257 illiberale,
1615 2215 1772 2260 petulans,

207 2271 424 2316 flagitiosum,
445 2271 648 2309 obscoenum,-
669 2270 812 2314 quando
835 2269 973 2302 scilicet
995 2269 1103 2302 utitur
1131 2268 1258 2314 aliquis
1285 2279 1393 2302 causa
1420 2267 1494 2301 ludi
1519 2268 1680 2313 turpibus
1702 2279 1776 2302 ver-

214 2324 279 2365 bis,
300 2323 358 2357 vel
378 2323 493 2365 factis,
515 2322 573 2356 vel
595 2323 704 2356 etiam
726 2323 781 2356 his
805 2334 896 2367 quae
917 2330 1071 2368 vergunt
1091 2322 1127 2355 in
1149 2321 1304 2367 proximi
1325 2329 1600 2363 nocumentum,
1619 2333 1710 2367 quae
1732 2322 1775 2355 de

215 2388 251 2411 se
274 2385 356 2411 sunt
377 2384 526 2422 peccata
548 2375 735 2416 mortalia3
759 2384 793 2409 et
814 2376 863 2409 sic
887 2384 993 2421 patet,
1017 2375 1113 2421 quod
1135 2387 1275 2409 excessus
1291 2376 1325 2408 in
1347 2374 1422 2408 ludo
1440 2380 1485 2409 est
1496 2380 1670 2421 peccatum
1691 2387 1777 2408 mor-

216 2431 289 2469 tula
310 2430 376 2464 alio
400 2438 521 2463 autem
543 2429 637 2463 modo
659 2436 779 2473 potest
801 2440 877 2462 esse
900 2439 1066 2462 excessus
1089 2428 1124 2461 in
1146 2428 1232 2461 ludo
1259 2428 1460 2462 secundum
1482 2427 1663 2462 defectum
1684 2428 1778 2461 debi-

214 2492 331 2517 tarum
355 2482 725 2523 circumstantiarum3
748 2490 830 2527 puta
855 2493 937 2514 cum
961 2481 1070 2527 aliqui
1097 2489 1243 2515 utuntur
1269 2480 1354 2514 ludo
1381 2480 1439 2514 vel
1463 2481 1698 2526 temporibus,
1719 2480 1777 2514 vel

214 2537 251 2570 in
272 2536 362 2570 locis
384 2536 562 2577 indebitis,
585 2543 645 2569 aut
667 2535 774 2568 etiam
797 2542 937 2580 praeter
957 2535 1250 2568 convenientiam
1272 2534 1420 2579 negotii,
1436 2545 1499 2568 seu
1518 2545 1718 2579 personae:
1743 2542 1776 2568 et

213 2590 284 2623 hoc
308 2589 454 2635 quidem
476 2589 692 2635 quandoque
714 2595 830 2634 potest
853 2599 929 2621 esse
952 2595 1142 2633 peccatum
1165 2587 1318 2621 mortale
1339 2596 1486 2633 propter
1505 2587 1774 2621 vehementiam

218 2642 366 2677 affectus
388 2643 431 2677 ad
453 2643 590 2684 ludum,
613 2643 712 2687 cujus
735 2641 1014 2675 delectationem
1042 2642 1232 2687 praeponit
1259 2640 1386 2686 aliquis
1414 2640 1598 2674 dilectioni
1619 2641 1707 2682 Dei3
1728 2641 1776 2674 ita

217 2697 312 2742 quod
336 2705 460 2730 contra
488 2704 719 2741 praeceptum
742 2695 821 2735 Dei,
843 2694 900 2728 vel
929 2694 1123 2735 Ecclesiae,
1147 2694 1276 2728 talibus
1304 2694 1396 2728 ludis
1427 2694 1477 2728 uti
1503 2706 1577 2728 non
1605 2693 1775 2739 refugiat:

217 2750 408 2795 quandoque
429 2755 537 2783 autam.
559 2754 601 2783 est
619 2754 789 2795 peccatum.
816 2748 964 2782 veniale:
990 2756 1073 2793 puta
1095 2748 1122 2780 si
1147 2747 1274 2793 aliquis
1301 2758 1373 2780 non
1396 2755 1536 2781 tantum
1559 2746 1711 2781 afficitur
1733 2747 1776 2780 ad

217 2803 354 2844 ludum,
377 2803 473 2848 quod
495 2810 640 2848 propter
661 2802 732 2835 hoc
754 2801 840 2835 velit
861 2801 993 2846 aliquid
1017 2808 1141 2834 contra
1163 2801 1284 2834 Deum
1306 2801 1544 2834 committere.

291 2857 349 2889 ΑΙ)
376 2866 523 2890 PRIMUM
546 2866 632 2900 ergo
656 2855 860 2896 dicendum,
887 2853 983 2899 quod
1010 2853 1123 2898 aliqua
1145 2862 1226 2886 sunt
1248 2861 1397 2898 peccata
1418 2861 1564 2899 propter
1585 2853 1702 2887 solam
1728 2853 1779 2886 in—

218 2909 437 2951 tentionem3
460 2909 543 2954 quia
557 2907 695 2943 scilicet
709 2908 742 2941 in
758 2907 924 2952 injuriam
944 2906 1093 2951 alicujus
1113 2906 1217 2940 liunt:
1241 2917 1347 2951 quam
1372 2907 1516 2951 quidem
1538 2907 1772 2940 intentionem
