1859 3122
405 188 625 224 QUAEs‘no
660 187 807 218 chm.
840 186 1083 216 ARTICULus
1117 185 1290 215 umens.
1532 185 1611 227 933

56 271 232 306 rudicin'a:
259 269 489 304 Andronicus
512 270 620 304 etiam
644 269 739 311 dicit,
767 268 863 315 quod
890 267 1085 302 familiares
1106 266 1365 312 temperantiae
1392 273 1490 300 sunt:
1514 270 1618 300 austa-

55 326 147 367 rihls,
163 325 373 366 continentia,
393 324 570 365 humilium,
589 323 794 369 simplicum,
814 327 962 363 ornatus,
987 322 1071 355 bona
1095 320 1275 363 ordinatio,
1288 327 1347 367 per
1364 332 1392 354 sa
1408 320 1615 366 sufficienti&

52 378 192 412 videtur
214 389 301 423 ergo
323 376 579 411 insufficienter
602 376 744 411 Tullius
766 386 996 410 enumerasse
1017 374 1276 421 temperantiae
1298 382 1426 420 parteS.

124 431 352 466 Respoxmzo
381 430 586 472 dicendum,
614 430 722 476 quod,
750 430 841 464 sicut
864 440 969 475 supra
992 429 1128 462 dictum
1155 436 1208 462 est
1233 428 1280 473 (q.
1307 428 1362 472 48.
1385 433 1413 462 et
1434 427 1536 472 128),
1559 426 1618 461 ali-

54 485 153 529 cujus
179 484 318 518 virtutis
345 483 535 517 cardinalis
563 484 704 529 triplices
725 491 842 529 partes
864 494 941 517 esse
964 489 1131 528 possunt3
1154 481 1309 516 scilicet:
1338 482 1522 527 integrales,
1546 483 1618 516 sub-

54 539 202 580 factivae,
218 546 252 572 et
260 537 467 583 potentiale&
485 544 519 570 et
534 537 699 570 dicuntur
714 544 830 582 partes
844 535 1037 581 integrales
1055 535 1206 580 alicujus
1220 534 1358 568 virtutis
1378 535 1617 576 conditiones,

53 603 140 638 quas
161 602 309 625 necesse
332 599 385 624 est
403 601 618 624 concurrere
642 590 685 624 ad
706 591 894 624 virtutem:
917 598 952 624 et
973 589 1173 623 secundum
1195 588 1266 622 hoc
1289 596 1370 622 sunt
1392 588 1482 622 duae
1498 596 1616 634 partes

53 644 244 691 integrales
266 644 545 690 temperantiae3
569 643 724 678 scilicet:
743 643 953 685 verecundia,
971 654 1032 689 per
1047 654 1156 689 quam
1173 642 1300 688 aliquis
1318 641 1450 687 refugit
1470 642 1617 688 turpitu-

54 699 175 741 dinem
195 698 456 744 temperantiae
484 697 720 739 contrariam,
743 705 777 731 et
798 697 953 738 honestas,
978 707 1040 742 per
1061 707 1169 741 quam
1198 695 1336 730 scilicet
1363 695 1491 741 aliquis
1520 703 1618 729 amat

54 752 357 799 pulchritudinem
379 751 657 797 temperantiae:
680 762 777 792 nam,
796 750 888 784 sicut
909 762 950 784 ex
973 750 1075 784 dictis
1095 757 1192 795 patet
1209 750 1256 795 (q.
1277 760 1346 793 141.
1367 755 1431 784 art.
1445 761 1475 784 2.
1491 749 1543 783 ad.
1559 750 1618 795 3.)‚

54 806 244 852 praecipue
263 804 500 850 temperantia
520 804 611 837 inter
625 803 773 837 virtutes
791 803 949 837 vindicat
967 803 1034 837 sibi
1055 802 1250 848 quemdam
1273 803 1457 844 decorem,
1480 810 1513 836 et
1531 802 1618 836 vitia

53 859 350 905 intemperantiae
372 858 530 892 maxime
557 857 814 903 turpitudinem
843 857 985 890 habent.
1014 856 1137 890 Partes
1165 864 1285 890 autem
1312 856 1530 901 subjectivae
1559 855 1620 890 ali-

55 913 155 958 cujus
176 913 314 946 virtutis
336 912 501 946 dicuntur
522 911 660 957 species
687 912 779 956 ejus:
808 918 951 956 oportet
977 917 1098 943 autem
1125 909 1366 944 diversificare
1390 910 1527 955 species
1553 910 1621 943 vir-

53 974 170 1000 tutum
197 965 397 1000 secundum
424 965 667 999 diversitatem
694 963 877 1004 materiae,
904 962 963 997 vel
989 962 1138 1008 objecti:
1162 971 1215 997 est
1236 971 1358 996 autem
1379 963 1619 1009 temperantia

55 1019 150 1053 circa
172 1018 430 1053 delectationes
451 1025 578 1059 tactus,
598 1028 688 1063 quae
711 1016 917 1050 dividuntur
930 1016 967 1050 in
986 1016 1048 1050 duo
1066 1027 1219 1061 genera:
1242 1027 1328 1050 nam
1349 1016 1509 1062 quaedam
1529 1017 1620 1051 ordi-

55 1081 185 1107 nantur
207 1072 250 1106 ad
272 1073 554 1106 nutrimentum:
580 1078 614 1104 et
634 1070 670 1104 in
693 1070 748 1103 his
775 1077 950 1115 quantum
973 1069 1016 1102 ad
1039 1069 1161 1103 cibum
1184 1077 1237 1104 est
1257 1069 1489 1112 abstinentia3
1513 1082 1621 1116 quan-

54 1134 132 1160 tum
155 1133 276 1160 autem
299 1125 341 1158 ad
363 1132 489 1170 potum
512 1123 653 1170 proprie
675 1123 868 1166 sobrietas:
892 1122 1053 1169 quaedam
1073 1133 1159 1157 vero
1183 1123 1394 1158 ordinantur
1409 1123 1452 1157 ad
1466 1124 1542 1158 vim
1563 1136 1622 1170 ge-

54 1179 274 1220 nerativam;
297 1185 331 1212 et
351 1178 387 1211 in
409 1177 463 1211 his
486 1185 660 1223 quantum
679 1176 723 1210 ad
739 1176 1017 1211 delectationem
1040 1177 1277 1223 principalem
1298 1177 1408 1224 ipsius
1431 1178 1546 1212 coitus
1569 1186 1622 1213 est

55 1234 198 1268 castitas:
228 1239 402 1278 quantum
425 1239 545 1265 autem
568 1230 611 1264 ad
634 1229 892 1264 delectationes
921 1231 1205 1273 circumstantes,
1236 1239 1321 1277 puta
1351 1243 1442 1278 quae
1472 1240 1555 1266 sunt
1584 1232 1621 1266 in

56 1285 200 1327 osculis,
215 1285 379 1326 tactibus,
395 1291 430 1318 et
448 1283 682 1330 amplexibus,
705 1284 898 1318 attenditur
918 1284 1100 1330 pudicitia.
1120 1285 1244 1319 Partes
1263 1293 1384 1319 autem
1405 1285 1621 1332 potentiales

56 1338 206 1384 alicujus
225 1338 364 1372 virtutis
386 1336 592 1384 principalis
611 1337 778 1371 dicuntur
798 1337 947 1372 virtutes
961 1338 1206 1381 secundariae,
1223 1350 1314 1384 quae
1329 1339 1493 1381 modum,
1512 1350 1621 1385 quem

57 1391 263 1439 principalis
292 1392 403 1425 virtus
438 1391 604 1425 observat
632 1391 727 1441 circa
757 1391 916 1437 aliquam
946 1391 1181 1438 principalem
1212 1393 1414 1435 materiam,
1450 1393 1619 1427 eumdem

59 1447 251 1480 observant
269 1447 303 1479 in
323 1444 537 1490 quibusdam
560 1444 636 1478 aliis
658 1445 829 1486 materiis,
851 1445 887 1478 in
909 1445 1036 1490 quibus
1057 1457 1132 1478 non
1151 1453 1203 1479 est
1220 1445 1268 1480 ita
1284 1445 1444 1480 difficile:
1467 1447 1623 1493 pertinet

60 1507 180 1533 autem
204 1499 247 1532 ad
268 1497 547 1543 temperantiam
566 1498 747 1531 moderari
769 1497 1025 1532 delectationes
1040 1506 1168 1540 tactus,
1187 1511 1274 1545 quas
1294 1499 1547 1534 difficillimum
1569 1508 1623 1534 est

58 1552 256 1586 moderari:
292 1551 385 1584 unde
415 1561 665 1596 quaecumque
692 1551 803 1584 virtus
831 1551 1122 1586 moderationem
1155 1553 1349 1598 quamdam
1385 1562 1553 1600 operatur
1585 1553 1621 1587 in

58 1605 177 1651 aliqua
199 1604 360 1645 materia,
383 1612 417 1638 et
438 1603 741 1638 refraenationem
769 1605 944 1650 appetitus
966 1604 1002 1638 in
1025 1604 1159 1651 aliquid
1185 1606 1375 1648 tendentis,
1397 1607 1483 1652 poni
1504 1615 1623 1653 potest

58 1670 138 1705 pars
159 1657 431 1702 temperantiae,
448 1657 539 1691 sicut
555 1657 665 1690 virtus
689 1657 721 1691 ei
742 1658 928 1703 adjuncta3
950 1659 1047 1704 quod
1069 1659 1215 1705 quidem
1238 1660 1415 1706 contingit
1432 1661 1620 1707 tripliciter:

58 1711 234 1747 utromodo
256 1711 291 1744 in
314 1711 542 1744 interioribus
569 1711 727 1744 motibus
755 1712 883 1746 animi:
912 1712 978 1746 alio
1005 1713 1099 1746 modo
1126 1713 1163 1746 in
1189 1713 1425 1748 exterioribus
1451 1714 1621 1757 motibus,

59 1773 94 1800 et
115 1765 251 1799 actibus
273 1764 453 1810 corporis:
483 1765 576 1799 turtio
603 1764 696 1798 modo
718 1765 754 1798 in
778 1766 1010 1800 exterioribus
1031 1766 1148 1801 rebus.
1169 1767 1315 1801 Praeter
1336 1776 1478 1801 motum
1501 1776 1621 1802 autern

59 1818 388 1864 concupiscentiae,
411 1829 519 1863 quem
542 1818 760 1860 moderatur,
783 1826 818 1852 et
839 1818 1016 1854 refraenat
1036 1820 1285 1866 temperantia,
1305 1825 1368 1855 tres
1386 1829 1506 1855 motus
1528 1823 1622 1855 inve-

58 1873 203 1907 niuntur
224 1872 259 1905 in
283 1872 403 1905 anima
429 1871 465 1904 in
492 1870 624 1917 aliquid
651 1871 857 1906 tendentes:
882 1874 1013 1919 primus
1040 1873 1185 1919 quidem
1215 1882 1267 1908 est
1296 1882 1418 1908 motus
1443 1875 1623 1909 voluntatis

59 1932 267 1960 commotae
290 1936 331 1959 ex
352 1925 490 1970 impetu
512 1925 706 1970 passionis3
730 1933 762 1959 et
783 1925 879 1959 hunc
902 1934 1044 1960 motum
1065 1926 1243 1962 refraenat
1261 1930 1472 1971 continentia,
1493 1939 1533 1962 ex
1553 1940 1622 1974 qua

59 1979 108 2021 fit,
129 1987 168 2013 ut
189 1978 272 2012 licet
293 1979 408 2012 homo
430 1978 690 2012 immoderatas
713 1979 1024 2024 concupiscentias
1045 1980 1210 2026 patiatur,
1225 1980 1393 2015 voluntas
1410 1989 1532 2016 tamen
1547 1993 1621 2016 non

58 2033 237 2066 vincatur:
259 2031 343 2066 alias
365 2039 485 2065 autem
501 2039 620 2065 motus
637 2031 790 2066 exterior
804 2032 839 2065 in
855 2031 988 2078 aliquid
1009 2033 1172 2075 tendens,
1191 2042 1244 2068 est
1259 2042 1379 2068 motus
1392 2036 1460 2081 spei
1475 2043 1508 2069 et
1523 2035 1624 2070 auda-

59 2087 139 2128 ciae,
155 2096 246 2131 quae
264 2085 381 2130 ipsam
396 2084 648 2130 consequitur;
667 2092 702 2118 et
714 2085 810 2118 hunc
829 2093 972 2119 motum
993 2086 1212 2130 moderatur,
1231 2088 1305 2122 sive
1324 2087 1502 2123 refraenat
1519 2089 1624 2123 humi-

60 2139 148 2174 litas:
171 2139 284 2173 tertius
305 2146 426 2172 autem
448 2145 568 2171 motus
587 2145 640 2171 est
660 2139 731 2172 irae
750 2138 901 2172 tendens
923 2140 959 2172 in
980 2139 1189 2183 vindictam,
1208 2151 1316 2187 quem
1336 2141 1513 2176 refraenat
1531 2154 1622 2177 man-

59 2191 205 2234 suetudo,
220 2191 294 2225 sive
309 2190 512 2225 clementia.
530 2190 637 2225 Circa
649 2198 768 2225 motus
784 2199 916 2234 autem,
932 2200 966 2226 et
981 2200 1080 2226 actus
1096 2193 1303 2240 corporales
1319 2195 1622 2237 moderationem,

62 2253 96 2280 et
116 2245 419 2279 refraenationem
437 2244 521 2278 facit
536 2244 705 2286 modestia,
722 2256 831 2291 quam
850 2246 1079 2281 Andronicus
1095 2248 1129 2281 in
1149 2249 1215 2282 tria
1234 2247 1378 2291 dividit3
1402 2249 1445 2282 ad
1467 2260 1623 2295 quorum

59 2299 207 2345 primum
226 2298 379 2344 pertinet
398 2297 610 2339 discernere,
626 2298 709 2344 quid
728 2299 772 2332 sit
792 2298 1009 2341 faciendum,
1033 2308 1067 2334 et
1088 2301 1171 2346 quid
1195 2301 1460 2344 dimittendum,
1483 2310 1517 2336 et
1538 2302 1623 2348 quid

63 2363 133 2398 quo
161 2352 285 2385 ordine
307 2351 351 2385 sit
374 2351 566 2396 agendum,
593 2359 627 2385 et
656 2351 691 2385 in
720 2351 792 2386 hoc
821 2351 970 2386 firmiter
996 2354 1201 2399 persistere3
1225 2362 1259 2388 et
1280 2363 1454 2400 quantum
1482 2355 1525 2389 ad
1550 2355 1622 2389 hoc

62 2405 162 2451 ponit
189 2406 308 2439 bonam
335 2404 589 2444 ordinationem;
618 2404 709 2438 aliud
730 2413 850 2439 autem
873 2414 936 2447 est,
963 2407 1059 2452 quod
1080 2407 1195 2441 homo
1217 2407 1253 2441 in
1276 2419 1319 2442 eo
1343 2408 1439 2453 quod
1461 2408 1545 2454 agit,
1568 2408 1626 2442 de-

63 2458 219 2492 centiam
242 2458 425 2498 observet3
449 2465 483 2491 et
501 2465 674 2502 quantum
690 2458 733 2492 ad
755 2458 825 2492 hoc
840 2459 941 2505 ponit
956 2465 1123 2494 ornatam·
1144 2463 1276 2495 tertiam
1292 2469 1412 2495 autem
1429 2469 1481 2495 est
1498 2462 1535 2495 in
1554 2461 1624 2496 col-

63 2511 193 2557 loquiis
216 2511 429 2551 amicorum,
445 2509 502 2544 vel
523 2511 808 2558 quibuscumque
829 2512 923 2555 aliis;
947 2521 981 2547 et
1002 2522 1176 2559 quantum
1200 2515 1243 2548 ad
1265 2515 1335 2548 hoc
1359 2515 1503 2559 ponitur
1525 2520 1622 2549 austa-

62 2566 154 2599 r‘itas.
179 2564 286 2598 Circa
313 2564 489 2597 exteriora
515 2575 601 2597 vero
623 2565 740 2610 duplex
761 2566 962 2600 moderatio
978 2575 1031 2600 est
1045 2567 1265 2601 adhibenda:
1283 2569 1395 2613 primo
1412 2568 1569 2613 quidem,
1586 2576 1625 2602 ut

64 2617 241 2663 superflua
259 2628 333 2651 non
352 2617 595 2662 requirantur,
615 2625 649 2651 et
668 2626 838 2664 quantum
859 2619 902 2652 ad
923 2619 993 2653 hoc
1011 2620 1154 2665 ponitur
1175 2632 1193 2654 a
1208 2621 1395 2654 Macrobio
1414 2622 1573 2667 parcitas,
1591 2630 1625 2655 et

65 2672 106 2704 ab
121 2670 332 2704 Andronico
353 2676 413 2715 per
429 2682 458 2703 se
478 2670 683 2716 §afficiuntur-
698 2671 835 2706 secundo
854 2684 953 2714 vero,
970 2681 1007 2706 ut
1028 2673 1142 2707 homo
1165 2684 1237 2707 non
1260 2673 1367 2707 nimis
1387 2674 1559 2720 exquisita
1575 2686 1626 2708 re-

65 2724 198 2770 quirat3
221 2731 255 2756 et
277 2731 451 2768 quantum
473 2723 516 2756 ad
538 2723 608 2757 hoc
636 2725 737 2769 ponit
762 2725 968 2759 Macrobius
996 2726 1259 2768 moderationmz,
1283 2727 1514 2761 Andronicus
1536 2739 1623 2762 vero

63 2777 317 2822 simplicitatem.

137 2829 197 2863 AD
218 2839 368 2863 PRIMUM
390 2840 476 2875 ergo
503 2829 708 2872 dicendum,
737 2831 834 2877 quod
864 2832 1084 2867 continentia
1111 2832 1228 2867 differt
1257 2833 1403 2879 quidem
1434 2844 1452 2866 a
1481 2833 1624 2876 virtute,

67 2883 158 2917 sicut
178 2881 431 2928 imperfectum
454 2893 473 2915 a
494 2882 666 2928 perfecto,
688 2892 726 2918 ut
746 2884 838 2918 infra
860 2885 997 2919 dicetur
1018 2885 1063 2932 (q.
1086 2897 1145 2932 155.
1173 2891 1238 2921 art.
1261 2888 1328 2932 I.)‚·
1359 2894 1393 2920 et
1418 2886 1490 2920 hoc
1512 2887 1624 2921 modo

214 2963 242 2990 S.
263 2963 385 2990 Tuosne
407 2963 511 2990 Summa
530 2964 690 3000 Theologica.
711 2966 775 2992 Vol.
797 2966 849 2992 ΙΙΙ.
1452 2968 1484 2994 60
