1859 3122
428 215 646 251 QUAESTIO
680 215 887 246 CLXXXIII.
921 216 1165 246 ARTICULUS
1198 216 1258 246 111.
1514 205 1623 261 1187

626 368 969 413 ARTICULUS
1005 369 1083 412 III.
1558 381 1627 417 866

331 476 482 506 UTRUM
509 477 681 507 OFFICIA
709 477 1068 507 DISTINGUANTUR
1098 478 1174 507 PER
1202 477 1357 507 ACTUS.

136 564 196 598 AD
219 574 390 598 TERT1UM
412 564 461 598 sic
485 565 701 610 proceditur.
723 564 885 607 Videtur,
909 565 1005 610 quod
1028 564 1146 599 officia
1172 576 1246 599 non
1273 565 1540 611 distinguantur
1560 577 1623 612 per

66 625 183 652 actus:
207 626 288 651 sunt
310 618 404 651 enim
429 618 587 652 infinitae
610 618 831 652 diversitates
857 618 1102 652 humanorum
1131 627 1277 652 actuum
1303 627 1377 652 tarn
1404 619 1439 653 in
1466 620 1627 665 spiritua-

65 671 168 712 libus,
183 682 291 717 quam
307 673 342 704 in
357 672 632 717 temporalibus:
648 672 708 706 sed
724 671 947 706 infinitorum
969 683 1042 705 non
1066 680 1184 717 potest
1205 683 1283 706 esse
1303 681 1399 706 certa
1422 673 1623 715 distinctio,

65 735 153 770 ergo
175 736 237 771 per
258 725 480 759 diversitates
507 733 652 759 actuum
679 736 752 759 non
779 733 898 771 potest
924 736 1002 760 esse
1027 726 1272 759 humanorum
1300 725 1504 760 officiorum
1526 733 1623 761 certa

66 778 259 813 distinctio.

137 843 168 866 2.
189 832 425 867 PRAETEREA.
447 832 531 866 Vita
550 833 678 874 activa,
701 840 735 867 et
757 832 1039 878 contemplativa
1062 833 1264 867 secundum
1287 841 1386 867 actus
1402 833 1625 879 distinguun—

65 894 132 928 tur,
154 894 193 920 ut
213 886 348 919 dictum
372 894 425 920 est
448 885 493 932 (q.
516 898 587 932 179.
611 892 675 920 art.
696 886 755 930 1.).·
779 887 839 920 sed
863 886 932 920 alia
954 886 1093 920 videtur
1115 897 1192 920 esse
1215 886 1397 921 distinctio
1420 886 1625 922 officiorum

67 951 86 973 a
112 939 342 974 distinctione
367 939 542 981 vitarum3
563 950 637 973 non
661 951 747 985 ergo
770 939 889 973 officia
911 940 1176 986 distinguuntur
1198 951 1260 985 per
1282 948 1393 974 actus.

140 1005 167 1039 3.
189 993 425 1027 PRAETEREA.
450 993 606 1028 Ordines
628 994 737 1027 etiam
760 993 1006 1034 ecclesiastici,
1029 1001 1064 1026 et
1084 1000 1206 1034 status,
1230 1001 1264 1028 et
1286 994 1415 1039 gradus
1441 1004 1504 1038 per
1526 1001 1625 1028 actus

65 1047 236 1092 distingui
256 1046 440 1088 videntur3
462 1047 491 1080 si
513 1058 600 1091 ergo
615 1046 735 1080 officia
753 1047 1016 1091 distinguantur
1026 1058 1089 1092 per
1104 1054 1215 1087 actus,
1238 1045 1377 1080 videtur
1398 1048 1510 1092 sequi,
1529 1047 1626 1093 quod

66 1100 194 1134 eadem
215 1100 260 1134 sit
280 1100 461 1134 distinctio
480 1099 696 1141 officiorum,
715 1100 904 1145 graduum,
923 1107 957 1133 et
975 1108 1149 1134 statuum:
1172 1100 1242 1133 hoc
1266 1108 1387 1134 autem
1406 1109 1458 1134 est
1475 1099 1626 1142 falsum;

66 1154 148 1199 quia
174 1153 417 1188 diversimode
438 1154 475 1187 in
496 1164 577 1187 suas
600 1161 716 1198 partes
739 1153 963 1195 dividuntur3
989 1164 1063 1186 non
1091 1164 1177 1198 ergo
1204 1153 1356 1195 videtur,
1383 1154 1480 1199 quod
1507 1153 1628 1188 officia

66 1207 331 1253 distinguantur
352 1218 414 1251 per
435 1214 546 1240 actus.

138 1260 212 1295 SED
227 1271 381 1295 CONTRA
400 1268 464 1301 est,
483 1260 580 1306 quod
602 1260 683 1294 Isid.
705 1260 741 1293 in
763 1259 823 1293 lib.
846 1258 878 1294 6.
897 1259 1016 1305 Etym.
1039 1259 1128 1306 (cap.
1146 1260 1196 1294 18.
1219 1261 1254 1294 in
1270 1260 1400 1306 princ.)
1420 1260 1515 1301 dicit,
1531 1260 1627 1306 quod

68 1328 85 1346 ι(
105 1313 267 1348 officium
289 1313 331 1347 ab
355 1312 544 1348 efficiendo
561 1321 612 1348 est
628 1313 775 1355 dictum,
791 1313 893 1359 quasi
908 1312 1077 1354 efficium,
1093 1321 1238 1359 propter
1252 1313 1424 1347 decorem
1438 1314 1627 1356 sermonis,

67 1379 138 1401 una
155 1375 293 1401 mutata
311 1367 428 1401 littera
442 1380 481 1402 »ε
500 1367 563 1401 sed
578 1366 720 1401 efficere
738 1367 893 1412 pertinet
915 1367 958 1400 ad
980 1366 1181 1408 actionem3
1196 1377 1283 1412 ergo
1303 1366 1422 1401 officia
1444 1378 1507 1412 per
1526 1375 1625 1401 actus

66 1421 342 1466 distinguuntur.

138 1474 368 1509 RESPONDEO
395 1473 601 1515 dicendum,
628 1467 736 1520 quod,
764 1473 856 1508 sicut
882 1473 1019 1507 dictum
1046 1481 1099 1507 est
1126 1475 1204 1516 (art.
1227 1475 1368 1520 praec),
1390 1473 1576 1508 diversitas
1590 1474 1626 1508 in

67 1528 239 1563 membris
261 1526 445 1561 Ecclesiae
464 1528 507 1561 ad
529 1529 597 1562 tria
615 1527 817 1570 ordinatur3
836 1526 1048 1561 scilicet:ad
1058 1527 1304 1572 perfectionem,
1324 1529 1498 1568 actionem,
1523 1535 1557 1562 et
1575 1527 1628 1562 de-

67 1593 190 1621 rorem;
210 1588 244 1615 et
257 1580 458 1615 secundum
480 1580 570 1614 haec
592 1582 658 1614 tria
681 1581 803 1627 triplex
824 1580 1004 1614 distinctio
1021 1580 1235 1614 diversitatis
1257 1579 1417 1614 fidelium
1434 1581 1549 1626 accipi
1566 1592 1628 1626 po-

67 1643 150 1669 test:
173 1646 240 1668 una
258 1634 402 1680 quidem
425 1645 488 1680 per
508 1641 712 1680 respectum
731 1634 775 1668 ad
790 1633 1070 1680 perfectionem3
1094 1642 1128 1667 et
1145 1633 1346 1667 secundum
1360 1633 1431 1667 hoc
1453 1634 1627 1679 accipitur

67 1687 267 1722 differentia
288 1695 458 1729 statuum,
480 1695 586 1733 prout
607 1687 753 1733 quidam
775 1695 857 1720 sunt
879 1686 956 1720 aliis
979 1686 1228 1732 perfectiores:
1249 1687 1316 1720 alia
1337 1698 1422 1720 vero
1445 1687 1626 1721 distinctio

9 1746 11 1757 ¹
68 1741 239 1788 accipitur
262 1752 323 1787 per
344 1748 548 1786 respectum
568 1741 611 1774 ad
627 1741 828 1782 actionem,
852 1748 886 1774 et
906 1741 982 1774 haec
1004 1745 1047 1774 est
1068 1740 1231 1774 distinctio
1247 1740 1442 1786 officiorum,
1462 1740 1628 1774 dicuntur

10 1826 11 1830 ,
68 1795 164 1829 enim
191 1795 227 1828 in
255 1794 402 1828 diversis
430 1793 556 1828 officiis
588 1805 676 1836 esse,
704 1796 765 1840 qui
793 1802 876 1828 sunt
902 1794 946 1827 ad
973 1793 1132 1827 diversas
1160 1793 1320 1827 actiones
1351 1793 1526 1839 deputati:
1558 1794 1629 1828 alia

68 1856 190 1882 autem
211 1859 274 1894 per
294 1856 499 1893 respectum
518 1847 561 1881 ad
583 1847 748 1881 ordinem
767 1846 1042 1893 pulchritudinis
1061 1845 1348 1888 ecclesiasticae,
1372 1854 1406 1880 et
1426 1847 1627 1881 secundum

67 1902 138 1936 hoc
165 1901 339 1947 accipitur
365 1900 565 1934 differentia
592 1900 780 1946 graduum,
804 1908 910 1946 prout
935 1899 1073 1934 scilicet
1095 1900 1204 1933 etiam
1230 1900 1266 1933 in
1293 1900 1424 1934 eodem
1451 1908 1544 1934 statu
1570 1900 1628 1934 vel

68 1955 188 1990 officio
211 1966 302 1988 unus
324 1963 376 1988 est
395 1954 466 1988 alio
488 1955 671 2000 superior3
694 1954 788 1988 unde
807 1962 841 1988 et
862 1954 898 1987 in
920 1955 977 1988 Ps.
999 1964 1056 1999 47.
1075 1954 1204 1988 dicitur
1225 1954 1427 1988 secundum
1447 1954 1555 1988 aliam
1572 1953 1627 1987 lit-

67 2017 182 2043 teram
200 2008 322 2053 (LXX.
344 2008 531 2053 Interpr.):
555 2008 646 2042 Deus
667 2009 700 2041 in
716 2007 873 2052 gradihus
894 2009 961 2053 ejus
982 2013 1199 2052 cognoscetur.

139 2062 199 2096 AD
214 2071 363 2096 PRIMUM
377 2072 464 2106 ergo
479 2061 684 2102 dicendum,
696 2061 792 2106 quod
808 2060 1003 2095 materialis
1019 2061 1204 2095 diversitas
1219 2060 1464 2094 humanorum
1479 2069 1626 2095 actuum

17 2131 18 2134 ¹
70 2122 124 2150 est
144 2114 301 2156 infinita3
324 2122 359 2148 et
378 2114 578 2148 secundum
599 2114 692 2147 hanc
714 2125 789 2148 non
815 2114 1080 2160 distinguuntur
1103 2113 1233 2155 officia,
1256 2114 1317 2148 sed
1339 2114 1539 2148 secundum
1559 2114 1627 2148 for—

69 2167 205 2202 malem
226 2167 481 2208 diversitatem,
509 2178 600 2212 quae
627 2167 800 2212 accipitur
825 2168 1026 2201 secundum
1048 2167 1206 2201 diversas
1232 2167 1370 2213 species
1398 2175 1554 2209 actuum,
1576 2179 1628 2202 se-

70 2221 230 2255 cundum
251 2232 360 2266 quarn
381 2228 481 2254 actus
502 2220 662 2254 hominis
683 2232 757 2254 non
775 2229 857 2254 sunt
877 2220 1016 2254 infiniti.

141 2275 200 2308 AD
227 2284 434 2308 SECUNDUM
460 2273 665 2315 dicendum,
692 2274 788 2319 quod
815 2274 888 2307 vita
910 2274 1038 2307 dicitur
1065 2274 1247 2316 absolute3
1276 2282 1311 2308 et
1335 2274 1418 2308 ideo
1441 2274 1626 2308 diversitas

69 2328 225 2362 vitarum
236 2327 409 2372 accipitur
423 2326 621 2361 secundum
637 2327 797 2361 diversos
819 2334 930 2368 actus,
945 2328 1006 2373 qui
1020 2327 1241 2361 conveniunt
1261 2327 1403 2361 homini
1427 2328 1626 2361 secundum

11 2414 13 2416 ,
70 2381 247 2427 seipsum:
270 2380 332 2414 sed
355 2379 557 2421 efficientia,
580 2391 600 2414 a
621 2391 691 2425 qua
712 2380 863 2414 sumitur
883 2391 1020 2414 nomen
1042 2380 1162 2422 officii,
1185 2388 1223 2414 ut
1249 2381 1385 2414 dictum
1407 2388 1460 2414 est
1483 2380 1533 2424 (in
1554 2392 1626 2426 arg.

69 2434 121 2470 sed
142 2439 227 2469 cont.
226 2433 258 2478 )‚
281 2433 454 2478 importat
476 2433 658 2467 actionem
676 2432 883 2467 tendentem
906 2433 943 2466 in
965 2433 1072 2476 aliud,
1094 2442 1133 2467 ut
1154 2433 1283 2467 dicitur
1308 2433 1345 2466 in
1370 2445 1402 2479 9.
1424 2434 1626 2479 Metaphys.

71 2488 151 2533 (tex.
176 2487 262 2532 16.);
287 2494 322 2520 et
338 2486 420 2520 ideo
437 2485 557 2520 officia
574 2486 838 2531 distinguuntur
856 2487 998 2532 proprie
1013 2487 1212 2520 secundum
1227 2494 1338 2527 actus,
1353 2487 1414 2532 qui
1428 2485 1628 2520 referuntur

14 2562 15 2568 κ
72 2541 115 2575 ad
138 2540 247 2575 alios:
270 2540 362 2574 sicut
382 2540 511 2574 dicitur
533 2540 661 2573 doctor
685 2539 818 2574 habere
845 2539 1018 2581 officium,
1044 2539 1103 2573 vel
1122 2539 1247 2584 judex:
1270 2547 1305 2573 et
1325 2539 1375 2573 sic
1402 2539 1445 2573 de
1468 2539 1566 2581 aliis;
1593 2547 1628 2574 et

71 2595 153 2629 ideo
176 2593 333 2628 Isidorus
352 2593 438 2627 dicit
452 2593 531 2637 (loc.
545 2599 614 2639 sup.
636 2593 709 2637 cit.)
732 2593 827 2639 quod
845 2606 863 2625 «
878 2592 1036 2626 officium
1054 2601 1118 2634 est,
1133 2600 1170 2626 ut
1188 2592 1337 2638 quisque
1351 2591 1413 2626 illa
1428 2600 1522 2637 agat,
1536 2604 1627 2638 quae

14 2653 18 2655 “
71 2648 164 2682 nulli
185 2646 355 2689 officiant,
376 2647 467 2680 idest
486 2654 654 2688 noceant,
676 2647 736 2680 sed
758 2648 897 2692 prosint
915 2646 1093 2680 omnibus.

142 2701 202 2735 AD
234 2710 405 2734 TERTIUM
431 2699 637 2741 dicendum,
664 2700 760 2745 quod
787 2700 973 2733 diversitas
994 2704 1152 2741 statuum,
1180 2699 1374 2744 officiorum,
1403 2706 1438 2732 et
1461 2698 1626 2744 graduum

71 2754 271 2788 secundum
294 2753 434 2786 diversa
455 2753 618 2794 sumitur,
640 2757 679 2786 ut'
699 2753 835 2786 dictum
858 2760 910 2786 est
931 2753 1014 2797 (art.
1037 2764 1064 2786 Ι.
1087 2752 1154 2796 huj.
1177 2763 1206 2796 q.
1229 2751 1270 2785 ad
1294 2751 1356 2797 3.),·
1379 2751 1555 2797 contingit
1576 2759 1625 2785 ta-

73 2818 169 2848 men,
191 2807 288 2853 quod
309 2806 375 2840 ista
394 2807 460 2840 tria
480 2806 518 2839 in
540 2806 671 2839 eodem
693 2814 925 2840 concurrant:
944 2813 1028 2851 puta
1051 2816 1134 2838 cum
1156 2804 1283 2850 aliquis
1301 2804 1490 2850 deputatur
1508 2804 1551 2837 ad
1567 2804 1626 2837 ati-

12 2871 23 2892 ’,
73 2871 183 2906 quem
205 2867 325 2894 actum
348 2858 525 2900 altiorem,
546 2858 655 2893 simul
676 2870 718 2892 ex
737 2858 809 2893 hoc
830 2859 940 2892 habet
961 2866 996 2892 et
1016 2857 1187 2900 officium,
1203 2865 1236 2892 et
1255 2858 1418 2903 gradum,
1433 2865 1468 2891 et
1481 2857 1628 2892 ulterius

74 2913 270 2960 quemdam
296 2911 526 2959 perfectionis
553 2919 685 2946 statum
718 2919 864 2958 propter
896 2919 995 2946 actus
1023 2910 1298 2954 sublimitatem3
1332 2910 1424 2945 sicut
1455 2918 1553 2958 patet
1584 2910 1628 2946 de
