1859 3122
201 103 285 157 632
547 111 769 148 QUAESTIO
802 112 1012 143 LXXXVIII.
1045 113 1290 144 ARTICULUS
1321 115 1411 145 VIII.

268 194 327 228 Ao
343 203 513 228 TERTIUM
536 192 741 235 dicendum,
765 193 861 239 quod
883 193 1076 240 religiosus
1097 195 1258 230 subditus
1273 203 1326 230 est
1344 195 1505 242 praelato
1524 205 1699 244 quantum
1718 197 1763 232 ad

197 259 278 282 suas
301 247 528 293 operationes
551 246 750 280 secundum
771 246 1036 293 professionem
1057 247 1221 294 regulae3
1245 256 1280 283 et
1300 249 1382 283 ideo
1405 250 1548 285 etiarnsi
1565 250 1692 297 aliquis
1716 251 1760 286 ad

197 301 327 335 horam
349 300 482 345 aliquid
504 299 621 333 facere
642 299 766 345 possit,
789 300 934 345 quando
957 301 1001 334 ad
1023 301 1092 334 alia
1113 313 1188 336 non
1211 310 1409 348 occupatur
1431 314 1451 337 a
1472 304 1654 348 praelat03
1677 304 1763 350 quia

197 362 319 388 tamen
340 353 480 387 nullum
501 360 644 399 tempus
666 361 719 387 est
740 361 942 399 exceptum,
965 354 1000 387 in
1023 366 1094 400 quo
1116 354 1296 400 praelatus
1323 367 1397 390 non
1424 357 1538 402 possit
1558 369 1642 392 eum
1666 358 1763 392 circa

199 406 331 452 aliquid
359 417 548 452 occupare,
578 405 719 439 nullum
741 414 869 440 votum
894 406 1054 452 religiosi
1077 415 1129 442 est
1156 408 1312 450 firmum,
1341 409 1410 443 nisi
1436 409 1480 443 sit
1509 410 1552 444 de
1583 421 1763 445 consensu

196 459 366 506 praelati:
397 459 489 493 sicut
517 470 584 493 nec
605 467 733 493 votum
762 459 903 505 puellae
927 460 1110 495 existentis
1139 461 1176 494 in
1204 461 1329 504 domo,
1359 462 1428 496 nisi
1449 463 1494 497 sit
1515 463 1559 497 de
1581 475 1761 498 consensu

196 513 323 559 patris3
346 524 412 547 nec
435 513 566 555 uxoris,
588 513 657 546 nisi
678 513 722 546 sit
744 513 787 546 de
811 524 991 547 consensu
1013 513 1091 548 viri.

266 567 326 600 AD
354 576 541 605 QUARTUM
564 566 769 607 dicendum,
792 566 888 611 quod
915 565 999 600 licet
1024 574 1152 600 votum
1174 578 1313 609 eorum,
1335 568 1396 614 qui
1422 577 1504 603 sunt
1530 569 1675 605 alterius
1700 582 1761 617 po-

195 620 315 654 testati
335 620 475 661 subditi,
497 630 571 653 non
592 620 637 653 sit
657 619 803 653 firmum
821 619 897 653 sine
916 631 1095 654 consensu
1115 631 1253 662 eorum,
1273 621 1399 667 quibus
1414 622 1668 668 subjiciuntur3
1686 635 1762 658 non

195 681 317 707 tamen
338 681 490 718 peccant
511 674 698 715 vovend03
721 673 803 718 quia
825 673 862 706 in
885 683 1012 706 eorum
1033 682 1120 707 voto
1142 673 1354 720 intelligitur
1376 675 1494 710 debita
1509 676 1683 719 conditio,
1698 677 1763 711 sci-

195 727 280 761 licet
297 727 327 761 si
347 727 420 761 suis
442 726 685 772 superioribus
707 726 893 772 placuerit,
915 726 974 760 vel
995 738 1069 760 non
1091 727 1300 762 renitantur.

757 868 1102 913 ARTICULUS
1131 870 1209 913 IX.
1693 884 1761 930 478

198 977 350 1006 UTRUM
366 976 492 1006 PUERI
511 976 692 1006 POSSINT
710 976 834 1005 VOTO
855 978 901 1006 SE
920 977 1136 1007 OBLIGARE
1157 977 1215 1006 AD
1234 977 1482 1007 RELIGIONIS
1503 978 1759 1009 INGRESSUM.

413 1063 514 1108 (Insr.
538 1075 567 1109 q.
590 1064 663 1109 189.
683 1069 748 1098 art.
763 1076 792 1110 5.
815 1071 904 1110 corp.
926 1069 953 1098 et
974 1076 1006 1108 4.
1029 1065 1118 1099 Dist.
1141 1076 1194 1110 27.
1216 1077 1245 1110 ‹J-
1268 1076 1300 1099 2.
1323 1070 1385 1099 art.
1403 1077 1429 1111 3.
1452 1072 1543 1112 corp.

311 1122 338 1152 ut
358 1118 447 1151 Dist.
466 1117 516 1162 38.
539 1129 568 1162 t]-
590 1129 617 1151 1.
641 1122 704 1151 art.
726 1130 753 1152 I.
777 1129 805 1163 q.
825 1130 853 1164 3.
876 1123 904 1152 et
925 1124 1031 1164 opusc.
1054 1129 1103 1164 17.
1125 1125 1195 1164 cup.
1218 1130 1267 1153 12.
1291 1123 1320 1153 et
1341 1125 1414 1165 cap.
1436 1128 1481 1164 13.
1505 1119 1547 1153 ad
1563 1119 1646 1164 10).

267 1206 327 1240 AD
349 1217 490 1240 NONUM
512 1206 561 1240 sic
584 1206 800 1252 proceditur.
822 1206 984 1248 Videtur,
1008 1207 1104 1253 quod
1126 1206 1228 1252 pueri
1248 1217 1322 1240 non
1344 1206 1484 1252 possint
1503 1215 1591 1241 voto
1613 1218 1650 1242 se
1673 1207 1760 1242 obli-

196 1271 280 1306 gare
303 1260 346 1294 ad
368 1260 552 1305 religionis
574 1260 797 1305 ingressum:
821 1271 904 1294 cum
927 1261 1024 1294 enim
1047 1260 1090 1294 ad
1112 1268 1239 1294 votum
1265 1260 1464 1306 requiratur
1492 1261 1603 1294 animi
1629 1261 1760 1295 delibe-

196 1314 299 1355 ratio,
321 1324 395 1346 non
417 1314 591 1359 competit
611 1325 743 1347 vovere
763 1313 831 1347 nisi
844 1313 924 1355 illis,
940 1314 1001 1359 qui
1014 1314 1148 1347 habent
1162 1325 1265 1347 usum
1286 1313 1453 1348 rationis:
1473 1314 1534 1347 sed
1549 1314 1621 1348 hoc
1641 1314 1761 1349 deficit

195 1368 231 1401 in
257 1367 387 1412 pueris,
413 1367 505 1400 sicut
530 1375 564 1400 et
589 1367 625 1400 in
648 1367 862 1408 amentibus,
883 1366 942 1400 vel
965 1366 1128 1409 furiosi33
1155 1367 1248 1400 sicut
1270 1378 1360 1412 ergo
1384 1375 1557 1409 amentes,
1580 1375 1615 1401 et
1635 1367 1760 1402 furiosi

195 1432 269 1454 non
291 1427 440 1466 possunt
458 1431 495 1454 se
518 1420 561 1453 ad
584 1419 717 1465 aliquid
739 1429 825 1454 voto
849 1419 1090 1465 adstringere3
1117 1420 1165 1454 ita
1188 1420 1297 1453 etiarn
1318 1431 1385 1454 nec
1408 1420 1520 1466 pueri,
1542 1428 1581 1454 ut
1605 1420 1757 1463 videtur,

197 1482 347 1521 possunt
367 1485 404 1507 se
425 1482 512 1507 voto
533 1473 693 1517 obligare
717 1473 895 1519 religioni.

267 1538 298 1562 2.
320 1528 556 1561 PRAETEREA.
579 1526 670 1560 Illud
697 1527 793 1572 quod
816 1527 880 1560 rite
902 1534 1019 1572 potest
1040 1526 1082 1560 ab
1106 1526 1227 1572 aliquo
1254 1526 1342 1568 fieri,
1369 1538 1443 1560 non
1470 1534 1589 1572 potest
1615 1527 1658 1561 ab
1686 1527 1757 1562 alio

194 1581 323 1616 irritari
338 1593 344 1614 2
368 1581 430 1614 sed
451 1589 578 1614 votum
596 1580 782 1625 religionis
802 1591 820 1613 a
838 1591 963 1626 puero,
977 1579 1035 1613 vel
1050 1579 1168 1625 puella
1186 1578 1321 1613 factum
1338 1588 1419 1614 ante
1435 1591 1549 1614 annos
1563 1581 1760 1626 pubertatis

196 1642 316 1680 potest
337 1646 355 1667 a
378 1634 581 1679 parentibus
603 1634 778 1675 revocari,
799 1633 857 1667 vel
879 1645 898 1666 a
918 1641 1047 1675 tutore,
1063 1641 1101 1667 ut
1121 1633 1273 1666 habetur
1288 1643 1342 1667 20.
1358 1644 1390 1678 q.
1409 1643 1440 1666 2.
1472 1632 1590 1676 (Can.:
1606 1634 1759 1677 Puella);

196 1699 283 1734 ergo
304 1687 455 1729 videtur,
478 1688 574 1733 quod
595 1699 695 1733 puer,
716 1686 775 1721 vel
795 1686 915 1732 puella
937 1695 1018 1720 ante
1039 1686 1314 1732 quatuordecim
1337 1696 1451 1720 annos
1471 1697 1546 1720 non
1563 1687 1677 1732 possit
1692 1687 1759 1721 rite

198 1753 342 1775 vovere.

272 1806 300 1841 3.
323 1794 558 1828 PRAETEREA.
586 1793 817 1839 Religionem
844 1793 1057 1827 intrantibus
1085 1803 1199 1826 annus
1226 1792 1450 1838 probationis
1478 1792 1689 1827 conceditur
1711 1804 1760 1827 se-

197 1849 355 1883 cundum
376 1847 541 1893 regulam
563 1847 602 1881 Β,
619 1847 804 1881 Benedicti
818 1847 906 1893 (cap.
922 1846 1010 1890 68),
1028 1854 1061 1880 et
1076 1845 1277 1879 secundum
1292 1853 1465 1879 statutum
1480 1845 1684 1880 Innocentii
1697 1846 1758 1880 IV.

197 1901 248 1946 (id
268 1902 342 1936 hab.
362 1902 459 1936 allex.
480 1902 526 1935 H.
548 1902 638 1947 epist.
661 1901 716 1935 26.
740 1906 815 1934 tom.
838 1913 870 1947 9.
893 1900 1020 1935 Concil.
1043 1904 1071 1933 at
1093 1899 1166 1933 Inzb.
1190 1905 1260 1945 cap.
1285 1898 1476 1940 Consahlus,
1504 1910 1554 1944 17.
1576 1911 1606 1944 q.
1629 1901 1692 1945 2.),
1716 1900 1759 1933 ad

195 1955 266 1990 hoc
288 1954 384 2000 quod
407 1954 571 2000 probatio
594 1954 856 1999 obligationem
877 1955 953 1985 voti
974 1953 1184 1997 praecedat3
1208 1962 1294 1997 ergo
1316 1951 1482 1985 illicitum
1505 1952 1646 1986 videtur
1667 1963 1758 1994 esse,

196 2009 292 2054 quod
314 2008 412 2053 pueri
435 2016 522 2037 voto
545 2007 749 2049 obligentur
771 2004 814 2037 ad
836 2004 1052 2049 religionem
1075 2012 1156 2038 ante
1178 2005 1400 2049 probationis
1423 2016 1569 2038 annum.

269 2061 343 2090 SED
367 2067 532 2091 CONTRA.
554 2057 594 2090 Id
616 2057 711 2102 quod
734 2068 808 2090 non
835 2066 888 2091 est
914 2057 978 2090 rite
1006 2056 1155 2098 factum,
1184 2068 1257 2090 non
1288 2065 1340 2091 est
1368 2057 1541 2100 validum,
1572 2058 1713 2092 etiamsi
1739 2070 1759 2092 a

195 2109 296 2144 nullo
319 2118 524 2144 revocetur:
548 2110 609 2143 sed
631 2118 757 2143 votum
780 2110 921 2155 puellae
937 2110 1046 2144 etiam
1065 2118 1145 2144 ante
1162 2121 1275 2143 annos
1292 2111 1487 2155 pubertatis
1506 2111 1682 2146 emissum
1698 2123 1757 2146 va-

196 2164 310 2197 lidum
333 2172 395 2204 est,
418 2163 448 2196 si
468 2163 561 2196 intra
583 2174 718 2196 annum
747 2174 765 2196 a
792 2163 997 2208 parentibus
1024 2173 1098 2196 non
1125 2171 1326 2204 revocetur,
1349 2171 1388 2197 ut
1413 2163 1564 2198 habetur
1589 2174 1644 2199 20.
1667 2176 1700 2210 q.
1727 2175 1758 2199 2.

196 2216 301 2262 (Can.
319 2217 470 2257 Pztalla);
499 2227 586 2261 ergo
609 2215 717 2257 licite,
741 2225 774 2250 et
797 2217 862 2250 rite
885 2224 1036 2262 possunt
1058 2216 1159 2262 pueri
1180 2224 1266 2250 voto
1290 2216 1443 2262 obligari
1465 2217 1508 2250 ad
1531 2217 1758 2262 religionem,

198 2273 307 2306 etiam
328 2279 409 2305 ante
431 2282 545 2305 annos
567 2271 772 2316 pubertatis.

267 2325 496 2360 REspoxm-:o
520 2324 725 2365 dicendum,
748 2324 855 2369 quod,
878 2323 970 2358 sicut
991 2335 1033 2357 ex
1056 2334 1163 2369 supra
1184 2323 1287 2357 dictis
1312 2331 1410 2369 patet
1435 2324 1514 2367 (art.
1542 2334 1572 2370 7.
1599 2324 1668 2369 huj.
1695 2324 1756 2370 q.)‚

197 2380 315 2426 duplex
334 2387 386 2413 est
403 2386 548 2420 votum3
571 2377 727 2411 scilicet:
749 2377 884 2423 simplex
907 2385 940 2410 et
961 2377 1116 2416 solamne,-
1141 2384 1173 2410 et
1196 2377 1277 2422 quia
1299 2375 1511 2410 solemnitas
1532 2377 1608 2410 voti
1626 2378 1661 2411 in
1676 2389 1759 2423 qua-

196 2433 280 2466 darn
301 2431 476 2478 spirituali
497 2431 761 2474 benedictione,
784 2439 818 2464 et
840 2430 1115 2464 consecratione
1139 2430 1313 2471 consistit,
1335 2437 1374 2463 ut
1396 2430 1533 2464 dictum
1555 2438 1609 2464 est
1631 2431 1754 2476 (ibid),

197 2497 288 2532 quae
310 2486 348 2520 sit
368 2497 431 2531 per
452 2484 692 2518 ministerium
714 2483 909 2525 Ecclesiae,
932 2484 1014 2517 ideo
1036 2482 1287 2517 solemnizatio
1309 2483 1385 2517 voti
1403 2483 1466 2516 sub
1486 2483 1755 2528 dispensatione

196 2539 380 2573 Ecclesiae
407 2538 511 2572 cadit.
545 2537 682 2571 Votum
711 2545 831 2571 autem
858 2536 1010 2582 simplex
1040 2535 1239 2570 efficaciam
1270 2535 1378 2570 habet
1416 2548 1459 2570 ex
1497 2536 1756 2572 deliberatione

196 2593 318 2634 animi,
340 2604 409 2638 qua
431 2591 509 2638 quis
536 2602 572 2625 se
595 2590 755 2636 obligare
782 2590 950 2623 intendit:
979 2590 1074 2635 quod
1098 2597 1220 2623 autem
1241 2589 1321 2623 talis
1344 2588 1518 2635 obligatio
1543 2590 1653 2624 robur
1678 2601 1754 2625 non

195 2647 337 2687 habeat,
360 2646 536 2692 dupliciter
557 2653 675 2691 potest
697 2644 924 2688 contingere:
948 2655 1012 2677 uno
1036 2643 1181 2688 quidem
1207 2642 1302 2677 modo
1329 2651 1475 2688 propter
1497 2642 1677 2677 defectum
1703 2654 1754 2678 ra-

194 2700 319 2741 tionis,
341 2700 433 2734 sicut
454 2706 551 2744 patet
571 2699 607 2732 in
628 2697 782 2740 furiosis,
802 2705 836 2731 et
858 2697 893 2730 in
916 2696 1130 2737 amentibus,
1153 2696 1213 2742 qui
1235 2707 1272 2730 se
1293 2704 1380 2730 voto
1403 2707 1476 2730 non
1498 2704 1649 2742 possunt
1667 2696 1754 2730 obli-

195 2765 280 2797 gare
302 2753 345 2786 ad
369 2752 513 2798 aliquid,
532 2752 618 2786 dum
632 2759 714 2785 sunt
727 2751 764 2784 in
781 2749 884 2791 furia,
898 2749 956 2783 vel
975 2749 1151 2783 amentia:
1175 2749 1240 2783 alio
1260 2749 1368 2791 modo,
1388 2749 1471 2795 quia
1485 2749 1545 2784 ille
1560 2749 1620 2796 qui
1633 2757 1753 2791 vovet,

196 2815 248 2841 est
269 2806 412 2840 alterius
434 2805 600 2851 potestati
623 2805 813 2850 subjectus,
832 2812 870 2837 ut
898 2813 1003 2848 supra
1032 2802 1167 2836 dictum
1191 2810 1244 2836 est
1265 2802 1346 2847 (art.
1362 2803 1514 2848 praec.);
1538 2811 1572 2836 et
1591 2802 1659 2836 ista
1680 2802 1751 2837 duo
