1859 3122
221 161 306 202 226
636 170 856 206 QUAESTIO
889 169 1007 199 XXVI.
1042 170 1284 200 ARTICULUS
1317 171 1358 199 X.

219 253 379 286 animam
401 264 420 287 a
442 260 553 299 patre,
575 251 637 286 sed
658 263 722 298 per
744 252 966 286 creationem
988 263 1008 286 a
1028 252 1122 294 Deo,
1143 260 1182 286 ut
1201 251 1238 285 in
1264 262 1292 286 1.
1315 251 1450 286 dictum
1469 260 1522 287 est
1537 252 1580 299 (q.
1596 265 1652 299 90.
1666 258 1730 288 art.
1745 265 1777 288 2.

219 312 246 341 ct
267 319 296 352 q.
318 307 424 348 118.);
448 318 534 352 ergo
556 306 671 340 homo
694 305 772 352 plus
794 306 904 340 habet
925 317 945 340 a
966 312 1092 348 matre,
1114 316 1223 351 quam
1246 316 1265 339 a
1286 313 1405 352 patre3
1438 306 1518 352 plus
1551 318 1639 353 ergo
1673 307 1780 342 debet

219 359 368 407 diligere
392 368 556 402 matrem,
579 371 688 406 quam
710 367 860 405 patrem.

289 423 320 446 2.
343 413 578 448 PRAETEREA.
601 413 718 458 Magis
741 421 925 447 amantem
947 413 1051 446 debet
1071 412 1187 458 magis
1210 411 1376 458 diligere:
1411 412 1472 447 sed
1495 421 1610 447 mater
1632 413 1710 458 plus
1733 414 1781 448 di-

217 466 296 512 ligit
317 466 442 508 filium,
465 478 574 512 quam
595 475 713 512 pater:
737 467 823 501 dicit
845 466 942 500 enirn
958 466 1094 507 Phssos,
1116 466 1151 499 in
1173 477 1205 511 9.
1228 465 1344 500 Ethic.
1366 467 1453 512 (cap.
1473 477 1502 512 7.
1517 467 1619 512 infin.
1633 472 1664 501 et
1677 467 1732 502 lib.
1746 468 1778 503 8.

218 527 288 566 cap.
310 520 391 564 12.),
415 520 510 566 quod
537 528 669 554 matres
690 520 806 566 magis
825 528 906 554 sunt
925 527 1085 553 amantes
1104 518 1280 552 filiorum:
1300 519 1516 554 laboriosior
1534 520 1632 554 enim
1650 528 1703 554 est
1723 531 1780 566 ge-

217 573 356 606 neratio
378 581 546 617 matrum,
569 582 603 607 et
624 574 739 619 magis
762 573 879 607 sciunt
900 573 961 618 qui
980 573 1140 618 ipsarum
1155 572 1225 606 sint
1238 572 1312 614 filii,
1328 584 1436 619 quam
1450 581 1586 619 patres;
1602 584 1689 619 ergo
1707 585 1781 608 ma-

218 634 271 660 ter
292 635 345 660 est
365 627 481 672 magis
503 626 696 673 diligenda,
720 638 829 672 quam
850 635 959 672 pater.

294 691 321 725 3.
344 680 579 715 PRAETEREA.
602 680 644 714 Ei
667 681 814 714 debetur
835 681 952 725 major
973 679 1175 713 dilectionis
1211 678 1370 721 affectus,
1391 679 1452 725 qui
1473 691 1538 725 pro
1563 679 1668 714 nobis
1699 679 1780 726 plus

218 733 405 776 laboravit,
427 734 627 768 secundum
648 734 736 767 illud
757 733 865 767 Rom.
888 733 967 766 ult.:
992 733 1139 768 Salutate
1160 734 1324 774 Mariam,
1357 744 1438 778 quae
1470 733 1612 768 multum
1632 735 1667 767 in
1687 735 1780 768 nobis

218 787 406 821 laboravit.-
428 787 490 821 sed
513 796 629 822 mater
649 787 728 833 plus
749 787 889 821 laborat
909 787 946 821 in
969 787 1214 833 generatione,
1237 795 1271 821 et
1293 787 1518 830 educatione,
1541 799 1650 833 quam
1667 796 1779 833 pater3

218 841 312 874 unde
335 841 464 874 dicitur
484 840 594 874 Eccli.
618 851 668 886 7.:
693 841 863 875 Gemitum
890 842 1008 875 matris
1027 846 1100 876 tuae
1129 853 1167 875 ne
1197 841 1421 881 obliviscaris;
1453 851 1540 887 ergo
1570 841 1649 887 plus
1675 841 1781 876 debet

217 893 332 928 homo
354 894 502 939 diligere
524 902 689 936 matrem,
713 906 822 940 quam
843 902 994 940 patrem.

292 947 366 982 SED
389 958 544 982 CONTRA
567 955 630 989 est,
652 948 749 993 quod
772 948 856 981 dicit
877 948 1025 981 Hieron.
1041 958 1146 993 super
1160 947 1292 982 Exech.
1322 947 1405 994 (sup.
1420 947 1502 982 illud
1520 954 1685 994 cap.44.:
1702 948 1782 983 Sab-

218 1001 296 1035 bata
321 1013 394 1035 maa
417 1002 684 1047 sanstzficabunt)
707 1001 803 1047 quod
818 1008 899 1047 post
912 1001 1033 1035 Deum
1049 1002 1214 1035 omnium
1228 1008 1367 1047 patrem
1382 1000 1583 1047 diligendus
1599 1009 1652 1035 est
1667 1009 1780 1048 pater3

219 1062 253 1088 ct
272 1062 396 1101 postea
420 1054 516 1088 addit
537 1054 581 1088 de
603 1063 729 1088 matre.

288 1108 517 1142 RESPONDEO
539 1108 744 1148 dicendum,
767 1108 863 1153 quod
884 1108 920 1141 in
942 1107 1017 1141 istis
1040 1107 1370 1153 comparationibus
1390 1107 1436 1149 id,
1455 1107 1552 1153 quod
1569 1107 1709 1149 dicitur,
1727 1115 1781 1142 est

217 1161 491 1207 intelligendum
513 1173 577 1207 per
597 1172 646 1203 se,
660 1169 699 1195 ut
716 1160 884 1195 videlicet
904 1160 1124 1205 intelligatur
1142 1172 1218 1195 esse
1234 1161 1436 1206 quaesitum
1451 1161 1494 1195 de
1508 1169 1620 1207 patre,
1633 1161 1781 1207 inquan-

217 1225 294 1251 tum
316 1224 368 1250 est
389 1224 499 1261 pater,
522 1227 565 1249 an
582 1216 625 1250 sit
639 1215 718 1261 plus
733 1215 935 1260 diligendus
951 1226 1059 1260 quam
1074 1222 1200 1256 mater,
1215 1215 1429 1260 inquantum
1444 1222 1496 1248 est
1514 1222 1647 1248 mater:
1662 1222 1781 1260 potest

218 1271 362 1304 enimin
374 1269 540 1303 omnibus
555 1269 761 1313 hujusmodi
778 1276 876 1302 tanta
893 1279 969 1302 esse
986 1269 1152 1302 distantia
1166 1268 1317 1309 virtutis,
1333 1276 1367 1302 et
1381 1267 1551 1309 malitiae,
1565 1276 1605 1302 ut
1619 1268 1776 1302 amicitia

218 1323 389 1364 solvatur,
411 1322 469 1356 vel
490 1322 683 1364 minuatur,
706 1330 744 1355 ut
764 1321 855 1355 Phil.
880 1322 964 1355 dicit
986 1323 1020 1355 in
1043 1321 1075 1356 8.
1097 1321 1212 1355 Ethic.
1234 1322 1321 1367 (cap.
1353 1322 1422 1367 7.);
1456 1329 1490 1355 et
1517 1321 1611 1364 ideo,
1633 1330 1672 1356 ut
1693 1322 1780 1356 Am-

217 1377 357 1411 brosius
379 1376 464 1410 dicit
487 1375 595 1419 (habat
616 1377 651 1409 in
675 1375 763 1410 Glos.
780 1375 849 1408 ord.
870 1381 967 1420 super
984 1374 1087 1409 illud.-
1113 1374 1296 1409 Ordinavit
1313 1376 1347 1408 in
1365 1387 1414 1409 me
1433 1375 1551 1410 charit.
1573 1380 1601 1409 et
1621 1380 1663 1410 est
1684 1375 1778 1421 Orig.

218 1431 304 1464 hom.
323 1442 350 1475 3.
375 1431 407 1463 in
431 1429 561 1473 Cant),
584 1429 670 1463 boni
691 1429 882 1462 domestici
903 1436 985 1462 sunt
1005 1428 1109 1462 malis
1131 1428 1212 1462 filiis
1233 1428 1496 1473 praeponendi:
1516 1428 1578 1462 sed
1595 1439 1658 1474 per
1676 1439 1713 1463 se
1731 1428 1781 1463 lo-

219 1484 373 1529 quendo,
389 1491 488 1529 pater
506 1483 622 1527 magis
641 1490 693 1516 est
708 1482 894 1522 amandus,
909 1493 1017 1527 quam
1033 1489 1166 1516 mater:
1183 1488 1348 1515 amantur
1362 1481 1459 1515 enirn
1473 1489 1585 1528 pater,
1601 1490 1636 1515 et
1652 1489 1779 1524 mater,

218 1545 255 1570 ut
276 1537 450 1582 principia
472 1536 651 1582 quaedam
672 1535 842 1569 naturalis
865 1535 1032 1580 originis:
1055 1543 1155 1580 pater
1189 1542 1310 1568 autem
1343 1535 1453 1568 habet
1485 1534 1779 1569 excellentiorem

218 1592 396 1624 rationem
418 1589 594 1636 principii,
617 1600 726 1635 quam
749 1597 882 1629 mater3
905 1588 988 1634 quia
1010 1596 1111 1634 pater
1132 1596 1185 1622 est
1200 1588 1416 1634 principium
1431 1599 1494 1633 per
1508 1589 1661 1622 modum
1676 1599 1780 1635 agen-

218 1644 272 1686 tis,
296 1652 410 1677 mater
432 1651 553 1677 autem
575 1643 691 1688 magis
713 1654 777 1688 per
798 1643 949 1676 modum
972 1642 1149 1687 patientis,
1173 1650 1207 1675 et
1228 1641 1397 1683 materia3
1420 1650 1454 1676 et
1475 1642 1569 1684 ideo,
1590 1652 1653 1688 per
1674 1653 1712 1677 se
1730 1642 1781 1676 lo-

218 1697 372 1743 quendo,
395 1705 495 1742 pater
521 1696 636 1741 magis
659 1704 712 1730 est
733 1695 946 1741 diligendus.

288 1751 347 1785 AD
366 1760 515 1785 PRIMUM
534 1761 620 1795 ergo
640 1750 846 1791 dicendum,
865 1749 962 1794 quod
984 1749 1019 1782 in
1039 1748 1273 1794 generatione
1292 1748 1452 1783 hominis
1470 1757 1585 1783 mater
1603 1749 1781 1783 ministrat

217 1804 408 1838 materiam
431 1804 591 1849 corporis
605 1802 816 1837 informem:
840 1802 1018 1836 formatur
1034 1810 1154 1836 autem
1169 1813 1230 1848 per
1244 1802 1413 1836 virtutem
1426 1801 1669 1844 formativam,
1689 1813 1779 1848 quae

218 1866 270 1891 est
296 1858 331 1891 in
358 1857 496 1891 semine
532 1857 658 1902 patris:
687 1865 721 1890 et
747 1856 911 1902 quamvis
946 1855 1157 1901 hujusmodi
1190 1855 1301 1889 virtus
1326 1867 1401 1889 non
1427 1856 1541 1901 possit
1567 1866 1688 1890 creare
1710 1857 1782 1890 ani-

218 1923 314 1945 mam
331 1910 565 1952 rationalem;
580 1910 737 1956 disponit
754 1919 876 1944 tamen
895 1909 1085 1943 materiam
1105 1908 1333 1955 corporalem
1354 1909 1397 1942 ad
1415 1909 1625 1954 hujusmodi
1638 1908 1779 1944 formae

217 1965 497 2010 susceptionem.

288 2019 347 2052 AD
370 2028 576 2052 SECUNDUM
599 2017 803 2058 dicendum,
826 2016 922 2062 quod
943 2016 1014 2050 hoc
1042 2015 1195 2061 pertinet
1217 2015 1259 2049 ad
1288 2015 1396 2049 aliam
1421 2015 1600 2049 rationem
1622 2015 1781 2050 dilectio-

217 2071 288 2105 nis:
312 2071 380 2104 alia
403 2071 499 2104 enim
521 2079 573 2105 est
594 2071 732 2116 species
755 2070 946 2111 amicitiae,
969 2080 1038 2115 qua
1057 2068 1240 2113 diligimus
1255 2077 1450 2110 amantem,
1465 2077 1499 2103 et
1513 2080 1583 2114 qua
1597 2068 1780 2114 diligimus

218 2132 448 2170 generantes:
472 2136 565 2158 nunc
595 2132 713 2158 autern
736 2123 920 2169 loquimur
942 2123 985 2157 de
1009 2123 1178 2164 amicitia,
1201 2134 1292 2168 quae
1315 2123 1462 2157 debetur
1491 2123 1593 2169 patri,
1615 2131 1650 2157 et
1671 2123 1777 2157 matri

218 2178 417 2213 secundum
441 2178 682 2222 generationis
704 2177 893 2210 rationem.

289 2232 349 2265 AD
368 2241 537 2265 TERTIUM
566 2231 662 2277 (resp.
698 2230 739 2264 ad
758 2242 804 2275 3.:
832 2230 912 2264 dteest
944 2231 979 2263 in
1014 2230 1113 2270 Mss.;
1135 2230 1180 2263 sic
1200 2230 1327 2276 supplet
1351 2229 1545 2274 Cajetanns)
1572 2229 1778 2272 dicendum,

219 2285 315 2331 quod
336 2284 453 2328 major
474 2283 686 2318 excellentia
707 2283 873 2329 principii
899 2283 933 2316 in
957 2291 1055 2328 parte
1082 2283 1344 2329 praeponderat
1364 2283 1493 2328 majori
1519 2282 1634 2316 labori
1655 2283 1777 2317 matris

218 2339 253 2372 in
273 2337 523 2383 generatione3
545 2337 718 2382 quoniam
739 2337 830 2370 ratio
852 2336 939 2370 boni
961 2336 1077 2380 magis
1100 2336 1291 2370 attenditur
1317 2336 1352 2369 in
1375 2336 1518 2382 objecto
1540 2347 1602 2382 per
1635 2347 1672 2370 se
1694 2335 1778 2370 dile-

219 2391 359 2433 ctionis,
385 2401 494 2436 quam
516 2390 606 2424 ratio
628 2389 794 2431 difficilis,
816 2400 878 2423 seu
900 2389 1084 2430 laboriosi,
1107 2397 1174 2423 etc.

722 2547 728 2553 .
782 2506 1125 2551 ARTICULUS
1154 2507 1231 2549 XI.
1712 2517 1778 2563 158

434 2603 585 2634 UTRUM
618 2603 747 2632 HOMO
781 2603 886 2632 PLUS
920 2603 1092 2632 DEBEAT
1126 2603 1329 2633 DILIGERE
1362 2603 1556 2642 UXOREM,

691 2662 814 2697 QUAM
846 2662 1030 2702 PATREM,
1059 2663 1114 2692 ET
1143 2663 1334 2692 MATREM.

427 2737 467 2784 (3.
490 2739 576 2772 Dz'st.
596 2749 650 2784 29.
672 2749 701 2783 q.
724 2749 750 2772 Ι.
773 2742 835 2770 art.
859 2748 889 2782 7.
911 2737 953 2770 ad
968 2749 995 2783 3.
1014 2742 1043 2772 ct
1071 2737 1152 2771 l'z'rt.
1175 2749 1204 2783 q.
1231 2749 1261 2772 2.
1285 2742 1348 2772 art.
1370 2749 1402 2783 9.
1425 2736 1467 2771 ad
1486 2737 1565 2780 18).

290 2822 349 2856 AD
372 2832 603 2856 UNDECIMUM
626 2821 674 2855 sic
697 2820 912 2867 proceditur.
940 2819 1102 2861 Videtur,
1125 2820 1220 2866 quod
1242 2821 1356 2854 horno
1385 2819 1463 2866 plus
1485 2820 1612 2853 debeat
1629 2819 1775 2865 diligere

220 2886 381 2916 uxorem,
405 2886 512 2920 quarn
535 2882 684 2921 patrem,
709 2882 743 2908 et
777 2882 948 2908 matrem:
971 2873 1090 2907 nullus
1125 2873 1220 2907 enim
1252 2874 1396 2908 dimittit
1425 2884 1500 2907 rem
1531 2873 1688 2918 aliquam
1708 2873 1776 2907 nisi
1819 2885 1822 2888 ’
