1859 3122
212 158 295 211 562
563 168 780 204 QUAEST10
813 168 945 197 LXXX.
978 167 1221 199 ARTICULUS
1254 169 1429 198 UNICUS.

210 250 316 285 illatis
337 250 474 295 injuriis
493 250 652 284 vindicta
669 250 884 295 rependitur,
903 257 942 284 ut
956 261 997 284 ex
1018 261 1125 296 supra
1147 250 1249 285 dictis
1269 257 1366 296 patet
1388 250 1433 296 (q.
1449 250 1499 286 61.
1518 256 1584 287 art.
1603 252 1674 298 4.):
1691 263 1766 288 non

211 315 297 349 ergo
320 304 424 337 debet
445 305 529 349 poni
552 303 644 337 inter
664 303 811 337 virtutes
832 303 988 348 justitiae
1010 314 1176 337 annexas.

281 367 312 390 2.
334 357 570 391 PRAETEREA.
594 357 800 390 Macrobius
822 367 928 402 super
947 356 1072 390 Somn.
1097 356 1192 401 Scip.
1212 356 1286 400 (lib.
1311 367 1340 390 1.
1355 363 1428 403 cap.
1446 357 1496 402 8.)
1511 358 1613 404 ponit
1625 357 1764 405 septeni,-

210 409 365 444 scilicet:
391 411 622 451 innocentiam,
651 411 850 452 amicitiam,
871 410 1094 452 concordiam,
1111 411 1281 456 pietatem,
1308 410 1510 455 religionem,
1533 412 1693 457 affectum,
1713 413 1768 447 hu-

210 464 415 505 111111111ἕαΐε111,
439 475 590 508 quarum
617 463 736 509 plures
765 475 783 496 a
815 462 939 497 Tullio
968 464 1316 509 praetermittuntur3
1348 475 1434 511 ergo
1463 465 1615 508 videtur,
1636 466 1768 501 insuffi-

209 516 345 550 cienter
367 524 596 550 enumeratas
616 527 692 550 esse
713 516 861 551 virtutes
884 517 1038 562 justitiae
1061 517 1257 562 adjunctas.

283 581 311 615 3.
334 569 569 604 PRAETEREA.
593 570 626 603 A
649 570 862 615 quibusdam
888 569 966 603 aliis
988 578 1169 615 ponuntur
1190 572 1331 616 quinque
1357 579 1475 617 partes
1501 572 1676 617 justitiae3
1704 573 1769 608 sci-

209 622 313 657 licet:
339 624 519 657 olm‘liqntia,
541 631 705 669 respectu
727 623 932 669 superioris,
955 623 1129 670 disciplina
1149 632 1313 670 respectu
1339 624 1530 666 inferioris,
1553 627 1697 671 aequitas
1717 637 1767 660 re-

208 684 333 722 spectu
357 676 574 722 aequalium,
591 677 681 722 fides,
705 684 737 710 et
758 678 882 711 veritas
904 685 1066 723 respectu
1089 677 1273 719 omnium3
1297 677 1339 711 de
1358 678 1484 724 quibus
1507 689 1526 712 a
1549 677 1673 713 Tullio
1691 691 1766 714 non

208 731 352 776 ponitur
374 731 442 764 nisi
462 732 607 771 teritum
632 741 718 775 ergo
742 730 880 764 videtur
906 730 1164 765 insufficienter
1191 742 1421 766 enumerasse
1442 732 1591 766 virtutes
1611 733 1766 778 justitiae

209 795 376 817 annexas.

278 847 311 880 4.
334 837 569 872 PRAETEREA.
599 837 829 871 Andronicus
852 836 1110 882 Peripateticus
1131 837 1232 883 ponit
1253 849 1371 872 novem
1392 846 1510 884 partes
1531 838 1687 883 justitiae
1709 850 1767 873 an-

207 902 335 933 nexas,
360 890 514 924 scilicet:
546 891 789 933 liberalitatem,
819 892 1062 935 benignitatem&
1088 891 1344 933 vindicativam‚
1372 903 1650 938 ezcgnomosynem,
1682 905 1767 928 euse-

208 946 309 986 biam,
333 945 578 986 cucharistiam,
597 946 811 986 sanctitahm,
832 945 1267 986 1101111111σο11111111111ΐῐοιιε111,
1283 945 1558 991 legispositivam:
1578 957 1620 980 ex
1638 946 1765 992 quibus

206 998 315 1031 etiam
338 997 479 1031 Tullius
508 997 697 1031 manifeste
728 1009 801 1031 non
823 998 925 1044 ponit
952 998 1019 1031 nisi
1046 997 1310 1039 vimiicativczrm
1343 1009 1430 1044 ergo
1462 998 1603 1033 videtur
1629 999 1764 1034 insuffi-

208 1051 342 1085 cienter
364 1063 604 1085 enumerasse.

281 1105 566 1150 5.PRAET1-:Rffi.
605 1105 751 1139 Aristot.
786 1105 822 1138 in
853 1115 880 1149 5.
908 1104 1023 1138 Ethic.
1043 1106 1139 1150 (cap.
1169 1105 1236 1149 10.)
1267 1104 1368 1149 ponit
1401 1105 1582 1151 epichejam
1610 1105 1765 1151 justitiae

208 1159 425 1203 adjunctam,
449 1159 491 1193 de
514 1170 583 1204 qua
606 1159 642 1191 in
659 1158 756 1191 nulla
772 1158 1050 1204 praemissarum
1073 1158 1358 1203 assignationum
1372 1158 1512 1192 videtur
1526 1159 1663 1193 mentio
1683 1171 1760 1194 esse

206 1212 319 1253 facta;
342 1223 428 1257 ergo
450 1211 706 1246 insufficienter
727 1219 808 1245 sunt
829 1219 1059 1245 enumeratae
1081 1211 1228 1245 virtutes
1250 1211 1404 1256 justitiae
1427 1223 1598 1246 annexae.

277 1265 506 1300 RESPONDEO
530 1266 734 1306 dicendum,
761 1265 857 1310 quod
883 1265 919 1298 in
941 1264 1140 1306 virtutibus,
1163 1276 1254 1310 quae
1277 1264 1518 1310 adjunguntur
1541 1264 1648 1299 alicui
1673 1265 1766 1311 prin-

207 1319 313 1365 cipali
338 1319 470 1360 virtuti,
497 1319 559 1353 dno
587 1327 668 1352 sunt
695 1318 975 1353 consideranda:
998 1319 1112 1364 primo
1140 1318 1297 1363 quidem,
1325 1318 1421 1364 quod
1451 1318 1597 1352 virtutes
1619 1318 1701 1353 illae
1727 1319 1764 1353 in

208 1373 329 1419 aliquo
353 1384 436 1406 cum
459 1372 647 1418 principali
668 1374 797 1406 virtute
825 1372 1059 1405 conveniant:
1086 1371 1235 1412 5661111110,
1263 1371 1359 1416 quod
1385 1371 1422 1405 in
1449 1371 1569 1417 aliquo
1597 1371 1765 1406 deficiant

207 1438 226 1460 a
248 1425 404 1472 perfecta
426 1427 565 1459 ratione
587 1426 714 1471 ipsius:
738 1425 820 1470 quia
842 1436 928 1458 vero
951 1424 1084 1470 justitia
1107 1425 1150 1457 ad
1173 1423 1325 1457 alterum
1344 1432 1408 1465 est,
1423 1432 1461 1458 ut
1475 1435 1516 1458 ex
1535 1426 1642 1470 supra
1660 1425 1763 1460 dictis

206 1487 303 1526 patet
324 1480 368 1524 (q.
394 1480 443 1524 58.
467 1485 530 1513 art.
554 1479 616 1523 2.)‚
641 1490 767 1512 omnes
795 1478 953 1519 virtutes,
976 1489 1067 1523 quae
1090 1478 1133 1510 ad
1156 1477 1308 1511 alterum
1330 1485 1422 1519 sunt,
1444 1485 1595 1523 possunt
1620 1478 1762 1513 ratione

205 1533 479 1567 convenientiae
501 1533 655 1577 justitiae
678 1532 837 1566 annecti:
861 1532 950 1565 ratio
973 1542 1059 1565 vero
1081 1531 1235 1575 justitiae
1259 1531 1422 1564 consistit
1442 1531 1479 1564 in
1501 1531 1584 1573 hoc,
1601 1531 1697 1577 quod
1717 1531 1764 1566 al-

203 1587 269 1621 teri
291 1586 458 1620 reddatur
480 1586 575 1632 quod
599 1586 630 1619 ei
652 1585 799 1619 debetur
817 1584 1017 1619 secundum
1033 1583 1299 1629 aequalitatem,
1316 1592 1353 1617 ut
1368 1595 1409 1618 ex
1425 1595 1531 1630 supra
1547 1584 1650 1619 dictis
1665 1592 1764 1631 patet

206 1641 253 1686 (q.
277 1641 328 1686 58.
351 1645 414 1674 art.
438 1652 486 1674 zo.
511 1645 539 1674 at
560 1639 646 1683 II.),·
669 1639 845 1685 dupliciter
867 1649 953 1682 ergo
981 1637 1100 1683 aliqua
1122 1637 1232 1671 virtus
1260 1637 1303 1670 ad
1326 1636 1477 1671 alterurn
1500 1637 1652 1672 existens
1675 1649 1695 1672 a
1711 1649 1764 1672 ra-

203 1694 302 1728 tione
317 1693 471 1739 justitiae
494 1693 630 1726 deficit:
654 1704 718 1726 11110
738 1692 884 1738 quidem
899 1691 1005 1733 modo,
1022 1691 1235 1736 inquantum
1255 1690 1374 1724 deficit
1392 1702 1411 1724 a
1427 1691 1566 1725 ratione
1582 1691 1761 1737 aequalis:

204 1748 269 1781 alio
296 1747 401 1786 modo,
433 1746 646 1792 inquantum
668 1745 788 1779 deficit
809 1757 827 1779 a
850 1745 989 1778 ratione
1016 1744 1141 1778 debiti:
1169 1751 1253 1778 sunt
1279 1744 1376 1777 enim
1403 1744 1581 1789 quaedam
1602 1744 1762 1787 virtutes,

204 1812 295 1846 quae
318 1800 477 1833 debitum
500 1799 644 1845 quidem
672 1799 772 1833 alteri
799 1798 961 1839 reddunt,
990 1798 1050 1831 sed
1076 1808 1150 1830 non
1178 1805 1327 1843 possunt
1355 1797 1504 1831 reddere
1535 1797 1700 1843 aequale:
1729 1806 1763 1832 et

199 1856 313 1900 primo
336 1854 482 1899 quidem
504 1853 675 1899 quidquid
704 1853 745 1886 ab
776 1852 925 1886 homine
955 1852 1036 1885 Deo
1060 1851 1228 1892 redditur,
1256 1851 1415 1884 debitum
1443 1859 1513 1885 est:
1540 1862 1613 1885 non
1640 1859 1762 1885 tamen

204 1915 322 1954 potest
344 1918 420 1940 esse
448 1906 617 1952 aequale3
640 1914 678 1940 ut
703 1905 840 1940 scilicet
865 1913 1005 1939 tantum
1031 1905 1147 1938 homo
1175 1904 1207 1938 ei
1233 1904 1368 1945 reddat,
1390 1912 1563 1949 quantum
1583 1904 1688 1938 debet
1712 1915 1764 1939 se-

205 1961 361 1994 cundum
385 1959 482 1993 illud.
512 1960 567 1993 Ps.
600 1971 689 2004 115.:
721 1959 812 2003 Quid
843 1960 1022 1992 retribuum
1053 1959 1201 1991 Domino
1222 1963 1286 2003 pro
1318 1958 1478 1998 ommibus,
1507 1969 1588 2002 quae
1608 1959 1763 1992 retribuit

204 2014 310 2048 mihi?
340 2013 383 2047 Et
412 2014 610 2046 secundum
638 2013 708 2046 hoc
745 2012 949 2056 adjungitur
975 2011 1130 2057 justitiae
1158 2011 1284 2055 religio,
1315 2021 1417 2056 quae,
1443 2017 1480 2044 ut
1507 2011 1592 2045 dicit
1619 2010 1761 2046 Tullius

204 2068 282 2112 (loc.
306 2069 359 2101 sit.
383 2068 416 2100 in
438 2078 569 2110 argum.
587 2067 643 2111 1.),
667 2066 892 2110 «superioris
916 2065 1103 2109 cujusdam
1124 2072 1285 2105 naturae,
1307 2075 1416 2109 quam
1439 2064 1598 2098 divinam
1616 2073 1760 2106 vocant,

205 2132 341 2161 curam,
364 2119 718 2165 caeremoniamque,
740 2118 797 2153 vel
820 2118 956 2152 cultum
979 2117 1131 2151 affert»:
1158 2117 1294 2151 secundo
1321 2117 1525 2162 parentibus
1546 2128 1621 2151 non
1642 2126 1761 2163 potest

204 2173 403 2208 secundum
427 2173 681 2218 aequalitatem
702 2171 972 2217 recompensari
994 2171 1089 2216 quod
1113 2170 1162 2204 eis
1185 2169 1343 2211 debetur,
1363 2178 1400 2204 ut
1421 2178 1518 2216 patet
1538 2182 1602 2216 per
1622 2170 1759 2205 Philos.

203 2228 239 2261 in
262 2227 293 2261 8.
317 2226 432 2260 Ethic.
458 2226 545 2272 (cap.
569 2227 662 2269 11]Ι.);
688 2234 722 2260 et
743 2227 791 2258 sic
816 2224 1020 2269 adjungitur
1042 2223 1196 2269 justitiae
1211 2224 1326 2269 pit-tas,
1350 2234 1548 2269 perquam,
1563 2231 1601 2257 ut
1617 2223 1759 2258 Tullius

204 2281 290 2314 dicit
311 2281 388 2325 (lor.
411 2281 493 2323 cit),
520 2279 726 2323 «sanguine
748 2278 888 2323 junctis,
911 2277 1117 2323 patriaeque
1144 2276 1329 2310 benevolis
1351 2275 1524 2318 officium,
1547 2284 1581 2310 et
1606 2276 1758 2323 diligens

203 2334 368 2368 tribuitur
389 2332 504 2366 cultus
519 2343 558 2365 »z
583 2333 675 2366 tertio
693 2343 766 2365 non
789 2337 906 2377 potest
927 2329 1126 2364 secundum
1154 2328 1303 2375 aequale
1325 2329 1527 2374 praemium
1548 2340 1760 2375 recompen-

204 2387 274 2422 sari
296 2387 338 2420 ab
360 2386 509 2420 homine
532 2387 652 2427 virtus,
671 2393 708 2418 ut
727 2392 822 2430 patet
840 2395 903 2429 per
924 2382 1059 2416 Philos.
1075 2383 1110 2415 in
1132 2392 1163 2424 4.
1183 2382 1299 2416 Ethic.
1319 2384 1406 2428 (cap.
1426 2383 1493 2428 3.):
1514 2390 1549 2416 et
1569 2382 1619 2416 sic
1639 2383 1760 2428 adjun-

204 2441 298 2485 gitur
318 2439 474 2485 justitiae
496 2439 713 2478 observantia,
740 2448 802 2483 per
824 2448 944 2482 quam,
960 2444 997 2470 ut
1019 2435 1115 2469 Tull.
1139 2436 1223 2469 dicit
1250 2436 1325 2480 (loc.
1350 2442 1420 2482 sup.
1443 2435 1528 2480 cit),
1554 2448 1571 2467 «
1589 2436 1758 2471 homines

205 2493 324 2540 aliqua
346 2492 517 2538 dignitate
540 2491 791 2525 antecedentes
814 2489 972 2535 quodam
996 2488 1103 2530 cultu,
1126 2496 1159 2522 et
1180 2489 1320 2522 honore
1339 2488 1576 2534 dignantur».

275 2547 307 2580 A
329 2547 466 2580 ratione
488 2556 574 2579 vero
597 2544 704 2578 debiti
725 2543 878 2588 justitiae
896 2541 1054 2576 defectus
1069 2549 1186 2587 potest
1201 2542 1345 2583 attendi,
1364 2542 1561 2592 secundum
1584 2542 1680 2587 quod
1704 2549 1756 2576 est

203 2600 319 2646 duplex
334 2600 505 2639 debitum3
521 2597 669 2632 scilicet:
685 2597 820 2638 morale,
837 2604 871 2629 et
886 2596 996 2639 lugula·
1013 2596 1106 2628 unde
1122 2603 1156 2629 et
1170 2594 1305 2629 Philos.
1320 2595 1356 2628 in
1368 2595 1398 2628 8.
1414 2594 1572 2629 Ethicor.
1585 2595 1756 2641 (cap.13.),

204 2654 401 2688 secundum
424 2653 494 2685 hoc
518 2652 635 2697 duplat
656 2652 788 2696 justum
812 2650 985 2693 assignat:
1015 2648 1174 2682 debitum
1202 2648 1347 2694 quidem
1375 2648 1473 2692 legale
1499 2656 1562 2690 est,
1590 2649 1633 2682 ad
1660 2648 1757 2694 quod

205 2707 426 2741 reddendum
449 2705 574 2751 aliquis
597 2704 676 2749 lege
699 2703 944 2747 adstringitur3
968 2709 1001 2736 et
1021 2701 1091 2736 tale
1115 2702 1273 2735 debitum
1295 2703 1437 2747 proprie
1460 2702 1607 2736 attendit
1624 2702 1757 2747 justitia

205 2772 296 2807 quae
319 2768 370 2794 est
391 2759 593 2805 principalis
615 2759 745 2792 virtus:
769 2757 926 2790 debitum
947 2763 1067 2789 autern
1091 2755 1213 2789 morale
1235 2762 1297 2797 est,
1320 2755 1416 2800 quod
1439 2754 1565 2799 aliquis
1588 2755 1691 2788 debet
1712 2766 1756 2802 ex

204 2814 394 2847 honestate
416 2813 570 2853 virtutis3
593 2819 627 2845 et
645 2811 726 2856 quia
749 2810 907 2844 debitum
930 2809 1179 2842 necessitatem
1201 2808 1382 2853 importat,
1405 2807 1485 2841 ideo
1508 2807 1577 2841 ‘tale
1597 2807 1755 2841 debiturn

205 2867 314 2902 habet
327 2866 486 2913 duplicem>
502 2865 672 2912 gradum:
688 2863 850 2903 ouocldmn
865 2862 960 2897 enim
980 2869 1031 2896 est
1046 2862 1095 2895 sic
1111 2862 1364 2903 necessarium,
1379 2868 1417 2894 ut
1430 2861 1505 2894 sine
1521 2871 1564 2895 eo
1586 2860 1755 2895 honestas
