1859 3122
218 135 302 178 592
592 135 812 169 QUAESTIO
848 135 1026 165 LXXXIII.
1060 135 1305 166 ARTICULUS
1337 136 1395 166 XI.

216 214 397 261 Apostoli,
419 223 453 249 et
473 215 649 260 Martyres
673 215 790 249 adhuc
811 216 848 250 in
871 227 1022 262 corpore
1044 217 1239 258 constituti,
1261 217 1406 263 quando
1432 228 1498 263 pro
1525 229 1562 252 se
1584 217 1701 252 adhuc
1722 219 1780 253 de-

215 269 301 302 bent
323 279 399 301 esse
421 268 553 302 soliciti
580 280 646 314 pro
681 269 758 303 aliis
781 277 895 312 orant,
918 278 1053 316 quanto
1084 271 1200 316 magis
1223 278 1306 316 post
1339 282 1506 313 coronas,
1531 271 1714 314 victorias,
1744 281 1779 306 et

215 321 445 366 triumphos?
468 335 500 356 )).

286 375 346 408 AD
368 385 517 409 PRIMUM
539 386 625 421 ergo
657 376 862 419 dicendum,
891 377 987 422 quod
1017 377 1162 419 sanctis,
1189 377 1250 423 qui
1276 385 1357 411 sunt
1383 377 1420 411 in
1445 377 1571 424 patria,
1599 389 1683 412 cum
1709 379 1779 413 sint

215 428 322 469 beati,
343 428 434 462 nihil
455 429 554 462 deest
574 429 814 471 beatitudinis,
836 430 904 464 nisi
927 430 1042 475 gloria
1070 431 1243 475 corporis,
1266 442 1330 476 pro
1353 442 1423 476 qua
1452 439 1573 465 orant:
1597 439 1702 466 orant
1722 443 1781 466 au-

215 490 290 515 tem
311 493 376 527 pro
398 482 515 524 nobis,
531 482 657 528 quibus
681 483 781 517 deest
802 483 1031 517 beatitudinis
1049 483 1175 517 ultima
1197 483 1391 529 perfecti03
1406 492 1440 518 et
1458 495 1584 518 eorum
1598 485 1779 520 orationes

214 534 349 569 habent
370 534 570 569 efficaciam
590 535 809 582 impetrandi
835 547 876 570 ex
897 537 1194 582 praecedentibus
1217 548 1344 571 eorum
1371 537 1518 579 meritis,
1541 544 1576 572 et
1596 548 1638 572 ex
1659 537 1779 572 divina

216 588 478 634 acceptatione.

287 642 347 675 AD
377 652 584 676 SECUNDUM
606 642 811 685 dicendum,
834 642 931 689 quod
961 643 1077 677 sancti
1110 643 1304 689 impetrant
1333 643 1434 685 illud,
1456 643 1554 689 quod
1582 644 1684 678 Deus
1703 643 1781 678 vult

217 693 293 728 fieri
313 707 376 740 per
394 695 577 730 orationes
599 707 746 738 eorum3
769 705 803 730 et
823 696 894 730 hoc
918 705 1054 743 petunt,
1076 697 1172 743 quod
1195 698 1387 731 aestimant
1406 708 1536 731 eorum
1557 697 1779 732 orationibus

215 747 442 794 implendum
463 749 663 783 secundum
684 750 755 784 Dei
775 749 1013 784 voluntatem.

287 802 347 836 AD
370 812 542 837 TERT1UM
569 803 772 846 dicendum,
794 803 891 849 quod
912 803 965 836 illi
991 803 1052 849 qui
1073 811 1155 837 sunt
1181 805 1216 837 in
1242 803 1466 850 purgatorio,
1493 804 1560 838 etsi
1586 805 1654 838 sint
1679 815 1780 850 supe-

215 855 327 889 riores
361 855 465 890 nobis
490 864 636 902 propter
665 856 1020 902 impeccabilitatem,
1054 864 1134 890 sunt
1168 864 1291 891 tamen
1317 856 1507 891 inferiores
1535 865 1709 903 quantum
1735 858 1778 891 ad

216 920 364 954 poenas,
386 920 473 954 quas
495 910 694 955 patiuntur3
718 918 752 944 et
766 910 967 944 secundum
988 910 1059 944 hoc
1078 921 1153 944 non
1167 918 1249 944 sunt
1266 910 1302 944 in
1317 919 1409 944 statu
1427 911 1564 953 orandi,
1583 910 1645 945 sed
1663 911 1779 957 magis

216 970 254 996 ut
276 970 398 996 oretur
419 973 484 1008 pro
507 963 569 997 eis.

287 1016 346 1050 AD
375 1027 563 1054 QUARTUM
585 1016 791 1058 dicendum,
814 1017 910 1063 quod
932 1017 1031 1051 Deus
1054 1017 1130 1051 vult
1161 1016 1333 1051 inferiora
1355 1028 1418 1063 per
1440 1017 1565 1051 omnia
1594 1017 1780 1063 superiora

216 1069 349 1113 juvari,
373 1077 406 1102 et
432 1069 514 1103 ideo
542 1078 686 1116 oportet
710 1081 784 1104 non
807 1070 927 1104 solum
953 1070 1168 1116 superiores,
1196 1070 1257 1104 sed
1285 1070 1394 1104 etiam
1420 1069 1609 1104 inferiores
1636 1079 1780 1105 sanctos

214 1122 426 1168 implorare:
450 1122 611 1168 alioquin
634 1131 726 1157 esset
752 1123 863 1158 solius
884 1124 956 1158 Dei
976 1123 1226 1157 misericordia
1252 1123 1503 1168 imploranda:
1532 1123 1710 1169 contingit
1732 1131 1782 1158 ta-

215 1187 299 1210 men
322 1176 550 1222 quandoque,
573 1177 669 1222 quod
691 1176 899 1222 imploratio
926 1176 1104 1211 inferioris
1131 1177 1246 1210 sancti
1268 1175 1451 1211 efficacior
1469 1177 1524 1218 sit,
1545 1176 1604 1211 vel
1621 1177 1703 1223 quia
1725 1176 1782 1211 de-

216 1229 335 1263 votius
357 1228 582 1275 imploratur,
600 1229 658 1264 vel
679 1230 762 1276 quia
783 1230 883 1264 Deus
904 1229 980 1264 vult
1002 1231 1077 1275 ejus
1099 1230 1327 1264 sanctitatem
1349 1230 1542 1264 declarare.

285 1283 345 1316 AD
367 1293 547 1321 QUINTUM
562 1283 767 1324 dicendum,
783 1283 879 1329 quod
898 1283 980 1329 quia
995 1283 1109 1317 sancti
1122 1283 1282 1317 viventes
1299 1291 1506 1318 meruerunt
1526 1291 1564 1318 ut
1584 1294 1650 1330 pro
1665 1283 1769 1318 nobis

215 1344 369 1378 orarent,
383 1336 466 1370 ideo
488 1336 700 1370 invocamus
723 1348 784 1370 eos
806 1337 1025 1378 nominibus,
1038 1337 1165 1383 quibus
1187 1337 1245 1370 hic
1263 1337 1498 1379 vocabantur,
1521 1337 1648 1383 quibus
1668 1337 1776 1371 etiarn

215 1389 318 1423 nobis
333 1389 449 1434 magis
464 1391 712 1424 innotescunt:
733 1398 766 1424 et
783 1391 914 1424 iterum
929 1399 1074 1436 propter
1088 1390 1196 1424 fidem
1210 1390 1483 1425 resurrectionis
1505 1390 1777 1434 insinuandam3

215 1443 307 1477 sicut
327 1442 458 1488 legitur
476 1443 588 1477 Exod.
614 1455 662 1489 3.:
684 1444 756 1490 Ego
776 1455 848 1478 sum
865 1444 957 1478 Deus
978 1444 1166 1486 Abraham,
1189 1451 1255 1478 etc.

762 1585 1106 1630 ARTICULUS
1136 1585 1238 1628 XII.
1708 1605 1778 1642 449

532 1693 685 1724 UTRUM
717 1693 884 1723 ORATIO
918 1693 1090 1723 DEBEAT
1122 1694 1223 1723 ESSE
1254 1692 1457 1723 VOCALIS.

353 1780 395 1826 (3.
418 1781 504 1815 Dist.
524 1792 555 1826 ι).
575 1792 603 1826 q.
626 1793 654 1815 Ι.
676 1786 742 1815 art.
757 1793 785 1827 3.
808 1793 836 1826 q.
856 1793 883 1826 3.
906 1780 993 1827 (1413.
1015 1786 1045 1815 ct
1064 1792 1097 1825 4.
1125 1781 1213 1815 Dist.
1235 1792 1278 1826 15.
1301 1792 1330 1826 q.
1349 1791 1382 1824 4.
1401 1784 1464 1814 art.
1487 1791 1517 1814 2.
1540 1791 1570 1826 q.
1588 1780 1643 1824 1.).

286 1870 346 1904 AD
373 1880 633 1904 DUODECIMUM
659 1870 709 1904 sic
737 1870 953 1916 proceditur.
983 1870 1145 1912 Videtur,
1175 1869 1271 1915 quod
1302 1869 1418 1903 oratio
1444 1879 1518 1902 non
1546 1868 1673 1902 debeat
1699 1879 1776 1903 esse

215 1923 368 1958 vocalis:
392 1924 507 1958 oratio
535 1926 642 1966 enim,
665 1924 757 1958 sicut
778 1935 820 1958 ex
842 1924 944 1957 dictis
971 1932 1067 1969 patet
1090 1925 1171 1968 (art.
1194 1934 1226 1967 4.
1250 1923 1318 1968 huj.
1342 1923 1398 1968 q),
1426 1921 1670 1968 principaliter
1695 1922 1776 1956 Deo

215 1979 425 2026 porrigitur,
440 1979 539 2013 Deus
555 1988 674 2013 autem
689 1979 914 2013 locutionem
927 1978 1044 2013 cordis
1059 1978 1264 2023 cognoscit3
1279 1977 1407 2011 frustra
1417 1988 1503 2022 ergo
1515 1976 1651 2011 vocalis
1662 1976 1776 2010 oratio

217 2032 413 2066 adhibetur.

287 2097 318 2120 2.
341 2086 575 2120 PRAETEREA.
598 2087 667 2120 Per
689 2087 893 2121 orationem
914 2097 1017 2120 mens
1039 2085 1199 2119 hominis
1227 2084 1333 2118 debet
1360 2084 1396 2117 in
1422 2083 1544 2117 Deum
1571 2083 1775 2125 ascendere,

216 2148 255 2174 ut
276 2140 411 2174 dictum
434 2149 486 2174 cst
508 2139 586 2183 (art.
609 2153 635 2175 I.
655 2141 723 2185 huj.
742 2153 770 2186 q.
793 2141 834 2174 ad
855 2141 919 2185 2.):
942 2139 1003 2174 sed
1025 2150 1135 2173 voces
1162 2138 1348 2173 retrahunt
1369 2137 1538 2171 homines
1559 2137 1601 2171 ab
1625 2148 1776 2171 ascensu

217 2193 532 2239 contemplationis
554 2193 590 2226 in
612 2194 744 2235 Deum,
759 2194 850 2228 sicut
871 2201 906 2227 et
927 2193 996 2227 alia
1011 2192 1209 2234 sensibilia3
1225 2203 1313 2237 ergo
1335 2192 1371 2225 in
1394 2190 1615 2225 orationibus
1636 2201 1710 2225 non
1725 2197 1777 2225 est

216 2247 367 2282 vocibus
389 2248 573 2281 utendum.

291 2313 318 2348 3.
332 2301 567 2336 PRAETEREA.
581 2301 710 2336 Oratio
726 2301 832 2336 debet
846 2300 966 2335 offerri
976 2301 1057 2334 Deo
1070 2300 1105 2334 in
1118 2299 1274 2342 occulto,
1287 2299 1485 2334 secundum
1497 2298 1583 2332 illud
1594 2296 1775 2334 Matth.6.:

222 2355 273 2389 Tu
298 2360 407 2390 autem
433 2367 506 2390 cum
533 2356 692 2396 oraturis,
722 2356 811 2389 intra
839 2356 870 2388 1⁴21
906 2355 1090 2389 cubiculum
1119 2359 1223 2395 tuum,
1251 2358 1278 2388 εἰ
1310 2353 1418 2388 clauso
1450 2354 1528 2387 ostio
1555 2364 1616 2386 ora
1646 2353 1777 2386 Patrem

217 2413 308 2443 tumn.
329 2409 361 2442 in
384 2407 590 2443 abscondito:
613 2408 675 2442 sed
697 2420 759 2454 per
780 2419 911 2442 vocem
935 2408 1050 2442 oratio
1073 2407 1292 2453 publicatur3
1320 2417 1406 2452 ergo
1434 2405 1550 2440 oratio
1577 2417 1651 2440 non
1673 2405 1778 2440 debet

217 2473 293 2496 esse
316 2462 462 2496 vocalis.

288 2515 361 2549 SED
385 2526 538 2550 CONTRA
562 2523 626 2556 est,
648 2515 743 2560 quod
760 2514 888 2548 dicitur
910 2515 944 2547 in
964 2515 1020 2548 Ps.
1042 2524 1136 2556 141.:
1164 2514 1246 2549 Voce
1269 2525 1337 2548 mea
1354 2513 1395 2548 ad
1413 2513 1599 2547 Dominum
1618 2512 1775 2553 clamavi,

215 2581 293 2603 voce
314 2581 385 2603 maa
407 2569 448 2602 ad
470 2570 655 2603 Domz'nwn.
678 2568 868 2614 ‹supra-atus
889 2580 970 2601 sam.

287 2622 516 2656 Risspoxnsso
544 2621 748 2662 dicendum,
776 2621 870 2666 quod
897 2621 1015 2667 duplat·
1042 2630 1092 2654 est
1121 2621 1254 2654 oratio:
1284 2621 1478 2661 communis,
1511 2626 1544 2652 et
1575 2618 1774 2664 singularis:

217 2676 422 2709 communis
445 2676 590 2721 quidem
613 2675 728 2709 oratio
751 2682 805 2708 est
822 2685 912 2720 quac
936 2685 997 2719 per
1019 2674 1202 2707 ministros
1228 2673 1412 2707 Ecclesiae
1434 2673 1471 2706 in
1491 2683 1646 2718 persona
1666 2672 1775 2705 totius

218 2729 330 2763 fidelis
352 2729 475 2776 populi
498 2730 578 2764 Deo
599 2728 762 2770 offertur3
785 2736 819 2762 ct
840 2728 922 2761 ideo
950 2736 1102 2773 oportet,
1126 2728 1220 2773 quod
1243 2727 1323 2761 talis
1346 2727 1461 2761 oratio
1488 2727 1690 2760 innotescat
1709 2724 1776 2759 toti

218 2782 364 2828 populo,
387 2794 451 2828 pro
474 2794 545 2828 quo
569 2781 762 2828 profertur,
785 2781 881 2827 quod
908 2792 981 2814 non
1004 2789 1124 2826 posset
1152 2781 1227 2815 fieri
1248 2781 1316 2814 nisi
1338 2788 1430 2814 esset
1454 2779 1614 2821 vocalis3
1638 2787 1672 2813 et
1691 2778 1774 2812 ideo

219 2835 476 2870 rationabiliter
490 2836 692 2870 institutum
715 2843 778 2878 est,
801 2842 839 2869 ut
860 2834 1013 2869 ministri
1034 2834 1218 2869 Ecclesiae
1236 2834 1447 2880 hujusmodi
1468 2833 1650 2868 orationes
1666 2832 1775 2867 etiam
