1859 3122
514 173 735 209 QUAESTIO
769 173 855 204 LXI.
888 174 1133 205 ARTICULUS
1168 175 1228 205 111.
1558 176 1640 219 453

86 262 146 289 aut
167 255 276 290 etiam
299 267 382 290 cum
405 256 643 290 reverentiam
666 257 827 292 exhibet:
850 263 983 304 opernm
1012 265 1145 300 autem,
1167 257 1260 292 sicut
1286 269 1369 292 cum
1397 257 1530 304 aliquid
1552 258 1644 303 juste

86 309 128 343 ab
151 309 222 343 alio
238 309 357 355 exigit,
371 310 427 344 vel
444 310 545 344 alteri
559 310 673 344 reddit
693 310 839 357 aliquod
859 322 968 356 opus;
991 311 1021 346 si
1042 322 1128 357 ergo
1153 311 1375 358 accipiamus
1397 319 1434 346 ut
1453 310 1644 345 materiam

85 363 268 409 utriusque
290 363 445 408 justitiae
469 375 520 405 ea,
543 375 698 410 quorum
721 365 950 410 operationes
973 372 1054 399 sunt
1077 376 1179 399 usus:
1203 366 1330 399 eadem
1354 373 1406 399 est
1428 365 1577 399 materia
1597 364 1645 398 di-

83 417 301 459 stributivae,
324 429 359 451 et
381 418 664 452 commutativae
685 419 858 463 justitiae:
883 430 969 452 nam
997 427 1030 453 et
1057 430 1112 453 res
1140 419 1302 454 distribui
1328 427 1478 465 possunt
1505 430 1525 453 a
1548 429 1645 452 com-

84 472 184 504 muni
206 472 241 505 in
263 471 438 517 singulos,
461 480 495 506 et
517 473 734 506 commutari
756 473 799 507 de
823 484 894 506 uno
918 473 952 506 in
975 473 1106 516 alium3
1131 482 1164 507 et
1186 474 1294 507 etiam
1323 481 1375 507 est
1397 473 1575 519 quaedam
1597 473 1646 506 di-

83 525 246 559 stributio
261 525 529 559 laboriosorum
545 537 707 571 operum,
719 534 753 560 et
763 527 1073 572 recompensatio:
1097 527 1125 560 si
1141 534 1261 561 autem
1282 527 1502 573 accipiamus
1516 535 1554 561 ut
1573 537 1644 560 ma-

82 579 210 613 teriam
228 579 410 625 utriusque
433 580 587 625 justitiae
610 580 770 613 actiones
798 580 891 625 ipsas
915 580 1142 626 principales,
1161 581 1287 626 quibus
1314 581 1448 614 utimur
1469 581 1642 627 personis,

82 632 198 674 rebus,
233 641 267 666 et
299 633 478 678 operibus,
512 633 561 666 sic
589 633 767 667 invenitur
793 633 980 678 utrobique
1009 634 1077 667 alia
1104 634 1271 668 materia:
1308 645 1393 667 nam
1421 634 1643 668 distributiva

81 686 214 731 justitia
237 694 290 720 est
316 687 485 720 directiva
512 687 820 720 distributionum:
845 687 1106 720 commutativa
1128 698 1214 721 vero
1242 687 1375 732 justitia
1398 696 1450 721 est
1472 687 1643 721 directiva

82 740 424 780 commutationum,
447 751 537 786 quae
561 740 695 774 attendi
716 748 866 785 possunt
884 740 975 774 inter
994 740 1081 774 duas
1096 751 1287 786 personas:
1311 752 1463 786 quarum
1480 741 1639 786 qztczedmn

81 801 162 826 sunt
183 792 458 835 involuntariae,
481 793 640 839 quaedam
667 804 753 826 vero
776 792 1013 827 voluntariae.
1036 794 1288 828 Involzmlzzrias
1310 795 1466 840 quidem,
1494 794 1639 839 quando

81 846 208 892 aliquis
231 847 339 880 utitur
360 859 396 881 re
420 847 576 888 alterius,
591 846 649 880 vel
666 858 832 892 persona,
846 846 904 880 vel
923 858 1042 893 opere,
1063 858 1106 881 eo
1123 847 1254 881 invito:
1279 847 1375 893 quod
1398 848 1544 893 quidem
1561 858 1644 881 con-

80 899 185 945 tingit
205 900 396 946 quandoque
419 899 560 934 occulte
583 912 646 946 per
666 899 843 942 fraudem,
865 901 1059 946 quandoque
1082 901 1191 934 etiam
1214 900 1402 935 manifeste
1425 912 1487 946 per
1508 900 1643 934 violen-

78 953 185 987 tiam:
209 962 400 999 utrumque
424 961 544 987 autem
567 953 755 999 contingit,
774 959 830 988 ιιιιι
852 954 887 987 in
911 965 998 996 rem,
1017 959 1076 989 ant
1097 954 1132 988 in
1155 965 1349 1000 personam
1371 954 1566 1000 propriam,
1582 960 1642 989 αιιί

79 1006 115 1040 in
137 1018 331 1052 personam
353 1008 604 1052 conjunctam:
627 1007 663 1040 in
685 1018 762 1041 rem
784 1008 942 1053 quidem,
977 1008 1005 1042 si
1028 1008 1170 1042 occulte
1193 1020 1284 1042 unus
1312 1020 1388 1042 rem
1417 1008 1561 1042 alterius
1588 1020 1643 1042 ac-

79 1060 198 1106 cipiat,
221 1068 255 1095 et
275 1068 426 1095 vocatur
439 1061 576 1106 furtum
587 1074 596 1095 .·
619 1060 649 1095 si
671 1069 791 1095 autem
814 1061 1014 1104 manifeste,
1036 1070 1187 1096 vocatur
1214 1064 1354 1109 rapina:
1381 1063 1418 1096 in
1445 1074 1640 1108 personam

79 1122 201 1148 autem
222 1114 417 1160 propriam,
439 1114 491 1148 val
512 1122 686 1160 quantum
710 1115 753 1148 ad
771 1115 887 1160 ipsam
907 1116 1177 1150 consistentiam
1197 1127 1385 1162 personae,
1400 1116 1452 1150 vel
1466 1124 1641 1162 quantum

79 1168 122 1201 ad
144 1167 356 1213 dignitatem
377 1167 506 1213 ipsius:
530 1168 558 1201 si
581 1175 701 1201 autem
725 1176 900 1214 quantum
923 1169 966 1203 ad
989 1169 1261 1203 consistentiam
1284 1181 1470 1216 personae,
1498 1170 1547 1204 sic
1570 1170 1640 1204 lae-

79 1221 172 1256 ditur
193 1221 320 1267 aliquis
343 1220 486 1255 occulte
509 1232 571 1266 per
592 1221 759 1255 dolosam
783 1222 1019 1264 occisionem,
1047 1234 1110 1257 seu
1136 1223 1421 1269 percussionem,
1444 1231 1478 1257 et
1499 1235 1562 1269 per
1582 1235 1640 1258 ve-

77 1276 162 1310 neni
184 1276 464 1318 exhibitionem3
486 1275 676 1310 manifeste
699 1284 820 1310 autem
841 1288 904 1322 per
926 1276 1155 1311 manifestam
1171 1277 1407 1318 occisionem,
1432 1285 1491 1311 aut
1516 1288 1579 1322 per
1592 1277 1642 1311 in-

78 1329 375 1371 carcerationem,
391 1337 451 1363 aut
462 1329 763 1371 verberationem,
778 1341 840 1363 seu
856 1330 1010 1364 membri
1028 1330 1313 1365 mutilationem:
1333 1338 1507 1376 quantum
1519 1338 1640 1364 autem

77 1382 120 1416 ad
142 1382 354 1428 dignitatem
376 1393 552 1428 personae
575 1382 727 1416 laeditur
750 1382 888 1429 aliquis,
912 1383 1054 1418 occulte
1070 1384 1216 1430 quidem
1231 1395 1294 1429 per
1308 1383 1397 1418 falsa
1415 1384 1634 1426 testimonia,

78 1447 140 1470 seu
163 1435 414 1478 detractiones,
437 1436 564 1482 quibus
587 1435 714 1481 aliquis
737 1436 850 1470 aufert
870 1436 1007 1470 famam
1029 1449 1144 1479 suam,
1168 1446 1202 1472 et
1223 1448 1285 1483 per
1312 1437 1380 1471 alia
1407 1437 1632 1482 hujusmodi3

76 1488 265 1523 manifeste
289 1497 409 1523 autem
430 1500 492 1535 per
519 1489 790 1523 accusationem
816 1490 853 1523 in
883 1491 1030 1535 judicio,
1053 1502 1114 1524 seu
1145 1502 1207 1536 per
1237 1491 1393 1524 convicii
1416 1490 1634 1525 illationem:

76 1550 250 1589 quantum
273 1551 393 1576 autern
416 1542 458 1576 ad
480 1553 674 1588 personam
697 1543 942 1588 conjunctam,
961 1543 1113 1577 laeditur
1128 1544 1254 1590 aliquis
1274 1544 1309 1577 in
1327 1555 1436 1577 uxore
1456 1552 1493 1577 ut
1507 1544 1542 1577 in
1561 1544 1636 1589 plu-

75 1597 170 1630 ribus
193 1595 334 1630 occulte
361 1607 424 1642 per
451 1595 684 1638 adulterium3
706 1596 742 1629 in
768 1607 872 1630 servo
895 1605 1028 1639 autern,
1051 1609 1134 1631 cum
1161 1597 1289 1643 aliquis
1316 1608 1461 1631 servum
1482 1598 1633 1640 seducit,

75 1657 113 1683 ut
135 1661 154 1683 a
176 1649 326 1683 domino
349 1649 524 1683 discedat:
549 1657 583 1683 et
604 1649 694 1683 haec
718 1649 826 1683 etiam
845 1650 1034 1684 manifeste
1056 1650 1133 1685 fieri
1155 1659 1324 1697 possunt:
1347 1659 1381 1684 et
1400 1651 1527 1685 eadem
1544 1651 1634 1686 ratio

76 1712 129 1737 est
150 1703 192 1737 de
214 1703 292 1737 aliis
314 1703 475 1749 personis
496 1703 709 1748 conjunctis,
724 1703 760 1736 in
775 1715 862 1749 quas
882 1704 991 1738 etiam
1006 1712 1155 1750 possunt
1171 1705 1338 1738 omnibus
1353 1704 1470 1738 modis
1487 1705 1636 1749 injuriae

76 1757 266 1798 committi,
284 1758 376 1791 sicut
394 1765 428 1790 et
445 1757 481 1790 in
496 1767 689 1802 personam
704 1756 958 1803 principalem:
981 1758 1043 1792 sed
1063 1758 1290 1800 adulterium,
1306 1766 1340 1792 et
1359 1758 1451 1792 servi
1473 1759 1635 1792 seductio

74 1818 157 1844 sunt
176 1810 342 1855 propriae
363 1809 513 1855 injuriae
535 1810 630 1843 circa
657 1810 721 1844 has
748 1821 937 1856 personas:
965 1819 1087 1845 tamen
1115 1812 1197 1857 quia
1224 1823 1347 1845 servus
1375 1820 1427 1845 est
1453 1813 1634 1858 possessio

75 1864 255 1909 quaedam
277 1863 426 1905 domini,
449 1863 520 1897 hoc
542 1862 692 1897 refertur
715 1864 758 1897 ad
779 1863 925 1898 furtum.
955 1865 1168 1899 [folmtariae
1188 1873 1309 1899 autem
1329 1865 1635 1899 commutationes

74 1918 249 1959 dicuntur,
261 1917 404 1963 quando
421 1916 548 1963 aliquis
557 1916 758 1951 voluntarie
774 1917 940 1951 transfert
955 1930 1032 1952 rem
1044 1930 1148 1952 suam
1163 1919 1198 1952 in
1214 1918 1378 1953 alterum:
1395 1926 1428 1952 et
1446 1919 1475 1952 si
1490 1919 1635 1964 quidem

73 1970 283 2016 simpliciter
303 1971 339 2004 in
362 1970 515 2004 alterum
536 1970 725 2005 transferat
744 1983 821 2005 rem
840 1982 942 2005 suam
959 1972 1092 2018 absque
1108 1972 1240 2014 debito,
1260 1972 1351 2006 sicut
1370 1973 1405 2006 in
1425 1972 1633 2014 donatione,

73 2035 146 2058 non
169 2032 221 2058 est
243 2033 342 2058 actus
363 2023 531 2069 justitiae,
556 2024 616 2058 sed
639 2023 881 2060 liberalitatis:
904 2025 1083 2059 intantum
1106 2033 1226 2059 autem
1251 2025 1293 2059 ad
1316 2026 1487 2069 justitiam
1510 2025 1634 2060 volun-

73 2077 162 2111 taria
182 2077 367 2111 translatio
390 2077 554 2123 pertinet,
580 2078 795 2124 inquantum
823 2087 875 2113 est
901 2079 949 2112 ibi
978 2079 1112 2125 aliquid
1144 2079 1187 2113 de
1216 2079 1355 2112 ratione
1384 2079 1508 2121 debiti;
1536 2080 1632 2125 quod

74 2130 218 2176 quidem
240 2131 416 2176 contingit
437 2131 684 2177 multipliciter:
713 2144 776 2166 uno
804 2132 927 2174 modo,
955 2132 1099 2178 quando
1122 2133 1200 2178 quis
1230 2132 1395 2167 transfert
1424 2133 1635 2179 simpliciter

74 2194 150 2217 rem
171 2195 274 2218 suam
295 2184 331 2217 in
355 2183 507 2218 alterum
530 2195 593 2229 pro
616 2186 955 2231 recompensatione
979 2185 1124 2220 alterius
1143 2187 1212 2228 rei3
1235 2187 1326 2220 sicut
1349 2186 1479 2220 accidit
1496 2187 1531 2219 in
1552 2198 1634 2220 ven-

74 2236 218 2279 ditione,
242 2245 276 2271 et
297 2237 499 2283 emptione:
523 2238 588 2271 alio
616 2238 739 2280 modo,
762 2239 906 2284 quando
930 2239 1057 2285 aliquis
1072 2240 1179 2273 tradit
1196 2251 1272 2273 rem
1296 2251 1399 2273 suam
1422 2239 1534 2281 alteri,
1551 2251 1634 2273 con-

75 2290 203 2324 cedens
222 2290 254 2324 ei
275 2301 381 2324 usum
403 2291 454 2324 rei
476 2302 559 2324 cum
579 2291 698 2325 debito
714 2292 950 2338 recuperandi
965 2304 1059 2328 rem:
1084 2302 1118 2327 et
1132 2293 1160 2327 si
1180 2293 1324 2339 quidem
1340 2293 1449 2339 gratis
1466 2294 1633 2327 concedit

75 2354 178 2377 usum
198 2343 260 2385 rei,
281 2352 432 2377 vocatur
454 2345 675 2390 ususfructus
696 2345 731 2378 in
754 2346 870 2387 rebus,
893 2357 983 2391 quae
1007 2346 1139 2392 aliquid
1167 2346 1393 2388 fructificant,
1420 2346 1478 2381 vel
1500 2346 1632 2392 simpli-

75 2395 160 2430 citer
181 2401 344 2439 mutuum,
371 2408 434 2431 seu
465 2397 707 2432 commodatum
736 2398 773 2431 in
803 2399 920 2441 rebus,
952 2410 1043 2445 quae
1070 2411 1143 2433 non
1174 2399 1402 2441 fructificant,
1433 2400 1525 2433 sicut
1550 2408 1632 2434 sunt

74 2449 219 2492 denarii,
240 2461 338 2492 vasa,
361 2459 395 2484 et
415 2451 640 2496 hujusmodi:
660 2452 690 2486 si
711 2463 796 2486 vero
819 2464 885 2486 nec
909 2453 983 2499 ipse
1005 2465 1089 2487 usus
1112 2454 1221 2499 gratis
1241 2454 1462 2494 conceditur,
1481 2461 1631 2487 vocatur

74 2502 203 2544 locatio,
227 2512 260 2537 et
282 2503 475 2539 conductio:
499 2507 594 2539 tertii)
619 2505 729 2538 modo
753 2505 880 2551 aliquis
902 2506 1009 2540 tradit
1035 2518 1112 2540 rem
1139 2519 1242 2541 suam
1268 2515 1306 2540 ut
1332 2507 1629 2551 recuperandam,

72 2567 144 2588 non
159 2557 296 2590 ratione
313 2569 408 2598 usus,
424 2558 505 2591 sed:
528 2559 580 2592 w]
596 2559 733 2592 ratione
754 2560 1050 2601 conservationis,
1066 2560 1157 2594 sicut
1176 2560 1210 2593 in
1227 2560 1390 2604 deposito
1405 2560 1478 2593 :mel
1493 2560 1629 2593 ratione

74 2608 312 2654 obligationis,
335 2611 426 2644 sicut
453 2622 535 2644 cum
562 2612 640 2657 quis
662 2623 737 2645 rem
760 2623 862 2645 suam
884 2613 1027 2658 pignori
1049 2613 1196 2658 obligat,
1220 2624 1281 2646 seu
1305 2624 1388 2645 cum
1411 2612 1538 2657 aliquis
1562 2624 1625 2658 pro

74 2660 143 2695 alio
165 2662 348 2707 fidejubet:
367 2663 403 2696 in
426 2664 591 2697 omnibus
615 2673 734 2698 autem
757 2666 965 2709 hujusmodi
985 2667 1196 2707 actionibus,
1216 2666 1289 2699 sive
1309 2665 1531 2706 voluntariis,
1554 2666 1627 2700 sive

72 2713 330 2757 involuntariis,
353 2725 405 2750 est
427 2717 553 2750 eadem
576 2719 665 2751 ratio
689 2718 887 2763 accipiendi
910 2719 1070 2752 medium
1090 2719 1288 2753 secundum
1305 2718 1559 2763 aequalitatem
1579 2731 1629 2752 re-

75 2769 395 2812 compensationis3
418 2777 452 2803 et
470 2770 550 2804 ideo
571 2781 697 2804 omnes
719 2771 806 2804 istae
830 2772 989 2806 actiones
1013 2772 1055 2806 ad
1079 2783 1188 2806 unam
1207 2771 1367 2817 speciem
1385 2771 1539 2816 justitiae
1554 2783 1628 2818 per-

73 2819 195 2862 tinent,
218 2821 354 2855 scilicet
376 2822 417 2855 ad
441 2825 751 2857 commutativam.

144 2872 188 2907 Et
207 2885 269 2919 per
290 2874 361 2908 hoc
383 2882 480 2920 patet
500 2876 688 2921 responsio
710 2887 760 2911 AD
784 2887 955 2922 OBJECTA.

215 2954 243 2980 S.
263 2955 384 2981 Tuosne
405 2956 509 2981 Summa
535 2956 694 2991 Theologica.
717 2957 770 2983 Vol
803 2957 857 2983 111.
1454 2968 1483 2992 3¹¹
