1859 3122
236 151 321 193 710
691 150 912 185 QUAESTIO
948 152 988 180 C.
1022 151 1266 180 ARTICULUS
1299 151 1342 181 11.

305 231 364 265 AD
386 240 556 265 TERTIUM
578 230 784 274 dicendum,
806 232 903 277 quod
925 233 1077 277 pecunia
1099 243 1171 266 non
1195 232 1345 278 exigitur
1367 233 1409 266 ab
1436 243 1480 267 eo
1503 234 1563 279 qui
1589 233 1796 276 absolvitur,

234 285 335 329 quasi
358 285 511 329 pretium
535 284 771 319 absolutionis
794 286 883 330 (hoc
907 285 1004 319 enim
1027 293 1120 319 esset
1150 285 1430 330 simoniacum):
1461 287 1523 321 sed
1549 287 1651 333 quasi
1677 298 1797 333 poena

234 337 360 383 culpae
383 337 641 382 praecedentis,
663 349 727 384 pro
750 350 819 384 qua
841 338 906 372 fuit
928 339 1276 372 excommunicatus.

288 391 365 425 ‘AD
388 401 576 429 QUARTUM
600 391 806 433 dicendum,
830 392 938 437 quod,
961 392 1053 425 sicut
1071 392 1207 425 dictum
1231 400 1283 425 est
1302 392 1350 436 (in
1371 398 1461 438 corp.
1480 398 1544 427 art.
1564 398 1591 427 et
1608 405 1674 428 1-2.
1693 405 1723 439 q.
1743 404 1796 439 97.

233 450 296 478 art.
316 446 374 490 3.)‚
399 445 625 478 consuetudo
653 456 726 478 non
754 445 977 491 praejudicat
1010 445 1079 490 juri
1105 445 1259 478 naturali
1289 445 1347 479 vel
1378 445 1512 487 divino,
1541 457 1612 491 quo
1639 446 1797 480 simonia

233 498 463 544 prohibetur3
486 505 518 531 et
541 497 622 531 ideo
645 498 674 532 si
697 498 816 544 aliqua
847 510 889 532 ex
921 498 1181 532 consuetudine
1208 498 1406 544 exigantur,
1436 499 1538 545 quasi
1564 501 1718 545 pretium
1745 500 1796 534 rei

233 551 436 597 spiritualis,
459 563 542 584 cum
565 552 764 586 intentione
787 552 942 594 emendi,
964 552 1022 586 vel
1049 552 1238 594 vendendi,
1269 560 1321 586 est
1350 552 1538 587 manifeste
1568 553 1735 595 simonia,
1763 561 1798 588 et

233 605 424 650 praecipue
447 605 476 638 si
499 605 540 638 ab
563 605 676 639 invito
700 605 905 651 exigantur:
928 606 957 640 si
978 617 1065 639 vero
1088 606 1273 651 exigantur
1296 606 1397 652 quasi
1419 607 1599 652 quaedam
1621 607 1797 653 stipendia

233 671 295 705 per
307 659 607 692 consuetudinem
620 659 827 705 approbata,
841 671 914 693 non
931 667 983 693 est
997 659 1173 700 simonia;
1189 660 1217 693 si
1234 667 1356 693 tamen
1372 660 1462 694 desit
1475 660 1626 694 intentio
1642 661 1796 703 emendi,

232 712 290 746 vel
312 712 501 753 vendendi,
524 712 585 746 sed
607 712 759 746 intentio
783 712 955 747 referatur
977 714 1019 746 ad
1039 712 1157 746 solam
1177 713 1447 747 consuetudinis
1462 714 1747 756 observantiam3
1763 722 1798 748 et

233 766 423 812 praecipue
446 766 590 811 quando
614 766 741 812 aliquis
763 765 965 800 voluntarie
988 766 1112 801 solvit:
1135 767 1170 800 in
1191 766 1247 800 his
1268 774 1391 800 tamen
1407 767 1574 801 omnibus
1588 767 1728 801 solicite
1743 779 1797 801 ca-

232 820 391 853 vendum
419 827 482 861 est,
505 820 601 865 quod
623 819 731 853 habet
753 820 911 869 speciem
939 820 1128 861 simoniae,
1155 819 1213 853 vel
1240 820 1454 866 cupiditatis,
1483 820 1683 855 secundum
1708 820 1796 855 illud

232 872 403 919 Apostoli
425 884 452 906 1.
477 872 519 906 ad
544 872 710 907 Thessal.
730 872 812 908 ult.:
835 871 888 908 Ab
912 874 1002 907 omni
1023 875 1126 919 specie
1146 873 1237 907 mala
1260 875 1413 908 abstinete
1430 885 1498 908 vos.

304 927 364 961 AD
391 936 572 965 QUINTUM
595 926 801 968 dicendum,
823 927 920 972 quod
943 934 1137 972 antequam
1160 926 1268 960 alicui
1289 927 1494 972 acquiratur
1514 927 1568 972 jus
1589 927 1625 960 in
1650 926 1797 974 Episco-

232 988 329 1026 patu,
351 980 407 1014 vel
431 991 659 1026 quacumque
678 980 863 1026 dignitate,
885 980 943 1014 vel
964 980 1178 1027 praebenda,
1201 992 1264 1025 per
1286 980 1515 1023 electionem,
1541 981 1599 1015 vel
1625 981 1797 1027 provisio-

232 1045 328 1076 nem,
352 1046 415 1068 seu
438 1033 685 1075 collationem,
709 1034 951 1068 simoniacum
968 1042 1062 1086 esset
1077 1034 1345 1068 adversantium
1367 1033 1553 1068 obstacula
1574 1035 1727 1080 pecunia
1748 1045 1797 1068 re-

234 1087 389 1122 dimere:
413 1089 462 1121 sic
487 1087 583 1121 enim
606 1098 669 1133 per
690 1088 884 1133 pecuniam
906 1095 1047 1133 pararet
1073 1087 1139 1120 sibi
1163 1087 1260 1120 viam
1289 1087 1332 1120 ad
1357 1099 1435 1121 rem
1462 1087 1683 1133 spiritualem
1711 1088 1799 1122 obti-

231 1141 410 1176 nendam:
426 1141 486 1175 sed
503 1149 696 1187 postquam
711 1142 764 1186 jus
780 1141 889 1175 alicui
903 1142 976 1186 jam
988 1141 1203 1186 acquisitum
1220 1148 1283 1183 est,
1294 1140 1378 1175 licet
1388 1153 1451 1187 per
1461 1141 1653 1187 pecuniam
1665 1141 1797 1188 injusta

231 1195 492 1241 impedimenta
515 1206 714 1228 removere.

303 1249 362 1282 AD
386 1258 538 1282 sEXTUM
561 1248 766 1290 dicendum,
789 1248 886 1293 quod
908 1247 1055 1293 quidam
1078 1247 1211 1289 dicunt,
1233 1247 1329 1293 quod
1356 1258 1420 1293 pro
1450 1248 1686 1282 matrimonio
1713 1247 1798 1282 licet

231 1302 422 1347 pecuniam
446 1302 540 1345 dare,
565 1302 647 1347 quia
668 1301 704 1334 in
726 1313 770 1335 eo
792 1313 866 1335 non
890 1300 1072 1335 confertur
1094 1300 1226 1345 gratia:
1247 1301 1309 1335 sed
1330 1301 1401 1335 hoc
1424 1312 1498 1335 non
1521 1309 1573 1335 est
1599 1312 1798 1347 usquequa-

232 1366 300 1400 que
322 1366 461 1396 verum,
484 1363 521 1388 ut
543 1355 577 1388 in
600 1355 703 1388 tertia
730 1363 829 1400 parte
851 1354 957 1399 hujus
984 1354 1102 1399 operis
1131 1354 1268 1388 dicetur
1299 1353 1414 1400 (quam
1443 1367 1507 1388 non
1534 1355 1694 1395 absolvit;
1721 1355 1796 1389 virle

230 1408 398 1454 Sztpplam.
421 1420 450 1453 ‹J-
473 1419 527 1452 42.
548 1413 611 1442 art.
630 1417 698 1454 3.),·
723 1415 758 1442 et
778 1408 860 1453 ideo
884 1407 986 1441 aliter
1008 1407 1202 1440 dicendum
1225 1415 1288 1449 est,
1310 1407 1407 1453 quod
1429 1408 1703 1441 matrimonium
1721 1419 1795 1442 non

232 1461 354 1495 solum
377 1469 429 1495 est
451 1461 635 1495 Ecclesiae
658 1468 940 1502 sacramentum,
961 1460 1023 1494 sed
1046 1460 1155 1494 etiam
1177 1468 1326 1494 naturae
1349 1460 1529 1503 officium3
1552 1469 1586 1495 et
1606 1461 1689 1495 ideo
1711 1461 1795 1495 dare

233 1515 425 1561 pecuniam
448 1526 512 1560 pro
536 1514 785 1556 matrimonio,
806 1514 1021 1560 inquantum
1043 1522 1095 1547 est
1117 1521 1265 1547 naturae
1287 1513 1460 1556 officium,
1482 1513 1622 1548 licitum
1649 1522 1721 1556 est3
1747 1514 1797 1548 in-

234 1576 409 1614 quantum
428 1579 514 1602 vero
538 1576 590 1602 est
611 1567 796 1602 Ecclesiae
819 1574 1099 1608 sacramentum,
1128 1574 1181 1600 est
1210 1566 1393 1610 illicitum;
1425 1575 1458 1601 et
1487 1567 1570 1601 ideo
1596 1567 1795 1602 secundum

230 1622 306 1666 jura
329 1623 432 1667 (caps
459 1622 544 1655 Cum
568 1623 600 1655 in.
623 1622 798 1663 Ecclesiae,
821 1620 857 1655 de
877 1620 1047 1664 simonia)
1068 1620 1290 1665 prohibetur,
1311 1631 1356 1654 ne
1378 1632 1441 1667 pro
1463 1620 1714 1655 benedictione
1735 1632 1797 1655 nu-

230 1675 384 1721 ptiarum
407 1674 540 1721 aliquid
564 1675 735 1720 exigatur.

803 1802 1148 1847 ARTICULUS
1179 1802 1258 1844 III.
1729 1825 1791 1861 531

467 1911 620 1941 UTRUM
653 1911 811 1941 LICEAT
846 1912 973 1950 DARE,
1008 1911 1063 1940 ET
1096 1911 1308 1940 ACCIPERE
1341 1910 1565 1940 PECUNIAM

675 1977 756 2006 PRO
790 1976 1115 2006 SPIRITUALIBUS
1149 1976 1348 2005 ACTIBUS.

512 2063 559 2107 (4.
582 2064 670 2097 Dist.
694 2075 741 2109 25.
764 2075 793 2109 q.
812 2075 840 2110 3.
864 2069 927 2098 art.
952 2075 981 2097 2.
1005 2076 1034 2109 q.
1058 2075 1087 2098 2.
1111 2068 1141 2097 et
1161 2063 1281 2107 Quod).
1301 2064 1332 2098 S.
1353 2068 1416 2098 art.
1436 2063 1510 2107 IL).

300 2152 359 2185 AD
383 2161 554 2185 TERTIUM
577 2151 626 2185 sic
650 2152 865 2197 proceditur.
889 2152 1050 2194 Videtur,
1073 2152 1168 2198 quod
1199 2151 1337 2185 licitum
1369 2151 1412 2186 sit
1442 2151 1537 2193 dare,
1567 2159 1601 2185 ct
1630 2151 1794 2198 accipere

229 2205 421 2251 pecuniam
444 2216 508 2250 pro
528 2205 770 2250 spiritualibus
787 2206 943 2239 actibus:
959 2217 1043 2240 usus
1059 2205 1155 2239 enim
1171 2205 1381 2251 prophetiae
1397 2213 1449 2239 est
1467 2204 1659 2251 spiritualis
1674 2213 1793 2239 actus:

228 2258 290 2292 sed
313 2269 377 2304 pro
400 2269 465 2292 usu
488 2258 700 2303 prophetiae
724 2258 813 2291 olim
837 2258 969 2304 aliquid
989 2259 1149 2300 dabatur,
1165 2267 1202 2292 ut
1217 2266 1313 2304 patet
1333 2269 1359 2292 1.
1375 2258 1463 2303 Reg.
1483 2269 1514 2304 9.
1532 2267 1566 2292 et
1583 2269 1610 2304 3.
1626 2258 1715 2304 Reg.
1736 2268 1792 2301 14:

229 2323 315 2357 ergo
337 2312 487 2352 videtur,
510 2311 606 2357 quod
630 2311 737 2345 liceat
758 2311 854 2353 dare,
877 2320 909 2346 et
933 2313 1096 2357 accipere
1119 2312 1311 2358 pecuniam
1334 2323 1398 2357 pro
1422 2319 1503 2345 actu
1525 2311 1710 2357 spirituali.
1826 2305 1829 2313 ¹
1852 2313 1853 2320 ¹

302 2375 331 2398 2.
355 2365 591 2399 PRAETEREA.
622 2364 764 2405 Oratio,
783 2365 1016 2410 praedicatio,
1039 2365 1116 2399 laus
1139 2365 1270 2406 divina,
1293 2372 1375 2398 sunt
1396 2372 1496 2398 actus
1519 2365 1676 2398 maxime
1695 2364 1794 2410 spiri-

227 2418 360 2452 tuales:
381 2418 442 2451 sed
459 2417 501 2451 ad
518 2417 786 2463 impetrandum
809 2418 1017 2451 orationum
1040 2417 1209 2463 suffragia
1232 2418 1384 2464 pecunia
1411 2417 1513 2451 datur
1540 2417 1671 2451 sanctis
1696 2418 1793 2459 viris,

228 2472 427 2506 secundum
450 2471 538 2504 illud
561 2471 648 2504 Luc.
676 2469 746 2504 16.:
770 2472 883 2505 Facite
904 2473 997 2506 vobis
1019 2473 1141 2505 amicos
1163 2471 1199 2505 de
1220 2482 1414 2505 mammona
1436 2472 1643 2516 iniquitatis:
1658 2471 1793 2517 praedi-

230 2525 410 2559 catoribus
424 2526 532 2558 etiam
543 2523 741 2570 spiritualia
755 2524 1014 2558 seminantibus
1025 2524 1240 2570 temporalia
1255 2524 1438 2566 debentur,
1449 2524 1648 2558 secundum
1663 2525 1791 2570 Apost.

234 2589 259 2612 1.
284 2578 327 2612 ad
351 2577 437 2611 Cor.
461 2589 508 2624 9*
533 2576 794 2611 celebrantibus
818 2577 925 2610 etiam
954 2578 1092 2611 divinas
1115 2577 1238 2611 laudes
1260 2577 1295 2610 in
1319 2577 1567 2611 ecclesiastico
1596 2576 1729 2619 officio,
1756 2585 1791 2611 et

229 2632 482 2678 processiones
503 2630 715 2664 facientibus
739 2630 870 2675 aliquid
894 2630 1013 2671 datur3
1046 2639 1079 2664 et
1105 2630 1321 2676 quandoque
1348 2631 1457 2664 annui
1486 2630 1618 2664 reditus
1649 2630 1691 2664 ad
1719 2630 1790 2664 hoc

229 2685 473 2730 assignantur3
497 2696 583 2729 ergo
606 2683 744 2717 licitum
767 2691 820 2717 est
841 2694 905 2728 pro
929 2683 1171 2729 spiritualibus
1193 2684 1329 2718 actibus
1353 2684 1514 2730 accipere
1538 2683 1682 2729 aliquid.

303 2750 331 2783 3.
355 2738 590 2772 PRAETEREA.
607 2737 765 2771 Scientia
786 2747 859 2770 non
883 2745 935 2770 cst
958 2737 1075 2770 minus
1098 2737 1302 2783 spiritualis,
1323 2748 1431 2783 quam
1451 2745 1623 2782 potestas:
1645 2736 1705 2770 sed
1724 2748 1789 2782 pro
1841 2756 1843 2759 >

229 2803 294 2825 usu
317 2792 486 2826 scientiae
509 2791 593 2825 licet
615 2790 805 2836 pecuniam
834 2790 1014 2834 accipere;
1041 2790 1132 2824 sicut
1159 2791 1336 2824 advocato
1364 2790 1448 2824 licet
1473 2789 1628 2824 vendere
1655 2790 1788 2834 justum

230 2845 481 2891 patrocinium,
504 2853 537 2878 et
560 2845 703 2878 medico
727 2843 918 2877 consilium
945 2843 1118 2884 sanitatis,
1144 2853 1176 2877 et
1203 2844 1375 2888 magistro
1402 2842 1560 2877 officium
1584 2843 1786 2886 doctrinae3
