1859 3122
493 182 714 218 QUAESTIO
750 181 850 211 CLII.
885 180 1130 211 ARTICULUS
1164 180 1207 210 11.
1557 168 1635 223 981

155 265 228 300 SED
244 275 398 300 CONTRA
415 272 478 306 est,
493 264 589 310 quod
604 263 744 298 nullum
766 271 956 310 peccatum
979 270 1074 296 recte
1097 262 1192 296 cadit
1213 262 1276 296 sub
1301 262 1472 297 consilio:
1495 263 1557 298 sed
1579 263 1646 296 vir-

83 319 213 366 ginitas
234 327 330 353 recte
353 319 447 352 cadit
461 319 524 352 sub
542 318 715 352 consilio:
739 318 867 351 dicitur
889 317 985 351 enim
1011 328 1039 350 1.
1063 316 1105 350 ad
1129 315 1216 350 Cor.
1240 327 1288 361 7.:
1310 317 1360 350 De
1378 318 1564 361 virginibus
1585 328 1644 350 αιι-

84 377 368 420 tempraereptum
386 373 528 406 Domini
549 383 614 406 non
636 372 748 413 liabeo,
771 371 942 405 consilium
965 375 1072 404 autem
1094 369 1156 410 do;
1180 380 1268 415 ergo
1290 370 1475 415 virginitas
1497 381 1570 405 non
1593 378 1646 404 est

84 426 216 473 aliquid
238 425 416 460 illicitum.

154 479 383 514 RESPONDEO
402 478 608 520 dicendum,
631 478 726 524 quod
750 479 785 511 in
807 477 975 511 humanis
1003 476 1139 510 actibus
1161 476 1248 510 illud
1272 484 1324 510 est
1344 476 1526 519 vitiosum,
1549 476 1645 523 quod

84 541 137 568 est
157 540 297 579 praeter
318 540 453 566 rectam
476 532 674 573 rationem3
698 532 805 565 habet
828 539 947 565 autem
969 531 1040 565 hoc
1069 538 1167 564 recta
1189 530 1292 572 ratio,
1315 538 1353 564 ut
1373 530 1429 564 his
1451 542 1542 576 quae
1564 537 1648 564 sunt

85 587 127 621 ad
151 587 272 628 finem,
294 595 413 620 utatur
435 586 562 632 aliquis
590 586 790 620 secundum
818 596 897 619 eam
929 595 1148 625 mensuram,
1175 595 1266 630 quae
1294 584 1461 629 congruit
1488 583 1566 625 sini3
1595 591 1648 618 est

86 648 206 675 autern
230 640 349 686 triplex
370 640 529 674 hominis
551 639 700 680 bonum,
724 647 760 672 ut
781 638 910 672 dicitur
932 639 966 672 in
993 649 1020 672 1.
1040 637 1156 672 Ethic.
1178 640 1264 683 (cap.
1281 637 1344 682 8.).·
1365 649 1467 671 tinum
1490 637 1647 683 quidem,

86 694 181 740 quod
205 693 367 728 consistit
387 693 422 726 in
445 693 679 727 exterioribus
698 693 813 733 rebus,
828 700 912 738 puta
932 691 1079 725 divitiis:
1103 691 1196 725 aliud
1215 699 1346 734 autem,
1369 692 1465 737 quod
1486 690 1650 725 consistit

86 748 120 782 in
142 747 247 781 bonis
269 747 448 793 corporis:
473 748 605 781 tertium
630 754 762 787 autem,
791 746 886 791 quod
910 745 1073 779 consistit
1086 745 1122 778 in
1136 745 1240 778 bonis
1263 745 1424 778 animae:
1444 745 1536 778 inter
1558 755 1648 790 quae

87 800 196 835 etiam
217 801 311 834 bona
327 799 630 845 contemplativae
644 799 738 832 vitae
753 807 835 832 sunt
849 799 990 844 potiora
1012 799 1116 832 bonis
1132 798 1225 832 vitae
1241 798 1390 839 activae,
1406 807 1442 832 ut
1456 797 1549 832 Phil.
1572 809 1649 844 pro-

88 854 149 888 bat
170 854 205 887 in
233 864 282 888 10.
299 853 413 887 Ethic.
435 853 524 899 (rap.
544 854 604 899 7.)‚
622 861 655 887 et
669 852 850 886 Dominus
866 852 961 894 dicit,
982 852 1102 886 Lucae
1122 862 1190 886 10.:
1214 853 1329 886 Mariti
1346 854 1506 898 optimam
1521 856 1650 898 partem

87 908 202 953 elegi&
226 918 379 954 quorum
403 907 583 941 bonorum
611 906 786 940 exteriora
809 906 953 951 quidem
973 905 1183 939 ordinantur
1206 905 1248 939 ad
1277 916 1330 947 ea,
1357 916 1448 951 quae
1475 913 1557 939 sunt
1578 916 1654 939 cor-

88 961 203 1008 poris:
228 972 268 995 ea
286 972 372 995 vero
392 971 483 1006 quae
502 968 584 994 sunt
602 959 776 1005 corpori5‚
793 959 836 993 ad
851 970 892 992 ea
911 970 1001 1004 quae
1016 966 1098 992 sunt
1112 960 1272 992 animae:
1290 967 1325 992 et
1340 958 1486 992 ulterius
1501 970 1542 992 ea
1561 969 1652 1004 quae

88 1022 170 1049 sunt
190 1014 284 1048 vitae
307 1014 457 1055 activae,
488 1014 531 1047 ad
554 1024 594 1047 ea
622 1023 713 1058 quae
735 1020 816 1046 sunt
837 1012 930 1046 vitae
953 1011 1278 1057 contemplativae;
1300 1012 1454 1057 pertinet
1474 1012 1582 1057 igitur
1609 1010 1654 1045 ad

89 1067 342 1102 rectitudinem
364 1067 525 1108 rationis,
559 1074 596 1100 ut
626 1065 753 1111 aliquis
784 1073 903 1098 utatur
937 1064 1170 1098 exterioribus
1204 1065 1308 1098 bonis
1342 1065 1541 1099 secundum
1572 1076 1653 1099 eam

91 1132 312 1162 mensuram,
339 1131 429 1166 quae
457 1119 630 1166 competit
658 1118 820 1165 corpori:
849 1126 882 1152 et
908 1118 1073 1152 similiter
1094 1118 1136 1151 de
1159 1118 1258 1160 aliis;
1281 1118 1374 1152 unde
1401 1118 1431 1152 si
1452 1118 1530 1164 quis
1554 1118 1656 1152 absti-

89 1182 173 1208 neat
194 1174 236 1208 ab
260 1173 436 1220 aliquibus
457 1172 694 1220 possidendis,
722 1183 813 1218 quae
836 1171 922 1206 alias
946 1180 1039 1206 esset
1058 1172 1196 1205 bonurn
1219 1172 1414 1218 possidere,
1433 1180 1471 1206 ut
1490 1171 1656 1206 consulat

91 1227 196 1262 saluti
223 1226 416 1273 corporali,
438 1226 496 1260 vel
518 1227 628 1261 etiam
651 1225 951 1272 contemplationi
972 1225 1142 1267 veritatis,
1165 1237 1240 1259 non
1263 1233 1356 1260 esset
1376 1226 1447 1260 hoc
1469 1226 1654 1267 vitiosum,

90 1281 152 1315 sed
173 1280 373 1315 secundum
391 1280 568 1314 rationem
590 1288 747 1313 rectam:
771 1287 805 1313 et
826 1279 990 1313 similiter
1005 1279 1034 1313 si
1048 1279 1126 1325 quis
1143 1279 1295 1313 abstinet
1314 1291 1333 1312 a
1355 1278 1654 1313 delectationibus

92 1333 352 1380 corporalibus,
375 1341 413 1367 ut
433 1333 578 1367 liberius
597 1341 702 1367 vacet
721 1332 1021 1378 contemplationi
1042 1333 1212 1374 veritatis,
1232 1333 1385 1379 pertinet
1402 1333 1472 1366 hoc
1494 1332 1536 1366 ad
1555 1332 1656 1366 recti-

91 1388 254 1421 tudinem
276 1387 443 1421 rationis:
467 1387 510 1420 ad
532 1387 603 1420 hoc
627 1394 747 1420 autem
766 1387 824 1432 pia
842 1386 1028 1432 virginitas
1051 1386 1092 1419 ab
1116 1386 1217 1420 omni
1239 1385 1479 1420 delectatione
1501 1397 1657 1420 venerea

94 1441 256 1482 abstinet,
290 1448 328 1474 ut
352 1440 498 1474 liberius
525 1440 667 1474 divinae
695 1439 996 1485 contemplationi
1018 1447 1139 1473 vacet:
1163 1439 1249 1473 dicit
1276 1439 1373 1473 enim
1395 1439 1522 1485 Apost.
1554 1450 1581 1473 1.
1611 1438 1655 1472 ad

96 1495 182 1529 Cor.
206 1504 255 1539 7.:
279 1494 403 1528 Mulier
425 1495 576 1539 innupta,
600 1499 630 1528 ct
649 1495 744 1539 virgo
768 1494 887 1538 cogitat
908 1504 990 1538 quae
1012 1494 1154 1526 Domini
1177 1498 1263 1535 sunt,
1286 1498 1321 1527 ut
1340 1494 1381 1527 sit
1401 1498 1514 1528 sancta
1535 1498 1563 1527 et
1584 1505 1658 1527 cor-

89 1554 183 1594 pora,
203 1552 230 1581 et
247 1548 380 1592 spiritu:
403 1558 484 1592 quac
511 1551 618 1580 uittam
645 1551 747 1592 nupia
773 1551 825 1587 cst,
853 1547 973 1591 cogitat
999 1558 1080 1592 qnae
1107 1546 1221 1580 mnndi
1245 1552 1330 1589 szmt,
1356 1551 1385 1580 et
1405 1546 1565 1592 quomodo
1588 1547 1659 1593 pla-

99 1606 168 1635 caat
187 1602 284 1640 viro,⁸
309 1600 402 1633 unde
424 1599 647 1645 relinquitur,
670 1599 766 1645 quod
785 1599 970 1645 virginitas
992 1611 1066 1634 non
1089 1608 1142 1634 est
1163 1600 1295 1646 aliquid
1313 1600 1496 1642 vitiosum,
1516 1601 1576 1634 sed
1599 1611 1660 1647 po-

97 1654 165 1689 tius
187 1653 378 1688 laudabile.

166 1707 226 1742 AD
254 1717 403 1741 PRIMUM
426 1717 512 1752 ergo
536 1706 742 1748 dicendum,
766 1707 861 1752 quod
884 1714 1116 1753 praeceptum
1143 1707 1253 1741 habet
1274 1707 1452 1741 rationem
1479 1706 1600 1748 debiti,
1621 1714 1661 1740 ut

97 1771 204 1807 supra
227 1761 362 1794 dictum
385 1768 438 1794 est
461 1761 505 1806 (q.
528 1772 599 1795 122.
623 1765 685 1794 art.
708 1761 776 1805 1.).·
799 1761 972 1807 dupliciter
1002 1768 1123 1794 autern
1155 1760 1288 1806 aliquid
1320 1768 1373 1795 est
1394 1761 1572 1795 debitum:
1595 1772 1659 1795 uno

97 1814 204 1855 modo,
228 1822 266 1848 ut
286 1813 477 1860 impleatur
500 1814 541 1847 ab
564 1825 658 1856 uno3
682 1822 717 1848 et
737 1814 808 1848 hoc
837 1814 996 1848 debitum
1018 1814 1093 1848 sine
1122 1822 1272 1859 peccato
1299 1815 1482 1860 praeteriri
1504 1826 1578 1848 non
1600 1825 1661 1860 po-

97 1876 185 1902 test:
208 1867 300 1901 aliud
322 1875 443 1901 autem
465 1875 518 1901 est
539 1867 698 1901 debitum
725 1867 951 1913 implendum
975 1879 993 1900 a
1017 1867 1264 1909 multitudine3
1287 1876 1322 1901 et
1343 1868 1386 1901 ad
1408 1867 1479 1902 tale
1502 1868 1660 1901 debitum

98 1921 325 1967 implendum
339 1932 414 1954 non
428 1928 569 1954 tenetur
583 1921 732 1967 quilibet
754 1921 796 1954 de
819 1920 1064 1955 multitudine:
1089 1921 1203 1954 multa
1223 1921 1319 1955 enim
1339 1929 1420 1955 sunt
1442 1921 1662 1955 multitudini

99 1974 314 2016 necessaria,
337 1974 380 2007 ad
403 1985 493 2020 quae
516 1974 700 2020 implenda
716 1986 806 2008 unus
829 1986 902 2008 non
925 1973 1074 2008 sufficit:
1098 1974 1158 2008 sed
1178 1974 1373 2019 implentur
1388 1974 1662 2015 amultitudine,

101 2029 186 2061 dum
209 2039 300 2061 unus
321 2027 405 2069 hoc,
429 2027 518 2061 alius
539 2027 626 2061 illud
649 2027 752 2069 facit,
775 2036 1008 2073 praeceptum
1031 2027 1139 2072 igitur
1160 2027 1248 2073 legis
1272 2036 1419 2061 naturae
1440 2028 1581 2062 homini
1604 2027 1663 2061 da-

102 2089 180 2115 tum
202 2080 245 2114 de
269 2081 505 2122 comestione,
527 2092 675 2114 necesse
702 2088 754 2114 est
781 2081 876 2126 quod
900 2081 940 2114 ab
964 2092 1185 2127 unoquoque
1213 2081 1423 2127 impleatur:
1447 2080 1549 2114 aliter
1567 2081 1663 2115 enirn

102 2133 327 2168 individuum
349 2134 552 2168 conservari
569 2145 642 2167 non
658 2141 793 2179 potest:
817 2134 878 2168 sed
900 2142 1133 2180 praeceptum
1153 2135 1275 2168 datum
1295 2134 1338 2168 de
1357 2134 1589 2180 generatione
1611 2145 1664 2168 re-

104 2187 210 2232 spicit
229 2194 345 2220 totam
368 2186 635 2220 multitudinem
657 2187 861 2229 hominum,
885 2188 942 2220 cui
972 2188 1217 2222 necessarium
1241 2196 1304 2229 est,
1325 2199 1398 2221 non
1422 2187 1540 2222 solum
1569 2188 1664 2233 quod

106 2240 364 2285 multiplicetur
386 2240 631 2286 corporaliter,
654 2241 715 2274 sed
738 2241 846 2274 etiam
870 2241 965 2286 quod
989 2241 1217 2287 spiritualiter
1235 2241 1417 2287 proficiat3
1440 2249 1474 2275 et
1494 2241 1576 2274 ideo
1596 2240 1666 2274 suf—

105 2294 265 2328 ficienter
286 2293 494 2340 providetur
515 2294 698 2328 humanae
721 2293 951 2335 multitudini,
971 2295 999 2328 si
1019 2294 1165 2340 quidam
1185 2294 1319 2329 carnali
1341 2294 1564 2340 generationi
1587 2305 1667 2340 ope-

114 2359 191 2381 ram
213 2347 313 2388 dent;
335 2347 481 2392 quidam
494 2358 581 2380 vero
597 2347 639 2380 ab
658 2347 726 2381 hac
749 2347 977 2389 abstinentes,
997 2347 1296 2394 contemplationi
1314 2348 1518 2381 divinorum
1538 2356 1668 2383 vacent

105 2400 149 2433 ad
170 2399 280 2434 totius
301 2399 453 2433 humani
475 2400 613 2445 generis
630 2399 948 2445 pulchritudinem,
964 2408 998 2434 et
1016 2400 1187 2435 salutem:
1208 2401 1299 2435 sicut
1320 2400 1428 2433 etiam
1452 2400 1487 2433 in
1510 2400 1666 2434 exercitu

115 2453 261 2499 quidam
295 2461 410 2486 castra
444 2452 659 2493 custodiunt,
691 2453 835 2498 quidam
869 2454 972 2499 signa
1003 2453 1177 2495 deferunt,
1212 2453 1357 2499 quidam
1391 2453 1517 2498 gladiis
1551 2453 1670 2487 decer-

105 2514 198 2548 tant,
224 2518 314 2552 quae
336 2514 457 2540 tamen
482 2506 605 2539 omnia
627 2505 744 2540 debita
765 2515 847 2540 sunt
868 2507 1100 2549 multitudini,
1123 2506 1184 2540 sed
1207 2518 1268 2552 per
1291 2518 1402 2540 unum
1424 2506 1567 2552 impleri
1592 2518 1666 2540 non

108 2568 270 2606 possunt.

179 2614 238 2647 AD
258 2623 463 2647 SECUNDUM
486 2612 692 2654 dicendum,
714 2614 810 2658 quod
832 2613 891 2648 ille
915 2614 975 2659 qui
998 2614 1149 2647 abstinet
1172 2613 1212 2646 ab
1237 2613 1403 2647 omnibus
1423 2613 1668 2647 delectationi-

108 2667 173 2700 bus
195 2674 336 2710 praeter
357 2666 536 2700 rationem
556 2673 702 2707 rectam,
719 2667 819 2712 quasi
838 2667 1095 2701 delectationes
1117 2667 1316 2700 secundum
1336 2678 1373 2700 se
1390 2667 1598 2708 abhorrens,
1618 2674 1669 2700 est

109 2719 336 2760 insensibilis,
359 2719 451 2753 sicut
472 2719 637 2764 agrestis:
659 2721 762 2765 virgo
786 2729 906 2754 autem
933 2732 1007 2754 non
1035 2720 1186 2753 abstinet
1216 2720 1256 2752 ab
1289 2719 1389 2753 omni
1417 2719 1668 2762 delectatione,

110 2772 172 2806 sed
194 2772 312 2805 solum
330 2783 349 2805 a
364 2771 605 2806 delectatione
625 2784 795 2806 venerea:
819 2781 853 2807 et
875 2774 916 2807 ab
939 2775 1006 2807 hac
1030 2774 1184 2807 abstinet
1202 2773 1402 2807 secundum
1420 2773 1599 2807 rationem
1620 2785 1671 2808 re-

111 2833 219 2866 ctam,
245 2832 282 2859 ut
310 2825 445 2859 dictum
469 2833 521 2859 est
540 2827 591 2870 (in
612 2832 700 2871 corp.
728 2827 831 2869 art.);
855 2827 1017 2860 medium
1048 2834 1168 2860 autem
1196 2826 1334 2860 virtutis
1366 2837 1440 2860 non
1470 2827 1669 2861 secundum

110 2878 358 2925 quantitatem,
370 2878 430 2912 sed
442 2878 641 2912 secundum
652 2879 831 2913 rationem
843 2887 980 2914 rectam
992 2879 1261 2921 determinatur,
1275 2887 1312 2913 ut
1324 2879 1452 2914 dicitur
1462 2880 1498 2914 in
1511 2891 1542 2914 2.
1554 2880 1670 2915 Ethic.

258 2959 285 2985 S.
307 2958 427 2986 Tuomst:
449 2960 552 2986 Summa
579 2960 737 2994 Theoloqica.
760 2961 823 2987 Vol.
846 2960 896 2986 ΙΙΙ.
1496 2962 1526 2994 63
