1859 3122
430 176 650 212 QUAESTIO
686 175 865 206 LXXXIII.
900 175 1145 206 ARTICULUS
1178 176 1264 206 XIV.
1537 177 1616 219 595

596 363 939 408 ARTICULUS
968 363 1087 407 XIV.
1477 405 1480 408 ,
1554 384 1618 419 451

358 481 511 512 UTRUM
543 482 710 512 ORATIO
743 483 914 512 DEBEAT
948 483 1048 512 ESSE
1081 482 1322 512 DIUTURNA.

283 583 330 629 (4.
352 584 442 618 Dist.
464 595 506 630 15.
530 596 559 630 q.
581 595 614 628 4.
636 588 699 618 arl.
722 595 752 619 2.
775 596 804 630 q.
820 596 850 619 2.
873 589 947 631 143.
969 589 1000 619 et
1019 586 1111 619 Rom.
1134 597 1160 619 1.
1184 585 1251 619 lact.
1270 596 1299 631 5.
1315 591 1403 631 corp.

463 643 492 673 et
513 651 539 673 1.
565 637 644 673 Cor.
663 651 691 684 3.
713 643 743 673 ut
766 648 795 671 1.
825 638 931 673 Thess.
948 650 978 684 5.
1001 639 1070 673 lact.
1090 650 1120 673 2.
1133 639 1226 684 fin).

137 739 195 773 Ar)
222 748 588 778 QUARTUMDECIMUM
615 738 664 772 sic
692 737 908 784 proceditur.
935 737 1098 780 Videtur,
1125 738 1222 784 quod
1250 739 1364 772 oratio
1392 749 1466 772 non
1500 739 1627 773 debeat

66 804 142 827 esse
166 793 349 826 diuturna:
373 792 501 826 dicitur
519 791 615 825 enirn
634 791 761 826 Matth.
785 789 836 825 6.:
855 792 996 826 orantes
1010 791 1108 826 nolite
1128 792 1267 826 mullum
1282 792 1385 837 loqui:
1400 792 1463 826 sed
1484 800 1627 838 oportet

68 845 221 880 multum
243 845 343 892 loqui
366 845 425 879 diu
448 853 624 886 orantem,
646 845 856 890 praesertim
885 845 914 878 si
937 845 1052 879 oratio
1074 845 1118 879 sit
1138 845 1295 888 vocalis3
1318 856 1404 891 ergo
1427 856 1501 880 non
1523 846 1627 880 debet

67 911 144 935 esse
165 899 281 934 oratio
301 899 476 932 diuturna.

138 964 168 988 2.
192 954 427 988 PRAETEREA.
452 952 580 987 Oratio
608 959 661 986 est
682 951 894 998 explicativa
921 951 1102 986 desiderii:
1127 952 1189 986 sed
1211 952 1428 986 desiderium
1452 959 1552 986 tanto
1575 960 1629 986 est

67 1008 236 1050 sanctius,
259 1015 394 1054 quanto
416 1006 532 1051 magis
548 1006 591 1039 ad
608 1017 721 1039 unum
743 1006 976 1051 restringitur,
999 1006 1200 1040 secundum
1226 1005 1314 1039 illud
1336 1006 1392 1040 Ps.
1416 1004 1490 1040 26.:
1519 1007 1626 1040 Unam

63 1063 142 1108 petii
157 1073 175 1095 ιι
194 1062 355 1102 Domino,
371 1060 456 1094 hanc
479 1061 670 1106 raqzciranm
695 1070 781 1105 ergo
804 1067 838 1093 et
860 1059 976 1094 oratio
995 1067 1094 1093 tanto
1115 1067 1167 1094 est
1179 1059 1261 1093 Deo
1281 1059 1474 1105 acceptior,
1493 1068 1628 1105 quanto

68 1123 122 1150 cst
141 1115 293 1149 brevior.

143 1180 170 1214 3.
194 1168 427 1202 PRAETEREA.
444 1166 615 1200 sslicitum
636 1166 776 1201 videtur
795 1177 883 1209 esse,
899 1166 995 1212 quod
1016 1166 1131 1200 homo
1152 1166 1434 1212 transgrediatur
1454 1166 1630 1200 terminos

69 1235 87 1256 a
109 1222 190 1256 Deo
212 1221 402 1268 praefixos,
425 1221 616 1266 praecipue
639 1220 675 1253 in
695 1220 752 1254 his
775 1231 865 1265 quae
887 1221 1067 1265 pertinent
1089 1220 1132 1254 ad
1155 1219 1292 1254 cultum
1315 1221 1489 1263 divinum,
1508 1232 1631 1255 secun-

69 1276 156 1310 dum
177 1274 265 1309 illud
288 1274 401 1308 Exod.
428 1285 493 1320 19.:
523 1274 710 1308 contestare
725 1274 900 1320 populum,
928 1287 966 1308 ne
984 1275 1076 1320 forte
1097 1274 1176 1308 velit
1198 1274 1422 1309 transcendere
1443 1276 1631 1321 propositos

69 1331 224 1364 terminos
241 1328 283 1362 ad
303 1327 480 1362 videndum
494 1328 693 1368 Domitium,
721 1332 750 1361 et
763 1332 877 1374 pareat
903 1339 941 1361 ex
962 1329 1004 1362 eis
1025 1327 1183 1374 plurima
1208 1327 1403 1362 multitudo:
1423 1328 1484 1362 sed
1507 1339 1526 1361 a
1548 1328 1629 1362 Deo

69 1382 245 1429 praefixus
268 1389 321 1416 est
340 1381 444 1415 nobis
466 1380 641 1415 terminus
664 1381 791 1414 orandi
824 1392 887 1426 per
911 1381 1176 1415 institutionem
1203 1381 1377 1415 orationis
1398 1381 1630 1423 Dominicae,

70 1444 108 1471 ut
127 1443 225 1482 patet
245 1435 372 1468 Matth.
395 1433 447 1476 6.;
470 1445 556 1479 ergo
578 1445 652 1468 non
674 1434 759 1468 licet
780 1433 871 1468 ultra
894 1435 1098 1468 orationem
1119 1435 1344 1480 protendere.

143 1489 216 1523 SED
245 1499 411 1523 CONTRA.
433 1487 596 1529 Videtur,
619 1487 715 1533 quod
742 1488 912 1521 continue
939 1488 983 1522 sit
1009 1488 1205 1521 orandum:
1229 1489 1312 1534 quia
1337 1488 1519 1522 Dominus
1546 1488 1632 1522 dicit

72 1543 192 1577 Lucae
219 1542 290 1576 18.:
315 1542 454 1588 Oportet
470 1547 595 1587 semper
617 1552 724 1582 orare,
746 1546 773 1575 et
799 1553 863 1575 non
882 1541 1029 1587 deficer&
1053 1549 1088 1575 et
1112 1552 1139 1575 1.
1164 1541 1207 1575 ad
1231 1540 1398 1576 Thessal.
1422 1553 1466 1587 5.:
1490 1542 1566 1577 Sim
1585 1543 1632 1575 in-

71 1597 268 1631 termissione
289 1600 389 1629 orata.

141 1649 371 1684 Rfispoxmso
400 1647 605 1689 dicendum,
636 1647 731 1693 quod
759 1647 802 1681 de
832 1647 971 1682 ratione
1000 1648 1173 1694 dupliciter
1198 1647 1300 1694 loqui
1328 1659 1539 1694 possumus:
1567 1660 1631 1682 uno

71 1702 165 1738 modo
188 1695 393 1736 'secundum
419 1701 592 1747 seipsam:
615 1701 681 1734 alio
709 1701 802 1735 modo
828 1701 1029 1735 secundum
1056 1712 1205 1735 causam
1231 1712 1352 1735 suam:
1377 1713 1485 1736 causa
1511 1710 1633 1736 autem

73 1756 246 1791 orationis
268 1763 321 1789 est
342 1754 559 1789 desiderium
583 1754 778 1796 charitatis,
793 1765 835 1788 ex
850 1766 921 1800 quo
943 1755 1138 1800 procedere
1161 1754 1264 1788 debet
1287 1755 1422 1789 oratio:
1443 1755 1539 1801 quod
1562 1755 1635 1801 qui-

73 1811 156 1844 dem
177 1810 213 1843 in
233 1809 338 1843 nobis
359 1808 465 1842 debet
487 1818 564 1842 esse
587 1807 801 1842 continuum
818 1806 878 1842 vel
900 1816 994 1850 actu,
1012 1807 1070 1842 vel
1087 1808 1234 1842 virtute:
1258 1817 1382 1843 manet
1403 1809 1501 1842 enim
1522 1809 1634 1843 virtus

72 1864 178 1910 hujus
197 1861 363 1897 desiderii
380 1861 417 1895 in
436 1861 615 1903 omnibus,
631 1871 722 1907 quae
737 1872 780 1895 ex
795 1860 968 1895 charitate
989 1860 1162 1896 facimus:
1178 1861 1302 1895 omnia
1321 1870 1443 1896 autem
1461 1863 1634 1897 debemus

73 1918 110 1951 in
131 1916 286 1964 gloriam
306 1915 377 1950 Dei
396 1914 526 1956 facere,
549 1923 586 1949 ut
608 1915 736 1949 dicitur
762 1926 788 1948 1.
812 1915 856 1948 ad
879 1915 965 1949 Cor.
989 1926 1061 1958 10.;
1084 1923 1118 1950 et
1137 1915 1313 1950 secundum
1334 1916 1392 1950 hoc
1412 1917 1518 1950 oratio
1547 1916 1635 1951 debet

74 1983 134 2005 csse
156 1971 332 2010 continua;
359 1968 453 2002 unde
474 1968 628 2014 August.
651 1968 736 2002 dicit
758 1969 801 2002 ad
823 1968 983 2002 Probam
1006 1969 1110 2016 (ep-ist.
1131 1981 1198 2016 130.
1221 1969 1262 2004 ol.
1284 1981 1352 2004 121.
1375 1976 1447 2016 cap.
1471 1970 1534 2016 9.).·
1557 1969 1635 2003 «In

75 2025 152 2071 ipsa
172 2023 254 2065 fide,
276 2033 349 2068 spe,
371 2029 406 2056 et
427 2021 600 2056 charitate
627 2022 838 2056 continuato
866 2022 1043 2056 desiderio
1070 2033 1213 2069 semper
1239 2034 1386 2057 oramus
1407 2035 1447 2056 »2
1470 2023 1532 2057 sed
1558 2023 1636 2068 ipsa

75 2078 192 2113 oratio
219 2075 420 2111 secundum
445 2086 483 2109 se
511 2075 737 2110 considerata
762 2087 837 2109 non
863 2083 982 2122 potest
1003 2087 1080 2110 esse
1105 2076 1265 2118 assidua3
1288 2076 1371 2122 quia
1393 2083 1536 2123 oportet
1557 2076 1635 2110 aliis

77 2131 245 2178 operibus
267 2128 456 2175 occupari:
480 2128 553 2171 sed,
575 2129 667 2163 sicut
687 2129 841 2174 August.
863 2129 949 2163 dicit
974 2129 1070 2172 ibid.‚
1096 2142 1114 2161 (ε
1135 2129 1217 2164 ideo
1239 2141 1302 2175 per
1324 2138 1420 2164 certa
1446 2128 1636 2164 intervalla

77 2186 264 2225 horarum,
283 2191 318 2217 et
337 2190 542 2228 temporum
566 2182 674 2216 etiam
688 2183 806 2217 verbis
820 2194 992 2228 rogamus
1006 2183 1140 2225 Deum,
1155 2191 1193 2217 ut
1213 2183 1283 2217 illis
1302 2194 1422 2217 rerum
1440 2183 1551 2229 signis
1568 2194 1636 2217 nos

77 2240 175 2285 ipsos
193 2237 469 2278 admoneamus,
479 2243 812 2282 quantumcumque
833 2236 869 2269 in
882 2236 953 2270 hoc
968 2236 1144 2271 desiderio
1160 2235 1418 2282 profecerimus
1432 2237 1537 2271 nobis
1550 2236 1636 2282 ipsis

77 2293 359 2331 innotescamus,
381 2296 416 2323 et
442 2288 486 2322 ad
512 2289 583 2323 hoc
610 2289 816 2335 augendum
848 2300 914 2324 nos
949 2289 1047 2336 ipsos
1080 2290 1196 2324 acrius
1231 2290 1428 2324 excitemus
1449 2303 1481 2325 ».
1504 2290 1636 2324 Unius-

79 2347 251 2391 cujusque
277 2351 398 2377 autern
424 2342 476 2376 rei
501 2342 679 2388 quantitas
700 2342 805 2377 debet
831 2354 907 2378 esse
933 2343 1206 2389 proportionata
1233 2343 1313 2386 fini3
1340 2344 1433 2378 sicut
1458 2343 1636 2389 quantitas

78 2398 236 2445 potionis
258 2396 420 2438 sanitati;
447 2395 541 2429 unde
564 2403 599 2429 et
624 2396 844 2430 conveniens
865 2404 929 2438 est,
956 2404 994 2430 ut
1020 2396 1135 2431 oratio
1161 2404 1302 2431 tantum
1323 2397 1436 2438 duret,
1463 2405 1636 2442 quantum

80 2460 134 2486 est
153 2450 239 2486 utile
261 2450 304 2484 ad
327 2449 555 2483 excitandum
581 2449 759 2484 interioris
786 2449 954 2484 desiderii
979 2449 1179 2485 fervorem:
1203 2461 1286 2484 cum
1307 2461 1394 2484 vero
1420 2450 1514 2483 hanc
1541 2461 1639 2483 men-

79 2516 200 2539 suram
221 2503 371 2544 excedit,
392 2502 441 2536 ita
463 2501 559 2548 quod
581 2501 656 2536 sine
677 2502 796 2545 taedio
819 2503 946 2537 durare
964 2514 1038 2537 non
1052 2503 1176 2549 possit,
1190 2514 1264 2537 non
1284 2511 1336 2537 est
1356 2503 1502 2537 ulterius
1521 2503 1636 2537 oratio

79 2556 345 2604 protendenda3
367 2555 461 2589 unde
483 2556 636 2601 August.
659 2555 744 2590 dicit
762 2556 805 2590 ad
831 2556 988 2590 Probam
1011 2557 1087 2601 (loc.
1110 2569 1195 2591 nunc
1217 2557 1288 2601 cit.)
1299 2570 1308 2590 .·
1335 2569 1352 2588 α
1374 2556 1553 2590 Dicuntur
1573 2555 1638 2590 fra-

81 2620 150 2645 tres
168 2610 205 2644 in
223 2610 392 2655 Aegypto
416 2609 556 2642 crebras
576 2607 721 2654 quidem
738 2608 871 2643 habere
890 2610 1084 2651 orationes,
1099 2610 1159 2644 sed
1180 2621 1239 2644 eas
1258 2618 1379 2643 tamen
1398 2609 1638 2651 brevissimas,

82 2672 117 2698 et
137 2663 267 2710 raptim
289 2662 562 2708 quodammodo
584 2660 775 2707 jaculatas;
797 2673 842 2696 ne
864 2662 925 2696 illa
943 2662 1132 2708 vigilanter
1154 2671 1282 2704 erecta,
1310 2673 1401 2708 quae
1429 2662 1544 2696 oranti
1565 2662 1639 2707 plu-

82 2718 215 2751 rimum
235 2715 438 2750 necessaria
461 2723 523 2757 est,
545 2726 606 2761 per
629 2714 876 2760 productiores
895 2727 1017 2750 moras
1036 2724 1237 2757 evanescat,
1260 2724 1365 2761 atque
1383 2715 1570 2749 hebetetur
1590 2716 1640 2749 in-

82 2770 215 2805 tentio:
238 2781 278 2803 ac
300 2780 363 2815 per
383 2769 455 2803 hoc
486 2769 595 2802 etiam
624 2768 691 2814 ipsi
719 2768 803 2802 satis
837 2768 1040 2811 ostendunt,
1062 2769 1155 2803 hanc
1178 2768 1416 2802 intentionem
1443 2769 1535 2802 sicut
1564 2780 1639 2802 non

85 2835 162 2858 esse
184 2822 466 2864 obtundendam,
485 2822 514 2856 si
531 2821 722 2866 perdurare
743 2832 816 2855 non
838 2830 966 2867 potest,
980 2822 1040 2863 ita,
1059 2822 1087 2856 si
1106 2822 1359 2867 perduraverit,
1374 2832 1447 2855 non
1467 2821 1538 2856 cito
1561 2833 1637 2856 esse

86 2876 324 2923 rumpendam
345 2888 385 2918 »3
408 2884 442 2910 et
463 2875 554 2909 sicut
574 2875 644 2909 hoc
667 2882 720 2908 est
741 2875 997 2909 attendendum
1018 2875 1054 2909 in
1077 2874 1240 2909 oratione
1267 2873 1438 2920 singulari
1459 2886 1522 2920 per
1543 2886 1639 2909 com-
