1905 3137
490 183 711 220 QUAESTIO
744 183 835 212 XIII.
869 182 1114 213 ARTICULUS
1147 181 1173 211 I.
1543 182 1621 224 117

58 268 149 303 ferre
172 268 207 301 in
229 267 397 312 injuriam
421 265 621 300 Creatoris:
638 265 699 299 sed
715 265 784 298 hoc
809 264 926 309 magis
949 264 1101 309 pertinet
1121 264 1163 297 ad
1187 261 1483 296 malevolentiam
1499 270 1624 296 contra

61 322 192 363 Deum,
222 331 330 366 quam
355 321 396 353 ad
421 319 687 360 inlidelitatem3
718 328 804 362 ergo
834 317 1059 362 blasphemia
1081 328 1154 350 non
1184 316 1377 362 opponitur
1404 314 1624 350 confessioni

61 374 155 409 fidet

130 437 160 461 2.
183 427 418 461 PRAETEREA.
441 426 498 460 Ad
520 425 649 471 Ephes.
668 435 701 467 4.
721 436 826 470 super
848 423 952 458 illud:
980 424 1189 470 Bltcsplwmitc
1217 424 1352 458 tollatur
1374 434 1393 456 ιι
1415 423 1520 464 vobis,
1537 422 1624 456 dicit

62 480 183 515 Glos.:
207 480 348 525 (interl.)
373 491 463 525 quae
487 478 524 512 sit
550 479 585 512 in
613 479 735 520 Deum,
764 477 813 511 vel
839 479 873 511 in
896 477 1044 511 Satzrtos:
1073 477 1135 510 sed
1158 476 1337 511 confessio
1363 475 1446 510 fidei
1474 487 1548 510 non
1574 476 1622 509 vi-

60 534 162 568 detur
184 545 261 567 esse
284 533 352 567 nisi
374 533 416 566 de
436 533 502 574 his,
518 543 609 578 quae
628 531 807 577 pertinent
829 530 871 564 ad
893 531 1026 572 Deum,
1048 530 1109 576 qui
1131 538 1183 564 est
1203 529 1285 564 fidei
1309 530 1514 574 objectum:
1537 540 1623 575 ergo

58 586 283 633 blasphemia
301 598 375 620 non
398 597 539 632 semper
561 585 754 631 opponitur
777 583 995 618 confessioni
1017 583 1110 617 fidei.

134 651 161 685 3.
185 640 420 674 PRAETEREA.
443 639 476 672 A
499 638 713 684 quibusdam
735 638 874 679 dicitur,
897 637 994 682 quod
1010 644 1092 670 sunt
1114 641 1177 671 tres
1197 635 1445 681 blasphemiae
1465 636 1622 682 species:

60 704 216 739 quorum
234 705 301 726 una
315 701 379 734 est,
402 703 485 726 cum
504 691 704 725 attribuitur
720 691 813 732 Deo,
828 690 925 736 quod
948 690 980 724 ei
1000 701 1075 724 non
1098 689 1286 724 convenit:
1305 689 1444 724 secunda
1466 698 1528 732 est,
1541 701 1625 723 cum

61 747 103 780 ab
116 757 159 780 eo
174 754 392 786 removetur,
415 744 512 791 quod
535 744 567 779 ei
589 744 777 778 convenit:
801 745 900 778 tertia
914 751 967 777 est
986 755 1069 776 cum
1092 743 1293 776 attribuitur
1315 751 1513 784 creaturae,
1528 743 1625 788 quod

60 799 141 833 Deo
166 799 432 845 appropriatur:
457 806 491 832 et
512 798 561 831 sic
582 797 724 831 videtur
738 797 835 843 quod
849 796 1076 842 blasphemia
1089 807 1163 830 non
1182 795 1303 830 solum
1318 796 1363 829 sit
1378 796 1473 829 circa
1488 796 1623 837 Deum,

62 852 125 886 sed
147 853 257 886 etiam
281 853 374 885 circa
398 860 592 885 creaturas:
620 850 708 884 fides
737 859 857 884 autem
878 850 987 884 habet
1008 850 1129 883 Deum
1150 860 1216 895 pro
1239 849 1403 894 object03
1427 860 1514 894 ergo
1537 848 1627 883 blas-

64 905 211 951 phemia
232 916 306 939 non
329 905 524 950 opponitur
545 903 765 938 confessioni
785 903 879 937 fidei.

134 958 208 992 SED
231 968 385 993 CONTRA
408 966 470 999 est,
494 957 590 1003 quod
612 957 740 1002 Apost.
765 956 851 990 dicit
877 956 921 989 ad
949 955 1112 989 Timoth.
1140 967 1186 990 1.:
1210 956 1308 990 Prius
1330 956 1383 1000 fui
1406 955 1619 1001 blasphemus,

65 1017 95 1047 ct
110 1017 322 1058 parsecutom
351 1019 384 1045 et
410 1019 535 1057 postea
558 1010 694 1044 subdit:
717 1010 878 1055 Ignorans
891 1010 960 1055 fuci
983 1011 1016 1043 in
1042 1009 1269 1044 incredulitate
1296 1020 1381 1043 mea:
1410 1020 1452 1043 ex
1478 1020 1550 1054 quo
1577 1009 1626 1041 vi-

63 1064 176 1106 detur,
199 1064 295 1110 quod
316 1063 541 1109 blasphemia
564 1063 607 1097 ad
626 1063 876 1097 infidelitatem
899 1064 1083 1109 pertineat.

134 1118 363 1152 REspoxmzo
375 1117 580 1158 dicendum,
600 1117 696 1162 quod
713 1128 849 1150 nomen
868 1116 1115 1162 blasphemiae
1134 1116 1331 1162 importare
1350 1116 1490 1150 videtur
1505 1127 1628 1162 quam-

64 1171 148 1205 dam
174 1170 450 1216 derogationem
473 1170 622 1215 alicujus
645 1170 853 1205 excellentis
875 1170 1056 1211 bonitatis,
1079 1178 1114 1203 et
1134 1170 1326 1216 praecipue
1349 1170 1507 1204 divinae:
1526 1169 1626 1202 Deus

66 1232 197 1266 autem,
219 1232 258 1258 ut
277 1224 430 1270 Dionys.
447 1223 531 1257 dicit
557 1235 584 1257 1.
601 1235 677 1269 cap.
693 1223 736 1257 de
758 1223 840 1256 Div.
862 1223 972 1257 Nom.
998 1223 1033 1266 (a
1048 1223 1128 1257 med.
1145 1223 1215 1258 lact.
1233 1225 1280 1268 2.)
1305 1231 1357 1256 est
1377 1223 1454 1268 ipsa
1473 1223 1627 1256 essentia

64 1288 170 1312 verae
191 1277 380 1319 bonitatis;
402 1277 497 1310 unde
523 1277 695 1323 quidquid
722 1277 803 1310 Deo
832 1277 1012 1318 convenit,
1035 1277 1189 1322 pertinet
1210 1277 1253 1310 ad
1275 1277 1476 1310 bonitatem
1498 1276 1629 1322 ipsius;

65 1339 100 1365 et
120 1330 291 1376 quidquid
307 1331 351 1364 ad
372 1331 490 1376 ipsum
503 1342 577 1364 non
593 1330 756 1376 pertinet,
773 1329 882 1375 longe
897 1338 950 1364 est
966 1341 985 1363 a
1000 1330 1139 1363 ratione
1155 1329 1333 1376 perfectae
1351 1330 1521 1363 bonitatis
1536 1341 1628 1374 quae

66 1391 118 1418 est
132 1385 207 1429 ejus
229 1384 401 1426 essentia3
424 1384 642 1430 quicumque
665 1395 751 1429 ergo
766 1383 825 1417 vel
840 1392 948 1429 negat
965 1383 1099 1429 aliquid
1115 1383 1157 1417 de
1174 1384 1267 1426 Deo,
1284 1383 1381 1429 quod
1401 1383 1432 1416 ei
1450 1383 1630 1423 convenit,

66 1437 124 1471 vel
142 1437 266 1471 asserit
279 1437 322 1471 de
337 1448 392 1479 eo,
408 1438 504 1483 quod
519 1437 552 1471 ei
565 1448 639 1471 non
655 1437 835 1479 convenit⁷
851 1437 1002 1482 derogat
1015 1437 1156 1470 divinae
1177 1437 1339 1470 bonitati.
1357 1436 1466 1476 Quod
1483 1436 1630 1482 quidem

68 1498 185 1536 potest
210 1491 418 1536 contingere
445 1490 630 1536 duplistitar:
658 1502 722 1524 uno
750 1490 896 1536 quidem
924 1490 1017 1524 modo
1043 1490 1244 1524 secundum
1272 1489 1388 1523 solam
1416 1490 1630 1535 opinionem

71 1543 291 1578 intellectus:
320 1544 384 1577 alio
411 1543 505 1577 modo
533 1544 725 1588 conjuncta
752 1543 909 1589 quadam
937 1542 1086 1577 affectus
1113 1543 1368 1577 detestatione:
1392 1543 1484 1576 sicut
1505 1553 1523 1576 e
1547 1553 1628 1576 con-

68 1598 178 1630 trario
199 1596 286 1630 fides
304 1597 375 1630 Dei
396 1608 458 1642 per
479 1596 712 1630 dilectionem
733 1596 914 1642 perficitur
940 1596 1070 1642 ipsius3
1096 1596 1307 1640 hujusmodi
1329 1607 1416 1640 ergo
1440 1595 1628 1641 derogatio

70 1649 212 1683 divinae
232 1650 402 1683 bonitatis
423 1650 475 1683 vel
502 1658 555 1683 est
576 1649 775 1683 secundum
801 1648 1027 1683 intellectum
1047 1656 1200 1690 tantum,
1222 1649 1274 1683 >vel
1300 1649 1409 1682 etiam
1431 1648 1631 1682 secundum

71 1702 256 1737 affectum:
280 1703 309 1736 si
331 1703 504 1736 consistat
517 1711 657 1736 tantum
679 1703 714 1736 in
738 1702 857 1744 corde,
881 1710 933 1736 est
955 1703 1072 1736 cordis
1095 1702 1338 1748 blasphemia:
1359 1702 1388 1736 si
1408 1711 1529 1736 autem
1542 1711 1633 1735 exte-

70 1756 142 1790 rius
155 1756 306 1801 prodeat
318 1767 381 1801 per
395 1756 631 1797 locutionem,
648 1763 701 1790 est
715 1756 786 1789 oris
802 1755 1026 1801 blasphemia
1038 1768 1046 1798 3
1060 1763 1094 1789 et
1108 1756 1307 1789 secundum
1322 1756 1393 1790 hoc
1407 1755 1633 1802 blasphemia

71 1808 291 1842 confessioni
313 1809 517 1854 opponitur.

141 1862 201 1896 AD
223 1872 371 1896 PmMUM
393 1873 480 1908 ergo
503 1861 708 1903 dicendum,
731 1861 827 1907 quod
854 1861 913 1895 ille
941 1861 1002 1907 qui
1029 1869 1155 1896 contra
1177 1862 1299 1895 Deum
1320 1861 1490 1907 loquitur,
1514 1861 1635 1895 convi-

72 1914 168 1948 cium
189 1914 318 1948 inferre
339 1915 540 1956 intendens,
563 1915 714 1960 derogat
739 1915 882 1948 divinae
908 1914 1078 1957 bonitati3
1104 1926 1179 1948 non
1206 1914 1327 1949 solum
1352 1915 1554 1948 secundum
1575 1926 1633 1949 ve-

70 1967 214 2001 ritatem
237 1967 439 2013 [Theologi
452 1968 638 2013 feritatem]
663 1967 878 2009 intellectus,
900 1968 962 2001 sed
985 1968 1094 2002 etiarn
1115 1968 1315 2002 secundum
1337 1969 1551 2014 pravitatem
1570 1979 1635 2002 vo—

69 2019 214 2054 luntatis
247 2020 466 2062 detestantis,
497 2029 531 2055 et
562 2021 792 2067 impedientis
818 2032 884 2067 pro
910 2031 1017 2067 posse
1044 2021 1208 2055 divinum
1234 2021 1427 2063 honorem,
1455 2022 1552 2067 quod
1580 2030 1632 2055 est

70 2072 294 2119 blasphemia
315 2073 484 2119 perfecta.

141 2126 201 2160 AD
224 2137 429 2161 SECUNDUM
457 2127 661 2169 dicendum,
691 2127 787 2173 quod
817 2127 910 2161 sicut
938 2128 1038 2161 Deus
1059 2127 1096 2161 in
1118 2127 1251 2161 sanctis
1277 2127 1350 2161 suis
1377 2127 1553 2168 laudatur,
1582 2127 1635 2160 in-

74 2188 247 2224 quantum
273 2179 464 2213 laudantur
491 2191 612 2226 opera‚
640 2191 731 2226 quae
757 2181 856 2214 Deus
882 2181 918 2214 in
945 2181 1077 2214 sanctis
1105 2180 1236 2222 efficit3
1263 2181 1311 2214 ita
1338 2189 1372 2214 et
1398 2180 1634 2227 blasphemia,

72 2243 162 2277 quae
182 2232 222 2266 fit
241 2233 277 2266 in
299 2241 455 2274 sanctos,
478 2245 521 2267 ex
543 2233 779 2279 consequenti
800 2233 837 2266 in
857 2234 978 2267 Deum
1000 2234 1186 2268 redundat.

142 2285 202 2319 An
222 2295 393 2320 TERTIUM
416 2286 622 2337 dicendum,
645 2287 742 2332 quod
764 2286 964 2320 secundum
985 2287 1046 2320 illa
1068 2289 1134 2321 tria
1155 2298 1230 2321 non
1249 2295 1400 2333 possunt
1420 2287 1562 2333 proprie
1584 2285 1634 2320 lo-

73 2338 214 2383 quendo
237 2338 407 2384 distingui
429 2339 590 2373 diversae
610 2339 748 2385 species
770 2340 910 2385 peccati
931 2339 1195 2386 blasphemiae:
1221 2341 1412 2374 attribuere
1427 2341 1524 2374 enim
1538 2340 1632 2380 Deo,

73 2391 169 2436 quod
191 2392 223 2425 ei
243 2403 318 2425 non
340 2393 521 2434 convenit,
543 2392 601 2426 vel
622 2404 812 2427 removere
835 2393 876 2426 ab
901 2404 957 2436 eo,
980 2393 1076 2439 quod
1099 2394 1132 2427 ei
1154 2394 1335 2435 convenit,
1360 2404 1435 2427 non
1462 2392 1631 2427 differunt

72 2443 141 2477 nisi
161 2445 360 2478 secundum
379 2445 669 2487 affirmationem,
692 2454 727 2480 et
747 2447 993 2492 negationem,
1013 2458 1104 2492 quae
1123 2447 1269 2493 quidem
1292 2447 1478 2480 diversitas
1492 2446 1634 2479 habitus

72 2497 232 2542 speciem
251 2509 326 2531 non
348 2498 549 2544 distinguit3
573 2499 655 2545 quia
677 2510 739 2545 per
761 2499 929 2533 eamdem
950 2500 1140 2534 scientiam
1165 2500 1360 2534 innotescit
1385 2499 1520 2533 falsitas
1544 2497 1633 2531 affir-

73 2550 287 2591 mationum,
311 2559 345 2584 et
365 2553 622 2597 negationum3
645 2561 679 2586 et
696 2563 759 2598 per
773 2553 949 2592 ‚eamdem
970 2553 1215 2599 ignorantiam
1234 2562 1385 2599 utroque
1409 2552 1520 2586 modo
1544 2562 1636 2585 erra-

73 2610 151 2644 tur3
174 2614 257 2637 curn
277 2604 424 2649 negatio
446 2605 618 2650 probetur
638 2617 700 2651 per
723 2605 1014 2647 affirmationem,
1037 2614 1075 2640 ut
1093 2607 1244 2640 habetur
1270 2617 1296 2640 1.
1320 2606 1457 2639 Poster.
1483 2605 1558 2648 (tax.
1577 2615 1633 2648 40.

74 2660 104 2689 et
123 2656 179 2689 lib.
197 2667 230 2700 4.
246 2657 325 2690 Met.
341 2662 403 2691 tex.
418 2659 494 2703 15.);
519 2658 615 2703 quod
639 2666 759 2692 autem
782 2669 834 2700 ea,
857 2670 948 2704 quae
968 2668 1051 2693 sunt
1071 2660 1141 2694 Dei
1162 2659 1318 2705 propria,
1345 2658 1515 2692 creaturis
1543 2657 1635 2691 attri-

75 2707 238 2750 buantur,
261 2709 305 2742 ad
325 2709 397 2743 hoc
419 2711 598 2755 pertinere
619 2711 772 2753 videtur,
799 2712 896 2757 quod
924 2712 1056 2758 aliquid
1080 2713 1113 2747 ei
1136 2712 1357 2751 attribuatur,
1379 2711 1475 2756 quod
1503 2711 1535 2744 ei
1560 2721 1634 2745 non

76 2762 283 2796 conveniat:
306 2762 478 2808 quidquid
497 2764 594 2797 enim
613 2772 666 2798 est
679 2764 760 2798 Deo
774 2766 973 2810 proprium,
995 2773 1049 2799 est
1068 2766 1145 2811 ipse
1163 2766 1282 2798 Deus:
1306 2764 1495 2798 attribuere
1515 2772 1635 2798 autem

74 2813 122 2856 id,
149 2815 245 2860 quod
273 2823 325 2849 est
350 2815 420 2849 Dei
445 2817 642 2862 proprium,
674 2817 781 2851 alicui
809 2826 1005 2860 creaturae,
1034 2826 1087 2852 est
1112 2818 1231 2864 ipsum
1257 2818 1378 2851 Deum
1401 2817 1519 2851 dicere
1539 2816 1636 2850 idem

77 2875 273 2901 creaturae.

225 2948 253 2974 S.
273 2948 395 2975 Tuomiz
416 2950 520 2976 summa
546 2950 706 2987 Theologica.
728 2952 793 2978 Vol.
816 2952 868 2977 ΙΙΙ.
1479 2960 1495 2985 9
