1859 3122
201 179 310 235 {066
569 189 788 224 QUAEsTio
824 189 952 218 CLXII.
987 189 1230 229 ARTtoULUS
1263 188 1354 218 vm.

211 286 229 307 :;
265 269 323 302 AD
346 278 515 302 TERTIUM
537 268 742 309 dicendum,
765 267 861 313 quod
884 279 925 302 ex
945 268 1016 302 hoc
1040 269 1136 313 quod
1157 269 1302 309 invidia,
1323 279 1414 314 quae
1435 277 1488 303 est
1504 269 1632 303 vitium
1654 269 1746 315 capi-

191 321 274 361 tale,
297 322 408 354 oritur
426 332 467 354 ex
489 321 664 365 superbia,
686 332 760 354 non
782 321 942 366 sequitur
963 322 1058 366 quod
1081 321 1244 367 superbia
1271 322 1314 355 sit
1339 321 1466 355 vitium
1493 321 1657 368 capitale,
1683 323 1745 356 sed

194 374 289 419 quod
311 375 355 407 sit
377 373 507 418 aliquid
530 374 761 419 principalius
784 374 995 419 capitalibus
1016 375 1121 408 vitiis.

199 487 231 518 rii

198 552 244 581 :127

661 645 1015 706 QUAESTIO
1058 646 1275 693 CLXIII.

219 768 281 798 DE
301 767 512 798 PECCATO
535 767 667 798 PRIMI
689 768 905 807 HOMINIS,
932 769 984 799 IN
1011 768 1237 808 QUATUOR
1259 769 1520 801 ARTICULOS
1544 769 1718 801 DIVISA.

262 902 403 936 Deinde
426 903 729 937 considerandum
751 911 804 937 est
825 903 867 937 de
889 911 1039 949 peccato
1067 904 1172 949 primi
1194 904 1365 945 hominis,
1394 904 1490 950 quod
1516 903 1582 938 fuit
1607 916 1671 950 per
1691 916 1748 939 su-

190 956 369 1001 perbiam:
393 965 427 990 et
444 958 558 1002 primo
581 957 623 990 de
647 965 797 1001 peccato
820 958 915 1001 ejus;
935 957 1074 991 secundo
1101 957 1144 992 de
1171 969 1290 1003 poena
1312 958 1470 1003 peccati3
1493 959 1588 992 tertio
1610 958 1653 992 de
1675 966 1749 992 ten-

190 1010 338 1051 tatione,
359 1021 428 1055 qua
449 1010 615 1044 inductus
638 1018 691 1044 est
713 1010 756 1043 ad
779 1010 1015 1055 peccandum.

630 1098 732 1133 Circa
751 1100 902 1144 primam
929 1104 1135 1144 quaeruntur
1160 1104 1312 1144 qualitor.

261 1169 396 1202 Primo.
421 1169 550 1203 Utrum
573 1169 729 1214 primuni
747 1178 936 1215 peccatum
958 1169 1065 1215 primi
1085 1170 1244 1203 hominis
1265 1169 1369 1204 fuerit
1384 1170 1560 1216 superbia.

265 1223 444 1256 Secundo.
470 1222 567 1262 Quid
590 1223 724 1268 primus
750 1223 865 1256 homo
888 1223 1072 1268 peccando
1096 1223 1291 1269 appetierit.

264 1276 400 1309 Tertio.
426 1276 555 1309 Utrum
578 1278 653 1321 ejus
676 1284 866 1321 peccatum
890 1275 996 1309 fuerit
1018 1276 1161 1320 gravius
1184 1277 1351 1310 omnibus
1374 1277 1451 1310 aliis
1472 1276 1642 1322 peccatis.

265 1330 417 1370 Quarto,
442 1329 534 1369 Quis
556 1329 635 1374 plus
657 1329 872 1375 peccaverit,
895 1337 1016 1363 utrum
1037 1329 1101 1371 vir,
1119 1329 1177 1363 vel
1199 1329 1338 1364 mulier.

761 1470 1105 1515 ARTICULUS
1140 1471 1172 1514 1.
1683 1493 1749 1530 790

372 1580 524 1610 UTRUM
551 1580 666 1610 PRtm
696 1580 877 1610 HOMINIS
906 1579 1142 1609 PECCATUM
1168 1580 1323 1610 FUERIT
1357 1579 1574 1609 SUPERBIA.

594 1666 694 1712 (Infr.
717 1672 780 1700 art.
799 1678 827 1713 3.
849 1671 877 1700 et
897 1677 929 1711 4.
950 1672 979 1701 et
993 1673 1085 1712 part.
1101 1679 1128 1712 3.
1148 1678 1176 1712 q.
1199 1676 1227 1700 1.
1251 1671 1313 1700 art.
1329 1678 1357 1713 3.

312 1725 340 1754 ct
366 1731 396 1754 2.
427 1720 511 1753 Dist.
538 1731 590 1754 22.
618 1732 646 1765 q.
678 1730 706 1753 1.
734 1725 796 1754 art.
823 1732 849 1754 I.
878 1726 907 1754 et
935 1720 1016 1754 Mal.
1045 1732 1073 1766 q.
1102 1731 1131 1766 7.
1159 1725 1222 1754 art.
1250 1731 1278 1766 7.
1305 1719 1348 1754 ad
1373 1731 1422 1755 12.
1449 1731 1492 1766 13.
1519 1725 1549 1755 et
1578 1719 1630 1755 16.

664 1779 693 1808 et
716 1775 808 1808 Rom.
826 1785 854 1819 5.
874 1774 943 1807 lect.
961 1785 990 1820 5.
1013 1779 1040 1808 et
1062 1786 1087 1808 I.
1117 1773 1202 1807 Tim.
1222 1774 1283 1818 2.).

267 1862 326 1895 AD
357 1871 506 1895 PRIMUM
536 1861 584 1895 sic
614 1861 829 1906 proceditur.
851 1861 1013 1903 Videtur,
1035 1862 1131 1907 quod
1153 1862 1319 1907 superbia
1339 1873 1414 1896 non
1435 1860 1541 1895 fuerit
1561 1860 1669 1906 primi
1689 1860 1753 1895 ho-

197 1915 303 1949 minis
325 1923 530 1960 peccatum:
555 1915 639 1948 dicit
661 1912 755 1948 enin]
780 1915 907 1960 Apost.
931 1915 974 1949 ad
1000 1915 1107 1949 Rom.
1127 1925 1168 1958 5.,
1187 1915 1283 1960 quod
1302 1921 1360 1960 per
1382 1914 1634 1949 inobedientiam
1656 1915 1753 1949 unius

196 1969 336 2002 hominis
348 1973 535 2014 peccatores
553 1969 720 2002 constituti
737 1973 810 2002 sunt
828 1968 936 2002 multi:
957 1968 1017 2002 sed
1032 1968 1137 2014 primi
1152 1968 1310 2002 hominis
1329 1976 1520 2013 peccatum
1539 1975 1602 2009 est,
1622 1978 1664 2001 ex
1682 1978 1754 2013 quo

197 2032 323 2055 onmes
335 2030 542 2066 peccatores
558 2021 742 2054 constituti
756 2028 837 2054 sunt
852 2021 1019 2066 originali
1033 2029 1204 2067 peccat03
1220 2032 1305 2066 ergo
1321 2020 1563 2055 inobedientia
1573 2019 1640 2054 fuit
1649 2021 1754 2066 primi

196 2074 356 2107 hominis
378 2082 578 2118 peccatum,
601 2082 635 2107 et
655 2085 729 2107 non
748 2074 926 2119 superbia.

269 2137 300 2160 2.
328 2127 562 2161 PRAETEREA,
590 2127 758 2160 Ambros.
786 2127 871 2161 dicit
897 2138 1002 2173 super
1024 2127 1112 2161 Luc.
1136 2127 1223 2174 (cap.
1250 2139 1283 2171 4.
1308 2133 1378 2173 sup.
1404 2126 1498 2161 illud:
1525 2127 1625 2161 Dixit
1645 2131 1754 2161 autem

199 2181 248 2214 illi
258 2180 435 2224 diabolus),
450 2180 546 2225 quod
562 2191 604 2214 eo
621 2180 746 2213 ordine
761 2180 924 2214 diabolus
937 2180 1125 2215 Christum
1135 2182 1295 2221 tentavit,
1308 2192 1380 2226 quo
1394 2180 1551 2226 primum
1566 2179 1755 2214 hominem

199 2233 344 2277 dejecit:
372 2233 434 2267 sed
458 2233 623 2266 Christus
650 2233 767 2277 primo
794 2241 949 2267 tentatus
971 2242 1023 2266 est
1045 2233 1087 2267 de
1111 2233 1205 2278 gula,
1228 2242 1265 2267 ut
1287 2241 1383 2279 patet
1404 2232 1531 2267 Matth.
1550 2243 1595 2275 4.,
1618 2243 1701 2266 curn
1723 2232 1756 2266 ei

199 2286 334 2320 dictum
358 2294 426 2320 est:
441 2287 576 2331 Sifilizis
592 2287 657 2319 Dei
673 2298 712 2326 as,
729 2286 779 2320 dic
799 2291 831 2319 nt
846 2286 966 2332 Iapides
987 2288 1039 2320 isti.
1055 2293 1156 2332 panes
1173 2288 1268 2327 fiant;
1285 2298 1371 2332 ergo
1387 2286 1543 2333 primum
1565 2294 1755 2332 peccatum

200 2339 304 2384 primi
327 2339 485 2373 hominis
507 2350 580 2372 non
602 2338 665 2372 fuit
687 2339 863 2383 superbia,
885 2340 946 2373 scd
969 2339 1063 2384 gula.

276 2404 302 2437 3.
327 2393 560 2426 PRAETEREA.
584 2392 719 2433 Homo,
739 2392 882 2426 diabolo
906 2401 1132 2437 suggerente,
1151 2393 1329 2438 peccavit:
1350 2393 1412 2427 sed
1433 2391 1596 2426 diabolus
1613 2399 1756 2426 tentans

202 2446 390 2479 hominem
412 2446 600 2480 scientiam
622 2445 838 2491 repromisit,
861 2454 898 2479 ut
919 2454 1016 2491 patet
1035 2446 1125 2480 Gen.
1150 2457 1198 2491 3.·,
1218 2458 1304 2491 ergo
1323 2447 1439 2492 prima
1459 2445 1676 2480 inordinatio
1694 2445 1758 2478 ho-

202 2499 308 2532 minis
330 2498 394 2532 suit
416 2511 476 2545 per
499 2499 696 2544 appetitum
723 2499 904 2540 scientiae,
933 2500 1028 2544 quod
1056 2500 1207 2545 pertinet
1229 2501 1271 2533 ad
1295 2499 1557 2541 curiositatem3
1585 2510 1672 2544 ergo
1700 2509 1757 2532 cu-

202 2553 342 2586 riositas
363 2552 428 2586 fuit
450 2553 606 2598 primum
629 2560 829 2598 peccatum,
853 2561 887 2586 et
908 2563 981 2585 non
1004 2553 1179 2598 superbia.

271 2617 302 2648 4.
326 2607 560 2640 PRAETEREA.
585 2606 799 2651 Superillud
827 2617 853 2639 1.
878 2606 919 2639 vd
944 2605 1039 2640 Tim.
1064 2617 1112 2640 2.:
1134 2606 1258 2640 Mulier
1277 2606 1408 2641 seducta
1424 2606 1756 2652 inpraevaricatione

202 2659 275 2700 fuit,
299 2659 384 2693 dicit
407 2659 526 2693 Gloss.
551 2659 673 2702 (ordin.
696 2660 831 2703 August.
854 2659 908 2692 lib.
938 2671 981 2693 11.
1000 2666 1070 2705 sup.
1094 2660 1175 2694 Gen.
1198 2659 1305 2694 adlit.
1324 2667 1392 2705 cap.
1416 2660 1516 2704 ult.).·
1540 2671 1558 2690 «
1577 2658 1680 2692 Hanc
1706 2669 1757 2692 se-

202 2713 408 2746 ductionem
432 2712 624 2758 appellavit
646 2713 787 2757 proprie
810 2711 1019 2756 Apostolus,
1042 2724 1103 2756 per
1125 2724 1233 2757 quam
1255 2713 1288 2745 id
1311 2713 1407 2758 quod
1426 2712 1650 2753 suadebatur,
1673 2722 1754 2745 cum

202 2765 330 2799 falsum
351 2774 454 2807 esset,
476 2778 602 2799 verum
624 2777 700 2799 csse
723 2773 885 2811 putatum
908 2773 978 2806 cst3
1001 2765 1138 2799 scilicet
1160 2766 1254 2811 quod
1278 2766 1376 2800 Deus
1403 2766 1543 2809 lignum
1563 2764 1651 2798 illud
1673 2764 1754 2797 ideo

201 2828 347 2862 tangere
369 2820 602 2864 prohibuerit,
624 2819 720 2864 quod
743 2818 876 2853 sciebat
897 2829 970 2859 eos,
990 2818 1018 2852 si
1040 2819 1250 2863 tetigissent,
1273 2818 1371 2852 velut
1397 2819 1484 2853 deos
1505 2817 1655 2859 futuros,
1668 2825 1756 2850 tam-

204 2884 310 2916 quam
334 2872 382 2905 cis
406 2872 627 2906 divinitatem
652 2872 836 2913 invideret,
858 2871 917 2916 qui
944 2882 1006 2904 eos
1032 2871 1199 2905 homines
1226 2871 1358 2905 fecerat
1381 2884 1410 2906 >›:
1434 2871 1494 2905 sed
1517 2871 1587 2905 hoc
1610 2871 1754 2904 credere
