1859 3122
501 178 720 215 QUAESTIO
756 176 868 206 CLIV.
903 172 1147 204 ARTICULUS
1182 172 1223 200 X.
1531 167 1638 209 1009

83 263 176 298 unde
193 262 411 308 Justinianus
433 261 632 306 Imperator
654 259 739 292 dicit
760 258 854 303 (libs
871 257 906 291 Si
919 257 999 302 qais,
1016 261 1104 300 cap„-
1121 254 1156 288 dt:
1172 255 1262 300 Epis.
1281 258 1311 287 ut
1327 253 1451 297 Clar.):
1472 264 1489 282 «
1509 250 1546 284 Si
1563 250 1641 296 quis

82 328 156 351 non
178 316 297 350 dicam
317 326 453 360 rapere,
476 314 536 348 sed
560 320 732 347 attentare
753 309 1007 345 tantummodo
1027 307 1250 342 matrimonii
1269 304 1512 351 conjungendi
1532 314 1642 338 causa

84 369 343 405 sacratissimas
368 368 524 411 virgines
552 377 657 400 ausus
685 365 799 406 suerit,
827 363 969 408 capitali
996 372 1113 407 poena
1140 360 1285 394 feriatur
1308 373 1341 394 ›>.

155 423 214 457 AD
238 432 407 456 TERTiUM
428 421 631 460 dicendum,
659 418 754 465 quod
781 417 1009 461 sacrilegium
1033 414 1270 448 committitur
1293 413 1327 446 in
1351 424 1386 446 re
1409 419 1570 446 sacrata:
1589 420 1645 444 res

87 485 206 510 autem
228 483 366 509 sacrata
389 483 452 515 est,
473 474 524 507 tel
550 484 703 518 persona
723 479 874 511 sacrata,
896 481 987 515 quae
1015 467 1282 513 concupiscitur
1317 467 1359 500 ad
1396 464 1647 504 concubitum,

87 538 122 564 et
142 530 192 563 sic
214 529 366 575 pertinet
387 528 429 561 ad
453 527 647 561 luxuriam:
669 526 721 560 <vel
747 536 838 571 quae
865 522 1130 568 concupiscitur
1157 521 1200 554 ad
1228 519 1510 565 possidendum3
1533 525 1568 552 et
1595 516 1646 550 sic

88 583 240 629 pertinet
262 582 304 615 ad
328 581 554 625 injustitiam:
575 587 692 625 potest
713 578 821 612 etiam
843 577 886 611 ad
910 578 999 610 iram
1025 575 1200 620 pertinere
1229 572 1481 618 sacrilegium3
1506 579 1592 617 puta
1613 570 1646 604 si

91 636 217 682 aliquis
241 646 282 669 ex
303 635 353 668 ira
377 635 544 679 injuriam
572 632 696 666 inferat
724 642 897 677 personae
919 641 1054 669 sacrae,
1075 628 1134 662 vel
1155 628 1185 661 si
1206 626 1332 672 gulose
1355 626 1474 659 cibum
1497 635 1641 658 sacrum

92 697 261 730 assumat,
284 688 513 732 sacrilegium
536 685 746 720 committit:
769 683 958 730 specialius
979 690 1101 716 tamen
1124 680 1352 724 sacrilegium
1373 679 1575 713 attribuitur
1597 677 1651 710 lu-

90 743 224 784 xuriae,
246 753 336 787 quae
352 732 544 787 opponitur
566 738 730 779 castitati,
750 737 792 771 ad
815 737 914 781 cujus
936 735 1203 769 observantiam
1222 733 1361 779 aliquae
1378 743 1555 778 personae
1574 741 1653 776 spe-

93 796 228 830 cialiter
251 803 520 829 consecrantur.

648 909 989 955 ARTICULUS
1018 908 1097 950 XI.
1585 925 1652 961 752

193 1011 344 1040 UTRUM
377 1009 531 1038 VITIUM
564 1007 742 1037 CONTRA
773 1005 985 1037 NATURAM
1017 1004 1083 1033 SIT
1117 1002 1288 1032 SPECIES
1324 1001 1555 1030 LUXURIAE.

589 1084 638 1127 (4.
669 1083 756 1117 Dist.
785 1094 836 1127 41.
871 1087 933 1115 cii-t.
964 1092 996 1125 4.
1032 1093 1061 1126 q.
1096 1079 1157 1124 2.).

171 1168 229 1201 AD
245 1176 477 1201 UNDECIMUM
499 1167 547 1200 sic
570 1165 785 1212 proceditur.
807 1164 969 1205 Videtur,
988 1164 1085 1210 quod
1106 1164 1233 1197 vitium
1253 1170 1379 1196 contra
1399 1169 1566 1195 naturam
1582 1172 1656 1195 non

99 1223 144 1256 sit
161 1221 298 1267 species
312 1220 488 1261 luxuriae,
504 1219 587 1265 quia
601 1219 637 1252 in
652 1219 834 1263 praedicta
853 1219 1125 1252 enumeratione
1141 1218 1341 1263 specierum
1354 1215 1515 1249 luxuriae
1532 1215 1612 1259 (art.
1630 1227 1657 1250 r.

100 1276 169 1321 huj.
197 1276 242 1320 q.)
278 1273 376 1307 nulla
406 1273 443 1307 fit
470 1273 607 1306 mentio
638 1273 681 1306 de
714 1272 802 1306 vitio
841 1280 966 1305 contra
998 1279 1183 1312 naturam;
1215 1281 1301 1316 ergo
1339 1280 1414 1303 non
1441 1277 1493 1303 est
1519 1268 1658 1314 species

100 1328 273 1362 luxuriae.

172 1391 204 1415 2.
226 1380 461 1415 PRAETEREA.
483 1379 639 1413 Luxuria
661 1378 854 1425 opponitur
875 1378 1015 1419 virtuti3
1046 1385 1081 1411 et
1105 1378 1155 1411 ita
1181 1377 1244 1411 sub
1267 1376 1405 1410 malitia
1434 1376 1660 1410 continetur:

103 1434 165 1469 sed
186 1434 312 1468 vitium
334 1441 459 1467 contra
480 1440 647 1466 naturam
668 1444 742 1466 non
764 1433 967 1466 continetur
992 1431 1054 1464 sub
1078 1430 1226 1472 malitia,
1253 1430 1315 1464 sed
1342 1430 1404 1463 sub
1432 1428 1662 1469 bestialitate,

103 1496 142 1522 ut
162 1494 259 1534 patet
279 1499 341 1533 per
362 1485 498 1520 Philos.
520 1486 556 1519 in
578 1497 608 1530 7.
631 1485 746 1520 Ethic.
777 1486 867 1531 (cap.
886 1486 951 1530 5.),·
976 1495 1062 1530 ergo
1084 1484 1213 1517 vitium
1240 1491 1366 1517 contra
1388 1490 1558 1516 naturam
1584 1492 1659 1515 non

105 1549 158 1576 est
178 1540 315 1586 species
336 1539 507 1574 luxuriae.

180 1605 209 1640 3.
239 1593 474 1627 PRAETEREA.
497 1592 653 1626 Luxuria
675 1591 837 1626 consistit
858 1591 951 1625 circa
974 1599 1073 1625 actus
1096 1590 1139 1624 ad
1161 1590 1435 1635 generationem
1461 1589 1662 1623 humanam

107 1649 304 1689 ordinatos,
326 1656 364 1681 ut
384 1656 482 1693 patet
503 1658 544 1681 ex
566 1647 776 1693 supradictis
798 1646 844 1691 (q.
862 1652 976 1692 praec.
999 1650 1061 1679 art.
1088 1645 1159 1689 1.):
1181 1644 1244 1678 sed
1269 1644 1397 1678 vitium
1420 1651 1546 1677 contra
1567 1650 1667 1675 natu-

105 1714 186 1736 ram
209 1701 371 1736 consistit
393 1701 486 1734 circa
506 1708 616 1741 actus,
638 1711 679 1733 ex
701 1699 828 1745 quibus
849 1710 923 1732 non
945 1706 1063 1743 potest
1077 1699 1262 1744 generatio
1283 1697 1405 1743 sequi3
1429 1707 1515 1742 ergo
1539 1696 1667 1729 vitium

109 1764 236 1790 contra
254 1763 419 1788 naturam
438 1765 512 1788 non
535 1761 586 1788 est
607 1754 745 1800 species
767 1753 939 1786 luxuriae.

182 1809 255 1843 SED
275 1818 430 1842 CONTRA
453 1815 515 1849 est,
537 1807 634 1852 quod
656 1817 687 1840 2.
707 1806 793 1840 Cor.
820 1816 871 1839 12.
887 1813 1168 1839 connumeratur
1189 1803 1266 1838 aliis
1284 1803 1444 1837 luxuriae
1467 1803 1668 1849 speciebus,

110 1864 171 1898 ubi
192 1863 338 1896 dicitur:
362 1863 403 1896 Et
424 1873 487 1895 non
509 1866 638 1906 egerunt
651 1862 890 1907 pomitmticzm
907 1866 1002 1905 snper
1019 1858 1241 1899 immunditia,
1262 1863 1290 1892 et
1303 1858 1540 1903 fornicatione,
1560 1861 1586 1890 et
1607 1857 1669 1889 [m-

108 1917 282 1964 pudicitia,-
300 1916 358 1948 ubi
373 1915 457 1949 dicit
469 1914 588 1948 Gloss.
603 1914 755 1958 (iiztm·l.):
772 1926 789 1945 «
805 1913 1049 1954 immunditia,
1064 1913 1155 1946 idest
1168 1911 1308 1945 luxuria
1319 1919 1443 1946 contra
1458 1919 1667 1944 naturam».

185 1969 414 2003 RESPONDEO
437 1969 641 2009 dicendum,
663 1967 770 2013 quod,
792 1967 883 2000 sicut
904 1977 1010 2012 supra
1028 1965 1164 1999 dictum
1187 1972 1239 1999 est
1261 1965 1341 2008 (ai-t.
1366 1965 1397 1999 6.
1421 1969 1448 1998 et
1467 1976 1498 2010 9.
1519 1964 1587 2008 huj.
1607 1962 1671 2008 q),

112 2023 162 2057 ibi
182 2031 235 2057 est
256 2021 492 2056 determinata
513 2021 673 2054 luxuriae
695 2020 844 2066 species,
866 2019 926 2052 ubi
946 2018 1111 2064 specialis
1133 2019 1224 2052 ratio
1240 2017 1478 2052 deformitatis
1501 2015 1672 2056 occurrit,

115 2087 206 2122 quae
227 2075 312 2109 facit
332 2075 559 2108 indecentem
582 2082 702 2107 actum
716 2084 929 2107 venereum:
951 2072 1047 2118 quod
1063 2072 1207 2118 quidem
1229 2079 1348 2117 potest
1370 2082 1447 2105 esse
1470 2070 1669 2116 dupliciter:

115 2141 180 2164 uno
200 2128 345 2175 quidem
366 2128 475 2169 modo,
495 2127 577 2173 quia
599 2136 775 2173 repugnat
794 2127 923 2160 rationi
942 2133 1081 2167 rectae;
1108 2125 1204 2171 quod
1227 2133 1278 2159 est
1301 2135 1496 2158 commune
1512 2124 1548 2156 in
1568 2123 1672 2156 omni

115 2183 203 2217 vitio
226 2182 402 2223 luxuriae3
422 2181 489 2215 alio
510 2180 618 2222 modo,
641 2181 722 2225 quia
745 2181 853 2213 etiam
874 2190 979 2225 super
1000 2179 1071 2212 hoc
1093 2186 1270 2224 repugnat
1290 2178 1359 2224 ipsi
1382 2177 1497 2211 ordini
1518 2174 1672 2210 naturali

118 2235 263 2270 venerei
283 2242 395 2276 actus,
417 2234 477 2280 qui
503 2234 673 2267 convenit
692 2233 872 2266 humanae
898 2232 1043 2278 speciei,
1070 2231 1167 2277 quod
1188 2232 1310 2266 dicitur
1329 2232 1451 2265 vitium
1473 2235 1587 2265 conti-iz
1614 2240 1670 2262 mz-

120 2295 243 2330 turam,
266 2288 362 2334 quod
384 2288 531 2333 quidem
552 2294 668 2332 potest
685 2286 835 2332 plzm’ibus
857 2286 973 2319 modis
995 2285 1221 2331 contingere:
1245 2297 1309 2319 uno
1336 2284 1482 2330 quidem
1505 2282 1615 2325 modo,
1644 2282 1675 2315 si

121 2343 254 2388 absque
264 2341 365 2375 omni
380 2337 572 2374 concubitu
592 2351 699 2374 causa
713 2339 960 2373 delectationis
974 2349 1148 2372 venereae
1163 2337 1315 2384 pollutio
1331 2344 1560 2383 procuretur;
1576 2335 1673 2381 quod

121 2395 273 2442 pertinet
294 2395 337 2428 ad
359 2402 549 2440 peccatum
571 2393 809 2434 immunditiae,
832 2404 940 2438 quam
955 2392 1101 2438 quidam
1123 2392 1293 2426 mollitiem
1311 2398 1464 2425 vocant:
1480 2390 1546 2424 alio
1565 2389 1676 2431 modo,

123 2450 151 2482 si
171 2447 234 2482 fiat
253 2459 316 2493 per
337 2447 570 2481 concubitum
593 2447 636 2480 ad
658 2457 735 2480 rem
756 2457 830 2479 non
851 2445 1012 2491 ejusdem
1031 2445 1175 2491 speciei,
1198 2445 1294 2490 quod
1315 2452 1466 2478 vocatur
1486 2443 1676 2478 bestialitas:

124 2502 217 2535 tertio
239 2501 269 2534 si
285 2500 347 2534 fiat
366 2512 428 2545 per
450 2499 683 2533 concubitum
705 2498 749 2532 ad
770 2510 843 2532 non
865 2499 1025 2533 debitum
1043 2510 1179 2540 sexum,
1201 2506 1286 2544 puta
1307 2497 1460 2531 masculi
1479 2496 1521 2530 ad
1537 2507 1682 2529 mascu-

123 2554 211 2596 lum,
232 2554 291 2588 vel
311 2553 494 2587 foeminae
509 2553 552 2586 ad
574 2552 784 2594 foeminam,
799 2560 838 2585 ut
858 2551 1056 2598 Apostolus
1076 2552 1161 2586 dicit
1182 2552 1225 2585 ad
1247 2551 1353 2585 Rom.
1375 2561 1414 2592 1.‚
1437 2550 1533 2596 quod
1551 2549 1679 2582 dicitur

123 2607 351 2642 sodon-titicum
364 2608 505 2640 vitimn:
525 2611 642 2651 quarto
665 2605 695 2639 si
714 2616 788 2639 non
807 2613 965 2639 servetur
981 2605 1153 2639 naturalis
1170 2604 1299 2638 modus
1316 2603 1594 2644 concumbendi,
1617 2610 1679 2636 aut

126 2668 301 2706 quantum
323 2659 365 2692 ad
386 2659 664 2693 instrumentum
685 2669 760 2692 non
781 2658 951 2700 debitum,
974 2667 1034 2692 aut
1047 2665 1221 2704 quantum
1241 2657 1283 2690 ad
1307 2657 1396 2690 alios
1414 2664 1679 2695 monstruosos,

127 2720 161 2748 et
180 2712 346 2747 bestiales
365 2711 631 2746 concumbendi
653 2711 796 2745 modos.

198 2766 258 2800 AD
271 2776 420 2800 PRIMUM
442 2777 528 2811 ergo
551 2764 756 2806 dicendum,
777 2765 873 2810 quod
895 2765 943 2798 ibi
965 2772 1221 2799 enumerantur
1241 2763 1379 2809 species
1401 2762 1573 2804 luxuriae,
1590 2771 1681 2806 quae

128 2830 203 2853 non
227 2827 428 2865 repugnant
448 2819 630 2852 humanae
651 2825 818 2860 naturae;
845 2826 880 2852 et
904 2818 987 2852 ideo
1009 2817 1302 2864 praetermittitur
1322 2816 1447 2850 vitium
1477 2824 1604 2849 contra
1625 2825 1686 2848 na-

129 2880 259 2907 turam.
