1859 3122
142 141 227 184 270
527 140 748 175 QUAESTIO
781 140 916 170 XXXII.
952 141 1195 171 ARTICULUS
1228 141 1317 170 VIII.

209 225 438 260 REspox-mzo
460 224 666 267 dicendum,
689 226 785 271 quod
803 226 863 260 ille
882 227 942 273 qui
964 235 1015 261 est
1031 226 1093 260 sub
1109 233 1286 272 potestate
1309 225 1453 260 alterius
1469 225 1697 265 constitutus,

136 277 349 324 inquantum
370 279 590 323 hujusmodi,
619 279 820 313 secundum
847 280 1040 326 superioris
1067 287 1285 325 potestatem
1312 278 1472 325 regulari
1493 279 1614 312 debet:
1636 277 1696 312 hic

138 340 190 366 est
211 333 308 366 enim
329 333 418 366 ordo
439 332 623 373 naturalis,
645 341 683 366 ut
703 333 873 368 inferiora
887 334 1086 368 secundum
1108 333 1294 378 superiora
1315 332 1541 378 regulentur3
1560 340 1595 365 et
1614 331 1696 365 ideo

137 394 289 431 oportet,
311 385 407 431 quod
427 396 479 427 ea,
501 386 536 419 in
559 386 685 431 quibus
706 385 854 421 inferior
874 387 1050 433 superiori
1069 386 1264 431 subjicitur,
1283 386 1474 431 dispenset,
1497 396 1571 418 non
1595 383 1698 418 aliter

137 449 244 484 quarn
267 439 299 472 ei
319 439 364 472 sit
385 450 404 471 a
431 439 614 484 superiore
637 440 871 484 permissum:
895 441 945 474 sic
968 451 1053 486 ergo
1076 439 1147 481 ille,
1169 439 1228 485 qui
1251 447 1304 473 est
1325 439 1388 472 sub
1411 445 1588 484 potestate
1615 448 1698 470 con-

136 491 248 533 stitus,
271 492 313 525 de
335 503 383 533 re,
405 492 605 526 secundum
632 504 741 538 quam
767 493 943 539 superiori
964 493 1159 538 subjicitur,
1188 491 1461 538 eleemosynam
1482 490 1601 524 facere
1622 500 1697 523 non

136 545 250 586 debet,
281 545 350 578 nisi
371 554 545 590 quatenus
567 546 600 579 ei
631 557 650 579 a
671 546 855 592 superiore
876 546 982 580 fuerit
1003 546 1259 587 commissum,
1289 546 1318 579 si
1339 545 1418 591 quis
1447 555 1534 578 vero
1565 543 1698 577 habeat

137 597 281 642 aliquid,
311 599 511 632 secundum
533 599 629 644 quod
658 600 827 645 potestati
848 600 1042 646 superioris
1063 611 1138 633 non
1159 599 1282 640 subsit,
1303 599 1377 644 iam
1402 597 1604 632 secundum
1624 596 1696 630 hoc

136 661 211 684 non
233 659 286 684 est
305 652 475 697 potestati
500 652 692 698 subjectus,
714 661 889 699 quantum
911 654 954 687 ad
969 653 1040 687 hoc
1054 652 1190 699 proprii
1210 651 1296 697 juris
1315 651 1488 685 existens:
1512 658 1546 684 et
1560 650 1604 684 de
1623 649 1695 683 hoc

135 712 254 749 potest
279 704 551 751 eleemosynam
569 704 698 740 facere.

205 757 265 791 AD
292 768 441 792 PRIMUM
463 769 548 804 ergo
576 758 781 801 dicendum,
808 759 904 805 quod
927 759 1141 801 monachus,
1163 759 1192 793 si
1213 758 1323 792 habet
1344 756 1652 803 dispensationem
1675 766 1695 789 a

134 809 294 855 praelato
317 811 564 853 commissam,
586 820 704 857 potest
725 812 976 858 eleemosynas
998 812 1116 847 facere
1132 812 1175 846 de
1197 812 1300 846 rebus
1322 810 1546 852 monasterii,
1567 820 1697 844 secun-

134 862 220 897 dum
241 864 336 910 quod
351 864 418 898 sibi
439 873 492 899 est
514 865 769 900 commissum:
792 866 921 900 sivero
943 877 1017 899 non
1036 866 1145 900 habet
1159 865 1481 910 dispensationem,
1497 863 1581 910 quia
1602 862 1696 896 nihil

134 917 322 962 proprium
343 917 461 959 habet,
482 926 567 952 tunc
593 929 667 952 non
689 927 807 964 potest
835 918 952 953 facere
976 918 1249 965 eleemosynam
1275 920 1351 953 sine
1380 917 1526 952 licentia
1546 915 1695 950 Abbatis

134 968 192 1003 vel
207 981 370 1016 expresse
388 971 520 1012 habita,
535 971 593 1005 vel
606 971 838 1017 probabiliter
852 981 1098 1018 praesumpta:
1114 973 1182 1006 nisi
1199 971 1290 1006 forte
1302 972 1338 1005 in
1348 970 1498 1006 articulo
1515 978 1695 1004 extremae

133 1024 367 1065 necessitatis,
382 1025 418 1058 in
441 1036 512 1070 quo
528 1024 668 1059 licitum
683 1034 777 1060 esset
797 1027 829 1060 ei
843 1025 964 1067 furari,
986 1034 1024 1060 ut
1038 1026 1312 1072 eleemosynam
1334 1026 1448 1059 daret:
1468 1035 1535 1059 nec
1550 1031 1696 1070 propter

131 1076 202 1110 hoc
225 1076 376 1111 efficitur
404 1078 536 1124 pejoris
566 1078 802 1120 conditionis;
837 1079 931 1124 quia,
952 1079 1046 1113 sicut
1072 1079 1200 1113 dicitur
1221 1079 1257 1112 in
1279 1079 1337 1112 lib.
1361 1079 1404 1113 de
1432 1077 1530 1112 Eccl.
1553 1077 1691 1122 Dogm.

133 1130 221 1176 (cap.
239 1140 287 1176 71.
314 1132 408 1165 inter.
432 1137 538 1177 opusc.
561 1132 687 1177 Aug.).·
719 1132 895 1166 «Bonum
923 1141 975 1166 est
999 1132 1188 1167 facultates
1212 1144 1296 1166 cum
1323 1132 1590 1178 dispensatione
1612 1141 1696 1176 pau-

132 1183 274 1228 peribus
296 1195 467 1229 erogare;
489 1184 551 1218 sed
573 1184 702 1219 melius
725 1193 777 1219 est
798 1197 862 1231 pro
884 1185 1085 1220 intentione
1107 1186 1281 1232 sequendi
1302 1185 1508 1219 Dominum
1529 1186 1565 1219 in
1587 1182 1695 1218 simul

133 1236 256 1270 onmia
278 1237 425 1279 donare,
447 1246 481 1271 et
504 1237 710 1272 absolutum
732 1238 959 1272 solicitudine
981 1250 1086 1284 egere
1109 1250 1193 1272 cum
1216 1239 1410 1273 Christo».

203 1290 263 1324 AD
278 1300 485 1325 SECUNDUM
504 1291 708 1333 dicendum,
724 1291 820 1337 quod
839 1291 869 1326 si
883 1303 974 1325 uxor
991 1292 1100 1326 habet
1115 1291 1202 1326 alias
1216 1303 1272 1326 res
1287 1300 1428 1338 praeter
1450 1291 1584 1332 dotem,
1603 1300 1694 1336 quae

133 1342 316 1376 ordinatur
338 1343 381 1377 ad
408 1344 640 1378 sustentanda
662 1355 772 1378 onera
800 1345 1034 1387 matrimonii,
1061 1345 1118 1379 vel
1141 1356 1184 1379 ex
1208 1347 1355 1391 proprio
1382 1344 1496 1386 lucro,
1523 1343 1582 1377 vel
1607 1354 1694 1389 quo-

132 1407 287 1441 cumque
310 1397 381 1430 alio
403 1396 502 1431 licito
524 1397 648 1439 modo,
667 1406 786 1443 potest
807 1399 890 1432 dare
910 1397 1162 1444 eleemosynas
1185 1399 1295 1432 etiam
1316 1398 1519 1444 irrequisito
1543 1407 1691 1431 assensu

133 1448 210 1491 viri,
225 1449 430 1484 moderatas
444 1458 578 1492 tamen,
596 1462 641 1484 ne
656 1461 698 1484 ex
713 1462 837 1485 earum
851 1451 1096 1497 superfluitate
1109 1451 1163 1485 vir
1177 1451 1456 1498 depauperetur:
1472 1450 1558 1484 alias
1573 1457 1694 1483 autem

131 1513 205 1536 non
224 1502 329 1537 debet
347 1503 430 1537 dare
453 1503 703 1550 eleemosynas
726 1505 802 1538 sine
824 1515 1003 1538 consensu
1016 1504 1083 1537 viri
1100 1504 1160 1538 vel
1177 1515 1359 1550 expresso,
1377 1503 1435 1538 vel
1449 1510 1694 1550 praesumpto,

130 1556 199 1590 nisi
222 1556 259 1590 in
282 1557 432 1591 articulo
462 1557 696 1599 necessitatis,
719 1558 811 1592 sicut
836 1558 879 1591 de
902 1558 1087 1592 monacho
1114 1558 1251 1592 dictum
1274 1566 1327 1592 est
1348 1558 1402 1603 (in
1417 1557 1512 1591 solut.
1536 1555 1692 1602 praec).-

131 1610 294 1655 quamvis
317 1611 415 1645 enirn
433 1610 563 1645 mulier
576 1612 621 1645 sit
639 1611 798 1657 aequalis
811 1612 889 1646 viro
912 1612 948 1645 in
964 1619 1045 1645 actu
1063 1611 1307 1654 matrimonii3
1326 1619 1448 1645 tamen
1462 1611 1500 1644 in
1513 1610 1582 1652 his,
1601 1620 1693 1656 quae

131 1663 173 1697 ad
196 1663 471 1710 dispositionem
493 1664 622 1698 domus
646 1665 835 1710 pertinent,
849 1666 906 1698 vir
927 1669 1025 1710 caput
1050 1670 1095 1699 est
1114 1665 1273 1704 mulieris,
1290 1663 1490 1698 secundum
1511 1663 1639 1709 Apost.
1663 1673 1692 1696 1.

131 1716 174 1749 ad
194 1716 280 1750 Cor.
307 1728 377 1751 11.:
401 1717 503 1751 beata
519 1726 640 1751 autem
666 1717 779 1751 Lucia
800 1729 975 1764 sponsum
996 1718 1163 1760 habebat,
1181 1729 1256 1752 non
1274 1718 1409 1760 virum3
1432 1716 1527 1751 unde
1549 1716 1592 1751 de
1611 1727 1694 1750 con-

130 1781 237 1804 sensu
259 1771 383 1804 matris
404 1779 546 1816 poterat
566 1770 840 1817 eleemosynam
862 1771 991 1805 facere.

201 1823 262 1857 AD
293 1834 464 1858 TERTmM
495 1824 700 1866 dicendum,
723 1824 819 1870 quod
846 1835 898 1867 ea,
926 1835 1017 1870 quae
1044 1832 1127 1858 sunt
1146 1823 1379 1866 filiifamilias,
1401 1831 1484 1858 sunt
1504 1831 1539 1857 et
1564 1823 1692 1869 patris;

130 1884 165 1910 et
184 1876 266 1910 ideo
288 1888 362 1910 non
384 1885 502 1922 potest
523 1876 795 1923 eleemosynam
816 1876 948 1919 facere,
966 1877 1035 1911 nisi
1048 1877 1141 1912 forte
1160 1877 1319 1923 aliquam
1337 1876 1534 1918 modicam,
1556 1876 1600 1910 de
1623 1887 1692 1922 qua

129 1937 247 1975 potest
267 1941 496 1975 praesumere
516 1931 613 1976 quod
631 1931 721 1976 patri
735 1930 893 1976 placeat:
909 1930 978 1964 nisi
998 1929 1091 1964 forte
1107 1930 1257 1976 alicujus
1278 1930 1330 1964 rei
1349 1938 1442 1964 esset
1460 1929 1526 1964 sibi
1548 1940 1567 1962 a
1589 1937 1690 1975 patre

130 1983 348 2028 dispensatio
372 1983 587 2025 commissa3
611 1991 645 2017 et
664 1983 763 2017 idem
785 1983 978 2017 dicendum
1001 1991 1053 2018 est
1075 1983 1118 2018 de
1140 1984 1261 2018 servis.

202 2036 306 2070 Unde
329 2045 426 2082 patet
446 2036 579 2070 solutio
601 2047 651 2071 AD
674 2047 872 2076 QUARTUM.

679 2177 1021 2222 ARTICULUS
1056 2178 1133 2220 IX.
1626 2201 1686 2238 193

218 2283 369 2314 UTRUM
396 2284 790 2320 PROPINQUIORIBUS
826 2285 892 2314 εῖτ
926 2285 1056 2314 mets
1084 2285 1375 2315 ELEEMOSYNA
1407 2285 1574 2316 DANDA.

335 2371 384 2416 (4.
406 2372 551 2417 Dist.15.
574 2383 604 2417 q.
626 2383 656 2406 2.
680 2377 743 2406 art.
765 2372 796 2407 6.
816 2377 844 2406 cl
868 2373 962 2408 Rom.
984 2384 1032 2407 12.
1055 2372 1123 2406 lact.
1146 2384 1177 2407 2.
1196 2377 1224 2406 cl
1245 2383 1273 2406 1.
1291 2372 1370 2410 Cor.
1390 2373 1472 2418 ια).

198 2460 257 2494 AD
283 2470 424 2494 NONUM
452 2459 502 2493 sic
524 2460 739 2505 proceditur.
762 2460 924 2502 Videtur,
947 2460 1043 2506 quod
1070 2471 1144 2494 non
1166 2461 1210 2494 sit
1233 2461 1348 2507 magis
1370 2461 1687 2508 propinquioribus

127 2512 360 2559 eleemosyna
381 2512 565 2547 facienda:
589 2513 717 2546 dicitur
739 2514 835 2547 enim
858 2513 967 2547 Eccli.
991 2523 1061 2547 12.:
1085 2515 1142 2548 Da
1161 2515 1378 2557 misericordi,
1392 2520 1422 2549 et
1442 2527 1508 2549 non
1528 2517 1688 2562 suscipias

121 2572 348 2612 peccatoremJ
373 2567 502 2612 benefac
529 2567 656 2607 humili,
685 2571 713 2600 el
738 2578 802 2600 non
832 2567 885 2600 des
907 2568 1030 2612 impio:
1053 2567 1114 2600 sed
1137 2568 1352 2613 quandoque
1380 2568 1567 2613 contingit,
1589 2568 1685 2614 quod

126 2621 239 2654 nostri
261 2620 452 2666 propinqui
468 2627 549 2653 sunt
574 2627 795 2665 peccatores,
822 2627 857 2653 et
877 2619 997 2665 impi'13
1021 2631 1108 2664 ergo
1130 2631 1204 2653 non
1226 2629 1308 2654 sunt
1323 2621 1372 2655 eis
1394 2621 1511 2666 magis
1533 2620 1688 2656 eleemo-

128 2684 237 2719 synae
260 2672 456 2707 faciendae.

199 2736 229 2760 2.
252 2727 487 2761 PRAETEREA.
515 2725 779 2771 Eleemosynae
809 2733 890 2759 sunt
911 2725 1096 2760 faciendae
1128 2735 1273 2772 propter
1295 2727 1568 2761 retributionem
1596 2738 1686 2761 mer-

128 2779 225 2814 cedis
247 2788 423 2821 aeternae,
445 2779 645 2813 secundum
662 2779 749 2812 illud
765 2778 891 2812 Matth.
911 2777 962 2812 6.:
983 2780 1024 2813 Et
1038 2785 1137 2825 [Μίαν
1152 2785 1233 2823 litus,
1252 2782 1309 2826 qui
1322 2781 1410 2815 videt
1429 2782 1462 2815 in
1483 2780 1684 2823 abscondito,

128 2833 237 2868 reddet
263 2835 343 2868 tibi:
365 2833 426 2868 sed
449 2833 633 2868 retributio
664 2841 809 2867 aeterna
839 2833 996 2867 maxime
1026 2834 1219 2879 acquiritur
1241 2846 1282 2868 ex
1313 2833 1565 2881 eleemosynis,
1593 2845 1684 2880 quae
