1859 3122
536 162 756 198 QUAESTIO
791 162 859 191 Lx.
894 161 1138 192 Anrtcums
1172 161 1198 191 1.
1563 162 1643 204 443

165 245 223 278 AD
247 254 432 282 QUARTUM
455 243 659 285 dicendum,
681 243 776 289 quod
799 243 931 288 justitia
954 243 988 276 in
1012 242 1170 288 principe
1193 241 1338 288 quidem
1360 249 1414 276 est
1431 241 1522 275 sicut
1539 241 1649 275 virtus

95 298 386 338 architectonica,
409 298 510 343 quasi
532 298 725 343 imperans,
747 305 781 331 et
803 297 1025 342 praecipiens
1054 296 1149 341 quod
1178 297 1311 341 justum
1339 303 1413 336 est;
1440 295 1476 328 in
1502 295 1650 329 subditis

95 360 214 385 autem
237 360 289 384 est
309 359 495 396 tamquam
517 351 626 384 virtus
650 351 846 391 exet-mim,
869 358 903 384 et
925 350 1149 391 ministran53
1177 357 1211 383 et
1237 349 1318 382 ideo
1341 349 1525 393 judicium,
1554 348 1649 393 quod

93 405 264 450 importat
285 404 531 438 definitionem
554 404 646 449 justi,
670 404 822 450 pertinet
845 403 887 437 ad
910 403 1094 448 justitiam,
1118 403 1316 437 secundum
1337 402 1431 447 quod
1453 410 1505 436 est
1526 401 1652 446 princi-

93 458 218 504 paliori
242 458 352 491 modo
374 458 410 490 in
434 458 668 503 praesidente.

666 615 1009 661 ARTICULUS
1039 617 1094 659 Π.
1460 608 1464 613 “
1586 638 1648 674 335

513 737 665 767 UTRUM
698 737 764 766 SIT
798 737 982 766 LICITUM
1009 737 1235 779 JUDICARE.

308 839 410 886 (Infr.
433 844 495 874 art,
514 851 541 886 3.
565 844 592 874 et
611 839 642 874 6.
665 850 694 884 q.
718 839 772 884 67.
795 843 860 873 art.
881 850 908 873 Ι.
931 843 960 872 et
980 849 1012 882 4.
1034 838 1124 872 Dist.
1145 837 1201 882 48.
1223 848 1253 883 q.
1275 849 1302 872 I.
1324 841 1389 872 art.
1410 848 1438 871 1.

637 897 666 927 et
689 893 783 928 Rom.
805 904 832 927 Ι.
855 896 882 926 et
899 904 926 927 1.
948 891 1027 925 Cor.
1048 893 1110 936 4.).

164 992 223 1026 AD
245 1003 450 1027 SECUNDUM
472 992 522 1027 sic
544 992 759 1039 proceditur.
774 991 936 1033 Videtur,
952 991 1048 1037 quod
1062 1001 1136 1024 non
1158 990 1202 1024 sit
1222 989 1360 1024 licitum
1379 989 1556 1035 judicare:
1576 999 1651 1022 non

93 1046 190 1080 enim
211 1045 382 1091 infligitur
403 1057 521 1092 poena
541 1046 609 1080 nisi
627 1057 691 1092 pro
711 1045 857 1079 illicito:
877 1046 937 1079 sed
956 1044 1195 1090 judicantibus
1214 1044 1379 1077 imminet
1397 1054 1526 1089 poena,
1541 1053 1651 1088 quam

92 1110 166 1133 non
187 1099 384 1144 judicantes
406 1098 591 1145 effugiunt,
613 1099 812 1133 secundum
838 1098 926 1132 illud
956 1098 1084 1132 Matth.
1107 1108 1157 1143 7.:
1191 1098 1303 1132 Nolite
1328 1097 1494 1143 judicare,
1524 1101 1559 1130 ut
1586 1108 1651 1130 non

87 1152 304 1198 judicemini;
328 1164 414 1199 ergo
432 1153 591 1199 judicare
614 1161 667 1187 est
687 1153 864 1187 illicitum.

163 1216 195 1241 2.
217 1206 452 1241 PRAETEREA.
474 1207 581 1241 Rom.
609 1217 659 1249 14.
683 1206 829 1242 dicitur:
858 1207 908 1241 Tu
929 1207 984 1252 qui
1005 1217 1045 1248 es,
1068 1207 1138 1252 quis
1158 1205 1293 1252 judicas
1314 1205 1459 1240 alienum
1488 1205 1652 1239 servum?

90 1271 147 1294 suo
168 1259 301 1294 domino
321 1266 396 1303 stat,
420 1266 478 1295 aut
498 1260 607 1296 cadit:
625 1260 807 1294 Dominus
829 1268 950 1294 autem
973 1260 1138 1294 omnium
1156 1259 1255 1293 Deus
1279 1266 1355 1301 est;
1377 1269 1463 1304 ergo
1480 1257 1568 1291 nulli
1589 1258 1653 1292 ho-

93 1313 182 1347 mini
203 1313 287 1348 licet
307 1314 476 1359 judicare.

167 1378 195 1412 3.
217 1367 452 1402 PRAETEREA.
474 1367 603 1402 Nullus
624 1367 738 1401 homo
761 1375 814 1402 est
830 1367 906 1402 sine
925 1374 1087 1412 peccato,
1103 1366 1302 1400 secundum
1316 1365 1403 1399 illud
1423 1364 1590 1410 1.J0ann.
1609 1374 1650 1399 1.:

92 1421 129 1455 Si
149 1420 339 1463 dixerimus,
361 1423 438 1466 quia
454 1427 625 1468 peccatum
644 1433 709 1455 non
728 1423 890 1462 habemus,
910 1433 966 1455 nos
986 1422 1069 1467 ipsos
1087 1420 1287 1454 seducimus:
1311 1419 1372 1453 sed
1395 1418 1559 1464 peccanti
1576 1428 1650 1451 non

93 1474 178 1508 licet
197 1475 367 1520 judicare,
389 1475 589 1509 secundum
610 1475 696 1509 illud
723 1475 830 1509 Rom.
853 1485 902 1510 2.:
925 1474 1161 1509 Inexcusabilis
1182 1485 1221 1514 es,
1242 1485 1258 1507 0
1275 1473 1369 1506 homo
1389 1473 1505 1514 omnis,
1529 1473 1585 1517 qui
1598 1473 1652 1517 jzc-

93 1528 201 1562 dicas:
222 1529 257 1562 in
278 1540 340 1574 quo
361 1530 448 1562 enim
469 1529 608 1563 alterum
632 1528 776 1574 judicas,
799 1530 935 1574 teipsum
964 1527 1177 1562 condemnas:
1209 1526 1319 1560 eadm
1345 1527 1434 1560 enim
1459 1526 1540 1571 agis,
1567 1536 1650 1570 quae:

89 1581 220 1627 judicas
229 1594 240 1622 ;
265 1593 352 1627 ergo
373 1581 463 1616 nulli
484 1590 536 1616 est
558 1582 695 1616 licitum
721 1582 890 1627 judicare.

165 1635 239 1669 SED
262 1646 416 1670 CONTRA
439 1644 502 1677 est,
524 1636 619 1681 quod
642 1635 770 1669 dicitur
790 1635 936 1669 Deuter.
964 1633 1034 1668 16.:
1059 1634 1200 1678 Iudices,
1231 1639 1259 1668 et
1285 1634 1458 1679 magistros
1483 1634 1652 1667 constitues

91 1689 128 1723 in
148 1690 297 1723 omnibus
313 1691 421 1736 portis
442 1690 516 1731 tuis,
539 1695 575 1724 ut
588 1689 736 1734 jud-icant
751 1689 913 1735 populum
930 1690 1019 1733 justo
1038 1687 1176 1733 judicio.

163 1742 392 1777 RESPONDEO
415 1743 618 1784 dicendum,
650 1743 746 1788 quod
776 1742 950 1788 judicium
978 1742 1157 1775 intantum
1185 1748 1238 1775 est
1265 1740 1416 1782 licitum,
1438 1741 1651 1786 inquantum

94 1803 147 1830 est
165 1796 320 1841 justitiae
340 1804 454 1830 actus:
478 1796 570 1830 sicut
591 1804 711 1830 autern
733 1807 774 1829 ex
796 1795 985 1841 praedictis
1009 1803 1105 1841 patet
1127 1795 1207 1840 (art.
1226 1795 1369 1841 praec),
1393 1794 1436 1828 ad
1455 1794 1526 1828 hoc
1553 1793 1650 1840 quod

92 1849 265 1895 judicium
287 1850 331 1884 sit
352 1858 451 1884 actus
472 1850 637 1895 justitiae,
661 1851 727 1883 tria
747 1849 991 1895 requiruntur:
1016 1850 1129 1895 primo
1152 1848 1310 1894 quidem,
1341 1855 1379 1882 ut
1408 1847 1580 1893 procedat
1609 1858 1651 1881 ex

91 1902 325 1937 inclinatione
357 1903 530 1948 justitiae:
558 1903 706 1944 secundo,
737 1903 833 1948 quod
863 1902 1037 1948 procedat
1071 1913 1112 1936 ex
1147 1901 1360 1936 auctoritate
1393 1901 1649 1947 praesidentis:

94 1958 199 1997 tertio,
223 1956 318 2002 quod
339 1956 538 2002 proferatur
563 1957 763 1990 secundum
784 1963 922 1989 rectam
942 1955 1119 1990 rationem
1143 1955 1364 2001 prudentiae.

166 2009 434 2056 Quodcumque
457 2018 577 2044 autern
597 2010 730 2043 horum
751 2008 912 2051 defuerit,
930 2009 1103 2054 judicium
1123 2008 1189 2042 erit
1208 2008 1391 2049 vitiosum,
1414 2015 1448 2041 et
1465 2006 1650 2041 illicitum:

94 2075 158 2097 uno
181 2064 327 2109 quidem
348 2063 472 2105 modo,
494 2064 638 2109 quando
668 2071 721 2097 est
751 2070 876 2096 contra
898 2062 1151 2096 rectitudinem
1180 2061 1352 2107 justitiae:
1384 2069 1418 2095 et
1445 2061 1495 2094 sic
1523 2060 1652 2094 dicitur

89 2117 253 2162 judicium
269 2123 475 2163 perversum,
499 2116 556 2150 vel
576 2118 756 2162 injustum:
775 2116 840 2149 alio
863 2116 986 2157 modo,
1008 2115 1151 2161 quando
1174 2115 1288 2148 horno
1309 2114 1444 2159 judicat
1465 2114 1508 2148 de
1530 2113 1596 2155 his,
1615 2113 1651 2146 in

94 2169 221 2216 quibus
234 2181 308 2203 non
322 2170 430 2204 habet
444 2171 712 2204 auctoritatem:
736 2177 770 2203 et
791 2169 841 2203 sic
857 2169 985 2202 dicitur
1002 2169 1168 2214 judicium
1182 2173 1398 2214 usurpatum:
1419 2169 1511 2202 tertio
1528 2167 1651 2208 modo,

94 2223 237 2269 quando
260 2223 357 2257 deest
379 2223 553 2257 certitudo
572 2223 740 2264 rationis;
762 2230 847 2268 puta
870 2233 953 2256 cum
976 2222 1103 2268 aliquis
1131 2222 1174 2256 de
1200 2222 1256 2255 his
1283 2221 1428 2266 judicat,
1451 2232 1542 2266 quae
1569 2228 1651 2254 sunt

94 2277 211 2318 dubia,
232 2276 290 2310 vel
311 2276 464 2318 occulta,
486 2285 632 2323 propter
653 2276 789 2322 aliquas
810 2275 908 2310 leves
931 2276 1175 2321 conjecturas:
1199 2283 1233 2309 et
1254 2275 1304 2309 sic
1333 2275 1460 2308 dicitur
1483 2273 1648 2319 judicium

93 2332 314 2377 suspiciosum,
337 2330 395 2365 vel
417 2332 638 2365 temerarium.

164 2384 225 2418 AD
246 2395 395 2418 PRIMUM
418 2396 503 2430 ergo
526 2384 731 2425 dicendum,
754 2383 850 2429 quod
876 2383 1057 2417 Dominus
1079 2383 1128 2416 ibi
1153 2382 1320 2429 prohibet
1346 2381 1517 2427 judicium
1539 2388 1649 2414 teme-

94 2437 240 2479 rarium,
262 2437 357 2483 quod
380 2446 432 2471 est
458 2438 501 2471 de
524 2437 721 2472 intentione
749 2437 878 2478 cordis,
905 2437 962 2471 vel
984 2437 1027 2471 de
1050 2437 1127 2470 aliis
1150 2437 1304 2477 incertis,
1332 2444 1369 2469 ut
1387 2435 1538 2480 August.
1567 2433 1652 2467 dicit

95 2490 131 2523 in
152 2489 210 2523 lib.
233 2500 264 2524 2.
286 2491 330 2524 de
353 2491 468 2524 Serm.
490 2491 600 2525 Dom.
623 2491 659 2524 in
681 2498 805 2524 monte
827 2491 915 2536 (cap.
942 2490 1033 2534 18.).·
1061 2489 1119 2524 vel
1141 2489 1308 2535 prohibet
1333 2488 1380 2521 ibi
1406 2487 1577 2532 judicium
1606 2486 1649 2520 de

96 2543 242 2586 divinis;
264 2544 307 2578 de
334 2544 473 2589 quibus,
501 2555 582 2577 cum
612 2552 693 2577 sunt
719 2554 824 2589 supra
845 2554 924 2584 nos,
946 2554 1019 2576 non
1042 2543 1214 2576 debemus
1236 2541 1404 2587 judicare,
1433 2540 1493 2573 sed
1519 2538 1653 2584 simpli-

97 2595 183 2630 citer
204 2607 246 2630 ea
267 2597 423 2638 credere,
445 2605 483 2631 ut
504 2596 661 2631 Hilarius
688 2596 773 2630 dicit
794 2607 899 2642 super
925 2596 1052 2630 Matth.
1080 2596 1169 2640 (can.
1194 2595 1263 2640 5.).·
1291 2593 1349 2627 vel
1375 2593 1540 2639 prohibet
1565 2591 1652 2637 judi-

97 2649 204 2691 cium,
226 2649 323 2695 quod
342 2661 417 2683 non
439 2649 478 2684 fit
499 2661 540 2684 ex
561 2649 824 2691 benevolentia,
847 2649 909 2683 sed
932 2661 974 2683 ex
1001 2649 1112 2683 animi
1135 2647 1382 2687 amaritudine,
1402 2654 1439 2679 ut
1461 2645 1650 2691 Chrysost.

97 2701 183 2736 dicit
202 2702 307 2747 (hom.
329 2714 378 2748 17.
400 2704 436 2736 in
458 2709 506 2748 op.
529 2704 658 2749 imperf.
682 2705 760 2737 circ.
779 2703 919 2749 princ).

167 2754 226 2789 AD
249 2765 455 2790 SECUNDUM
477 2756 681 2798 dicendum,
704 2756 799 2801 quod
822 2755 928 2801 judex
955 2754 1182 2789 constituitur
1203 2760 1240 2786 ut
1261 2751 1423 2786 minister
1443 2751 1533 2793 Dei3
1555 2750 1650 2784 unde

99 2806 225 2841 dicitur
250 2808 396 2842 Deuter.
429 2819 474 2842 1.:
506 2808 604 2853 Quod
620 2811 746 2854 justum
771 2813 826 2851 est,
850 2808 1017 2853 judicate;
1045 2815 1079 2842 et
1099 2815 1225 2853 postea
1243 2805 1378 2840 subdit:
1401 2805 1492 2849 Quia
1518 2805 1584 2839 Dei
1609 2808 1652 2838 est

95 2861 270 2906 judicium.
