1859 3122
218 142 304 184 914
651 140 871 175 QUAESTIO
907 140 1003 169 CXL.
1037 139 1280 170 ARTICULUS
1313 141 1340 170 Ι.

215 222 354 256 nienter
375 232 461 266 ergo
483 221 519 254 in
541 220 620 266 lege
648 220 769 254 divina
795 228 976 267 ponuntur
1001 229 1191 267 praecepta
1216 220 1431 256 fortitudinis
1458 221 1578 257 solum
1603 223 1770 270 negativa

215 275 385 308 timorem
408 273 646 320 prohibentia.

290 339 318 373 3.
338 327 573 361 PRAETEREA.
596 326 784 360 Fortitudo
804 334 857 361 est
872 338 942 360 una
956 326 999 361 de
1013 327 1200 361 virtutibus
1220 327 1484 373 principalibus,
1498 336 1535 363 ut
1550 340 1657 376 supra
1669 329 1769 364 habi-

214 389 291 414 tum
314 387 366 414 est
389 379 433 425 (q.
456 391 521 425 123.
545 384 608 414 art.
630 392 675 414 rr.
698 384 726 414 et
747 391 809 414 1-2.
833 391 862 425 q.
886 380 936 414 61.
959 384 1022 414 art.
1044 380 1111 424 2.).·
1134 380 1195 414 sed
1209 389 1401 426 praecepta
1415 381 1624 416 ordinantur
1640 381 1683 416 ad
1700 382 1770 416 vir-

214 441 319 475 tutes,
341 433 431 467 sicut
454 433 496 466 ad
518 432 625 468 fines:
648 433 742 466 unde
765 433 895 467 debent
916 434 965 467 eis
984 433 1268 479 proportionari;
1291 444 1377 479 ergo
1405 442 1439 468 et
1464 443 1654 481 praecepta
1673 435 1770 469 forti-

214 486 346 520 tudinis
369 486 566 520 debuerunt
589 485 676 532 poni
697 486 789 520 inter
809 493 1002 532 praecepta
1022 486 1199 532 decalogi,
1222 497 1312 532 quae
1338 495 1420 521 sunt
1444 487 1655 534 principalia
1680 488 1769 534 legis

214 547 416 585 praecepta.

287 592 361 627 SED
384 603 637 627 CONTRARIUM
663 601 809 639 apparet
830 603 872 627 ex
892 593 1083 627 traditione
1107 592 1238 626 Sacrae
1261 592 1477 639 Scripturae.

285 645 514 680 RESPONDEO
538 646 745 688 dicendum,
768 646 865 692 quod
886 654 1076 692 praecepta
1109 645 1198 691 legis
1229 646 1439 680 ordinantur
1460 647 1503 681 ad
1532 647 1770 681 intentionem

214 698 450 744 legislatori83
473 699 566 733 unde
589 699 791 733 secundum
814 699 974 733 diversos
994 698 1094 741 fines,
1121 710 1211 745 quos
1236 699 1387 733 intendit
1411 699 1606 746 legislator,
1628 708 1771 746 oportet

215 752 456 786 diversimode
477 760 669 799 praecepta
683 752 773 798 legis
794 752 948 795 institui3
967 754 1061 786 unde
1077 760 1112 786 et
1125 753 1160 786 in
1176 753 1280 787 rebus
1297 753 1464 787 humanis
1485 752 1555 787 alia
1576 761 1658 788 sunt
1673 765 1772 800 prae-

215 813 317 851 cepta
340 806 595 849 democraffica,
621 805 690 839 alia
712 805 823 851 regia,
846 805 914 839 alia
935 806 1142 852 tyrannica:
1170 805 1250 839 finis
1277 813 1397 840 autem
1423 805 1513 852 legis
1540 807 1680 841 divinae
1707 814 1770 849 est,

215 867 252 892 ut
270 859 384 893 homo
406 859 571 893 inhaerat
593 859 695 901 Deo;
718 867 752 893 et
778 859 859 893 ideo
887 867 1076 905 praecepta
1102 858 1192 905 legis
1218 859 1359 893 divinae
1381 867 1457 894 tam
1482 860 1525 894 de
1550 859 1769 902 fortitudine,

213 924 323 958 quarn
345 912 388 946 de
411 912 488 946 aliis
511 912 700 947 virtutibus
722 913 861 954 dantur,
883 912 1083 946 secundum
1101 913 1197 958 quod
1217 913 1387 947 convenit
1405 913 1621 947 ordinationi
1639 913 1770 947 mentis

214 966 248 999 in
271 966 414 1008 Deum;
437 974 471 1000 et
491 974 636 1012 propter
656 966 728 1000 hoc
750 966 896 1000 Deuter.
920 976 974 1000 20.
997 966 1143 999 dicitur:
1167 966 1245 1001 Non
1265 966 1445 1010 formidetis
1469 979 1530 1010 eos,
1557 968 1635 1013 quia
1652 968 1770 1001 Domi-

213 1032 273 1054 nus
298 1021 388 1054 Deus
413 1025 519 1054 vester
543 1021 579 1053 in
605 1019 710 1054 medio
737 1021 838 1054 vestri
863 1024 918 1062 est,
945 1025 975 1054 et
994 1025 1057 1065 pro
1079 1020 1172 1054 vobis
1201 1025 1318 1054 contra
1347 1020 1554 1055 adversarios
1578 1020 1768 1055 dimicabit:

213 1072 311 1117 leges
334 1081 454 1107 autem
481 1073 662 1107 humanae
685 1073 895 1107 ordinantur
917 1073 959 1106 ad
987 1072 1106 1118 aliqua
1127 1073 1310 1106 mundana
1332 1073 1438 1115 bona,
1460 1073 1659 1108 secundum
1680 1084 1769 1120 quo—

213 1138 292 1160 rum
315 1127 562 1160 conditionem
582 1134 772 1172 praecepta
793 1125 1009 1160 fortitudinis
1031 1127 1066 1159 in
1087 1126 1254 1159 humanis
1277 1126 1416 1172 legibus
1434 1127 1673 1161 inveniuntur.

283 1180 342 1214 AD
364 1190 512 1214 PRIMUM
528 1191 615 1225 ergo
635 1179 841 1221 dicendum,
869 1179 964 1225 quod
986 1187 1087 1213 vetus
1108 1187 1363 1213 testamentum
1382 1180 1536 1214 habebat
1553 1179 1768 1226 temporalia

211 1234 401 1278 promissa,
417 1244 555 1266 novum
572 1240 691 1266 autem
708 1231 918 1278 spiritualia,
933 1240 967 1266 et
982 1240 1139 1273 aeterna,
1154 1240 1192 1266 ut
1205 1232 1396 1277 Augustin.
1412 1232 1496 1266 dicit
1510 1241 1635 1266 contra
1648 1232 1767 1267 Faust.

213 1285 287 1330 (lib.
309 1298 340 1330 4.
364 1293 434 1332 sap.
456 1286 527 1331 2.);
553 1294 587 1320 et
604 1286 686 1320 ideo
705 1287 950 1320 necessarium
971 1285 1047 1327 fuit,
1066 1293 1104 1319 ut
1126 1285 1163 1318 in
1179 1286 1291 1319 veteri
1308 1286 1387 1332 lege
1405 1286 1557 1332 populus
1578 1287 1769 1320 instruere·

211 1347 277 1382 tur,
298 1339 450 1385 qualiter
463 1350 623 1385 pugnare
639 1339 786 1373 deberet
801 1339 909 1372 etiam
926 1338 1159 1384 corporaliter
1173 1349 1236 1384 pro
1251 1346 1391 1372 terrena
1405 1339 1633 1384 possessione
1651 1339 1768 1385 acqui-

211 1392 336 1426 renda:
360 1392 395 1426 in
417 1403 516 1426 novo
540 1400 658 1426 autem
682 1399 901 1425 testamento
924 1391 1122 1425 instruendi
1142 1390 1288 1425 fuerunt
1307 1391 1485 1434 homines,
1504 1391 1655 1438 qualiter
1673 1391 1769 1437 spiri-

210 1445 353 1479 tualiter
375 1446 545 1479 certando
569 1445 612 1479 ad
631 1445 903 1491 possessionem
917 1444 1012 1479 vitae
1028 1453 1192 1478 aeternae
1215 1445 1450 1490 pervenirent,
1466 1445 1665 1478 secundum
1679 1444 1767 1478 illud

210 1499 337 1532 Matth.
369 1510 442 1533 11.:
472 1501 617 1545 Regmmz
647 1499 809 1533 coelorum
837 1499 907 1532 vim
935 1499 1078 1544 patitur,
1108 1503 1138 1532 et
1166 1498 1301 1532 violanti
1326 1499 1461 1544 rapiunt
1486 1497 1586 1539 illud;
1613 1497 1707 1532 unde
1734 1505 1767 1532 et

209 1553 335 1586 Petrus
358 1553 542 1599 praecipit,
568 1564 595 1586 1.
619 1553 694 1586 Pet.
717 1552 798 1586 ult.:
821 1552 1043 1586 Αιῖῑωνςιινῐιις
1063 1557 1166 1585 voster
1186 1551 1344 1592 diabolas,
1365 1557 1535 1597 tamquam.
1557 1551 1603 1586 leo
1624 1552 1765 1596 rugiens,

210 1608 328 1640 ciy'cuit
349 1618 504 1652 quaerens
530 1618 623 1652 quem.
649 1605 793 1647 devoret,
822 1606 875 1639 (ui
901 1606 1035 1639 resistite
1053 1605 1157 1650 sortus
1178 1605 1211 1638 in
1233 1604 1312 1645 ffldi
1341 1612 1374 1638 et
1396 1604 1519 1649 Jacob.
1546 1614 1597 1647 4:
1621 1605 1766 1639 Resistite

209 1659 348 1699 diabolo,
376 1660 524 1705 etsngt'at
545 1671 564 1693 a
585 1660 700 1693 vobis:
728 1659 810 1704 quia
831 1666 952 1692 tamen
974 1658 1142 1691 homines
1166 1657 1209 1691 ad
1231 1657 1426 1703 spiritualia
1452 1657 1547 1691 bona
1567 1657 1765 1698 tendentes,

210 1714 252 1747 ab
276 1714 325 1747 eis
354 1714 486 1748 retrahi
513 1720 660 1759 possent
687 1724 750 1758 per
777 1711 978 1758 corporalia
1006 1711 1175 1757 pericula,
1201 1710 1343 1745 fuerunt
1369 1712 1477 1745 etiarn
1503 1711 1538 1744 in
1564 1710 1644 1756 lege
1670 1721 1765 1744 nova

210 1767 325 1801 danda
348 1766 564 1801 fortitudinis
586 1774 777 1812 praecepta
805 1765 847 1799 ad
875 1765 1082 1799 sustinenda
1108 1764 1245 1799 fortiter
1270 1764 1484 1810 temporalia
1510 1763 1617 1806 mala,
1644 1774 1767 1798 secun-

209 1820 295 1854 dum
317 1820 404 1854 illud
426 1820 553 1854 Matth.
580 1830 631 1854 Io.
649 1832 655 1854 :
679 1820 790 1854 Nolite
812 1820 923 1853 timere
944 1830 1005 1861 νος,
1028 1819 1084 1863 qui
1106 1817 1255 1852 occidunt
1273 1824 1397 1863 corpus.

280 1874 340 1907 AD
363 1883 569 1908 SECUNDUM
596 1872 800 1914 dicendum,
829 1872 925 1918 quod
947 1871 1003 1905 lex
1026 1873 1061 1904 in
1083 1871 1154 1905 suis
1176 1872 1373 1916 praeceptis
1399 1871 1508 1904 habet
1530 1881 1764 1904 communem

209 1926 502 1960 instructionem:
523 1937 564 1960 ea
586 1937 672 1960 vero
692 1937 783 1971 quae
805 1933 887 1959 sunt
905 1924 1043 1970 agenda
1061 1925 1097 1958 in
1113 1924 1291 1970 periculis,
1309 1935 1382 1958 non
1397 1932 1544 1970 possunt
1559 1923 1601 1957 ad
1618 1923 1764 1969 aliquod

209 1991 404 2014 commune
428 1979 487 2024 [al.
505 1991 674 2014 commune
687 1979 821 2024 bonum]
843 1978 976 2019 reduci,
993 1978 1083 2012 sicut
1097 1989 1139 2011 ea
1154 1988 1243 2023 quae
1259 1986 1340 2011 sunt
1354 1977 1562 2019 vitanda3et
1574 1977 1656 2010 ideo
1667 1987 1766 2022 prae—

209 2041 311 2078 cepta
332 2032 549 2067 fortitudinis
577 2033 692 2077 magis
714 2032 842 2066 dantur
862 2031 1039 2077 negative,
1061 2042 1169 2076 quam
1196 2029 1419 2064 affirmative.

280 2087 339 2120 AD
363 2096 532 2120 TERTIUM
555 2086 759 2128 dicendum,
786 2085 894 2131 quod,
916 2085 1007 2119 sicut
1029 2084 1163 2118 dictum
1183 2092 1236 2118 est
1259 2084 1303 2129 (q.
1325 2095 1396 2118 122.
1415 2088 1478 2118 art.
1497 2084 1554 2129 1.),
1574 2090 1763 2129 praecepta

209 2139 375 2185 decalogi
401 2147 582 2185 ponuntur
608 2139 643 2172 in
669 2138 761 2184 lege,
788 2139 881 2172 sicut
910 2138 1025 2184 prima
1055 2137 1239 2183 principia,
1266 2148 1357 2183 quae
1382 2137 1504 2171 statim
1529 2136 1660 2170 debent
1685 2146 1762 2170 esse

209 2193 377 2228 omnibus
407 2200 504 2234 nota,
532 2200 566 2226 et
596 2192 678 2225 ideo
706 2199 897 2237 praecepta
925 2190 1089 2235 decalogi
1117 2190 1315 2223 debuerunt
1341 2201 1417 2224 esse
1452 2188 1694 2236 principaliter
1720 2189 1762 2223 de

209 2246 346 2280 actibus
367 2246 532 2291 justitiae,
554 2246 589 2278 in
617 2245 742 2290 quibus
764 2243 952 2278 manifeste
974 2243 1114 2277 videtur
1135 2254 1211 2277 esse
1234 2244 1323 2276 ratio
1343 2243 1469 2277 debiti:
1488 2253 1561 2276 non
1581 2249 1700 2276 autem
1719 2241 1762 2276 de

210 2300 345 2334 actibus
366 2298 598 2340 fortitudini53
619 2297 699 2343 quia
718 2308 791 2330 non
809 2297 857 2330 ita
877 2295 1065 2330 manifeste
1083 2296 1222 2330 videtur
1241 2307 1316 2330 esse
1336 2296 1506 2337 debitum,
1521 2295 1615 2341 quod
1635 2294 1761 2341 aliquis

208 2352 367 2399 pericula
389 2352 515 2386 mortis
536 2362 610 2385 non
632 2350 850 2385 reformidet.

762 2467 1104 2512 ARTICULUS
1139 2467 1195 2509 ΙΙ.
1693 2475 1759 2511 682

232 2571 383 2601 UTRUM
417 2569 754 2600 CONVENIENTER
786 2568 1051 2598 TRADANTUR
1084 2567 1334 2597 PRAECEPTA
1365 2567 1410 2597 IN
1442 2567 1552 2596 LEGE
1586 2566 1736 2597 DIVINA

656 2635 713 2663 DE
745 2634 952 2663 PARTIBUS
986 2633 1311 2663 FORTITUDINIS.

280 2723 338 2757 AD
367 2733 572 2757 SECUNDUM
602 2722 651 2756 sic
682 2721 898 2768 proceditur.
934 2720 1094 2762 Videtur,
1123 2721 1218 2767 quod
1249 2719 1545 2754 inconvenienter
1577 2718 1759 2753 tradantur

209 2784 397 2822 praecepta
420 2776 454 2809 in
473 2776 551 2821 lege
571 2776 689 2809 divina
712 2775 754 2808 de
776 2774 932 2820 partibus
950 2773 1182 2808 fortitudinis:
1205 2774 1295 2807 sicut
1317 2773 1411 2806 enim
1434 2772 1615 2819 patientia,
1634 2780 1667 2806 et
1684 2783 1759 2818 per-

209 2830 406 2864 severantia
429 2837 509 2863 sunt
530 2836 647 2875 partes
669 2828 896 2869 fortitudinis,
918 2827 964 2861 ita
988 2827 1096 2861 etiam
1119 2826 1396 2872 magnificentia,
1417 2834 1450 2860 et
1469 2825 1757 2871 magnanimitas,
