1859 3122
492 171 714 206 QUAEsT1o
748 170 927 201 Lxxxm.
961 171 1205 202 ARTICULUS
1237 170 1295 201 v1.
1597 159 1680 214 585

125 251 266 286 dicebat
287 261 318 286 2.
342 252 385 286 ad
408 251 494 287 Cor.
516 262 569 295 4:
596 253 673 288 Non
700 253 993 300 contemplantibus
1018 254 1111 288 nobis
1136 264 1218 299 quae
1242 251 1408 294 videntur,
1434 251 1487 287 sed
1513 262 1594 298 quae
1619 264 1685 287 non

123 304 299 340 videntur:
321 316 403 351 quae
424 307 510 340 enim
531 306 696 349 videnlur,
720 307 914 353 temporalia
933 312 1027 348 snnt;
1051 318 1132 353 quae
1147 312 1254 341 autem
1268 318 1333 340 non
1346 305 1512 349 videntur,
1528 311 1660 340 aeterna
1670 318 1682 348 ;

125 369 212 404 ergo
234 369 306 392 non
329 359 433 393 debet
455 359 569 393 homo
592 360 807 406 temporalia
826 360 861 394 in
885 360 1049 394 oratione
1072 372 1090 393 a
1112 361 1192 394 Deo
1216 368 1346 405 petere.

194 411 477 454 4.PRAET13REA.
502 412 625 447 Homo
647 424 719 448 non
742 414 848 448 debet
876 422 995 460 petere
1026 426 1044 448 a
1074 414 1155 448 Deo
1184 414 1251 447 nisi
1281 413 1387 455 bona,
1413 421 1446 447 et
1476 413 1595 448 utilia:
1623 414 1684 447 scd

124 465 341 511 quandoque
363 466 578 512 temporalia
600 466 721 501 habita
743 475 825 501 sunt
846 467 988 509 nociva,
1007 479 1080 501 non
1102 467 1221 501 solum
1241 466 1480 513 spiritualiter,
1496 468 1557 502 sed
1576 467 1685 501 etiam

124 518 389 564 temporaliter3
412 531 499 564 crgo
522 531 596 554 non
619 529 699 554 sunt
720 520 755 554 in
775 521 940 555 oratione
963 532 981 554 a
1000 521 1081 555 Deo
1103 520 1267 566 petenda.

197 572 271 606 SED
299 583 454 608 CONTRA
481 582 544 616 est,
573 573 669 620 quod
697 573 826 608 dicitur
852 574 958 608 Prov.
989 585 1060 620 3o.:
1095 574 1217 608 Tribzce
1243 579 1371 609 tantum
1397 575 1504 609 victui
1530 585 1600 609 meo
1632 585 1683 609 ne-

125 627 275 661 cessaria.

196 679 426 715 RESPONDEO
446 680 651 723 dicendum,
679 680 787 726 quod,
814 680 906 715 sicut
930 681 1084 725 August.
1112 680 1198 714 dicit
1224 680 1267 714 ad
1294 681 1451 715 Probam
1478 681 1520 715 de
1548 681 1686 715 orando

125 733 246 767 Deum
268 734 333 780 (ep.
356 746 423 769 121.
447 741 519 781 cap.
542 734 621 779 12.),
644 734 715 767 hoc
737 733 822 768 licet
850 745 965 775 orare,
993 733 1090 780 quod
1115 733 1201 768 licet
1226 734 1445 768 desiderare:
1471 734 1687 780 temporalia

127 794 248 821 autem
270 786 354 821 licet
368 787 582 829 desiderare,
596 798 670 821 non
690 787 836 832 quidem
851 787 1105 833 principaliter,
1120 795 1157 821 ut
1172 787 1208 820 in
1224 787 1273 820 eis
1289 787 1398 821 finem
1414 788 1686 829 constituamus,

125 840 187 875 sed
209 842 301 874 sicut
322 841 499 887 quaedam
523 840 753 882 adminicula,
776 841 903 886 quibus
925 841 1139 886 adjuvamur
1160 841 1203 874 ad
1230 840 1451 874 tendendum
1477 841 1514 874 in
1540 841 1688 875 beatitu-

126 894 268 937 dinem3
290 895 504 941 inquantum
525 895 663 929 scilicet
684 906 747 940 per
768 905 810 928 ea
831 894 903 928 vita
934 894 1132 940 corporalis
1162 902 1390 936 sustentatur,
1420 902 1454 928 et
1474 894 1688 940 inquantum

125 948 228 982 nobis
251 949 421 994 organice
444 948 648 982 deserviunt
667 948 709 981 ad
726 955 825 982 actus
840 949 1025 990 virtutum,
1046 956 1083 981 ut
1097 947 1205 982 etiam
1222 947 1358 982 Philos.
1374 947 1459 982 dicit
1472 948 1508 981 in
1527 959 1553 981 1.
1570 947 1688 984 Ethic.

127 1003 216 1049 (cap.
239 1003 309 1047 S.);
333 1011 367 1036 et
388 1002 470 1036 ideo
492 1013 556 1048 pro
578 1002 839 1048 temporalibus
860 1001 946 1036 licet
967 1013 1090 1036 orare:
1114 1010 1147 1035 et
1167 1002 1238 1035 hoc
1259 1010 1311 1036 est
1325 1002 1421 1047 quod
1435 1001 1588 1047 August.
1604 1001 1689 1035 dicit

126 1055 169 1090 ad
191 1055 349 1089 Probarn
372 1056 438 1102 (ep.
458 1066 529 1090 121.
553 1062 623 1102 cap.
646 1056 678 1091 6.
702 1061 731 1090 et
752 1056 797 1101 7.)
823 1055 919 1101 quod
945 1068 962 1087 «
985 1054 1238 1089 sufficientiam
1259 1055 1353 1089 vitae
1384 1066 1458 1088 non
1480 1055 1690 1089 indecenter

124 1108 212 1151 vult,
235 1109 393 1155 quisquis
413 1121 494 1143 eam
515 1109 603 1151 vult,
626 1118 660 1144 et
678 1121 752 1143 non
775 1109 946 1155 amplius:
970 1121 1061 1156 quae
1085 1110 1231 1155 quidem
1254 1121 1327 1144 non
1351 1110 1528 1156 appetitur
1542 1118 1688 1156 propter

125 1163 293 1208 seipsam,
316 1163 377 1196 sed
399 1171 544 1209 propter
573 1162 727 1197 salutem
759 1164 934 1208 corporis,
965 1171 1000 1197 et
1029 1171 1291 1209 congruentem
1320 1163 1485 1197 habitum
1512 1174 1689 1210 personae

125 1215 295 1258 hominis,
317 1224 355 1250 ut
375 1227 450 1250 non
471 1216 515 1250 sit
541 1216 802 1251 inconveniens
830 1217 891 1258 eis,
919 1228 1003 1250 cum
1030 1217 1156 1262 quibus
1182 1217 1378 1251 vivendum
1407 1225 1480 1259 est3
1507 1217 1573 1251 ista
1601 1228 1688 1263 ergo

129 1280 213 1303 cum
234 1269 421 1312 habentur,
437 1277 475 1303 ut
495 1277 684 1303 teneantur
699 1282 707 1312 3
731 1281 813 1303 cum
831 1281 906 1304 non
927 1270 1116 1312 habentur,
1131 1278 1169 1304 ut
1182 1271 1384 1304 habeantur
1395 1271 1572 1304 orandum
1589 1278 1641 1304 est
1658 1283 1690 1303 ».

196 1322 256 1357 AD
282 1333 431 1357 PRIMUM
454 1334 540 1368 ergo
560 1323 765 1365 dicendum,
787 1323 884 1369 quod
905 1323 1120 1369 temporalia
1142 1335 1216 1357 non
1238 1332 1320 1358 sunt
1342 1324 1547 1369 quaerenda
1561 1323 1690 1369 princi-

126 1376 264 1422 paliter,
286 1376 348 1410 sed
366 1376 598 1420 secundario3
621 1377 715 1411 unde
738 1377 891 1422 August.
915 1377 1000 1411 dicit
1021 1377 1056 1410 in
1072 1377 1131 1410 lib.
1148 1387 1179 1411 2.
1195 1377 1238 1411 de
1254 1377 1369 1411 Serm.
1384 1377 1495 1411 Dom.
1510 1377 1546 1411 in
1562 1385 1687 1411 monte

125 1430 214 1477 (cap.
236 1430 326 1474 16).-
352 1443 370 1462 «
389 1430 485 1464 Cum
501 1430 605 1464 dixit:
627 1430 720 1464 Illud
742 1431 859 1476 primo
882 1430 1129 1476 quaerendum
1145 1438 1196 1465 est
1211 1430 1367 1475 (scilicet
1386 1443 1522 1476 regumn
1537 1430 1686 1475 Des)‚si-

127 1482 321 1529 gnificavit,
344 1483 427 1529 quia
444 1483 515 1518 hoc
539 1483 694 1528 (scilicet
715 1484 892 1530 tamporalss
914 1484 1051 1529 bonum)
1074 1484 1252 1530 posterius
1271 1484 1517 1530 quaerendum
1537 1492 1600 1526 est,
1615 1495 1689 1518 non

127 1544 304 1582 tempore,
326 1537 387 1570 sed
409 1537 598 1582 dignitate3
620 1536 707 1571 illud
729 1545 915 1583 tamquam
934 1538 1071 1572 bonum
1086 1546 1263 1580 nostrum,
1278 1538 1350 1572 hoc
1365 1546 1553 1584 tamquam
1569 1548 1691 1572 neces-

126 1591 259 1624 sarium
280 1597 446 1623 nostrum
467 1603 499 1625 >›.

198 1643 258 1677 AD
280 1653 488 1677 SECUNDUM
510 1643 714 1685 dicendum,
737 1644 833 1689 quod
855 1655 929 1678 non
952 1643 1132 1690 quaelibet
1153 1643 1346 1679 solicitudo
1368 1655 1489 1679 rerum
1509 1652 1691 1691 tempora-

125 1695 216 1730 lium
238 1704 291 1730 est
311 1696 508 1742 prohibita3
527 1697 588 1731 sed
610 1696 800 1743 superflua,
823 1704 856 1731 et
877 1697 1091 1741 inordinata,
1113 1706 1152 1732 ut
1172 1709 1278 1744 supra
1303 1698 1467 1732 habitum
1495 1706 1547 1733 est
1573 1698 1619 1744 (q.
1641 1710 1688 1745 55.

127 1754 190 1784 art.
213 1749 276 1795 6.).

199 1803 258 1837 AD
281 1813 453 1838 TERTIUM
475 1803 680 1845 dicendum,
701 1803 798 1850 quod
821 1804 964 1850 quando
988 1816 1090 1838 mens
1111 1812 1234 1839 nostra
1259 1804 1411 1839 intendit
1428 1804 1689 1851 temporalibus

127 1856 243 1898 rebus,
262 1864 299 1890 ut
320 1857 356 1890 in
379 1857 428 1891 eis
451 1857 622 1902 quiescat,
644 1865 809 1891 remanet
829 1858 865 1890 in
887 1858 937 1891 eis
960 1858 1145 1904 depressa:
1169 1858 1230 1892 sed
1252 1858 1396 1904 quando
1419 1859 1571 1893 intendit
1589 1859 1638 1893 eis
1652 1859 1689 1892 in

128 1910 254 1944 ordine
276 1910 319 1943 ad
341 1910 601 1944 beatitudinem
620 1911 924 1956 consequendam,
946 1922 1020 1945 non
1044 1912 1084 1945 ab
1106 1912 1155 1946 eis
1174 1912 1397 1957 deprimitur,
1412 1912 1474 1946 sed
1490 1913 1607 1958 magis
1623 1912 1690 1946 ele-

127 1971 230 1998 vatur
247 1974 401 1997 sursum.

199 2017 259 2050 AD
287 2027 474 2055 QUARTUM
496 2017 701 2060 dicendum,
723 2018 819 2064 quod
842 2030 883 2052 ex
910 2029 953 2052 eo
976 2030 1048 2064 quo
1069 2030 1143 2053 non
1166 2019 1320 2065 petimus
1351 2019 1567 2065 temporalia
1596 2027 1688 2053 tam-

128 2081 237 2116 quam
259 2071 501 2117 principaliter
522 2071 692 2117 quaesita‚
715 2071 776 2105 sed
796 2072 833 2105 in
856 2072 981 2106 ordine
998 2072 1041 2106 ad
1064 2072 1171 2114 aliud,
1192 2084 1236 2107 co
1254 2081 1380 2107 tenore
1399 2085 1418 2107 a
1437 2074 1518 2108 Deo
1533 2073 1688 2120 petimus

128 2124 216 2169 ipsa,
231 2132 269 2158 ut
288 2124 392 2159 nobis
414 2125 670 2167 concedantur,
691 2125 892 2159 secundum
913 2125 1009 2171 quod
1033 2126 1225 2172 expediunt
1247 2127 1289 2161 ad
1308 2126 1472 2161 salutem.

674 2267 1019 2312 ARTICULUS
1046 2270 1146 2312 VII.
1618 2290 1688 2323 444

478 2375 631 2405 UTRUM
663 2377 893 2407 DEBEAMUS
926 2379 1008 2408 PRO
1043 2378 1153 2407 ALIIS
1188 2378 1341 2408 ORARE.

320 2464 429 2508 (Part.
449 2475 477 2509 3.
500 2476 529 2509 q.
552 2476 601 2499 21.
624 2469 688 2499 art.
707 2477 734 2510 3.
758 2464 799 2498 ad
816 2477 844 2511 3.
867 2470 894 2499 et
914 2476 947 2510 4.
970 2466 1059 2500 Dist.
1081 2477 1124 2511 15.
1146 2477 1176 2511 q.
1198 2476 1231 2509 4.
1254 2470 1318 2500 art.
1340 2475 1373 2508 4.
1396 2476 1424 2509 q.
1444 2464 1498 2509 3).

201 2552 260 2585 ΑΙ)
283 2561 472 2586 sEPTumM
494 2551 543 2585 sic
559 2552 773 2597 proceditur.
789 2552 950 2595 Videtur,
971 2553 1066 2599 quod
1085 2565 1159 2586 non
1179 2553 1373 2586 debeamus
1392 2564 1456 2598 pro
1477 2551 1554 2586 aliis
1569 2563 1689 2585 orare:

130 2605 166 2639 in
188 2605 326 2639 orando
349 2605 445 2638 enim
468 2608 567 2650 sequi
590 2605 760 2640 debemus
781 2605 950 2648 formam,
973 2618 1082 2652 quam
1103 2606 1284 2640 Dominus
1307 2606 1466 2639 tradidit:
1483 2605 1544 2639 sed
1558 2605 1594 2638 in
1613 2616 1691 2638 ora-

130 2659 227 2693 tione
246 2658 441 2692 Dominica
459 2659 648 2703 petitiones
669 2671 734 2705 pro
756 2660 859 2694 nobis
880 2659 1045 2702 facimus,
1067 2671 1141 2693 non
1163 2671 1227 2705 pro
1251 2659 1339 2700 aliis,
1362 2659 1538 2692 dicentes:
1568 2659 1689 2692 Panem

130 2717 276 2746 nostrum
300 2711 526 2756 quotidianum
549 2712 589 2746 da
610 2713 702 2746 nobis
723 2713 826 2754 hodie,
851 2721 936 2755 etc.;
960 2724 1046 2759 ergo
1069 2725 1142 2746 non
1165 2713 1337 2746 debemus
1360 2723 1423 2757 pro
1447 2711 1523 2745 aliis
1543 2722 1656 2745 orare.

202 2774 232 2798 2.
255 2765 490 2799 PRAETEREA.
513 2765 570 2798 Ad
592 2765 662 2800 hoc
685 2766 800 2800 oratio
822 2766 872 2809 fit,
887 2775 925 2800 ut
940 2766 1167 2800 exaudiatur:
1188 2766 1249 2799 sed
1265 2777 1334 2799 una
1352 2765 1395 2799 de
1412 2764 1689 2806 conditionibus,

133 2829 224 2864 quae
245 2818 474 2863 requiruntur
496 2818 538 2852 ad
560 2818 631 2852 hoc
654 2819 750 2864 quod
773 2820 889 2854 oratio
911 2820 956 2854 sit
978 2819 1198 2861 exaudibilis,
1221 2826 1274 2852 est
1295 2826 1332 2852 ut
1359 2818 1486 2864 aliquis
1517 2825 1595 2852 oret
1623 2829 1689 2864 pro

131 2871 271 2917 seipso;
293 2871 387 2906 unde
409 2883 515 2918 super
534 2871 623 2906 illud
641 2872 744 2917 Joan.
771 2871 842 2907 16.:
864 2873 901 2908 Si
922 2873 1001 2918 quid
1025 2874 1185 2919 patieritis
1217 2872 1352 2907 Patrem
1384 2873 1419 2907 in
1452 2873 1584 2906 nomine
1606 2883 1689 2914 meo,
