1859 3122
493 162 715 198 QUAESTIO
749 162 866 191 XXIV.
900 162 1144 191 ARTICULUS
1177 161 1204 190 Ι.
1549 149 1625 204 185

149 256 177 291 3.
200 244 435 280 PRAETEREA.
461 244 628 279 Charitas
651 255 687 278 se
710 243 866 277 extendit
889 243 931 276 ad
954 253 1080 277 omnes
1096 250 1195 276 actus
1216 242 1408 283 humanos,
1431 242 1628 276 secundum

75 297 163 332 illud
191 309 217 332 1.
241 299 284 332 ad
308 298 393 332 Cor.
417 298 497 332 ult.:
524 299 648 333 Omnia
674 302 783 331 vestra
805 298 839 330 in
858 297 1019 331 charitat:
1039 297 1149 342 fiant:
1178 296 1238 330 sed
1265 295 1480 341 principium
1507 295 1630 329 huma-

73 363 204 386 norum
228 360 372 386 actuum
396 360 449 386 est
474 351 625 385 liberum
649 350 851 393 arbitrium3
879 361 965 395 crgo
992 350 1141 391 videtur,
1169 349 1264 395 quod
1292 349 1445 383 charitas
1473 349 1629 382 maxime

73 405 118 439 sit
138 405 174 439 in
197 404 309 439 libero
333 405 489 446 arbitrio,
516 405 607 439 sicut
624 404 659 437 in
682 403 856 449 subjecto,
876 411 909 436 et
930 414 1003 436 non
1023 404 1057 436 in
1079 402 1275 436 voluntate.

149 458 223 492 SED
258 468 412 493 CONTRA
443 466 506 499 est,
536 457 632 503 quod
663 457 846 501 objectum
870 456 1052 490 charitatis
1075 464 1127 489 est
1147 456 1296 496 bonum,
1319 456 1414 501 quod
1443 456 1551 489 etiam
1578 463 1631 489 est

74 511 259 556 objectum
281 511 493 553 voluntatis,
517 522 603 555 ergo
627 510 782 543 charitas
805 518 857 543 est
878 510 913 542 in
936 509 1121 543 voluntate
1143 509 1234 542 sicut
1255 509 1289 542 in
1312 509 1484 554 subjecto.

145 564 373 598 RESPONDEO
393 564 596 605 dicendum,
613 563 708 608 quod
729 574 810 596 cum
833 563 950 608 duplex
968 563 1012 596 sit
1026 563 1220 608 appetitus:
1241 564 1416 597 sensitivns
1434 562 1582 604 scilicet,
1598 570 1632 596 et

74 618 298 657 intellectum,
325 618 384 663 qui
401 617 529 651 dicitur
542 616 722 658 voluntas,
738 624 775 650 ut
788 617 823 650 in
850 627 877 650 1.
895 616 1058 650 habitum
1073 624 1125 649 est
1145 615 1188 661 (q.
1205 617 1259 650 80.
1275 621 1340 650 art.
1363 617 1424 660 2.)‚
1450 616 1630 662 utriusque

75 670 256 716 objectum
280 678 333 704 est
353 670 503 712 bonum,
534 670 595 704 sed
617 669 875 704 diversimode:
898 681 983 702 nam
1003 669 1185 714 objectum
1209 669 1384 714 appetitus
1406 669 1564 702 sensitivi
1579 677 1632 703 est

76 724 212 757 bonum
235 735 297 768 per
319 735 465 757 sensum
494 723 775 769 apprehensum:
805 723 987 767 objectum
1014 733 1101 756 vero
1124 723 1300 768 appetitus
1326 722 1547 763 intellectivi,
1575 722 1632 756 vel

73 776 269 810 voluntatis
292 785 345 810 est
365 777 502 810 bonum
525 776 588 810 sub
611 776 798 810 communi
818 776 956 809 ratione
975 775 1072 816 boni,
1092 783 1197 820 prout
1211 782 1263 808 est
1283 774 1571 821 apprehensibile
1588 776 1629 808 ab

75 829 277 864 intellectu:
308 830 490 863 charitatis
513 837 632 863 autem
660 829 843 874 objectum
865 840 939 862 non
963 836 1014 862 θεῖ
1036 828 1182 874 aliquod
1204 828 1341 862 bonum
1363 827 1554 869 sensibiles
1570 828 1630 862 sed

74 883 211 916 bonum
223 883 396 925 divinum,
412 882 507 928 quod
523 881 602 916 solo
618 882 800 916 intellectu
817 882 1065 927 cognoscitur:
1087 889 1120 915 et
1134 881 1216 915 ideo
1233 881 1416 915 charitatis
1431 882 1630 926 subJectum

74 947 147 970 non
171 943 222 970 est
242 936 417 981 appetitus
440 935 641 977 sensitivus,
663 935 724 969 sed
748 936 925 981 appetitus
947 935 1200 976 intellectivus,
1219 935 1309 969 idest
1330 934 1509 969 voluntas.

145 989 204 1023 AD
226 999 375 1023 PRIMUM
399 1000 485 1034 ergo
508 988 712 1030 dicendum,
735 989 833 1034 quod
856 987 1146 1033 concupiscibilis
1174 995 1225 1022 θεῖ
1251 999 1332 1034 pars
1355 988 1531 1034 appetitus
1558 999 1633 1022 sen-

75 1042 180 1084 sitivi,
201 1053 275 1076 non
299 1049 419 1076 autem
443 1041 621 1088 appetitus
643 1041 865 1083 intellectivi,
888 1050 926 1075 ut
946 1041 982 1075 in
1008 1053 1034 1075 1.
1059 1049 1245 1075 ostensum
1268 1050 1320 1076 est
1341 1043 1385 1087 (q.
1405 1043 1454 1076 81.
1477 1047 1540 1075 art.
1563 1042 1630 1087 2.);

74 1095 168 1129 unde
190 1106 304 1137 amor,
326 1095 386 1141 qui
409 1103 461 1129 est
479 1096 513 1128 in
541 1095 826 1141 concupiscibili,
849 1103 902 1129 est
924 1106 1027 1129 amor
1045 1095 1205 1129 sensitivi
1227 1095 1332 1130 boni:
1355 1095 1397 1129 ad
1420 1095 1555 1129 bonum
1575 1107 1634 1129 au-

73 1156 148 1182 tem
170 1148 343 1190 divinum,
366 1149 462 1194 quod
482 1156 534 1182 est
560 1148 796 1193 intelligibile,
821 1148 1110 1194 concupiscibilis
1133 1159 1170 1182 se
1193 1149 1383 1183 extendere
1410 1160 1483 1182 non
1502 1156 1631 1194 potest,

76 1202 137 1236 sed
164 1202 241 1236 sola
274 1201 459 1244 voluntas3
493 1210 528 1236 et
560 1201 641 1235 ideo
670 1201 960 1248 concupiscibilis
995 1202 1195 1247 subjectum
1233 1202 1416 1236 charitatis
1448 1213 1525 1236 esse
1557 1213 1632 1236 non

74 1264 202 1302 potest.

146 1310 204 1343 AD
227 1319 432 1344 SECUNDUM
448 1309 652 1351 dicendum,
668 1309 763 1355 quod
778 1309 958 1350 voluntas,
975 1309 1083 1343 etiam
1100 1309 1298 1343 secundum
1321 1309 1457 1343 Phtlos.
1480 1310 1515 1343 in
1541 1321 1569 1356 3.
1589 1310 1631 1344 de

76 1362 146 1397 An.
171 1362 247 1406 (tex.
269 1374 312 1406 42
323 1362 353 1405 )‚
376 1362 411 1396 in
434 1362 571 1396 ratione
594 1370 664 1404 est;
687 1371 722 1396 et
743 1362 824 1396 ideo
847 1374 909 1407 per
930 1362 1001 1396 hoc
1025 1362 1119 1408 quod
1143 1362 1297 1401 charitas
1317 1363 1418 1396 estin
1434 1363 1630 1405 voluntate,

75 1426 148 1448 non
171 1423 222 1449 est
244 1415 360 1448 aliena
382 1427 401 1448 a
423 1415 580 1449 ratione:
603 1423 726 1449 tamen
748 1416 838 1449 ratio
861 1427 933 1448 non
957 1422 1009 1449 θεῖ
1030 1415 1154 1461 regula
1178 1416 1372 1457 charitatis,
1395 1416 1486 1450 sicut
1508 1417 1633 1450 huma-

74 1479 202 1501 narum
223 1468 413 1510 virtutum3
436 1468 495 1501 sed
518 1468 702 1513 regulatur
724 1480 743 1502 a
764 1469 833 1502 Dei
855 1469 1040 1514 sapientia,
1067 1477 1102 1503 et
1129 1469 1267 1503 excedit
1293 1470 1456 1515 regulam
1484 1471 1631 1504 rationis

74 1519 475 1562 humanae,secundum
490 1520 576 1554 illud
591 1521 720 1566 Ephes.
740 1533 779 1566 3.:
794 1522 1091 1567 Snpffl‘enzinantam
1110 1524 1260 1556 scientfae
1282 1523 1475 1557 charitatmn
1495 1524 1630 1563 Christ&

76 1573 170 1606 unde
191 1584 265 1606 non
287 1581 340 1607 est
361 1573 396 1606 in
419 1573 567 1615 ratione,
586 1574 678 1607 sicut
699 1574 733 1607 in
757 1574 930 1618 subjecto,
946 1574 1037 1608 sicut
1058 1575 1261 1620 prudentia3
1284 1586 1399 1621 neque
1422 1576 1512 1610 sicut
1530 1577 1564 1609 in
1584 1587 1634 1610 re-

76 1626 232 1672 gulame,
254 1627 345 1660 sicut
365 1627 509 1671 justitia,
531 1627 588 1661 vel
608 1627 866 1673 temperantia:
890 1627 951 1661 sed
973 1627 1093 1661 solum
1114 1640 1178 1674 per
1199 1629 1394 1674 quamdam
1422 1628 1631 1663 affinitatem

75 1679 269 1713 voluntatis
292 1680 334 1713 ad
356 1680 544 1714 rationem.

145 1733 205 1766 AD
228 1742 398 1767 TERTIUM
420 1733 624 1774 dicendum,
648 1733 743 1779 quod
766 1732 919 1767 liberum
946 1733 1128 1767 arbitrium
1152 1745 1226 1767 non
1253 1742 1305 1768 est
1332 1734 1399 1768 alia
1426 1736 1586 1781 potentia
1613 1747 1632 1769 a

73 1785 271 1827 voluntate,
294 1794 331 1819 ut
350 1786 385 1819 in
412 1797 439 1819 1.
463 1786 598 1820 dictum
621 1795 674 1820 est
697 1787 742 1831 (q.
770 1787 816 1832 83.
841 1792 905 1821 art.
933 1788 1005 1830 4.);
1031 1794 1065 1820 et
1085 1795 1207 1820 tamen
1236 1787 1390 1822 charitas
1417 1800 1491 1821 non
1519 1796 1570 1822 est
1596 1789 1632 1822 in

73 1838 258 1872 voluntate
284 1839 483 1873 secundum
509 1839 686 1873 rationem
713 1839 813 1872 liberi
841 1839 985 1880 arbitrii,
1009 1840 1108 1884 cujus
1131 1848 1230 1874 actus
1253 1849 1305 1874 est
1327 1841 1478 1886 eligere:
1502 1841 1631 1876 electio

74 1892 171 1925 enim
193 1900 245 1926 est
267 1903 405 1933 eorum,
432 1903 522 1938 quae
550 1900 631 1926 sunt
657 1893 700 1926 ad
727 1892 853 1926 finem:
877 1892 1044 1926 voluntas
1067 1901 1186 1926 autem
1210 1902 1262 1928 est
1282 1894 1392 1939 ipsius
1414 1894 1504 1936 finis,
1527 1903 1564 1928 ut
1585 1895 1633 1928 di-

75 1944 165 1978 citur
186 1944 221 1978 in
247 1956 274 1990 3.
298 1945 413 1978 Ethic.
438 1945 524 1991 (cap.
552 1947 622 1990 2.);
646 1945 740 1979 unde
768 1945 934 1987 charitas,
958 1946 1057 1990 cujus
1085 1946 1266 1991 objectum
1293 1955 1345 1981 est
1371 1947 1450 1981 finis
1473 1947 1632 1990 ultimus,

75 1998 190 2043 magis
209 1998 313 2032 debet
334 1998 403 2032 dici
425 2009 502 2032 esse
523 1998 559 2031 in
580 1998 778 2040 voluntate,
801 2010 909 2044 quam
931 1999 967 2032 in
989 1998 1101 2032 libero
1125 2000 1280 2034 artibrio.

643 2154 986 2199 ARTICULUS
1023 2156 1078 2198 Π.
1568 2180 1627 2214 125

221 2274 371 2304 UTRUM
404 2273 618 2303 CHAmrAs
653 2274 880 2304 CAUSETUR
913 2276 956 2305 IN
989 2275 1114 2305 Nossrs
1142 2276 1198 2305 Ex
1230 2276 1476 2306 INFUSIONE.

350 2371 393 2416 (Ι.
414 2373 502 2406 Dist.
524 2383 573 2418 17.
593 2384 622 2417 q.
645 2384 674 2407 2.
698 2378 762 2407 art.
785 2385 816 2407 2.
838 2379 868 2407 et
888 2373 943 2407 lib.
960 2386 987 2419 3.
1013 2373 1128 2408 Contr.
1149 2386 1179 2420 g.
1203 2381 1275 2421 cap.
1297 2388 1358 2421 151.

484 2430 514 2460 et
534 2431 640 2471 opusc.
663 2437 694 2470 4.
718 2432 788 2472 cap.
807 2439 835 2472 3.
857 2431 886 2460 et
905 2428 997 2462 Rom.
1021 2427 1051 2462 8.
1075 2427 1145 2462 lact.
1164 2428 1221 2473 5).

145 2524 204 2558 ΑΙ)
222 2534 428 2558 SECUNDUM
446 2524 494 2558 sic
514 2525 729 2569 proceditur.
745 2524 907 2566 Videtur,
923 2526 1019 2571 quod
1036 2526 1189 2560 charitas
1206 2538 1279 2560 non
1296 2535 1460 2560 causetur
1474 2527 1508 2559 in
1527 2527 1631 2562 nobis

77 2588 118 2611 ex
138 2576 335 2611 infusione:
358 2576 445 2610 illud
468 2577 576 2619 enim,
599 2577 695 2623 quod
718 2586 770 2611 est
797 2589 992 2612 commune
1020 2579 1187 2613 omnibus
1216 2580 1397 2620 creaturis,
1424 2579 1632 2614 naturaliter

75 2630 282 2664 hominibus
309 2630 418 2664 inest:
442 2630 514 2671 sed,
541 2630 634 2664 sicut
653 2631 806 2676 Dionys.
830 2631 914 2665 dicit
943 2631 978 2664 in
1006 2642 1038 2674 4.
1063 2643 1139 2677 cap.
1171 2632 1213 2666 de
1234 2632 1316 2665 Div.
1340 2632 1448 2666 Nom.
1471 2633 1576 2677 (part.
1604 2646 1630 2668 I.

77 2683 214 2729 lect.5.),
231 2683 398 2717 omnibus
419 2683 602 2728 diligibile,
614 2691 649 2717 et
667 2683 821 2717 amabile
841 2692 892 2717 est
909 2684 1047 2718 bonum
1069 2685 1242 2725 divinum,
1257 2685 1352 2730 quod
1376 2693 1427 2718 est
1449 2685 1630 2730 objectum

79 2736 278 2777 charitatis3
298 2747 384 2781 ergo
407 2735 560 2769 charitas
582 2735 674 2770 inest
694 2736 797 2770 nobis
819 2737 1039 2778 naturaliter,
1062 2745 1096 2770 et
1117 2749 1190 2771 non
1213 2749 1255 2771 ex
1276 2737 1465 2771 infusione.

147 2799 177 2823 2.
200 2789 434 2824 PRAETEREA.
459 2788 606 2829 Quanto
630 2788 763 2835 aliquid
793 2798 846 2823 est
879 2791 995 2835 magis
1025 2790 1208 2835 diligibile,
1235 2798 1335 2823 tanto
1367 2790 1505 2825 facilius
1532 2791 1632 2837 diligi

77 2850 210 2888 potest:
233 2842 294 2876 sed
315 2842 415 2876 Deus
437 2850 490 2875 est
510 2841 666 2876 maxime
689 2842 881 2888 diligibilis,
897 2854 981 2876 cum
1003 2843 1047 2876 sit
1064 2854 1205 2876 summe
1224 2842 1360 2885 bonus;
1383 2855 1469 2890 ergo
1491 2844 1631 2879 facilius
