1859 3122
178 157 262 213 328
590 167 812 203 QUAESTIO
846 168 965 198 XLIII.
998 167 1243 198 ARTICULUS
1278 167 1340 198 111.

176 252 316 298 peccati
339 249 535 291 constituit,
559 249 641 295 quia
664 260 738 283 non
760 249 932 295 importat
953 248 1148 295 specialem
1169 248 1439 284 deformitatem
1458 249 1606 296 speciali
1619 250 1742 286 virtuti

178 304 400 351 oppositam:
421 301 633 337 scandalum
656 309 777 336 autem
798 303 946 337 activum
968 309 1086 348 potest
1105 302 1220 348 accipi
1234 302 1411 349 dupliciter
1426 315 1436 338 :
1454 309 1518 350 per
1535 315 1567 338 se
1588 303 1739 347 scilicet,

178 366 212 392 et
229 364 291 404 per
312 356 468 391 accidens.
484 355 553 389 Per
572 355 739 390 accidens
755 355 913 401 quidem,
933 356 1078 401 quando
1100 363 1152 389 est
1169 363 1310 402 praeter
1323 356 1564 390 intentionem
1583 357 1740 403 agentis;

177 419 215 444 ut
236 418 320 456 puta
340 421 423 443 cum
447 408 574 454 aliquis
595 407 692 442 facto
715 420 793 451 suo,
815 409 874 443 vel
894 409 1006 443 verbo
1029 409 1234 443 inordinato
1261 421 1335 443 non
1356 409 1510 444 intendit
1532 409 1634 444 alteri
1655 411 1741 445 dare

178 463 411 497 occasionem
433 463 569 504 ruinae,
592 463 653 496 sed
676 462 795 496 solum
818 474 903 497 suae
930 462 1137 497 satisfacere
1158 462 1357 497 voluntati:
1381 471 1416 497 et
1436 464 1486 497 sic
1510 463 1620 497 etiam
1641 475 1742 498 scan-

178 516 301 550 dalum
323 516 481 550 activum
502 527 576 549 non
600 523 650 549 est
673 515 829 562 speciale
851 525 1061 562 peccatum,
1085 516 1167 561 quia
1190 516 1286 561 quod
1309 524 1362 550 est
1381 527 1445 562 per
1467 517 1645 559 accidens,
1667 528 1741 551 non

179 569 363 603 constituit
384 571 554 615 speciem.
577 569 646 602 Per
663 580 700 603 se
723 577 844 603 autem
867 578 921 603 est
940 569 1098 603 activum
1117 568 1342 611 scandalum,
1359 569 1503 615 quando
1528 569 1656 616 aliquis
1675 582 1740 605 suo

177 623 382 657 inordinato
405 623 513 664 dicto,
536 622 595 656 vel
615 622 712 656 facto
738 623 891 656 intendit
913 622 1024 656 alium
1050 623 1192 657 trahere
1221 623 1263 656 ad
1289 623 1533 669 peccandum;
1560 631 1594 657 et
1620 623 1671 658 sic
1699 635 1741 658 ex

178 676 377 710 intentione
400 675 565 722 specialis
591 675 671 709 finis
693 676 840 710 sortitur
866 676 1045 710 rationem
1073 674 1238 721 specialis
1265 676 1423 722 peccati:
1450 676 1530 710 finis
1559 677 1656 710 enirn
1682 677 1743 711 dat

178 730 339 775 speciem
360 730 396 762 in
419 728 629 770 moralibus,
652 737 690 763 ut
716 729 852 763 dictum
880 737 933 763 est
960 741 1065 775 supra
1093 730 1172 773 (1-2.
1200 741 1230 775 q.
1256 742 1284 764 r.
1311 734 1375 764 art.
1397 741 1425 775 3.
1448 734 1476 764 et
1497 741 1526 775 q.
1548 726 1599 765 18.
1621 735 1686 765 art.
1707 741 1740 775 4.

178 788 207 818 et
228 783 299 827 6.),·
329 783 423 817 uncle
450 783 541 816 sicut
566 781 701 816 furtum
731 790 783 816 est
811 782 970 828 speciale
998 791 1200 829 peccatum,
1230 790 1289 816 aut
1314 783 1569 825 homicidium,
1595 791 1742 829 propter

179 835 334 883 speciale
356 843 617 870 nocumentum
636 836 804 881 proximi,
823 836 919 882 quod
938 836 1151 878 intenditur3
1174 835 1222 870 ita
1242 836 1351 870 etiam
1366 835 1579 870 scandalum
1597 844 1650 871 est
1667 848 1743 883 spe-

180 890 270 924 ciale
292 897 483 936 peccatum
505 898 651 936 propter
672 890 756 931 hoc,
778 890 874 935 quod
897 890 1091 924 intenditur
1113 889 1270 935 speciale
1292 889 1450 936 proximi
1467 898 1742 935 nocumentum,

179 952 213 978 et
234 943 428 990 opponitur
449 943 582 977 directe
610 943 826 977 correctioni
847 942 1037 985 fraternae,
1060 943 1095 976 in
1123 954 1192 989 qua
1219 943 1415 977 intenditur
1436 943 1602 989 specialis
1632 954 1743 978 nocu-

179 998 293 1031 menti
314 997 481 1031 remotio.

250 1051 310 1084 AD
332 1060 481 1084 PRIMUM
503 1061 590 1095 ergo
613 1049 820 1091 dicendum,
843 1048 938 1095 q'uod
962 1061 1071 1084 omne
1093 1057 1284 1096 peccatum
1306 1056 1425 1095 potest
1446 1049 1680 1084 materialiter
1704 1062 1742 1085 se

177 1104 310 1137 habere
326 1103 369 1136 ad
385 1103 595 1137 scandalum
612 1103 786 1137 activum:
803 1103 863 1137 sed
878 1102 1071 1137 formalem
1086 1103 1264 1137 rationem
1286 1102 1450 1149 specialis
1468 1103 1609 1149 peccati
1625 1111 1745 1149 potest

177 1157 310 1191 habere
337 1168 379 1190 ex
401 1156 600 1190 intentione
619 1156 710 1197 finis,
733 1164 770 1190 ut
792 1156 929 1189 dictum
952 1164 1004 1190 est
1025 1156 1076 1201 (in
1105 1163 1196 1202 corp.
1215 1156 1310 1200 art).

249 1210 309 1244 AD
332 1220 538 1244 SECUNDUM
561 1209 767 1251 dicendum,
790 1209 885 1255 quod
909 1209 1121 1243 scandalum
1145 1210 1304 1243 activum
1331 1217 1448 1255 potest
1468 1209 1621 1244 inveniri
1643 1221 1742 1257 sepa.-

180 1263 285 1297 ratim
318 1263 360 1296 ab
397 1262 474 1296 aliis
502 1262 676 1308 peccatis;
704 1270 741 1296 ut
774 1271 859 1308 puta
887 1274 970 1296 cum
997 1263 1126 1308 aliquis
1154 1263 1362 1308 proximum
1388 1263 1607 1298 scandalizat
1632 1263 1741 1306 facto,

180 1316 275 1362 quod
299 1316 341 1350 de
363 1327 400 1350 se
418 1327 492 1349 non
516 1324 568 1349 est
588 1323 791 1361 peccatum,
814 1316 876 1349 sed
898 1316 1007 1350 habet
1029 1316 1188 1361 speciem
1210 1315 1308 1349 mali.

252 1370 312 1404 AD
335 1379 506 1403 TERTIUM
528 1369 734 1410 dicendum,
763 1369 858 1414 quod
889 1369 1101 1403 scandalum
1132 1380 1206 1403 non
1234 1369 1343 1404 habet
1372 1369 1549 1404 rationem
1578 1370 1744 1417 specialis

181 1423 320 1469 peccati
341 1434 383 1456 ex
404 1422 586 1469 praedicta
605 1422 886 1464 circumstantia,
909 1422 971 1456 sed
994 1434 1036 1456 ex
1057 1422 1258 1457 intentione
1281 1422 1372 1464 finis,
1392 1431 1429 1457 ut
1451 1423 1588 1457 dictum
1614 1431 1667 1458 est
1687 1424 1742 1469 (in

181 1484 269 1523 corp.
292 1476 385 1519 art).

735 1592 1079 1637 ARTICULUS
1109 1593 1184 1636 IV.
1675 1605 1743 1652 236

425 1690 579 1720 UTRUM
612 1689 879 1720 SCANDALUM
912 1689 978 1719 SIT
1011 1689 1250 1719 PECCATUM
1282 1689 1503 1720 MORTALE.

544 1767 594 1811 (4.
616 1766 705 1800 Dist.
722 1767 772 1812 38.
795 1778 824 1811 q.
847 1778 878 1800 2.
901 1770 964 1800 art.
986 1777 1018 1800 2.
1041 1777 1071 1811 q.
1089 1778 1117 1812 3.
1141 1771 1204 1800 art.
1220 1777 1248 1812 3.
1271 1766 1388 1812 corp).

252 1849 311 1883 AD
331 1859 518 1888 QUARTUM
534 1850 582 1883 sic
602 1849 818 1894 proceditur.
842 1848 1004 1890 Videtur,
1027 1848 1123 1894 quod
1149 1847 1361 1882 scandalum
1383 1848 1428 1882 sit
1449 1856 1640 1894 peccatum
1650 1861 1744 1884 mor-

181 1903 268 1938 tale:
292 1915 401 1937 omne
424 1903 521 1937 enim
539 1911 741 1949 peccatum,
765 1902 860 1948 quod
885 1902 1124 1936 contrariatur
1150 1902 1326 1944 charitati,
1355 1910 1408 1936 est
1433 1911 1625 1948 peccatum
1651 1915 1746 1938 mor-

181 1956 264 1998 tale,
286 1965 324 1991 ut
345 1968 451 2002 supra
474 1957 610 1990 dictum
633 1964 686 1990 est
709 1955 753 2001 (q.
776 1967 830 2000 24.
854 1961 919 1990 nrt.
942 1967 991 1990 12.
1014 1961 1044 1990 et
1065 1967 1093 2001 q.
1114 1967 1157 2001 35.
1180 1961 1244 1990 art.
1263 1955 1331 2001 3.):
1351 1955 1413 1989 sed
1435 1955 1647 1989 scandalum
1662 1968 1746 1991 con-

181 2012 346 2044 trariatur
365 2010 541 2052 charitati,
564 2018 601 2043 ut
627 2010 763 2043 dictum
792 2017 844 2044 est
874 2009 954 2054 (art.
986 2021 1016 2044 2.
1048 2014 1078 2043 ct
1103 2021 1130 2054 3.
1153 2009 1306 2055 praec.),·
1336 2019 1423 2054 ergo
1453 2008 1666 2044 scandalum
1693 2018 1745 2044 est

182 2071 372 2110 peccatum
395 2062 561 2098 mortale.

255 2128 285 2151 2.
316 2117 551 2151 PRAETEREA.
578 2116 677 2150 Nulli
707 2124 858 2162 peccato
888 2116 1035 2150 debetur
1062 2126 1180 2161 poena
1208 2115 1451 2149 damnationis
1481 2123 1648 2151 aeternae
1676 2116 1746 2150 nisi

183 2171 346 2206 mortali:
371 2171 432 2204 sed
455 2170 625 2204 scandalo
649 2171 798 2204 debetur
818 2181 936 2216 poena
958 2169 1201 2203 damnationis
1224 2178 1403 2211 aeternae,
1431 2169 1631 2204 secundum
1655 2169 1744 2204 illud

183 2225 310 2259 Matth.
338 2224 409 2258 18.:
431 2225 501 2268 Qui
520 2224 798 2268 scandalizatur-it
820 2235 921 2257 unum
943 2223 979 2257 dc
995 2223 1123 2269 pusillis
1144 2224 1225 2265 istis,
1247 2224 1304 2268 qui
1323 2224 1354 2256 in
1378 2235 1427 2258 me
1448 2223 1592 2265 credmzt,
1619 2223 1745 2270 expedit

183 2280 222 2320 af,
244 2278 618 2324 ¹11!suspendatur‘1110ch
636 2278 785 2311 asinaria
807 2278 841 2310 in
863 2277 944 2311 collo
966 2279 1045 2322 ejus,
1068 2281 1097 2310 et
1111 2275 1318 2321 demergatur
1331 2277 1366 2310 in
1386 2276 1593 2323 profundum
1617 2278 1742 2317 maris;

184 2332 278 2378 quia,
300 2339 338 2365 ut
359 2331 444 2364 dicit
466 2331 614 2364 Hieron.
639 2330 688 2374 (in
711 2331 794 2364 hunc
817 2330 897 2374 loc.)
922 2342 938 2361 «
962 2329 1077 2363 multo
1101 2328 1229 2363 melius
1254 2337 1306 2364 est
1327 2341 1391 2376 pro
1412 2329 1517 2376 culpa
1533 2329 1681 2364 brevem
1695 2341 1745 2364 re-

184 2386 303 2431 cipere
324 2395 494 2430 poenam,
517 2395 625 2430 quam
649 2383 802 2418 aeternis
825 2383 958 2417 servari
981 2383 1196 2416 cruciatibus
1218 2395 1251 2425 »3
1271 2394 1357 2429 ergo
1373 2382 1585 2417 scandalum
1601 2391 1653 2418 est
1665 2395 1746 2430 pec-

185 2449 306 2475 catum
328 2439 494 2474 mortale.

257 2506 285 2540 3.
315 2494 551 2528 PRAETEREA.
568 2492 691 2528 Omne
706 2499 909 2538 peccatum,
925 2491 1021 2537 quod
1036 2491 1072 2524 in
1087 2491 1208 2525 Deum
1224 2490 1473 2532 committitur,
1488 2498 1541 2525 est
1554 2498 1745 2537 peccatum

184 2547 355 2589 mortale,
379 2547 461 2593 quia
484 2545 602 2580 solum
625 2552 814 2591 peccatum
838 2544 991 2578 mortale
1015 2544 1141 2578 avertit
1166 2544 1355 2578 hominem
1384 2555 1404 2577 a
1429 2543 1529 2578 Deo:
1557 2543 1620 2578 sed
1646 2555 1746 2578 scan-

184 2601 305 2635 dalum
329 2608 380 2634 est
402 2607 595 2646 peccatum
616 2599 652 2632 in
674 2599 812 2632 Deum:
837 2598 922 2631 dicit
941 2598 1036 2631 enim
1066 2597 1265 2643 Apostolus
1300 2609 1326 2630 1.
1359 2597 1402 2630 ad
1433 2596 1519 2631 Cor.
1548 2597 1599 2631 8.:
1627 2597 1747 2632 Percu-

185 2657 295 2689 timna>-
328 2655 561 2688 conscimztiam
585 2653 740 2698 fratrum
768 2652 936 2694 infirmam
964 2652 997 2684 in
1031 2651 1197 2685 Christum
1219 2652 1382 2697 peccatis;
1415 2661 1502 2696 ergo
1532 2649 1744 2685 scandalum

185 2719 326 2753 semper
349 2715 400 2741 est
419 2714 608 2753 peccatum
632 2704 797 2739 mortale.

257 2761 330 2795 SED
354 2771 520 2795 CONTRA.
543 2760 717 2793 Inducere
740 2758 897 2804 aliquem
918 2758 959 2791 ad
975 2757 1199 2804 peccandum
1217 2757 1416 2799 venialiter,
1439 2764 1556 2803 potest
1574 2767 1652 2791 esse
1665 2767 1745 2802 pec-

186 2822 306 2848 catum
325 2813 483 2848 veniale:
507 2813 568 2847 sed
588 2813 660 2847 hoc
683 2812 835 2859 pertinet
856 2811 899 2845 ad
913 2811 1090 2846 rationem
1106 2810 1283 2854 scandali3
1299 2822 1386 2857 ergo
1400 2810 1612 2846 scandalum
1627 2817 1745 2856 potest

187 2878 262 2901 csse
285 2875 474 2913 peccatum
496 2865 648 2900 veniale.
