1859 3122
531 142 751 178 QUAESTIO
786 142 826 171 C.
860 142 1103 172 ARTICULUS
1137 141 1194 172 VI.
1556 141 1639 185 717

82 224 239 265 satione3
261 223 425 269 quamvis
448 223 594 269 quidam
617 224 748 265 dicant,
772 223 866 269 quod
883 223 911 257 si
926 234 999 257 non
1022 231 1140 269 potest
1162 223 1313 269 probare
1334 233 1417 256 eum
1440 233 1517 256 esse
1537 221 1644 255 simo-

82 279 238 316 niacum,
261 278 364 311 debet
386 277 533 310 obedire
556 277 763 322 recipiendo
787 277 963 319 ordinem,
979 277 1039 311 sed
1055 288 1128 310 non
1145 277 1249 310 debet
1265 276 1391 321 exequi
1407 275 1482 310 sine
1506 275 1644 320 dispen-

82 332 239 366 satione:
262 331 322 365 scd
346 331 415 364 hoc
440 331 572 376 absque
595 331 732 365 ratione
756 331 893 371 dicitur,
925 331 1007 376 quia
1029 330 1148 363 nullus
1176 330 1280 363 debet
1302 330 1446 363 obedire
1471 328 1576 362 alicui
1601 328 1642 362 ad

83 384 429 418 communicandum
450 384 513 417 sibi
531 385 562 417 in
584 384 679 418 sacto
703 385 846 418 illicito:
871 384 929 418 ille
947 392 1066 418 autem
1091 384 1148 429 qui
1173 392 1225 417 cst
1248 385 1325 429 ipso
1345 384 1420 427 jure
1440 394 1644 427 suspensus,

83 446 117 472 et
137 439 255 483 quoad
278 450 327 479 se,
351 446 384 471 ct
405 438 523 483 quoad
548 437 649 476 alios,
673 438 795 471 illicite
819 434 956 471 confert
983 438 1168 479 ordinem3
1191 437 1284 470 unde
1308 436 1426 470 nullus
1449 436 1553 469 debet
1580 436 1644 481 ipsi

83 491 368 532 communicare,
391 491 597 536 recipiendo
621 492 662 525 ab
686 503 729 525 eo
753 503 979 537 quacumque
1003 503 1044 524 ex
1068 502 1194 524 causa:
1218 491 1245 524 si
1270 500 1391 524 autem
1414 490 1445 524 ci
1467 501 1540 523 non
1564 501 1646 523 con-

82 552 161 585 stat,
184 556 257 578 non
279 545 385 578 debet
406 553 596 590 peccatum
619 545 762 579 credere
783 545 944 587 alterius,
961 552 995 578 et
1014 545 1060 578 ita
1078 555 1161 578 cum
1179 544 1275 578 bona
1298 543 1519 577 conscientia
1542 543 1646 577 debet

84 598 125 632 ab
146 609 189 632 eo
205 597 369 631 ordinem
386 598 559 644 recipere:
584 599 611 631 si
635 606 754 632 autem
771 598 970 644 Episcopus
988 598 1031 632 sit
1045 598 1266 632 simoniacus
1282 597 1403 643 aliquo
1428 596 1498 631 alio
1521 597 1645 638 modo,

84 662 193 697 quam
215 663 276 696 per
298 653 569 697 promotionem
591 663 693 685 suam
716 652 916 685 simoniace
934 650 1080 693 factam,
1100 658 1218 696 potest
1241 651 1282 684 ab
1307 662 1350 684 eo
1373 651 1538 684 ordinem
1562 650 1648 684 reci-

83 716 178 750 pere,
201 705 229 738 si
250 705 294 738 sit
315 704 518 747 occultum3
542 705 623 751 quia
646 716 719 738 non
741 713 793 738 est
815 716 1007 750 suspensus
1031 705 1151 750 quoad
1174 704 1276 746 alios,
1300 704 1361 738 sed
1384 703 1503 737 solum
1527 703 1646 749 quoad

84 758 253 804 scipsum,
276 765 314 792 ut
335 758 470 792 dictum
494 766 545 792 est
566 760 615 802 (in
636 759 728 792 solut.
744 757 889 804 praest).

156 811 214 845 AD
237 822 409 846 TERTIUM
431 812 636 853 dicendum,
652 811 747 857 quod
770 811 840 844 hoc
864 810 959 856 quod
983 810 1110 856 aliquis
1133 811 1290 856 privetur
1310 821 1354 844 eo
1377 810 1473 856 quod
1497 809 1646 856 accepit,

84 876 158 899 non
180 865 299 899 solum
323 873 375 899 est
396 876 512 911 poena
534 865 682 911 peccati,
705 864 766 898 sed
788 858 897 898 etiam
919 864 1136 910 quandoque
1159 872 1212 898 est
1234 863 1382 898 effectus
1402 863 1648 910 acquisitionis

84 918 254 963 injustae:
278 927 363 963 puta
385 930 467 952 cum
491 918 618 964 aliquis
640 918 727 952 emit
748 929 824 951 rem
847 917 1005 963 aliquam
1026 917 1067 950 ab
1089 928 1144 958 eo,
1160 917 1220 963 qui
1238 917 1394 951 vendere
1416 928 1490 950 non
1513 924 1648 963 potest;

85 980 120 1005 et
140 971 222 1005 ideo
244 972 273 1005 si
297 971 423 1017 aliquis
445 972 609 1013 scienter,
625 980 659 1006 et
680 971 823 1017 propria
846 979 974 1016 sponte
997 971 1197 1004 simoniace
1221 971 1374 1016 accipiat
1396 971 1573 1012 ordinem,
1592 969 1650 1003 vel

86 1024 371 1059 ecclesiasticum
401 1024 627 1065 beneficium,
654 1036 728 1058 non
755 1024 874 1058 solum
902 1025 1060 1069 privatur
1088 1035 1130 1058 eo
1158 1024 1254 1070 quod
1277 1024 1427 1070 accepit,
1450 1032 1488 1057 ut
1514 1023 1652 1058 scilicet

86 1087 207 1112 careat
222 1078 432 1112 executione
448 1078 594 1119 ordinis,
610 1086 643 1111 et
657 1077 872 1111 beneficium
889 1077 1046 1123 resignet
1061 1089 1144 1111 cum
1162 1077 1334 1111 fructibus
1356 1078 1438 1111 inde
1463 1077 1651 1123 perceptis,

86 1132 146 1166 sed
170 1132 278 1166 etiarn
300 1131 446 1165 ulterius
468 1133 622 1177 punitur,
653 1131 735 1176 quia
757 1139 903 1165 notatur
923 1130 1083 1174 infamia,
1111 1139 1145 1165 et
1166 1138 1307 1165 tenetur
1330 1132 1372 1165 ad
1408 1131 1649 1165 restituendos

86 1184 219 1219 fructus
241 1195 313 1218 non
334 1184 454 1218 solum
476 1192 676 1230 perceptos,
698 1184 759 1218 sed
783 1184 892 1218 etiam
916 1195 989 1226 eos,
1012 1185 1074 1230 qui
1095 1185 1233 1230 percipi
1254 1193 1449 1230 potuerunt
1472 1196 1491 1218 a
1513 1195 1652 1230 posses-

87 1250 167 1273 sore
189 1238 351 1284 diligenti
373 1239 486 1284 (quod
508 1246 629 1272 tamen
651 1238 927 1284 intelligendum
950 1246 1003 1272 est
1024 1239 1067 1272 de
1089 1237 1273 1280 fructibus,
1294 1238 1354 1284 qui
1373 1246 1576 1284 supersunt,
1596 1237 1653 1271 de-

87 1292 202 1326 ductis
235 1292 397 1337 expensis
430 1291 533 1325 factis
571 1303 679 1325 causa
713 1291 925 1335 fructuum),
956 1292 1114 1337 exceptis
1147 1291 1320 1326 fructibus
1354 1291 1435 1333 illis,
1470 1291 1531 1337 qui
1565 1291 1652 1325 alias

88 1345 233 1391 expensi
259 1352 340 1378 sunt
366 1345 400 1378 in
428 1345 619 1379 utilitatem
642 1344 842 1379 Ecclesiae:
865 1345 894 1378 si
915 1356 1001 1379 vero
1029 1356 1073 1379 eo
1100 1345 1295 1387 nesciente,
1317 1356 1383 1379 nec
1405 1344 1563 1386 volente,
1590 1355 1652 1390 per

90 1398 179 1432 alios
202 1397 353 1443 alicujus
375 1398 557 1444 promotio
586 1398 786 1432 simoniace
813 1406 1035 1444 procuratur,
1064 1406 1160 1432 caret
1187 1399 1333 1444 quidem
1368 1398 1503 1432 ordinis
1530 1409 1653 1431 execu-

87 1452 199 1493 tione,
222 1459 256 1485 et
282 1459 423 1486 tenetur
449 1452 630 1497 resignare
660 1451 889 1496 beneficium,
917 1452 1013 1498 quod
1044 1460 1097 1486 est
1127 1460 1344 1486 consecutus
1372 1463 1455 1486 cum
1481 1451 1653 1485 fructibus

91 1505 307 1539 extantibus:
329 1516 403 1538 non
426 1512 546 1538 autern
568 1512 710 1539 tenetur
731 1504 916 1539 restituere
935 1504 1069 1539 fructus
1089 1513 1343 1552 consumptos3
1363 1505 1445 1551 quia
1466 1505 1562 1538 bona
1584 1504 1652 1539 fide

90 1558 266 1604 possedit,
293 1558 362 1592 nisi
387 1557 479 1592 forte
512 1558 679 1591 inimicus
711 1559 786 1603 ejus
807 1557 1052 1592 fraudulenter
1074 1559 1267 1604 pecuniam
1289 1559 1389 1592 daret
1415 1569 1479 1605 pro
1503 1558 1653 1603 alicujus

89 1611 333 1657 promotione,
355 1611 413 1645 vel
434 1611 502 1645 nisi
535 1611 611 1657 ipse
638 1622 802 1657 expresse
826 1612 1100 1646 contradixerit:
1120 1620 1205 1646 tunc
1229 1612 1327 1647 enim
1348 1624 1422 1646 non
1444 1620 1583 1646 tenetur
1611 1611 1655 1645 ad

90 1664 381 1706 renuntiandum,
403 1664 471 1698 nisi
492 1663 583 1698 forte
605 1664 840 1710 postmodum
867 1673 973 1710 pacto
1002 1666 1237 1708 consenserit,
1264 1665 1440 1700 solvendo
1468 1665 1564 1711 quod
1590 1664 1656 1699 fuit

91 1729 323 1764 promissum.

161 1771 221 1805 AD
243 1781 431 1810 QUARTUM
463 1771 668 1813 dicendum,
690 1771 787 1818 quod
820 1772 984 1818 pecunia,
1006 1771 1063 1806 vel
1085 1773 1278 1818 possessio,
1301 1772 1358 1806 vel
1386 1771 1521 1807 fructus
1549 1772 1656 1806 simo-

91 1824 194 1858 niace
217 1832 365 1870 accepta
387 1824 519 1859 debent
545 1824 681 1858 restitui
702 1824 898 1867 Ecclesiae,
922 1826 957 1859 in
980 1826 1080 1870 cujus
1102 1825 1271 1871 injuriam
1298 1826 1380 1860 data
1406 1825 1559 1867 fuerunt,
1581 1837 1656 1859 non

92 1879 255 1914 obstante
274 1879 368 1925 quod
392 1879 589 1920 Praelatus,
603 1878 661 1912 vel
677 1878 803 1925 aliquis
823 1879 866 1913 de
887 1879 1043 1924 collegio
1062 1879 1157 1913 illius
1177 1878 1373 1921 Ecclesiae,
1393 1879 1458 1913 fuit
1475 1879 1510 1913 in
1531 1878 1655 1925 culpa3

93 1932 175 1979 quia
198 1944 326 1967 eorum
348 1941 539 1978 peccatum
561 1943 635 1966 non
658 1932 763 1966 debet
785 1931 862 1966 aliis
880 1943 1029 1966 nocere:
1052 1932 1100 1966 ita
1122 1941 1245 1966 tamen
1267 1933 1363 1978 quod
1384 1941 1559 1978 quantum
1580 1932 1656 1965 fieri

93 1994 222 2032 potest,
249 1986 316 2031 ipsi
345 1986 406 2031 qui
434 1993 686 2032 peccaverunt,
720 1985 802 2019 inde
831 1986 1070 2020 commodum
1100 1997 1174 2020 non
1209 1994 1491 2032 consequantur:
1515 1986 1545 2020 si
1569 1996 1655 2019 vero

93 2039 290 2081 Praelatus,
313 2047 347 2073 et
368 2047 486 2073 totum
509 2038 705 2084 collegium
727 2047 809 2072 sunt
829 2039 865 2072 in
888 2038 1004 2085 culpa,
1027 2047 1111 2073 tunc
1135 2039 1240 2074 debet
1262 2051 1346 2074 cum
1369 2040 1582 2074 auctoritate
1604 2050 1657 2073 su-

94 2093 243 2139 perioris
265 2092 323 2126 vel
344 2093 571 2138 pauperibus,
592 2092 649 2126 vel
673 2092 774 2126 alteri
798 2092 981 2126 Ecclesiae
1004 2093 1158 2138 erogari.

165 2147 225 2181 AD
248 2156 428 2185 QUINTUM
451 2145 656 2187 dicendum,
678 2145 774 2192 quod
797 2146 826 2179 si
849 2145 957 2191 aliqui
979 2154 1061 2180 sunt
1082 2146 1118 2180 in
1140 2146 1363 2180 monasterio
1387 2146 1586 2180 simoniace
1606 2157 1657 2179 re-

96 2200 200 2245 cepti,
222 2199 353 2233 debent
375 2199 642 2233 abrenuntiare:
666 2206 700 2233 et
722 2199 751 2233 si
776 2199 831 2233 his
859 2200 1052 2234 scientibus
1080 2200 1278 2234 commissa
1305 2208 1358 2234 est
1384 2200 1550 2242 simonia,
1578 2207 1659 2245 post

97 2252 307 2287 Concilium
331 2248 510 2298 generale,
533 2252 608 2286 sine
630 2263 691 2298 spe
714 2252 947 2286 restitutionis
970 2252 1012 2286 de
1035 2253 1258 2287 monasterio
1281 2265 1347 2287 suo
1370 2253 1599 2298 repellantur,
1623 2260 1657 2286 et

97 2306 140 2340 ad
163 2305 341 2351 agendam
363 2314 572 2351 perpetuam
593 2306 853 2351 poenitentiam
876 2306 1010 2340 suntin
1031 2307 1175 2340 arctiori
1196 2307 1319 2352 regula
1343 2307 1511 2352 ponendi,
1539 2305 1597 2340 vel
1623 2305 1657 2339 in

97 2361 217 2406 aliquo
240 2359 323 2393 loco
347 2360 508 2405 ejusdem
540 2360 684 2402 ordinis,
714 2360 744 2394 si
774 2360 906 2394 arctior
937 2360 1025 2394 ordo
1057 2372 1131 2394 non
1162 2360 1401 2394 inveniretur:
1432 2360 1460 2394 si
1478 2371 1564 2393 vero
1587 2359 1657 2392 hoc

96 2413 160 2447 fuit
184 2421 265 2447 ante
289 2412 510 2455 Concilium,
538 2413 668 2447 debent
692 2413 728 2446 in
764 2413 841 2447 aliis
875 2412 965 2447 locis
992 2414 1155 2459 ejusdem
1183 2414 1318 2447 ordinis
1341 2413 1531 2447 collocari:
1567 2420 1601 2446 et
1631 2412 1658 2446 si

96 2467 167 2501 hoc
188 2467 264 2500 fieri
285 2477 359 2500 non
381 2474 509 2512 potest,
533 2466 773 2511 dispensative
795 2466 925 2500 debent
947 2467 982 2500 in
1008 2467 1143 2501 eisdem
1167 2467 1395 2500 monasteriis
1417 2466 1538 2511 recipi,
1560 2477 1605 2499 ne
1624 2466 1659 2498 in

98 2520 246 2554 saeculo
274 2527 482 2565 evagentur,
501 2520 646 2553 mutatis
667 2527 788 2553 tamen
811 2520 988 2565 prioribus
1011 2520 1111 2562 locis,
1135 2528 1167 2554 et
1194 2519 1422 2554 inferioribus
1451 2519 1658 2563 assignatis:

99 2575 127 2607 si
148 2584 247 2615 vero,
274 2573 359 2618 ipsis
382 2573 641 2618 ignorantibus,
663 2573 737 2607 sive
772 2581 852 2607 ante
875 2573 1098 2615 Concilium,
1129 2573 1203 2607 sive
1235 2581 1326 2619 post,
1356 2573 1425 2606 sint
1459 2572 1658 2606 simoniace

99 2627 244 2672 recepti,
272 2635 463 2672 postquam
494 2626 786 2668 renuntiaverint,
813 2634 962 2672 possunt
984 2626 1026 2660 de
1048 2637 1146 2660 novo
1168 2627 1289 2672 recipi,
1317 2625 1408 2660 locis
1435 2625 1592 2667 mutatis,
1620 2633 1658 2659 ut

100 2679 236 2713 dictum
259 2687 320 2713 est.
1201 2670 1206 2677 ¹

172 2733 231 2766 AD
251 2742 402 2766 SEXTUM
418 2732 623 2774 dicendum,
635 2732 730 2778 quod
753 2733 872 2778 quoad
887 2733 1006 2766 Deum
1022 2732 1100 2767 sola
1114 2732 1282 2766 voluntas
1297 2731 1380 2765 facit
1395 2731 1656 2774 simoniacum3

103 2786 164 2819 sed
185 2786 304 2831 quoad
326 2797 484 2831 poenam
507 2785 788 2819 ecclesiasticam
811 2786 1026 2820 exteriorem
1048 2797 1121 2819 non
1144 2785 1288 2831 punitur
1310 2793 1348 2818 ut
1368 2785 1601 2827 simoniacus,
1624 2792 1660 2818 ut

104 2839 353 2873 abrenuntiare
373 2846 548 2880 teneatur,
567 2839 628 2872 sed
651 2838 754 2873 debet
776 2838 819 2873 de
840 2838 935 2873 mala
962 2839 1160 2873 intentione
1182 2838 1377 2884 poenitere.
