1905 3137
258 174 337 204 110
704 174 920 210 QUAESTIO
952 175 1008 203 XI.
1042 175 1286 205 ARTICULUS
1318 175 1361 204 ΙΙ.

323 255 552 290 RESPONDEO‘
575 255 778 298 dicendum,
801 256 897 302 quod
920 256 963 291 de
989 256 1129 291 haeresi
1155 268 1249 290 nunc
1278 256 1460 302 loquimur
1487 257 1685 292 secundum
1708 257 1804 303 quod

251 309 422 355 importat
444 309 714 355 corruptionem
741 309 825 343 fidei
853 309 1100 344 Christianae:
1122 321 1196 343 non
1220 318 1341 344 autem
1364 310 1407 343 ad
1430 310 1699 356 corruptionem
1720 310 1802 345 fidei

253 362 480 396 Christianae
503 363 666 408 pertinet,
689 362 718 396 si
740 362 866 408 aliquis
888 363 995 397 habet
1018 363 1175 408 aliquam
1196 362 1324 397 falsam
1345 363 1552 409 opinionem
1570 363 1607 397 in
1627 363 1695 405 his,
1713 375 1804 409 quae

251 426 325 449 non
344 423 426 449 sunt
447 415 549 457 fidei3
570 423 654 460 puta
676 415 711 448 in
734 416 1062 461 geometricalibus,
1077 415 1135 449 vel
1156 416 1191 449 in
1212 416 1288 450 aliis
1310 416 1529 461 hujusmodi,
1546 427 1636 462 quae
1652 417 1803 451 omnino

251 469 295 502 ad
318 468 427 502 fidem
449 469 625 514 pertinere
647 480 721 502 non
743 477 916 515 possunt:
940 469 1001 503 sed
1021 469 1140 502 solum
1161 469 1304 514 quando
1321 469 1447 515 aliquis
1462 469 1570 503 habet
1583 469 1713 504 falsam
1732 470 1805 516 opi-

250 522 399 556 nionem
423 522 517 556 circa
542 534 594 564 ea,
618 534 708 567 quac
731 523 775 556 ad
796 522 903 556 fidem
932 524 1119 568 pertinent.
1147 523 1204 556 Ad
1227 535 1336 568 quam
1364 522 1496 568 aliquid
1523 523 1675 569 pertinet
1701 523 1806 570 dupli-

251 577 343 618 citer,
368 577 458 609 sicut
480 587 585 622 supra
608 576 744 610 dictum
767 584 819 610 est
842 576 920 619 (art.
939 583 1053 622 praec.
1073 582 1102 610 ct
1127 588 1156 622 t]-
1186 589 1210 611 r.
1233 582 1297 611 art.
1321 577 1353 611 6.
1381 577 1432 610 ad.
1455 587 1484 610 Ι.
1504 581 1532 611 et
1552 589 1582 623 q.
1604 588 1635 611 2.
1654 582 1717 612 art.
1735 578 1779 623 5.)
1794 590 1804 612 .-

251 641 314 662 uno
336 628 431 663 modo
452 629 596 671 directe,
619 637 652 663 et
674 629 928 675 principaliter,
951 630 1043 663 sicut
1070 629 1210 663 articuli
1231 629 1332 664 fidei:
1356 630 1421 663 ulio
1443 630 1537 664 modo
1564 630 1748 672 indirecte,
1771 638 1806 664 et

250 683 476 725 secundario,
498 683 589 717 sicut
611 694 663 724 ea,
683 695 724 716 ex
747 684 872 728 quibus
887 683 1025 728 negatis
1041 683 1199 729 sequitur
1219 683 1399 729 corruptio
1421 683 1569 729 alicujus
1588 683 1746 727 articuli3
1768 691 1803 718 et

251 736 345 770 circa
367 744 515 782 utraque
538 745 655 783 potest
676 748 752 770 esse
774 737 944 778 haeresis,
968 748 1011 770 eo
1034 737 1145 770 modo
1169 748 1240 782 quo
1263 745 1297 771 et
1318 736 1416 770 fides.

321 790 380 824 AD
403 801 550 825 PRIMUM
566 802 652 836 ergo
675 790 879 831 dicendum,
902 790 998 836 quod
1021 790 1112 824 sicut
1132 790 1299 824 haereses
1315 790 1547 835 Judaeorum‚
1563 797 1597 823 et
1615 790 1805 825 phariseo-

250 854 330 877 rum
352 851 453 877 erant
475 844 569 878 circa
591 844 780 890 opiniones
803 843 938 889 aliquas
963 844 1005 877 ad
1018 843 1256 888 Judaismum,
1270 843 1328 877 vel
1343 844 1386 877 ad
1406 843 1689 877 Phariseismum
1704 843 1806 890 perti-

249 905 393 939 nentes3
416 897 463 931 ita
485 897 593 931 etiam
621 897 913 931 Christianorum
942 897 1110 931 haereses
1131 905 1213 931 sunt
1240 897 1335 931 circa
1362 908 1414 939 ea,
1442 908 1533 943 quae
1559 897 1736 943 pertinent
1758 896 1800 931 ad

250 949 358 984 fidem
383 950 530 984 Christi.

321 1003 380 1038 AD
397 1004 818 1046 SECUNDUMdicendum,
831 1004 926 1050 quod
943 1003 1002 1038 ille
1018 1003 1146 1038 dicitur
1165 1003 1266 1038 aliter
1285 1015 1463 1050 exponere
1484 1003 1634 1038 Sacram
1652 1003 1806 1050 Scriptu-

250 1068 338 1099 ram,
353 1069 461 1103 quarn
473 1057 623 1103 Spiritus
639 1057 792 1092 Sanctus
807 1057 989 1103 efflagitat,
1004 1057 1065 1103 qui
1075 1058 1117 1091 ad
1132 1057 1203 1091 hoc
1220 1058 1482 1103 expositionem
1502 1056 1633 1091 Sacrae
1649 1056 1805 1103 Scriptu-

249 1121 309 1145 rae
325 1118 518 1156 retorquet,
535 1111 630 1156 quod
647 1111 884 1145 contrariatur
895 1111 937 1152 ei,
950 1111 1046 1156 quod
1062 1119 1115 1145 est
1136 1122 1198 1156 per
1214 1111 1386 1156 Spiritum
1402 1110 1575 1144 Sanctum
1590 1109 1805 1153 revelatum3

250 1163 342 1198 unde
365 1164 493 1198 dicitur
515 1164 645 1198 Ezech.
672 1175 723 1210 13.
747 1164 789 1198 de
816 1164 928 1198 Falsis
955 1164 1165 1210 Prophetis:
1194 1165 1264 1208 Qui
1283 1168 1579 1210 perscwrawrmzt
1605 1164 1801 1209 confirmare

248 1229 441 1260 sermonem,
458 1218 595 1252 scilicet
609 1229 671 1264 per
684 1217 791 1252 falsas
806 1218 1049 1264 expositiones
1066 1217 1270 1263 Scripturae
1284 1231 1290 1252 :
1306 1217 1468 1251 similiter
1483 1217 1591 1251 etiam
1610 1228 1673 1263 per
1686 1217 1805 1258 verba,

250 1282 341 1317 quae
364 1271 441 1317 quis
464 1271 632 1317 loquitur,
655 1283 757 1305 suam
779 1271 887 1305 fidem
907 1271 1109 1317 profitetur:
1134 1279 1186 1305 est
1208 1271 1304 1304 enim
1328 1270 1507 1304 confessio
1530 1278 1628 1304 actus
1649 1269 1744 1312 fidei,
1766 1277 1805 1304 ut

250 1336 357 1369 supra
379 1325 515 1358 dictum
538 1333 590 1358 est
613 1324 657 1370 (q.
676 1337 704 1371 3.
724 1330 788 1360 nrt.
811 1325 878 1369 1.);
903 1333 937 1359 et
951 1325 1045 1366 ideo,
1060 1326 1087 1358 si
1103 1324 1147 1358 sit
1164 1324 1366 1358 inordinata
1385 1323 1521 1357 locutio
1538 1324 1632 1358 circa
1647 1334 1699 1365 ea,
1715 1334 1806 1369 quae

250 1386 331 1412 sunt
351 1377 445 1420 fidei,
468 1379 567 1424 sequi
590 1386 707 1424 potest
737 1390 778 1412 ex
805 1379 875 1412 hoc
906 1378 1090 1423 corruptio
1121 1377 1222 1420 fideig
1245 1378 1339 1411 unde
1362 1377 1437 1411 Leo
1460 1377 1557 1423 Papa
1589 1377 1624 1410 in
1647 1377 1804 1423 quadarn

251 1432 350 1478 epist.
375 1431 416 1465 ad
444 1432 647 1465 Proterium
675 1431 896 1478 Episcopum
924 1431 1210 1465 Alexandrinum
1242 1431 1338 1476 (quae
1359 1432 1462 1477 Epist.
1493 1442 1579 1465 nime
1608 1442 1672 1464 non
1703 1431 1804 1475 extat)

251 1485 355 1519 dicit:
378 1486 514 1519 Inimici
536 1486 640 1519 crucis
665 1485 788 1519 Christi
806 1485 1076 1530 oninil‘nsfllcti5‚
1092 1489 1118 1519 et
1132 1485 1240 1518 <vellus
1254 1486 1372 1519 vostris
1388 1483 1600 1526 insidiantur,
1616 1489 1652 1518 ut
1664 1485 1690 1518 si
1704 1483 1807 1517 ullam

250 1539 312 1573 illis
329 1539 381 1572 vel
394 1544 518 1572 timitem
534 1540 735 1573 occasionem
749 1538 870 1581 duilius,
887 1550 943 1572 1105
962 1539 1158 1572 Nestorium
1173 1539 1278 1572 saisiri
1293 1539 1390 1572 etiaim
1404 1549 1580 1583 congruere
1591 1539 1802 1571 mentiantur.

321 1592 379 1626 AD
405 1602 576 1626 TERTIUM
598 1592 802 1633 dicendum,
838 1591 933 1637 quod
964 1591 1055 1625 sicut
1082 1591 1233 1636 August.
1262 1591 1347 1625 dicit
1374 1591 1493 1637 (Epist.
1520 1602 1569 1636 43.
1596 1591 1638 1624 al.
1666 1590 1752 1632 162„
1780 1595 1807 1624 et

250 1645 384 1679 hrzlwtitr
410 1646 444 1678 in
471 1646 602 1680 Dacrct.
630 1655 683 1689 24.
713 1657 741 1691 q.
757 1657 785 1691 3.
813 1651 901 1692 cap„-
929 1645 1028 1679 Dixit
1054 1645 1206 1691 Apost.):
1244 1657 1261 1676 ((
1285 1644 1323 1678 Si
1353 1644 1413 1690 qui
1440 1644 1656 1678 sententiam
1689 1655 1804 1685 suam,

252 1699 416 1744 quamvis
452 1698 593 1740 falsam,
625 1707 730 1744 atque
760 1710 977 1744 perversam,
1008 1697 1105 1732 nulla
1139 1698 1313 1744 pertinaci
1341 1697 1568 1731 animositate
1599 1696 1801 1739 defendant,

250 1760 426 1798 quaerunt
447 1760 568 1786 autem
591 1759 694 1785 cauta
717 1752 945 1786 solicitudine
967 1752 1168 1793 veritatem,
1188 1751 1320 1796 corrigi
1341 1751 1465 1796 parati,
1488 1762 1570 1784 cum
1592 1751 1804 1792 invenerint,

248 1816 477 1851 nequaquam
499 1813 580 1839 sunt
602 1805 692 1839 inter
713 1805 915 1839 haereticos
937 1805 1130 1850 deputandi
1153 1817 1193 1847 »3
1223 1804 1306 1850 quia
1333 1803 1470 1838 scilicet
1491 1815 1565 1837 non
1586 1803 1720 1837 habent
1737 1803 1805 1837 ele-

251 1859 410 1892 ctionem
423 1859 729 1892 contradicentem
746 1857 929 1892 Ecclesiae
945 1858 1149 1900 doctrinae3
1165 1858 1215 1891 sic
1230 1868 1317 1902 ergo
1333 1857 1442 1902 aliqui
1459 1857 1624 1891 doctores
1642 1857 1807 1890 videntur

251 1912 458 1946 dissensisse
480 1911 537 1946 vel
562 1911 656 1945 circa
679 1923 731 1953 ea,
754 1908 909 1956 quorum
931 1911 1021 1944 nihil
1042 1911 1190 1945 interest
1212 1910 1255 1944 ad
1276 1910 1385 1944 fidem
1408 1918 1525 1944 utrum
1545 1910 1607 1952 sic,
1629 1909 1687 1944 vel
1705 1909 1807 1944 aliter

250 1973 450 2007 teneantur,
471 1965 529 1998 vel
548 1965 655 1999 etiam
672 1965 706 1998 in
723 1965 937 2010 quibusdam
953 1964 995 1997 ad
1010 1964 1119 1998 fidem
1135 1964 1404 2010 pertinentibus,
1420 1975 1510 2009 quae
1525 1963 1687 1997 nondum
1707 1971 1808 1998 erant

252 2030 315 2064 per
336 2018 538 2052 Ecclesiam
560 2018 814 2052 determinata:
843 2026 1035 2064 postquam
1063 2026 1183 2051 autem
1214 2025 1332 2051 essent
1358 2017 1570 2051 auctoritate
1597 2017 1806 2051 universalis

251 2071 435 2106 Ecclesiae
457 2072 704 2113 determinata,
728 2071 757 2105 si
779 2071 856 2116 quis
875 2071 937 2105 tali
957 2071 1174 2105 ordinationi
1193 2071 1421 2116 pertinaciter
1439 2079 1664 2117 repugnaret,
1683 2070 1806 2105 haere-

251 2125 342 2159 ticus
365 2133 579 2159 censeretur.
605 2124 709 2165 Quae
732 2124 878 2170 quidem
894 2125 1086 2159 auctoritas
1105 2124 1348 2171 principaliter
1362 2125 1492 2159 residet
1505 2125 1540 2158 in
1555 2136 1700 2159 summo
1715 2125 1807 2158 Pon-

250 2178 364 2212 tifice:
389 2179 516 2212 dicitur
531 2178 626 2212 enim
644 2188 697 2220 24.
714 2190 746 2224 q.
767 2189 793 2212 1.
811 2189 886 2223 cap.
910 2188 981 2212 12.:
1005 2191 1022 2209 <r
1043 2178 1198 2218 Quoties
1217 2178 1299 2211 fidei
1314 2179 1403 2212 ratio
1419 2178 1621 2220 ventilatur,
1640 2178 1803 2220 arbitror,

251 2243 378 2266 omnes
400 2231 524 2265 fratres
545 2239 700 2273 nostros,
722 2240 756 2265 et
779 2232 1015 2277 coepiscopos
1037 2232 1182 2266 nonnisi
1205 2232 1246 2265 ad
1270 2232 1428 2274 Petrum,
1449 2232 1539 2266 idest
1560 2233 1614 2266 sui
1635 2233 1804 2275 nominis,

252 2293 286 2319 et
307 2285 457 2319 honoris
481 2285 732 2318 auctoritatem
755 2284 885 2319 referre
908 2285 1053 2319 debere:
1083 2293 1209 2319 contra
1236 2286 1335 2329 cujus
1362 2285 1613 2319 auctoritatem
1634 2298 1701 2320 nec
1724 2286 1806 2320 Hie-

250 2350 434 2385 ronymus,
456 2350 521 2372 nec
545 2338 778 2383 Augustinus,
798 2349 864 2372 nec
888 2338 1014 2384 aliquis
1037 2349 1224 2372 sacrorum
1246 2338 1449 2372 Doctorum
1468 2349 1571 2372 suam
1586 2339 1800 2373 sententiam

251 2392 409 2426 defendit
429 2405 471 2434 »3
494 2391 587 2425 unde
611 2391 696 2425 dicit
718 2391 865 2425 Hieron.
890 2392 1091 2437 (Pelagius)
1115 2392 1157 2425 ad
1180 2392 1380 2425 Damasum
1403 2392 1539 2437 Papam
1571 2392 1673 2439 (epist.
1696 2393 1731 2427 de
1752 2404 1804 2427 ex-

245 2448 342 2493 posit.
357 2447 466 2492 Symlk
491 2447 522 2480 in
537 2446 638 2491 sin.):
663 2458 679 2476 ‹<
703 2445 800 2479 Haec
825 2453 876 2479 est
898 2445 996 2487 tides,
1019 2446 1116 2491 Papa
1139 2446 1353 2487 beatissime,
1377 2457 1484 2491 quam
1505 2446 1540 2480 in
1560 2446 1739 2481 catholica
1755 2447 1802 2481 di-

249 2500 402 2533 dicimus
424 2498 604 2541 Ecclesia3
628 2499 661 2532 in
685 2510 753 2544 qua
776 2499 803 2532 si
826 2499 943 2532 minus
962 2499 1085 2544 perite,
1106 2507 1164 2532 aut
1183 2510 1309 2544 parum
1342 2507 1444 2533 caute
1467 2499 1557 2533 forte
1581 2500 1713 2546 aliquid
1745 2511 1805 2546 po-

250 2553 359 2587 situm
381 2561 443 2594 est,
467 2552 650 2587 emendari
674 2552 838 2597 cupimus
861 2563 879 2585 a
901 2560 946 2593 te,
969 2552 1029 2597 qui
1051 2552 1144 2586 Petri
1164 2552 1283 2593 fidem,
1303 2560 1337 2586 ct
1355 2552 1477 2586 sedem
1496 2561 1615 2595 tenes;
1635 2554 1664 2588 si
1683 2561 1802 2588 autem

249 2607 338 2641 haec
362 2615 483 2641 nostra
511 2606 689 2640 confessio
718 2605 953 2650 Apostolatus
980 2607 1028 2639 tui
1055 2605 1188 2650 judicio
1217 2606 1483 2651 comprobatur,
1506 2608 1724 2652 quicumque
1747 2618 1804 2641 me

249 2660 392 2706 culpare
414 2659 576 2701 voluerit,
604 2671 640 2694 se
669 2659 885 2704 imperitum,
912 2658 969 2692 vel
999 2658 1232 2700 malevolum,
1254 2659 1311 2692 vel
1342 2659 1449 2693 etiam
1471 2671 1545 2694 non
1569 2660 1803 2702 catholicum,

249 2725 322 2747 non
345 2725 402 2748 me
425 2713 649 2747 haereticum
671 2712 920 2758 comprobabit
943 2725 976 2745 ».
