1905 3137
242 158 321 187 100
677 153 896 189 QUAESTIO
930 153 971 183 X.
1005 152 1247 183 ARTICULUS
1279 152 1353 182 VII.

235 239 326 273 nitas
354 248 493 278 eorum,
519 237 579 282 qui
606 235 769 269 resistere
797 234 966 269 deberent
992 233 1273 280 pervertentibus
1295 232 1379 267 fidei
1398 233 1600 276 veritatem,
1623 242 1716 268 esset
1741 245 1791 268 er-

235 292 325 326 roris
348 290 594 331 confirmati03
614 288 707 322 unde
725 288 922 334 Gregorius
938 288 973 321 in
989 298 1019 321 2.
1035 286 1210 321 PastOtal.
1226 287 1314 332 (cap.
1328 287 1395 330 4.):
1415 287 1505 321 Sicut
1524 288 1656 321 incauta
1670 288 1790 322 locutio

236 347 270 379 in
289 356 432 379 errorem
450 343 639 389 pcrtrtzhz't;
659 343 706 376 ita
724 341 932 376 indiscretmn
951 342 1118 376 silentium
1141 352 1202 382 σος,
1226 341 1282 385 qui
1299 339 1426 374 erudiri
1442 345 1609 386 poterant,
1631 342 1666 374 in
1681 353 1791 375 errore

236 398 452 443 derelinquit:
475 397 511 429 in
534 395 694 429 secundo
716 406 803 428 vero
832 406 916 429 casu
939 393 1183 440 periculosum
1207 401 1259 427 est
1280 392 1421 438 publice
1444 393 1624 438 disputare
1652 394 1695 428 de
1721 393 1790 428 fide

237 462 362 485 coram
384 449 627 495 siniplicibus3
649 459 804 494 quorum
826 447 912 482 fides
936 459 976 481 ex
998 447 1069 480 hoc
1089 454 1141 480 est
1160 446 1307 487 firmior,
1326 446 1409 491 quia
1428 446 1518 479 nihil
1536 446 1717 481 diversum
1735 458 1793 481 au-

235 505 375 538 dierunt
397 503 438 536 ab
462 514 517 544 eo,
545 502 642 548 quod
670 501 838 535 credunt:
866 508 900 534 et
922 501 1003 534 ideo
1033 511 1106 534 non
1138 499 1278 546 expedit
1309 499 1371 541 eis,
1399 507 1437 533 ut
1457 500 1568 533 verba
1589 499 1790 534 infidelium

237 558 384 591 audiant
405 555 665 602 disputantium
687 563 813 588 contra
835 553 954 587 fidem.

307 610 366 644 AD
384 619 533 644 PRIMUM
552 619 640 653 ergo
661 607 866 649 dicendum,
889 606 985 652 quod
1006 605 1206 652 Apostolus
1224 617 1298 640 non
1317 605 1483 651 prohibet
1503 605 1661 640 totaliter
1679 606 1795 653 dispu-

235 663 422 704 tationem,
444 662 506 696 sed
528 662 783 702 inordinatam,
806 671 896 706 quae
919 659 1034 705 magis
1057 659 1094 693 fit
1121 660 1354 693 contentione
1376 659 1583 702 verborum,
1606 671 1715 706 quam
1740 660 1795 694 fir-

240 719 362 751 mitate
390 716 659 750 sententiarum.

308 771 368 804 AD
395 779 602 804 SECUNDUM
624 767 831 808 dicendum,
855 766 951 812 quod
973 766 1030 800 lex
1047 766 1107 799 illa
1128 766 1294 811 prohibet
1315 766 1497 812 publicam
1513 767 1793 813 disputationem

238 824 282 858 de
304 823 384 865 fide,
404 833 495 868 quae
517 821 680 868 procedit
702 832 744 854 ex
766 820 987 854 dubitatione
1005 819 1101 861 fidei,
1119 830 1192 853 non
1214 827 1335 853 autem
1354 819 1466 861 illam,
1482 831 1572 865 quae
1587 827 1640 854 est
1655 820 1698 854 ad
1711 820 1795 855 fidei

239 876 553 911 conservationem
578 874 638 919 [al.
661 873 972 919 ronfirmationem].

310 930 370 964 AD
391 939 561 964 TERTIUM
584 927 790 969 dicendum,
813 926 909 972 quod
931 937 1005 960 non
1028 926 1132 960 debet
1153 925 1325 971 disputari
1347 926 1389 959 de
1411 925 1467 960 his
1489 937 1580 972 quae
1599 934 1680 961 sunt
1700 927 1794 970 fidei,

238 984 340 1030 quasi
362 983 405 1017 de
428 983 478 1016 eis
501 981 709 1022 dubitando,
724 981 786 1014 sed
802 988 948 1026 propter
965 980 1154 1013 veritatem
1173 978 1488 1021 manifestandam,
1507 988 1541 1014 et
1559 991 1698 1014 errores
1714 992 1796 1014 con-

239 1037 425 1071 futandos:
450 1042 592 1080 oportet
614 1034 710 1068 enim
738 1034 781 1067 ad
808 1033 891 1067 fidei
919 1033 1235 1067 confirmationem
1262 1032 1455 1078 aliquando
1484 1044 1566 1067 cum
1593 1033 1795 1069 infidelibus

240 1090 439 1135 disputare:
464 1089 680 1135 quandoque
704 1087 849 1133 quidem
871 1086 1099 1120 defendendo
1127 1086 1246 1127 fidem,
1275 1086 1475 1120 secundum
1508 1086 1595 1120 illud
1625 1087 1722 1122 Petri
1746 1099 1794 1134 3.:

239 1145 358 1179 Parati
375 1149 500 1189 semper
522 1141 563 1175 ad
580 1141 836 1186 ςιῑίιῖψίῑίῐοηειηΥ
855 1141 946 1173 omni
959 1141 1104 1186 poscanli
1119 1152 1177 1173 ves
1197 1141 1356 1174 rationem
1371 1140 1406 1174 du
1420 1152 1468 1181 aa,
1485 1151 1565 1185 quae
1583 1145 1625 1175 est
1645 1142 1677 1174 in
1690 1142 1795 1183 vobis,

238 1203 302 1242 spe,
325 1196 454 1242 ctfida:
478 1195 695 1241 quandoque
719 1201 838 1227 autem
862 1193 905 1226 ad
929 1193 1198 1227 convincendos
1227 1201 1396 1235 errantes,
1423 1194 1622 1227 secundum
1644 1193 1730 1228 illud
1753 1194 1797 1228 ad

243 1249 369 1284 Titum
389 1260 436 1283 1.:
460 1249 500 1283 Ut
514 1250 553 1283 sil
566 1252 680 1294 potans
694 1247 863 1281 exhortari
880 1247 912 1280 in.
927 1246 1078 1281 doctrina
1092 1258 1184 1287 sama,
1200 1251 1229 1280 ct
1244 1258 1304 1288 eos,
1321 1248 1377 1292 qm?
1391 1247 1632 1290 contradicunt,
1648 1259 1796 1293 arguere.

763 1387 1108 1432 ARTICULUS
1140 1388 1262 1430 VIII.
1757 1401 1797 1445 58

443 1497 594 1527 UTRUM
627 1497 853 1527 INFIDELES
882 1496 1191 1526 COMPELLENDI
1226 1495 1322 1525 SlNT
1356 1495 1413 1524 AD
1448 1496 1594 1525 FIDEM.

718 1584 765 1628 (4.
788 1585 877 1618 Dist.
899 1596 942 1630 13.
964 1596 994 1629 q.
1011 1595 1042 1618 2.
1068 1589 1133 1618 art.
1155 1596 1182 1618 Ι.
1205 1583 1246 1617 ad
1268 1583 1328 1627 6.).

313 1675 372 1709 AD
395 1684 583 1709 OCTAVUM
606 1673 634 1707 si
656 1673 872 1718 proceditur.
900 1672 1062 1714 Videtur,
1085 1673 1181 1718 quod
1203 1672 1364 1707 infideles
1386 1672 1487 1707 nullo
1510 1672 1621 1707 modo
1644 1674 1801 1721 compel-

241 1729 338 1763 lendi
352 1728 422 1762 sint
443 1728 486 1761 ad
502 1727 629 1760 sidem:
653 1726 781 1760 dicitur
804 1726 900 1760 enim
915 1726 1041 1760 Matth.
1066 1737 1116 1771 13.
1132 1726 1228 1772 quod
1243 1726 1336 1760 servi
1356 1725 1633 1771 patrisfamilias,
1649 1727 1684 1761 in
1700 1729 1799 1774 cujus

243 1793 328 1827 agro
352 1790 452 1815 erant
473 1780 609 1814 zizania
631 1780 819 1821 seminata,
836 1780 1063 1825 quaesierunt
1085 1780 1127 1813 ab
1151 1790 1212 1813 eo:
1239 1780 1293 1814 Vis
1316 1781 1411 1822 imus,
1430 1785 1457 1814 et
1478 1780 1659 1825 colligimus
1679 1783 1743 1816 ca?
1757 1782 1801 1816 Et

241 1836 317 1881 ipse
339 1834 541 1880 respondit:
568 1833 658 1874 Non,
682 1846 719 1867 na
733 1834 822 1879 jort&
845 1833 1023 1878 colligentes
1050 1834 1192 1877 zizania,
1221 1832 1390 1867 eradicetis
1407 1833 1505 1867 simul
1530 1845 1604 1868 cum
1630 1835 1673 1868 cis
1693 1840 1723 1869 et
1744 1836 1801 1870 tri-

242 1890 365 1924 ticum:
391 1887 452 1921 ubi
478 1886 563 1920 dicit
590 1885 719 1932 Chrys.
750 1886 853 1930 (hom.
880 1897 934 1932 47.
963 1887 995 1919 in
1023 1886 1179 1928 Matth.).·
1205 1886 1298 1920 Haec
1325 1886 1402 1921 dicit
1433 1887 1599 1921 Dominus
1624 1888 1801 1933 prohibens

246 1943 418 1977 occisiones
438 1942 521 1983 fieri.
543 1941 611 1975 Nec
633 1941 719 1974 enim
741 1944 863 1986 oportet
885 1941 1063 1985 interficere
1085 1940 1280 1980 haeretico&
1309 1941 1386 1985 quia
1411 1941 1438 1974 si
1458 1952 1507 1974 eos
1533 1941 1725 1984 occideritis,
1747 1954 1801 1976 ne-

244 2008 322 2031 cessu
348 2000 391 2030 est
405 1995 522 2029 multos
543 1995 741 2029 Sanctorum
762 1994 859 2028 simul
879 1995 1043 2034 subverti;
1068 2004 1154 2039 ergo
1176 1993 1327 2035 videtur,
1355 1993 1451 2039 quod
1477 1993 1554 2040 pari
1574 1994 1712 2029 ratione
1734 2006 1800 2030 nec

244 2049 353 2096 aliqui
375 2048 535 2083 infideles
557 2047 627 2082 sint
645 2048 689 2081 ad
710 2047 820 2081 fidem
843 2047 1008 2092 cogendi.

317 2114 348 2138 2.
371 2103 606 2137 PRAETEREA.
623 2102 663 2135 In
685 2101 791 2134 Decr.
811 2101 888 2135 dist.
912 2111 967 2145 45.
984 2102 1074 2146 (cap.
1093 2113 1120 2146 5.
1144 2105 1170 2134 cl
1193 2102 1225 2134 in
1249 2101 1375 2135 Com-il.
1399 2101 1499 2136 Tolet.
1521 2112 1553 2145 4.
1577 2113 1649 2136 can.
1667 2102 1735 2148 57.)
1750 2102 1800 2137 sic

245 2157 387 2191 dicitur:
411 2157 462 2190 De
476 2155 609 2200 Judacis
626 2156 794 2201 praecepit
813 2154 934 2189 Sancta
958 2154 1113 2199 synodus,
1137 2155 1260 2187 numini
1280 2154 1436 2200 deinceps>
1453 2154 1495 2188 ad
1516 2154 1710 2189 credendum
1730 2157 1801 2190 vim

246 2211 387 2257 injerre;
412 2220 499 2255 ergo
522 2210 597 2255 pari
618 2208 756 2241 ratione
778 2218 843 2241 nec
867 2207 927 2240 alii
948 2206 1109 2241 infideles
1131 2215 1212 2241 sunt
1234 2207 1277 2240 ad
1300 2207 1407 2241 fidem
1430 2207 1595 2253 cogendi.

320 2275 347 2309 3.
369 2263 604 2297 PRAETEREA.
627 2261 780 2306 August.
797 2260 881 2294 dicit
895 2261 1007 2305 (trust.
1022 2260 1077 2295 26.
1094 2260 1265 2305 iustum),
1283 2260 1378 2306 quod
1394 2268 1535 2294 caetera
1550 2269 1666 2306 potest
1685 2262 1799 2297 homo

245 2316 384 2358 nolens,
408 2315 552 2349 credere
573 2325 659 2348 vero
674 2325 747 2348 non
762 2314 830 2348 nisi
847 2313 991 2347 volens:
1007 2314 1067 2348 sed
1090 2314 1256 2348 voluntas
1279 2314 1360 2360 cogi
1382 2325 1455 2348 non
1477 2322 1613 2360 potest3
1641 2327 1728 2362 ergo
1755 2316 1802 2350 vi-

246 2371 358 2411 detur,
385 2369 481 2415 quod
506 2367 667 2401 infideles
690 2379 763 2401 non
786 2367 855 2401 sint
877 2368 919 2400 ad
940 2367 1047 2401 fidem
1070 2367 1234 2412 cogendi.

318 2433 349 2466 4.
372 2423 607 2457 PRAETEREA.
623 2420 752 2454 Ezech.
780 2421 830 2453 18.
853 2420 981 2454 dicitur
1003 2432 1043 2454 ex
1062 2432 1215 2465 persona
1233 2420 1320 2454 Dei:
1340 2420 1425 2455 Nolo
1446 2426 1581 2455 mortem
1595 2424 1801 2468 peccatoris:

246 2477 307 2511 sed
330 2487 396 2510 nos
418 2476 589 2510 debemus
611 2473 835 2508 voluntatem
858 2481 1019 2507 nostram
1043 2473 1271 2507 conformare
1298 2473 1451 2516 divinae,
1474 2483 1510 2508 ut
1532 2486 1638 2521 supra
1665 2476 1800 2511 dictum

247 2538 299 2565 est
320 2531 399 2575 (1-2.
422 2541 450 2575 q.
473 2541 524 2574 19.
547 2533 610 2562 art.
639 2540 669 2574 9.
693 2533 719 2562 ct
740 2528 828 2572 10.);
858 2538 943 2572 ergo
967 2527 1074 2561 etiam
1096 2538 1162 2561 nos
1183 2538 1256 2560 non
1280 2527 1450 2561 debemus
1477 2527 1582 2570 velle,
1605 2529 1701 2574 quod
1728 2530 1801 2564 infi-

248 2583 344 2618 deles
367 2582 588 2617 occidantur.

319 2637 392 2671 SED
416 2646 569 2670 CONTRA
586 2642 649 2676 est,
671 2634 768 2680 quod
791 2633 918 2667 dicitur
940 2633 1026 2667 Luc.
1054 2634 1251 2675 14.:E.t1'in
1273 2635 1355 2675 vim,
1375 2640 1405 2668 et
1422 2641 1516 2681 sepes,
1539 2641 1568 2670 et
1589 2636 1739 2682 compelle
1755 2637 1802 2670 in-

248 2696 347 2732 trare,
370 2689 589 2736 zctimpleatm’
610 2687 722 2722 domus
744 2698 833 2721 mea:
856 2686 917 2720 sed
939 2686 1106 2720 homines
1129 2687 1164 2720 in
1187 2687 1337 2720 domum
1359 2687 1439 2729 Dei,
1463 2688 1552 2722 idest
1572 2688 1608 2722 in
1631 2689 1802 2724 Sanctam

248 2743 463 2784 Ecclesiam,
485 2742 617 2776 intrant
635 2752 697 2787 per
718 2739 846 2782 fidem;
870 2751 955 2784 ergo
980 2739 1088 2785 aliqui
1110 2747 1190 2773 sunt
1212 2740 1456 2786 compellendi
1478 2741 1520 2774 ad
1542 2741 1660 2775 fidem.

320 2796 547 2830 RESPONDEO
570 2793 775 2835 dicendum,
798 2793 893 2839 quod
916 2792 1114 2826 infidelium
1134 2793 1266 2838 qnidam
1286 2802 1367 2827 sunt
1388 2794 1447 2839 qui
1465 2806 1664 2841 numquam
1687 2806 1805 2830 susce-

250 2858 377 2898 perunt
398 2849 518 2891 fidem,
540 2849 631 2883 sicut
661 2846 834 2889 Gentiles,
858 2855 891 2881 et
908 2846 1051 2892 Judaei:
1077 2854 1108 2880 et
1136 2846 1224 2880 tales
1254 2846 1354 2881 nullo
1386 2848 1495 2882 modo
1523 2856 1603 2883 sunt
1630 2848 1672 2882 ad
1694 2848 1802 2884 fidem
