1905 3137
578 138 797 174 QUAESTto
831 139 872 168 X.
907 139 1150 168 ARTICULUS
1183 139 1210 168 Ι.
1605 140 1654 182 93

106 217 213 253 Rom.
240 229 310 254 10.:
335 219 506 263 Quomodo
529 219 656 254 credant
681 222 721 262 el,
749 232 842 266 quem
871 232 935 254 non
961 220 1166 255 audierunt?
1193 220 1365 265 Quomodo
1392 225 1500 255 autam
1527 220 1661 255 audient

104 273 171 307 sine
188 272 432 319 praedicante?
453 272 548 318 Ergo
571 273 761 308 infidelitas
787 285 861 308 non
882 273 1022 308 videtur
1044 285 1122 308 esse
1145 282 1346 320 peccatum.

179 336 207 371 3.
229 325 465 360 PRAETEREA.
489 326 590 361 Sicut
612 327 746 361 dictum
770 336 823 362 est
843 328 923 372 (1-2.
946 339 975 373 q.
991 328 1045 371 84.
1064 333 1128 362 nrt.
1147 327 1199 371 4.)
1221 336 1302 362 sunt
1328 335 1465 373 septem
1490 327 1574 361 vitia
1603 338 1661 360 ca-

106 377 240 423 pitalia,
263 379 306 412 ad
328 390 418 425 quac
441 379 563 413 omnia
586 388 734 425 peccata
756 380 992 414 reducuntur:
1020 381 1083 415 sub
1103 380 1204 414 nullo
1228 389 1348 415 autem
1369 381 1502 415 horum
1519 380 1660 415 videtur

107 431 287 466 contineri
308 432 517 474 infidelitas;
540 444 626 478 ergo
648 433 839 468 infidelitas
861 445 934 468 non
959 441 1011 468 est
1032 442 1234 479 peccatum.

176 484 250 519 SED
273 496 438 520 CONTRA.
461 485 592 520 Virtuti
614 487 853 521 contrariatur
874 487 1018 521 vitium:
1043 487 1104 521 sed
1126 486 1214 521 fides
1237 494 1288 521 est
1309 487 1432 529 virtus,
1448 487 1504 521 cui
1524 495 1661 522 contra-

106 536 217 571 riatur
238 538 450 581 infidelitas;
473 550 559 585 ergo
582 539 772 574 infidelitas
795 548 848 574 est
869 547 1069 585 peccatum.

175 591 403 627 RESPONDEO
427 593 632 635 dicendum,
654 594 750 639 quod
772 593 962 628 infidelitas
984 593 1155 639 dupliciter
1177 593 1292 638 accipi
1314 602 1449 639 potest:
1473 605 1535 627 uno
1562 593 1656 627 modo

103 645 300 678 secundum
317 657 443 691 puram
458 646 709 691 negationem3
729 655 767 681 ut
781 647 917 681 dicatur
930 646 1083 680 infidelis
1101 658 1141 680 ex
1158 646 1227 680 hoc
1246 646 1337 687 solo,
1353 647 1449 692 quod
1464 657 1538 679 non
1552 646 1662 680 habet

103 697 209 731 fidem
226 710 233 731 z
256 699 322 732 alio
338 699 431 733 modo
446 707 564 745 potest
577 699 728 745 intelligi
743 700 933 734 infidelitas
948 700 1147 734 secundum
1159 699 1454 734 contrarietatem
1469 699 1512 733 ad
1529 699 1658 740 fidem3

106 762 176 796 qua
198 751 335 786 scilicet
357 752 484 798 aliquis
506 761 681 799 repugnat
703 754 837 787 auditui
854 753 945 795 fidei,
960 752 1018 787 vel
1039 753 1148 787 etiam
1171 753 1374 786 contemnit
1391 753 1518 798 ipsam,
1537 764 1658 786 secun-

103 804 190 838 dum
211 804 298 839 illud
319 805 433 840 Isaiae
460 816 527 851 53.:
564 807 649 851 Quis
670 807 808 841 credidit
829 807 958 841 auditui
980 808 1116 841 nostro?
1145 806 1189 840 Et
1219 808 1253 840 in
1281 807 1352 840 hoc
1388 807 1530 852 proprie
1557 805 1658 852 perfi-

103 859 194 892 citur
214 860 305 892 ratio
327 858 565 901 infidelitati83
588 868 622 893 et
640 860 840 894 secundum
861 860 932 894 hoc
954 859 1144 893 infidelitas
1167 868 1219 894 est
1244 867 1454 905 peccatum:
1482 859 1511 893 si
1538 867 1657 892 autem

103 911 298 957 accipiatur
319 913 516 946 secundun]
539 913 773 958 negationem
795 925 933 959 puram,
955 913 1047 947 sicut
1068 913 1103 946 in
1125 912 1207 954 illis,
1229 913 1289 959 qui
1306 912 1397 946 nihil
1413 912 1600 946 audierunt
1617 912 1659 945 de

101 964 182 1007 fide,
203 977 268 999 non
289 965 382 1000 habet
402 967 563 1000 rationem
578 968 719 1012 peccati,
739 967 801 1000 sed
824 967 940 1012 magis
962 977 1118 1012 poenae:
1142 966 1224 1012 quia
1246 965 1326 1000 talis
1347 965 1552 1011 ignorantia
1574 965 1658 998 divi-

100 1029 232 1052 norum
255 1029 297 1052 ex
318 1028 468 1065 peccato
491 1020 598 1065 primi
619 1020 774 1065 parentis
790 1028 984 1054 consecuta
1007 1027 1068 1054 est.
1094 1019 1169 1060 Qui
1184 1027 1303 1053 autern
1320 1019 1369 1053 sic
1386 1027 1468 1053 sunt
1485 1017 1658 1060 infideles,

102 1071 293 1105 damnatur
314 1072 460 1118 quidem
482 1080 626 1119 propter
648 1072 717 1106 alia
739 1082 899 1119 peccata,
921 1085 1012 1119 quae
1039 1074 1116 1108 sine
1138 1073 1207 1107 fide
1229 1073 1362 1107 remitti
1388 1084 1462 1107 non
1489 1080 1658 1119 possunt;

101 1135 176 1159 non
210 1133 330 1159 autem
365 1125 582 1160 damnantur
603 1135 749 1173 propter
770 1126 989 1161 infidelitatis
1011 1135 1221 1173 peccatum3
1248 1126 1342 1161 unde
1369 1126 1549 1160 Dominus
1575 1125 1661 1159 dicit

96 1177 224 1223 Joann.
252 1189 322 1224 15.:
344 1179 380 1214 Si
407 1191 472 1213 non
493 1181 660 1221 venissem,
683 1185 711 1214 et
732 1180 857 1215 locutus
877 1182 921 1215 eis
941 1192 1006 1214 non
1024 1181 1176 1226 fuissem,
1199 1185 1371 1226 peccatum
1398 1192 1462 1214 non
1490 1180 1655 1220 haberent,

101 1232 199 1278 quod
221 1243 406 1279 exponens
427 1234 580 1279 August.
606 1234 715 1278 (tract.
731 1235 785 1279 89.
809 1235 843 1267 in
860 1234 976 1279 joan)
1000 1234 1096 1276 dicit,
1119 1234 1216 1280 quod
1238 1233 1397 1280 loquitur
1426 1233 1469 1267 de
1496 1232 1558 1267 illo
1579 1243 1659 1278 pec-

101 1293 194 1328 cato,
217 1297 288 1332 quo
310 1297 384 1320 non
407 1287 633 1321 crediderunt
655 1287 690 1320 in
714 1287 913 1321 Christum.

171 1339 230 1373 AD
249 1350 398 1374 PRIMUM
421 1351 508 1386 ergo
531 1340 735 1383 dicendum,
750 1342 846 1386 quod
861 1341 993 1375 habere
1008 1340 1116 1375 fidem
1132 1352 1206 1375 non
1222 1349 1274 1375 est
1289 1341 1325 1374 in
1339 1348 1465 1374 natura
1479 1339 1658 1374 humana:

100 1392 162 1427 sed
183 1394 218 1427 in
239 1401 367 1427 natura
387 1393 548 1427 humana
570 1402 632 1436 est,
653 1402 691 1428 ut
705 1405 808 1429 mens
829 1394 990 1428 hominis
1004 1406 1078 1428 non
1094 1403 1270 1441 repugnet
1284 1394 1445 1428 interiori
1463 1393 1657 1434 instinctui,

101 1453 136 1480 et
157 1447 323 1481 exteriori
344 1447 502 1481 veritatis
524 1447 800 1493 praedicationi3
822 1448 917 1482 unde
938 1448 1129 1482 infidelitas
1150 1448 1351 1483 secundum
1371 1447 1442 1481 hoc
1462 1454 1515 1481 est
1533 1454 1657 1480 contra

101 1507 278 1533 naturam.

173 1552 233 1587 AD
256 1563 463 1588 SECUNDUM
486 1553 690 1596 dicendum,
713 1554 809 1600 quod
831 1556 921 1588 ratio
943 1553 1005 1588 illa
1029 1554 1193 1601 procedit
1219 1554 1262 1589 de
1288 1554 1510 1596 infidelitate,
1535 1563 1659 1587 secun-

101 1605 188 1640 dum
210 1606 306 1651 quod
327 1606 498 1652 importat
519 1607 721 1653 simplicem
744 1609 988 1653 negationem.

172 1659 232 1693 AD
260 1670 430 1694 TERTIUM
453 1660 658 1702 dicendum,
680 1661 777 1706 quod
806 1660 1009 1703 infidelitas,
1032 1662 1230 1695 secundum
1253 1661 1349 1707 quod
1377 1669 1430 1695 est
1454 1667 1657 1706 peccatum,

101 1712 213 1747 oritur
235 1724 276 1746 ex
297 1713 480 1759 superbia3
503 1725 546 1747 ex
568 1725 637 1759 qua
661 1714 848 1759 contingit,
871 1714 968 1760 quod
989 1714 1104 1748 homo
1132 1714 1357 1748 intellectum
1375 1725 1480 1748 suum
1493 1725 1567 1747 non
1582 1712 1658 1746 vult

101 1766 276 1811 subjicere
297 1766 430 1812 regulis
452 1766 545 1809 fidei,
562 1775 597 1801 et
617 1778 706 1801 sano
721 1767 919 1801 intellectui
932 1767 1100 1809 Patrum;
1122 1768 1216 1801 unde
1232 1767 1341 1813 Greg.
1358 1767 1444 1801 dicit
1459 1778 1511 1813 31.
1527 1765 1656 1800 Moral.

102 1819 188 1865 (cap.
211 1819 278 1865 17.)
301 1819 397 1865 quod
421 1831 464 1854 ex
484 1819 582 1853 inani
604 1819 720 1865 gloria
742 1820 905 1854 oriuntur
918 1821 1120 1854 novitatum
1136 1821 1467 1867 praesumptiones:
1491 1819 1655 1865 quamvis

101 1880 222 1918 posset
243 1872 324 1915 dici,
347 1873 443 1919 quod
465 1873 557 1907 sicut
577 1873 726 1908 virtutes
746 1873 978 1919 theologicae
1000 1885 1074 1908 non
1096 1874 1314 1908 reducuntur
1341 1874 1383 1907 ad
1410 1873 1558 1907 virtutes
1586 1884 1658 1906 car-

100 1925 249 1968 dinales,
271 1926 333 1960 sed
355 1934 437 1960 sunt
457 1926 594 1972 priores
617 1926 684 1968 eis;
711 1926 759 1960 ita
782 1926 891 1961 etiam
912 1927 998 1961 vitia
1021 1927 1186 1973 opposita
1217 1927 1406 1962 virtutibus
1436 1925 1655 1972 theologicis

98 1990 172 2013 non
192 1979 412 2013 reducuntur
433 1979 476 2014 ad
498 1980 584 2014 vitia
606 1979 782 2026 capitalia.

657 2138 999 2184 ARTICULUS
1030 2139 1086 2182 H.
1614 2160 1653 2195 52

177 2258 330 2289 UTRUM
355 2259 629 2289 INFIDELITAS
658 2259 725 2289 SIT
753 2259 797 2290 IN
823 2259 1103 2289 INTELLECTU
1131 2259 1258 2288 SICUT
1283 2259 1327 2289 IN
1353 2258 1582 2301 SUBJECTO.

311 2359 360 2404 (2.
382 2360 471 2394 Dist.
491 2359 542 2406 36.
565 2371 594 2405 q.
617 2372 644 2394 r.
667 2364 730 2394 art.
753 2371 784 2394 2.
807 2358 848 2393 ad
868 2370 901 2404 4.
923 2364 954 2394 et
969 2371 998 2406 3.
1020 2359 1107 2394 Dist.
1129 2370 1177 2405 23.
1201 2370 1231 2405 q.
1252 2370 1282 2393 2.
1302 2363 1364 2392 art.
1383 2359 1441 2404 3).

168 2460 228 2494 AD
256 2470 462 2495 SECUNDUM
483 2460 532 2494 sic
555 2460 771 2506 proceditur.
792 2459 955 2502 Videtur,
982 2460 1078 2506 quod
1100 2459 1291 2494 infidelitas
1318 2470 1393 2493 non
1421 2460 1465 2493 sit
1494 2459 1529 2492 in
1553 2457 1655 2492 intel-

98 2512 192 2547 lectu
214 2513 305 2547 sicut
325 2513 362 2547 in
375 2514 554 2559 subjecto:
578 2525 687 2548 omne
702 2514 799 2548 enirn
813 2521 1003 2559 peccatum
1020 2514 1057 2547 in
1071 2513 1256 2547 voluntate
1273 2522 1335 2554 est,
1350 2521 1388 2546 ut
1402 2513 1554 2557 August.
1569 2511 1653 2545 dicit

98 2566 135 2600 in
155 2566 246 2600 libro
269 2566 312 2600 de
332 2566 449 2600 Duab.
472 2566 594 2600 Anim.
619 2567 706 2614 (cap.
728 2579 778 2602 10.
802 2572 831 2601 et
851 2567 936 2611 II.).·
958 2566 1019 2601 sed
1042 2566 1232 2600 infidelitas
1251 2573 1303 2600 est
1325 2565 1507 2611 quoddam
1528 2576 1653 2610 pecca-

98 2627 188 2662 tum,
209 2627 248 2654 ut
267 2619 404 2654 dictum
426 2627 479 2654 est
498 2619 577 2663 (art.
590 2621 719 2666 praec.)
729 2633 741 2661 ;
766 2631 852 2666 ergo
874 2619 1065 2654 infidelitas
1088 2628 1141 2654 est
1160 2620 1197 2653 in
1210 2618 1395 2653 voluntate
1417 2618 1508 2652 sicut
1525 2618 1562 2652 in
1576 2618 1654 2652 sub-

98 2673 205 2718 jecto,
226 2683 300 2706 non
321 2673 357 2706 in
378 2672 572 2707 intellectu.

170 2736 200 2760 2.
223 2726 458 2760 PRAETEREA.
479 2725 673 2761 Infidelitas
690 2726 799 2760 habet
819 2725 997 2760 rationem
1016 2726 1155 2772 peccati
1174 2737 1215 2759 ex
1237 2735 1292 2766 ec,
1315 2724 1410 2770 quod
1432 2725 1650 2770 praedicatio

99 2778 183 2813 fidei
200 2779 459 2814 contemnitur:
482 2779 544 2814 sed
564 2787 792 2826 contemptus
809 2780 851 2813 ad
866 2778 1091 2813 voluntatem
1106 2780 1272 2824 pertinet3
1295 2789 1381 2824 ergo
1395 2777 1584 2812 infidelitas
1599 2786 1651 2813 est

99 2832 136 2866 in
156 2831 352 2867 voluntate.
