1859 3122
453 167 672 202 QUAESTIO
706 167 806 197 XLV.
840 168 1085 198 ARTICULUS
1118 169 1174 198 VI.
1520 170 1596 212 351

43 247 242 293 requiritur,
265 255 303 281 ut
323 248 427 283 bonis
449 260 577 284 eorum
598 261 672 284 non
695 258 884 297 repugnet:
909 259 943 285 et
964 251 1035 285 hoc
1058 259 1110 286 est
1140 251 1237 297 quod
1272 251 1374 286 dicit:
1409 252 1508 286 Bonis
1534 263 1605 285 con-

41 302 196 336 sentiens:
217 301 367 344 secundo,
395 303 491 349 quod
523 303 718 338 defectibus
752 304 907 350 proximi
928 312 962 338 et
984 305 1226 350 compatiatur
1247 305 1283 338 in
1306 304 1448 347 affectu,
1471 312 1505 339 et
1527 304 1605 338 sub-

41 354 162 389 veniat
182 354 219 388 in
241 354 388 390 effectu:
413 365 447 391 et
468 357 538 391 hoc
563 365 616 392 est
637 357 733 403 quod
749 357 893 392 dicitur:
910 358 1011 392 Plana
1025 358 1263 399 misericordia,
1280 359 1485 404 etfructilvus
1500 359 1603 392 laonii-.-

41 409 134 442 tartio
155 408 356 454 requiritur,
379 417 416 443 ut
438 410 648 445 charitative
670 411 865 445 emendare
887 419 1035 457 peccata
1059 411 1213 445 aliorum
1231 420 1389 457 satagat:
1409 419 1442 445 et
1460 412 1531 445 hoc
1552 420 1605 445 est

41 461 137 507 quod
159 461 261 496 dicit:
280 463 439 506 judicans
463 465 530 498 sina
555 465 785 506 simulatione,-
808 476 853 499 ne
883 464 1020 500 scilicet
1055 466 1321 500 correctionem
1356 466 1603 512 praetendens,

41 514 163 549 odium
187 516 349 550 intendat
370 517 522 563 explere.

535 809 889 870 QUAESTIO
930 810 1109 858 XLVI.

218 943 280 975 DE
307 943 569 984 STULTITIA,
600 944 730 985 QUAE
756 945 1040 977 SAPIENTIAE
1067 944 1293 978 OPPOSITA
1320 946 1416 985 EST,

466 1015 518 1046 IN
554 1016 670 1048 TRES
696 1016 958 1049 ARTICULOS
996 1017 1171 1049 DIVISA.

109 1152 250 1188 Deinde
272 1154 577 1190 considerandum
600 1163 652 1190 est
678 1156 721 1190 de
748 1156 908 1199 stultitia,
932 1168 1023 1203 quae
1046 1157 1240 1204 opponitur
1261 1157 1468 1204 sapientiae.

536 1245 581 1280 Et
602 1246 692 1280 circa
713 1246 772 1281 hoc
794 1251 1000 1292 quaeruntur
1021 1248 1099 1281 tria.

108 1313 243 1350 Primo.
266 1316 399 1351 Utrum
420 1315 567 1351 stultitia
590 1326 794 1364 opponatur
815 1318 1022 1364 sapientiae.

109 1368 289 1403 Secundo.
312 1370 444 1404 Utrum
465 1369 612 1404 stultitia
635 1371 679 1405 sit
700 1380 903 1418 peccatum.

109 1421 247 1458 Tertio.
270 1423 328 1457 Ad
349 1424 446 1470 quod
466 1424 595 1458 vitium
617 1424 770 1471 capitale
792 1425 994 1460 reducatur.

624 1567 967 1612 ARTICULUS
1003 1568 1035 1610 Ι.

318 1674 471 1705 UTRUM
497 1675 735 1706 STULTITIA
761 1676 1026 1706 OPPONATUR
1054 1676 1322 1706 SAPIENTIAE.

1535 1591 1552 1614 Ν

1562 1592 1597 1625 55

561 1763 679 1810 (Schr.
706 1775 736 1809 q.
763 1764 794 1799 8.
822 1768 885 1798 art.
913 1764 945 1799 6.
972 1763 1014 1798 ad
1043 1763 1102 1808 1.).

107 1851 166 1885 AD
188 1861 337 1886 PRIMUM
359 1851 409 1885 sic
431 1852 648 1898 proceditur.
670 1852 832 1895 Videtur,
854 1853 950 1899 quod
973 1852 1121 1886 stultitia
1143 1863 1217 1886 non
1239 1861 1443 1898 opponatur
1464 1853 1600 1899 sapien-

35 1905 124 1939 tiae:
146 1905 342 1951 sapientiae
366 1907 462 1939 enim
484 1906 617 1940 directe
639 1906 779 1940 videtur
801 1907 937 1952 opponi
959 1906 1182 1952 insipientia:
1205 1906 1266 1940 sed
1289 1905 1437 1940 stultitia
1459 1919 1534 1941 non
1552 1908 1600 1941 vi-

35 1957 137 1992 detur
158 1969 234 1992 esse
255 1958 353 1992 idem
375 1958 471 2004 quod
494 1959 716 2005 insipientia:
740 1959 821 2005 quia
851 1959 1055 2005 insipientia
1077 1959 1217 1993 videtur
1251 1970 1327 1994 esse
1362 1959 1481 1994 solum
1505 1961 1599 1994 circa

35 2011 166 2053 divina,
188 2011 280 2045 sicut
302 2020 337 2046 et
357 2012 551 2058 sapientia;
573 2012 721 2047 stultitia
752 2021 873 2047 autem
895 2024 932 2047 se
954 2013 1062 2047 habet
1084 2020 1119 2046 et
1140 2013 1235 2046 circa
1270 2013 1401 2055 diviua,
1436 2021 1470 2047 et
1505 2014 1598 2048 circa

35 2064 216 2107 humana3
239 2076 325 2111 ergo
347 2065 544 2112 sapientiae
567 2077 642 2099 non
665 2067 858 2112 opponitur
879 2065 1038 2100 stultitia.

107 2128 138 2152 2.
160 2118 396 2153 PRAETEREA.
424 2119 549 2153 Unum
571 2120 823 2165 oppositorum
844 2131 918 2154 non
941 2127 994 2154 est
1012 2119 1069 2153 via
1087 2119 1319 2166 perveniendi
1339 2119 1381 2153 ad
1401 2119 1516 2154 aliud:
1537 2120 1598 2154 sed

36 2170 184 2205 stultitia
206 2179 259 2206 est
279 2172 336 2206 via
358 2172 591 2218 perveniendi
613 2173 656 2207 ad
678 2173 910 2219 sapientiam:
934 2173 1063 2207 dicitur
1085 2174 1181 2207 enim
1208 2184 1235 2207 1.
1253 2173 1296 2206 ad
1312 2173 1398 2207 Cor.
1418 2184 1462 2219 3.:
1479 2173 1600 2219 Siquis

35 2224 167 2259 videtur
187 2226 273 2259 inter
291 2237 350 2260 vos
368 2227 508 2272 sapiens,
535 2238 594 2260 esse
619 2228 654 2260 ιἰι
681 2227 738 2261 hoc
758 2227 896 2268 saeculo,
919 2227 1033 2261 stultus
1046 2227 1124 2272 fiat,
1153 2231 1187 2261 ut
1210 2228 1253 2262 sit
1277 2228 1424 2273 sapien&
1447 2238 1532 2273 ergo
1548 2238 1600 2261 sa-

36 2277 191 2323 pientiae
212 2289 286 2312 non
308 2279 503 2325 opponitur
529 2279 688 2314 stultitia.

110 2343 139 2378 3.
161 2332 397 2367 PRAETEREA.
420 2333 545 2366 Unum
560 2335 810 2379 oppositorum
825 2345 898 2368 non
915 2343 967 2369 est
982 2345 1090 2368 causa
1106 2333 1268 2368 alterius:
1285 2334 1460 2380 sapientia
1476 2342 1596 2368 autem

36 2393 89 2419 est
110 2396 216 2420 causa
239 2386 426 2421 stultitiae:
449 2386 578 2420 dicitur
600 2387 697 2421 enim
718 2387 878 2421 Hierem.
905 2398 973 2422 10.:
996 2388 1120 2422 Stultus
1134 2388 1246 2433 factus
1273 2393 1315 2422 est
1336 2389 1442 2422 onmis
1464 2388 1558 2422 homo
1577 2400 1595 2421 ιι

34 2439 169 2473 scientia
194 2451 270 2479 sucu
298 2439 472 2485 sapientia
505 2447 628 2474 autem
662 2440 840 2486 quaedam
873 2441 1024 2475 scientia
1054 2449 1124 2475 est:
1149 2449 1184 2475 et
1204 2441 1271 2475 Isa.
1293 2451 1349 2486 47.
1374 2441 1520 2474 dicitur:
1542 2441 1600 2475 Siz-

30 2492 160 2538 pientia
181 2497 248 2534 tua,
271 2497 299 2527 et
319 2494 455 2526 scientia
482 2498 551 2535 tica,
573 2493 650 2528 haec
670 2493 792 2540 decepit
813 2499 860 2529 ta:
880 2494 998 2540 decipi
1016 2502 1138 2529 autem
1158 2494 1202 2528 ad
1221 2495 1409 2528 stultitiam
1428 2495 1596 2539 pertinet3

36 2555 123 2590 ergo
146 2546 341 2591 sapientiae
363 2557 437 2579 non
460 2547 653 2592 opponitur
673 2547 832 2582 stultitia.

104 2607 138 2640 4.
159 2598 395 2633 PRAETEREA.
418 2599 500 2632 Isid.
523 2599 608 2634 dicit
628 2601 664 2634 in
684 2600 744 2634 lib.
771 2612 822 2636 10.
845 2600 1002 2647 Etymol.
1026 2601 1084 2645 (ad
1105 2601 1151 2635 lit.
1171 2601 1207 2646 S)
1232 2600 1327 2646 quod
1354 2599 1512 2634 «stultus
1535 2609 1598 2642 est,

35 2650 97 2696 qui
117 2662 179 2696 per
200 2651 441 2697 ignominiam
462 2663 536 2686 non
570 2662 823 2688 commovetur
845 2655 889 2687 ad
917 2654 1095 2695 dolorem,
1119 2662 1152 2688 et
1173 2654 1233 2699 qui
1265 2665 1338 2687 non
1362 2662 1529 2686 movetur
1550 2654 1599 2686 in-

35 2703 125 2748 juria
138 2715 178 2737 »z
201 2704 262 2738 sed
284 2705 355 2738 hoc
370 2705 523 2750 pertinet
545 2706 587 2740 ad
603 2706 816 2752 sapientiam
831 2707 1065 2752 spiritualem,
1081 2716 1118 2741 ut
1141 2707 1250 2752 Greg.
1274 2707 1359 2740 dicit
1380 2706 1415 2739 in
1435 2717 1485 2740 10.
1505 2707 1597 2740 Mor.

36 2756 125 2802 (cap.
152 2757 204 2792 16.
231 2762 258 2792 ct
287 2757 351 2803 17.)
362 2769 374 2798 ,·
391 2768 477 2804 ergo
504 2758 700 2804 sapientiae
725 2771 800 2794 non
827 2761 1020 2806 opponitur
1047 2760 1205 2794 stultitia.

109 2810 183 2844 SED
199 2821 355 2845 CONTRA
377 2819 440 2853 est,
463 2812 558 2857 quod
575 2811 727 2859 Gregor.
743 2813 829 2848 dicit
849 2814 884 2847 in
908 2824 938 2848 2.
955 2814 1047 2848 Mor.
1071 2815 1158 2860 (cap.
1181 2813 1252 2857 26.)
1270 2812 1366 2858 quod
1388 2812 1524 2847 donum
1547 2824 1597 2847 sa-

36 2862 193 2908 pientiae
212 2863 314 2898 datur
341 2872 465 2899 contra
487 2864 685 2900 stultitiam.
