1859 3122
213 182 299 223 730
629 181 848 216 QUAESTIO
884 182 973 211 CIII.
1007 183 1248 212 ARTICULUS
1283 183 1342 212 111-

212 268 242 297 εἰ
261 263 303 297 ad
321 265 498 309 imaginem
517 275 592 297 sicae
613 264 840 300 similitudinis
852 266 935 311 fecit
952 266 1065 307 illum,⁴
1086 277 1174 311 ergo
1195 265 1291 300 dulia
1309 277 1382 300 non
1405 275 1457 300 est
1475 266 1544 301 alia
1562 267 1673 301 virtus
1688 278 1707 300 a
1721 266 1767 301 la-

212 316 289 364 tria,
312 328 381 361 qua
402 316 601 350 honoratur
620 317 729 351 Deus.

284 369 358 403 SED
380 380 535 404 CONTRA
563 378 625 412 est,
653 370 748 416 quod
770 371 921 417 August.
949 371 1034 406 dicit
1062 371 1099 405 in
1137 382 1187 406 10.
1215 372 1258 405 de
1280 371 1360 406 Civ.
1382 372 1452 406 Dei
1475 371 1559 418 (cap.
1585 372 1646 417 1.)‚
1670 372 1766 419 quod

215 434 232 452 ‹<
255 421 323 455 alia
345 431 397 456 est
418 423 580 465 servitus,
603 435 694 469 quae
717 424 864 458 debetur
885 425 1105 467 hominibus,
1127 425 1326 459 secundum
1349 437 1458 471 quam
1479 425 1651 471 praecipit
1671 426 1768 471 Apo-

212 475 324 509 stolus
346 487 469 510 servos
496 476 652 510 dominis
679 477 751 511 suis
778 478 938 512 subditos
961 489 1049 520 esse,
1071 489 1162 524 quae
1184 477 1321 512 scilicet
1346 489 1475 523 graece
1502 477 1598 512 dulia
1619 478 1766 520 dicitur;

210 527 279 562 alia
300 540 386 563 vero
408 529 522 572 latria,
545 541 636 575 quae
658 530 786 564 dicitur
806 531 956 565 servitus
978 532 1158 577 pertinens
1180 531 1223 565 ad
1246 531 1440 565 colendum
1461 531 1582 566 Deum
1603 545 1636 565 ».

281 581 509 617 REsPoNDEo
538 584 742 627 dicendum,
769 585 865 630 quod
887 585 1086 619 secundum
1107 595 1148 618 ea
1170 596 1261 630 quae
1283 595 1389 630 supra
1410 584 1504 618 dicta
1526 592 1608 619 sunt
1630 584 1675 630 (q.
1697 596 1766 620 101.

210 640 272 670 art.
290 636 350 682 3.),
374 636 433 670 ubi
455 645 507 671 est
529 636 597 670 alia
619 637 710 671 ratio
733 637 852 680 debiti,
874 638 922 671 ibi
943 649 1090 672 necesse
1113 645 1165 672 est
1186 638 1282 683 quod
1304 637 1349 672 sit
1371 637 1439 671 alia
1456 638 1579 680 virtus,
1598 648 1690 683 quae
1712 637 1769 671 de-

208 688 322 722 bitum
343 690 485 724 reddat:
509 690 578 724 alia
605 699 726 725 autem
752 693 890 726 ratione
917 692 1063 726 debetur
1089 691 1239 726 servitus
1260 691 1354 733 Deo,
1377 699 1411 726 et
1430 691 1592 734 homini;
1614 691 1707 726 sicut
1733 699 1768 726 et

210 741 280 775 alia
302 743 440 777 ratione
468 744 670 778 dominium
698 745 872 790 competit
896 744 990 787 Deo,
1013 753 1047 779 et
1073 745 1235 787 homini,
1257 756 1342 778 nam
1367 745 1467 779 Deus
1493 744 1707 791 plenarium,
1733 753 1769 779 et

210 795 406 842 principale
430 796 632 830 dominium
659 797 768 831 habet
789 806 952 844 respectu
974 798 1094 840 totius,
1113 806 1148 832 et
1169 797 1359 843 cujuslibet
1380 806 1574 840 creaturae,
1601 808 1692 844 quae
1717 805 1769 831 to-

209 848 327 883 taliter
349 850 424 895 ejus
442 850 626 895 subjicitur
647 851 831 896 potestati:
854 852 969 885 homo
992 859 1114 885 autem
1136 851 1325 897 participat
1346 851 1541 897 quamdam
1570 850 1768 885 similitudi-

209 913 293 935 nem
316 902 426 936 divini
452 903 615 945 dominii,
642 904 842 938 secundum
869 904 965 950 quod
999 905 1107 938 habet
1140 903 1394 950 particularem
1420 911 1636 951 potestatem
1662 915 1768 950 super

209 954 363 1001 aliquem
380 956 582 999 hominem,
595 957 654 991 vel
668 969 775 1002 super
796 957 954 1004 aliquam
978 966 1198 1000 creaturam,
1222 965 1256 991 et
1276 957 1358 991 ideo
1377 957 1484 1000 dulia,
1500 969 1591 1004 quae
1610 957 1766 991 debitam

208 1009 417 1043 servitutem
439 1010 582 1044 exhibet
602 1011 745 1045 homini
771 1011 984 1053 dominanti,
1012 1011 1081 1045 alia
1102 1011 1213 1045 virtus
1236 1018 1288 1045 est
1318 1022 1336 1044 a
1366 1011 1481 1053 latria,
1508 1022 1600 1057 quae
1627 1010 1768 1045 exhibet

209 1062 367 1096 debitam
397 1063 605 1098 servitutem
633 1064 755 1098 divino
787 1065 969 1099 dominio:
993 1072 1026 1099 et
1057 1072 1110 1099 est
1139 1064 1318 1110 quaedam
1341 1064 1589 1098 observantiae
1611 1063 1768 1110 species;

210 1115 293 1160 quia
314 1127 375 1162 per
410 1116 677 1151 observantiam
707 1118 931 1152 honoramus
953 1129 1199 1164 quascumque
1220 1128 1393 1163 personas
1420 1117 1592 1164 dignitate
1613 1116 1769 1163 praecel-

207 1168 340 1212 lentes3
363 1180 425 1215 per
447 1169 582 1203 duliam
605 1178 725 1205 autem
747 1171 890 1217 proprie
912 1179 1094 1218 sumptam
1116 1171 1209 1205 servi
1231 1170 1400 1205 dominos
1425 1182 1510 1205 suos
1531 1178 1766 1205 venerantur:

206 1222 351 1255 δουλεία
373 1223 469 1256 enim
492 1234 621 1268 graece
643 1224 793 1258 servitus
820 1224 959 1258 dicitur.

281 1276 340 1309 AD
362 1286 511 1310 PRIMUM
534 1288 620 1321 ergo
643 1277 849 1319 dicendum,
871 1278 967 1323 quod
994 1278 1086 1312 sicut
1110 1278 1238 1324 religio
1268 1289 1331 1324 per
1365 1277 1614 1312 excellentiam
1641 1277 1769 1311 dicitur

206 1328 331 1374 pietas,
353 1329 566 1374 inquantum
582 1330 682 1364 Deus
705 1338 757 1364 est
777 1342 840 1376 per
862 1330 1111 1365 excellentiam
1130 1339 1248 1377 pater3
1270 1333 1318 1366 ita
1336 1331 1444 1365 etiam
1463 1330 1566 1365 latria
1579 1341 1642 1377 per
1657 1330 1769 1364 excel-

206 1381 354 1415 lentiam
366 1382 494 1416 dicitur
508 1382 616 1425 dulia,
626 1383 840 1429 inquantum
850 1384 949 1418 Deus
961 1383 1177 1418 excellenter
1187 1393 1240 1419 est
1253 1384 1438 1419 dominus:
1453 1395 1528 1418 non
1543 1391 1664 1418 autem
1674 1395 1768 1418 crea-

209 1443 286 1468 tura
308 1435 497 1481 participat
517 1436 718 1482 potentiam
741 1437 896 1479 creandi,
924 1437 1063 1471 ratione
1090 1439 1191 1484 cujus
1212 1438 1292 1472 Deo
1316 1437 1464 1472 debetur
1484 1436 1604 1480 latria3
1626 1445 1661 1471 et
1684 1437 1767 1471 ideo

210 1487 310 1522 Glos.
333 1488 394 1522 illa
416 1489 583 1532 distinxit,
607 1490 801 1524 attribuens
822 1489 965 1524 latriam
986 1491 1067 1525 Deo
1090 1491 1289 1525 secundum
1304 1492 1537 1533 creationem,
1560 1501 1652 1536 quae
1674 1500 1769 1524 crea-

208 1551 308 1576 turae
330 1553 403 1575 non
426 1543 734 1585 communicatum
757 1543 893 1578 duliam
911 1555 997 1578 vero
1016 1544 1215 1578 secundum
1238 1544 1451 1586 dominium,
1466 1543 1563 1590 quod
1585 1551 1768 1578 creaturae

209 1604 510 1629 communicatur.

278 1649 337 1682 AD
360 1659 566 1683 SECUNDUM
588 1649 793 1692 dicendum,
816 1650 912 1696 quod
935 1651 1026 1684 ratio
1054 1649 1226 1696 diligendi
1247 1651 1453 1697 proximum
1474 1650 1574 1685 Deus
1596 1657 1667 1684 est:
1692 1660 1767 1683 non

207 1702 304 1736 enim
326 1713 388 1747 per
410 1702 622 1736 charitatem
649 1702 832 1748 diligimus
854 1703 890 1736 in
917 1704 1084 1750 proximo
1110 1703 1179 1737 nisi
1204 1704 1343 1746 Deum,
1366 1711 1400 1738 et
1425 1704 1507 1738 ideo
1536 1703 1663 1737 eadem
1686 1703 1769 1737 cha-

207 1756 290 1789 ritas
313 1763 375 1797 est,
398 1766 467 1801 qua
489 1755 647 1801 diligitur
673 1756 783 1798 Deus,
808 1764 841 1790 et
862 1757 1063 1802 proximus:
1091 1766 1173 1791 sunt
1197 1765 1319 1791 tamen
1347 1756 1438 1791 aliae
1465 1756 1646 1791 amicitiae
1672 1755 1769 1790 diffe-

208 1818 325 1843 rentes
349 1821 367 1842 a
390 1809 562 1843 charitate
581 1810 781 1844 secundum
804 1810 891 1844 alias
910 1811 1079 1853 rationes,
1098 1810 1225 1856 quibus
1239 1810 1407 1844 homines
1427 1818 1610 1853 amantur;
1626 1817 1661 1844 et
1673 1809 1769 1844 simi-

207 1862 286 1896 liter
309 1873 391 1895 cum
414 1862 457 1896 sit
479 1862 546 1896 alia
570 1863 660 1896 ratio
682 1863 860 1897 serviendi
881 1864 974 1905 Deo,
997 1872 1031 1898 et
1053 1865 1180 1898 eadem
1206 1863 1316 1898 virtus
1337 1863 1452 1905 latria,
1467 1865 1509 1898 *et
1530 1863 1637 1897 dulia.

277 1916 336 1949 AD
360 1926 530 1950 TERTIUM
549 1916 753 1958 dicendum,
776 1917 872 1963 quod
894 1925 1014 1951 motus
1036 1914 1097 1963 qui
1119 1925 1171 1951 est
1191 1917 1228 1951 in
1249 1917 1459 1963 imaginem,
1481 1917 1695 1962 inquantum
1715 1923 1767 1950 est

205 1969 341 2014 imago,
363 1968 512 2003 refertur
536 1969 573 2002 in
595 1981 672 2003 rem
694 1971 794 2015 cujus
815 1979 868 2004 est
887 1970 1029 2016 imago:
1051 1982 1126 2004 non
1144 1978 1266 2004 tamen
1289 1971 1408 2004 omnis
1430 1978 1550 2004 motus
1573 1970 1634 2016 qui
1660 1977 1713 2004 est
1730 1969 1765 2003 in

205 2022 415 2068 imaginem,
441 2021 590 2056 refertur
616 2023 651 2056 in
674 2034 767 2065 eam,
793 2023 1006 2069 inquantum
1034 2031 1086 2058 est
1118 2023 1260 2069 imago:
1296 2032 1330 2058 et
1362 2023 1444 2058 ideo
1471 2023 1687 2070 quandoque
1714 2031 1767 2057 est

206 2075 294 2109 alius
318 2084 438 2109 motus
465 2076 583 2121 specie
611 2076 645 2109 in
673 2077 882 2121 imaginem,
905 2085 939 2111 et.
962 2085 1081 2111 motus
1112 2077 1147 2110 in
1167 2089 1262 2120 1·em;
1286 2077 1336 2112 sic
1367 2088 1453 2123 ergo
1481 2076 1674 2111 dicendum
1702 2084 1765 2117 est,

205 2128 301 2174 quod
322 2128 453 2170 honor,
475 2128 532 2162 vel
553 2129 726 2174 subjectio
750 2129 868 2163 duliae
890 2130 1034 2176 respicit
1061 2130 1223 2164 absolute
1252 2130 1446 2176 quamdam
1473 2130 1633 2164 hominis
1656 2129 1767 2176 digni-

206 2190 336 2216 tatem:
359 2181 443 2215 licet
473 2182 568 2215 enim
596 2183 795 2216 secundum
824 2182 925 2216 illam
949 2183 1160 2229 dignitatem
1191 2184 1235 2218 sit
1255 2184 1369 2218 homo
1397 2183 1440 2217 ad
1469 2183 1679 2229 imaginem,
1708 2182 1766 2216 vel

206 2235 478 2269 similitudinem
499 2236 566 2270 Dei
579 2249 586 2278 ;
600 2247 674 2270 non
692 2244 814 2271 tamen
830 2249 972 2283 semper
985 2238 1111 2279 homo,
1134 2238 1278 2283 quando
1298 2237 1536 2272 reverentiam
1552 2237 1651 2271 alteri
1671 2236 1766 2271 exhi-

205 2290 274 2330 bet,
297 2288 402 2322 refert
416 2289 485 2322 hoc
503 2297 583 2322 actu
598 2289 633 2322 in
655 2290 792 2331 Deum3
808 2290 865 2324 vel
884 2291 1088 2332 dicendum,
1104 2291 1200 2336 quod
1217 2299 1336 2325 motus
1359 2291 1418 2337 qui
1434 2299 1486 2324 est
1504 2291 1539 2324 in
1554 2290 1764 2335 imaginem,

206 2342 480 2387 quodammodo
503 2351 554 2376 est
576 2343 611 2375 in
634 2354 727 2376 rem:
750 2354 824 2376 non
846 2351 966 2377 tamen
989 2353 1110 2378 motus
1132 2345 1190 2389 qui
1211 2352 1263 2378 est
1282 2346 1316 2378 in
1339 2356 1427 2386 rem,
1444 2351 1586 2390 oportet
1607 2343 1703 2389 quod
1721 2343 1766 2377 sit

206 2396 241 2428 in
265 2396 480 2439 inmginem3
503 2404 537 2429 et
559 2396 639 2430 ideo
663 2397 872 2437 reverentia,
895 2409 986 2442 quae
1001 2397 1186 2431 exhibetur
1208 2397 1325 2439 alicui,
1341 2398 1552 2443 inquantum
1572 2405 1624 2431 est
1642 2397 1764 2441 imago

207 2449 286 2489 Dei,
310 2449 484 2483 redundat
513 2450 786 2494 qmlammodo
809 2450 842 2483 in
866 2451 1001 2491 Deum3
1027 2450 1093 2484 alia
1124 2459 1245 2484 tamen
1269 2459 1320 2484 est
1353 2451 1564 2492 reverentia,
1586 2461 1676 2496 quae
1698 2449 1763 2495 ipsi

208 2502 286 2535 Deo
311 2503 504 2543 exhibetur,
527 2514 618 2547 quae
640 2502 740 2536 nullo
764 2503 873 2537 modo
903 2504 1053 2548 pertinet
1076 2503 1118 2537 ad
1142 2506 1217 2548 ejus
1241 2504 1447 2547 imaginem.
