1859 3122
238 130 322 185 758
650 140 866 174 QUAESTIO
900 139 1017 169 CVIII.
1050 140 1294 170 ARTICULUS
1327 140 1375 170 ΙΙ.

311 232 341 256 2.
365 222 600 256 PRAETEREA.
628 219 686 253 Ad
706 227 826 254 actum
858 219 962 253 illum
995 231 1069 254 non
1091 220 1195 254 debet
1216 221 1374 255 ordinari
1407 221 1572 267 specialis
1599 222 1723 264 virtus,
1751 222 1795 256 ad

239 286 347 321 quem
366 274 480 308 homo
515 272 733 308 sufficienter
766 273 965 319 disponitur
991 284 1054 319 per
1081 273 1168 307 alias
1189 274 1357 308 virtutes:
1384 275 1446 308 sed
1468 275 1511 308 ad
1536 275 1797 309 vindicandum

239 328 335 361 mala
367 326 584 361 sufficienter
610 326 810 372 disponitur
830 326 944 360 homo
974 337 1037 372 per
1063 327 1232 360 virtutem
1261 326 1491 369 fortitudinis,
1519 336 1553 362 et
1578 339 1641 374 per
1659 328 1796 370 zelum;

237 392 311 414 non
331 391 416 425 ergo
444 379 640 413 vindicatio
668 379 771 413 debet
798 379 884 425 poni
905 379 1069 425 specialis
1091 380 1212 414 virtus.

313 445 340 479 3.
364 434 599 468 PRAETEREA.
628 432 786 466 Cuilibet
815 432 963 478 speciali
988 433 1110 466 virtuti
1144 432 1290 479 aliquod
1317 433 1474 479 speciale
1499 433 1628 468 vitium
1650 434 1798 480 opponi-

237 495 310 521 tur:
334 487 394 520 sed
416 486 652 519 vindicationi
672 496 746 519 non
773 485 912 519 videtur
930 486 1067 532 opponi
1096 485 1241 532 aliquod
1268 487 1396 520 vitium
1417 485 1591 532 speciale;
1619 497 1705 533 ergo
1724 499 1798 522 non

238 548 290 575 est
312 539 477 585 specialis
498 539 621 572 virtus.
1695 574 1703 582 ,

307 593 382 627 SED
416 602 570 627 CONTRA
609 600 671 633 est,
703 592 799 638 quod
827 591 923 626 Tull.
948 590 1018 636 (ΠΙ).
1041 604 1072 627 2.
1094 592 1130 627 de
1155 593 1300 639 Invent.)
1328 593 1430 638 ponit
1455 604 1537 627 eam
1566 601 1706 638 partem
1745 594 1796 639 ju-

238 646 364 681 stitiae.

307 700 536 734 RESPONDEO
560 699 765 741 dicendum,
787 699 895 745 quod,
910 699 1001 733 sicut
1022 699 1156 734 Philos.
1179 699 1265 734 dicit
1285 700 1322 733 in
1344 710 1376 734 2.
1402 699 1518 734 Ethic.
1543 699 1636 743 (circ.
1651 699 1796 746 princ),

238 754 398 800 aptitudo
433 753 476 787 ad
502 753 671 787 virtutem
701 752 794 786 inest
814 752 918 786 nobis
941 764 960 786 a
986 760 1124 795 natura,
1150 753 1234 787 licet
1267 752 1577 799 complementum
1598 752 1736 786 virtutis
1754 752 1799 787 sit

237 818 300 853 per
322 806 603 848 assuetudinem,
621 805 679 840 vel
701 817 762 852 per
785 805 943 851 aliquam
971 805 1077 839 aliam
1101 817 1264 848 causam;
1292 806 1386 840 unde
1404 814 1512 852 patet,
1534 805 1630 851 quod
1650 805 1798 839 virtutes

237 860 425 906 perficiunt
450 871 517 894 nos
546 860 589 893 ad
616 859 910 905 prosequendum
932 859 1051 893 debito
1082 860 1193 893 modo
1220 860 1473 894 inclinationes
1494 858 1685 902 naturales,
1707 870 1798 905 quae

237 914 414 960 pertinent
436 914 479 947 ad
496 915 552 960 jus
569 912 752 955 naturale3
780 920 814 946 et
834 913 917 946 ideo
937 913 980 946 ad
1000 913 1199 959 quamlibet
1219 913 1493 947 inclinationem
1514 911 1716 946 naturalem
1743 912 1798 946 de-

236 968 469 1002 terminatam
491 967 676 1000 ordinatur
697 965 815 1011 aliqua
841 966 951 1000 virtus
989 966 1177 1012 specialis:
1201 975 1253 1001 est
1282 975 1403 1001 autem
1426 966 1603 1012 quaedam
1633 965 1798 1012 specialis

236 1020 422 1054 inclinatio
445 1028 594 1054 naturae
622 1019 665 1053 ad
684 1019 947 1053 removendum
961 1028 1202 1061 nocumenta;
1221 1020 1315 1054 unde
1335 1027 1369 1054 et
1391 1019 1605 1053 animalibus
1624 1019 1727 1053 datur
1743 1018 1797 1053 vis

234 1073 422 1108 irascibilis
451 1073 644 1118 separatim
668 1084 687 1106 a
716 1073 752 1106 vi
783 1072 1077 1118 concupiscibili:
1112 1072 1252 1119 repellit
1284 1081 1405 1107 autem
1435 1073 1550 1106 homo
1572 1080 1798 1113 ¹nocumenta

237 1138 300 1173 per
320 1127 392 1160 hoc
428 1127 524 1172 quod
562 1137 599 1160 se
630 1125 788 1160 defendit
814 1134 939 1160 contra
960 1126 1120 1171 injurias,
1142 1138 1186 1160 ne
1213 1126 1245 1160 ei
1265 1125 1472 1168 inferantur,
1499 1125 1558 1160 vel
1582 1125 1700 1159 illatas
1721 1126 1795 1171 jam

236 1181 382 1225 injurias
411 1180 595 1214 ulciscitur
615 1191 689 1214 non
711 1180 910 1214 intentione
946 1180 1114 1221 nocendi,
1144 1180 1206 1214 sed
1238 1180 1437 1214 intentione
1458 1178 1671 1213 removendi
1691 1190 1799 1213 nocu-
1836 1192 1839 1194 ·

236 1242 374 1267 menta:
409 1233 479 1267 hoc
507 1241 628 1267 autem
656 1233 808 1279 pertinet
841 1233 884 1266 ad
910 1233 1210 1267 vindicationem:
1240 1233 1325 1267 dicit
1353 1233 1450 1267 enim
1489 1231 1632 1266 Tullius
1666 1232 1702 1266 in
1729 1243 1792 1266 sua

235 1286 432 1320 Rhetorica
454 1287 532 1332 (loc.
558 1292 646 1332 supr.
670 1286 755 1330 cit),
780 1286 874 1331 quod
901 1299 918 1317 α
939 1286 1134 1320 vindicatio
1169 1294 1232 1328 est,
1259 1298 1322 1332 per
1349 1298 1456 1332 quarn
1474 1287 1539 1328 vis,
1562 1294 1623 1319 aut
1656 1285 1796 1331 injuria,

237 1348 272 1374 et
305 1340 455 1373 omnino
491 1339 663 1385 quidquid
697 1339 891 1372 obscurum
920 1340 1150 1385 (obfuturum)
1180 1348 1242 1384 est,
1269 1340 1349 1375 idest
1377 1341 1644 1385 ignominiosum,
1679 1338 1797 1373 defen-

237 1393 367 1434 dendo,
396 1401 455 1426 aut
481 1392 690 1426 ulciscendo
709 1392 936 1438 propulsatur
957 1405 997 1435 »3
1016 1393 1109 1426 unde
1131 1393 1327 1427 vindicatio
1346 1401 1399 1427 est
1419 1391 1585 1438 specialis
1606 1392 1729 1426 virtus.

306 1445 366 1479 AD
388 1456 537 1479 PRIMUM
560 1456 645 1490 ergo
674 1445 878 1487 dicendum,
901 1445 997 1490 quod
1020 1445 1111 1479 sicut
1130 1446 1422 1491 recompensatio
1446 1445 1555 1480 debiti
1575 1444 1702 1491 legalis
1723 1455 1798 1491 per-

236 1499 325 1533 tinet
344 1499 387 1532 ad
405 1499 579 1543 justitiam
602 1498 914 1540 commutativam,
935 1499 1225 1544 recompensatio
1244 1507 1366 1533 autem
1388 1498 1497 1532 debiti
1517 1497 1678 1540 moralis,
1700 1498 1797 1544 quod

234 1553 392 1586 nascitur
415 1563 456 1585 ex
486 1551 692 1598 particulari
722 1551 899 1585 beneficio
931 1552 1101 1594 exhibito,
1123 1554 1277 1598 pertinet
1311 1552 1353 1586 ad
1380 1553 1547 1586 virtutem
1573 1551 1726 1597 gratiae:
1747 1551 1797 1585 ita

234 1606 343 1639 etiam
378 1606 515 1651 punitio
550 1613 796 1651 peccatorum,
816 1606 1014 1639 secundum
1045 1605 1141 1651 quod
1163 1606 1316 1651 pertinet
1338 1605 1380 1639 ad
1408 1604 1589 1651 publicam
1610 1604 1796 1650 justitiam,

235 1667 286 1693 est
307 1667 406 1693 actus
429 1658 585 1704 justitiae
608 1659 914 1700 commutativee3
942 1658 1141 1692 secundum
1164 1667 1284 1692 autem
1308 1658 1404 1704 quod
1425 1658 1578 1704 pertinet
1601 1658 1644 1691 ad
1667 1658 1797 1691 immu-

233 1713 383 1746 nitatem
406 1712 555 1757 alicujus
583 1722 758 1757 personae
780 1711 982 1757 singularis,
1012 1723 1031 1745 a
1062 1723 1131 1757 qua
1157 1712 1286 1757 injuria
1316 1710 1556 1758 propulsatur,
1578 1710 1731 1757 pertinet
1752 1711 1795 1744 ad

232 1766 403 1799 virtutem
422 1765 685 1799 vindicationis.

303 1819 362 1852 AD
390 1829 596 1853 SECUNDUM
630 1818 838 1859 dicendum,
872 1818 967 1863 quod
994 1817 1165 1852 fortitudo
1201 1818 1356 1864 disponit
1382 1818 1427 1852 ad
1456 1817 1654 1851 vindictam
1680 1827 1796 1851 remo—

233 1872 350 1905 vendo
378 1872 584 1918 prohibens,
605 1871 743 1905 scilicet
764 1872 933 1905 timorem
960 1871 1108 1916 periculi
1131 1872 1374 1906 imminentis:
1402 1870 1499 1905 zelus
1522 1878 1653 1912 autern,
1672 1881 1796 1904 secun-

233 1925 318 1958 dum
341 1926 437 1970 quod
458 1925 629 1971 importat
644 1924 823 1958 fervorem
840 1925 985 1967 amoris,
997 1925 1169 1971 importat
1181 1925 1339 1971 primam
1353 1925 1513 1958 radicem
1529 1923 1795 1965 vindicationis,

232 1986 337 2023 prout
359 1977 486 2023 aliquis
508 1978 666 2012 vindicat
687 1978 833 2023 injurias
846 1978 926 2019 Dei,
941 1977 998 2012 vel
1012 1978 1273 2024 proximorum,
1293 1989 1381 2024 quas
1403 1989 1445 2011 ex
1465 1977 1637 2011 charitate
1656 1983 1796 2022 reputat

232 2031 334 2076 quasi
355 2042 454 2064 suas:
481 2031 667 2076 cujuslibet
688 2039 808 2065 autem
830 2031 969 2065 virtutis
989 2040 1088 2065 actus
1108 2043 1150 2065 ex
1165 2032 1284 2065 radice
1301 2031 1483 2065 charitatis
1498 2029 1677 2076 procedit:
1700 2029 1794 2075 quia,

232 2090 269 2117 ut
292 2083 491 2129 Gregorius
514 2085 597 2118 dicit
619 2085 653 2118 in
681 2085 837 2130 quadam
855 2083 1007 2118 homilia
1029 2085 1098 2130 (27.
1126 2086 1159 2118 in
1186 2085 1333 2130 Evang.)
1347 2097 1357 2119 .·
1383 2097 1401 2115 ι(
1422 2083 1523 2118 Nihil
1544 2083 1653 2117 habet
1677 2082 1796 2116 viridi-

231 2137 313 2171 tatis
336 2149 456 2171 ramus
477 2138 563 2171 boni
586 2138 715 2183 operis,
738 2138 767 2171 si
789 2149 861 2170 non
877 2138 1049 2183 procedat
1068 2149 1109 2171 ex
1131 2137 1249 2171 radice
1273 2137 1455 2171 charitatis
1478 2150 1510 2171 >›.

302 2191 361 2224 AD
384 2202 555 2225 TERTIUM
588 2191 792 2231 dicendum,
819 2191 915 2236 quod
937 2191 1171 2224 vindicationi
1198 2198 1430 2236 opponuntur
1455 2190 1517 2224 duo
1548 2189 1659 2223 vitia:
1690 2200 1791 2223 unum

232 2244 378 2290 quidem
404 2256 466 2290 per
488 2256 687 2285 excessum,
709 2244 847 2278 scilicet
867 2252 1057 2289 peccatum
1085 2243 1315 2285 crudelitatis,
1337 2243 1395 2278 vel
1421 2243 1602 2284 saevitiae,
1625 2253 1717 2288 quae
1739 2253 1794 2276 ex-

233 2298 326 2331 cedit
348 2309 516 2332 mensura
538 2298 573 2331 in
595 2297 777 2343 puniendo
794 2308 800 2330 z
817 2297 908 2330 alind
927 2305 1047 2330 autem
1069 2297 1377 2343 estvitit1ni‚quod
1392 2296 1556 2330 consistit
1575 2295 1612 2329 in
1634 2294 1792 2337 defectu;

231 2351 322 2385 sicut
346 2362 428 2384 cum
452 2351 578 2397 aliquis
602 2359 654 2384 est
680 2351 787 2383 nimis
822 2350 991 2383 remissus
1013 2350 1049 2383 in
1071 2350 1273 2395 puniendo3
1301 2350 1394 2383 unde
1417 2349 1557 2391 dicitur,
1583 2348 1689 2382 Prov.
1716 2359 1791 2393 13.:

233 2405 303 2448 Qui
327 2406 586 2450 parcit-vi1·gczc‚
623 2403 689 2437 odit
721 2404 826 2446 silium
861 2415 954 2437 suum
971 2413 982 2435 .·
1009 2403 1118 2436 virtus
1147 2411 1265 2437 autem
1293 2402 1546 2436 vindicationis
1575 2401 1736 2436 consistit
1755 2400 1791 2434 in

231 2457 314 2499 hoc,
337 2466 374 2491 ut
395 2458 508 2491 homo
531 2457 729 2491 secundum
753 2467 878 2490 omnes
908 2456 1194 2490 circumstantias
1222 2456 1377 2490 debitam
1400 2467 1607 2490 mensuram
1627 2455 1662 2488 in
1681 2453 1792 2488 vindi·

232 2511 347 2544 cando
372 2519 569 2545 conservet.
