1859 3122
212 139 298 195 846
607 153 825 188 QUAESTIO
860 154 1007 184 cxxtv.
1041 155 1286 186 ARTICULUS
1319 157 1363 186 11.

209 232 285 266 sine
308 232 480 266 charitate
503 232 611 266 etiam
639 233 851 280 martyrium
877 234 968 268 nihil
994 235 1100 278 valet,
1127 237 1326 271 secundum
1351 236 1438 272 illud
1464 249 1492 272 1.
1515 239 1558 273 ad
1580 238 1667 274 Cor.
1693 249 1765 285 13.:

207 285 244 319 Si
265 285 432 320 tradidero
454 292 572 332 corpus
597 298 717 329 meum,
745 288 793 322 ita
820 293 857 323 ut
881 287 1029 331 ardeam,
1058 289 1253 324 charitatem
1278 295 1385 325 autem
1411 302 1478 325 non
1503 292 1657 335 habuero,
1683 293 1767 327 nihil

208 338 291 372 mihi
305 338 457 385 prodas&
482 350 569 385 ergo
591 340 805 386 martyrium
827 343 943 387 magis
966 349 1019 376 est
1040 350 1139 376 actus
1163 343 1357 385 charitatis,
1380 355 1488 390 quam
1513 344 1741 380 fortitudinis.

282 403 310 437 3.
333 391 567 427 PRAETEREA.
583 393 736 439 August.
759 394 844 428 dicit
865 394 900 428 in
923 395 1081 440 quodam
1105 407 1209 430 serm.
1230 397 1272 430 de
1292 396 1328 430 S.
1349 396 1534 443 Cypriano
1553 399 1632 445 (115.
1650 399 1686 434 de
1704 400 1767 434 Di-

206 446 306 479 vcrsz‘s
325 446 358 478 in
377 446 535 492 supplem.
556 446 598 480 [ul
612 453 698 493 oper.
714 448 892 493 August.):
912 448 1063 483 «Facile
1078 457 1131 483 est
1144 458 1339 496 martyrem
1359 450 1575 486 celebrando
1589 453 1765 496 venerari,

207 509 382 543 magnum
403 510 489 533 vero
512 499 620 534 fidem
643 501 730 545 ejus,
745 509 779 535 et
792 501 1003 546 patientiam
1024 502 1157 536 imitari
1170 514 1207 537 »t
1230 504 1291 538 sed
1306 504 1341 537 in
1357 515 1576 551 unoquoque
1599 514 1680 540 actu
1701 506 1768 540 vir-

206 551 289 585 tutis
311 552 501 597 praecipue
529 552 694 587 laudatur
720 554 842 596 virtus,
871 556 970 601 cujus
998 563 1050 590 est
1076 564 1192 599 actus3
1220 568 1306 603 ergo
1334 558 1545 604 martyrium
1572 559 1687 605 magis
1714 567 1767 594 est

207 613 307 639 actus
328 605 531 650 patientiae,
559 618 667 652 quam
690 607 918 642 fortitudinis.

278 658 352 693 SED
380 669 534 694 CONTRA
561 668 624 703 est,
648 661 745 706 quod
768 661 971 708 Cyprianus
993 662 1078 696 dicit
1103 663 1139 697 in
1167 663 1267 709 epist.
1289 663 1332 698 ad
1354 664 1540 711 Martyres,
1563 673 1598 700 et
1619 665 1767 700 Confes-

206 723 304 746 sores
328 711 401 755 (lib
423 724 452 747 2.
475 715 561 759 epist
585 714 648 755 6..·)
675 728 693 746 α
710 715 743 750 Ο
766 715 863 749 beati
882 715 985 761 Mary
989 727 1054 757 res,
1074 717 1200 762 quibus
1222 728 1287 751 vos
1305 717 1469 752 laudibus
1482 719 1712 764 praedicem?
1729 719 1763 754 O

206 765 338 800 milites
356 765 552 809 fortissimi,
575 768 683 802 robur
704 768 858 814 pectoris
879 769 987 803 vestri
1008 780 1078 815 quo
1098 771 1292 816 praeconio
1305 771 1404 805 vocis
1429 771 1665 818 explicem?›>:
1694 773 1767 819 qui-

206 818 291 853 libet
313 827 433 853 autem
463 819 628 855 laudatur
655 833 697 855 ex
722 822 863 864 virtute,
887 824 988 869 cujus
1018 831 1140 857 actum
1167 831 1328 866 exercet3
1360 835 1445 870 ergo
1472 826 1686 872 martyrium
1713 833 1766 860 est

207 880 306 907 actus
327 872 458 907 fortitu
455 873 556 908 finis,

276 927 504 962 RESPONDEO
528 928 733 971 dicendum,
755 930 862 975 quod,
882 930 973 964 sicut
995 941 1037 964 ex
1058 941 1164 975 supra
1191 930 1293 964 dictis
1320 938 1417 976 patet
1438 931 1485 977 (q.
1504 937 1618 978 praec.
1644 937 1710 968 art.
1736 944 1764 968 Ι.

205 985 233 1014 εἰ
253 982 344 1026 seq),
369 981 412 1015 ad
432 980 679 1016 fortitudinem
702 983 865 1029 pertinet,
888 992 926 1018 ut
948 983 1139 1018 confirmet
1159 984 1348 1018 hominem
1376 984 1411 1018 in
1432 984 1530 1019 bono
1551 985 1702 1028 virtutis,
1730 994 1765 1020 et

205 1034 363 1068 maxime
383 1042 507 1068 contra
529 1036 700 1081 pericula,
723 1045 756 1071 et
777 1038 968 1083 praecipue
988 1045 1113 1071 contra
1128 1037 1287 1083 pericula
1302 1039 1440 1080 mortis,
1457 1046 1491 1072 et
1504 1038 1661 1073 maxime
1676 1040 1764 1085 ejus,

205 1098 296 1133 quae
319 1096 372 1122 est
392 1088 428 1122 in
449 1088 564 1124 bello:
593 1089 823 1125 manifestum
851 1099 903 1125 est
930 1099 1062 1133 autem,
1090 1091 1186 1137 quod
1213 1091 1249 1124 in
1275 1091 1450 1138 martyrio
1476 1091 1590 1126 homo
1617 1092 1766 1126 firmiter

205 1140 439 1175 confirmatur
460 1142 495 1176 in
518 1143 614 1177 bono
636 1143 787 1185 virtutis,
810 1144 895 1178 dum
914 1143 1035 1186 fidem,
1057 1152 1092 1178 et
1112 1144 1285 1190 justitiam
1306 1156 1381 1179 non
1400 1145 1530 1180 deserit
1543 1154 1689 1192 propter
1702 1147 1766 1180 im-

205 1194 377 1229 minentia
399 1195 556 1241 pericula
580 1197 717 1239 mortis,
740 1209 830 1243 quae
854 1198 962 1232 etiam
983 1198 1020 1231 in
1040 1198 1198 1244 quodam
1218 1198 1413 1232 certamine
1432 1198 1638 1244 particulari
1653 1211 1672 1233 a
1690 1211 1766 1246 per-

205 1248 428 1283 secutoribus
450 1249 660 1293 imminent3
683 1251 777 1285 unde
797 1250 1000 1297 Cyprianus
1023 1251 1108 1285 dicit
1128 1251 1164 1285 in
1186 1251 1344 1297 quodam
1368 1263 1473 1286 serm.
1495 1252 1572 1296 (loc.
1587 1260 1656 1299 sup.
1672 1254 1739 1299 cit.)
1753 1266 1764 1288 .-

208 1301 337 1336 «Vidit
359 1302 539 1337 admirans
561 1305 805 1349 praesentium
827 1304 1019 1338 multitudo
1043 1304 1198 1339 coeleste
1222 1313 1416 1347 certamen,
1440 1313 1474 1339 et
1490 1305 1526 1339 in
1545 1305 1681 1352 praelio
1700 1314 1766 1340 ste-

204 1355 287 1389 tisse
309 1366 432 1390 servos
455 1356 591 1390 Christi
611 1368 702 1391 voce
723 1357 845 1402 libera,
865 1358 1223 1404 mente-incorrupta,
1241 1358 1370 1392 virtute
1389 1358 1509 1392 divina
1523 1372 1555 1401 »3
1579 1359 1672 1393 unde
1691 1371 1766 1393 ma—

204 1409 374 1444 nifestum
396 1417 459 1451 est,
483 1410 578 1456 quod
601 1413 799 1457 ›nurtyrium
820 1417 862 1446 est
874 1411 1086 1457 fortitudinis
1112 1417 1203 1446 actus
1217 1423 1227 1446 .·
1250 1418 1284 1445 et
1310 1419 1454 1457 propter
1474 1411 1546 1446 hoc
1569 1412 1612 1446 de
1634 1420 1764 1459 marty-

204 1464 299 1498 ribus
321 1463 407 1510 legit
429 1464 610 1499 Ecclesia:
634 1467 746 1500 Fortes
759 1466 848 1512 sacti
867 1470 941 1500 sunt
963 1466 996 1499 in
1015 1465 1105 1499 bello.

275 1517 335 1552 AD
356 1528 505 1552 PRIMUM
540 1529 626 1564 ergo
653 1518 859 1561 dicendum,
886 1518 983 1565 quod
1017 1519 1052 1552 in
1075 1526 1155 1552 actu
1178 1517 1395 1552 fortitudinis
1416 1517 1479 1553 duo
1501 1527 1582 1553 sunt
1605 1519 1765 1554 conside-

204 1571 332 1606 randa:
356 1583 511 1618 quorum
532 1585 634 1606 unum
657 1581 709 1607 est
729 1573 878 1615 bonum,
900 1573 936 1606 in
951 1583 1022 1618 quo
1038 1571 1138 1606 fortis
1152 1571 1332 1614 firmatur3
1348 1579 1382 1606 et
1395 1571 1466 1605 hoc
1482 1580 1535 1606 est
1547 1571 1763 1607 fortitudinis

204 1625 299 1659 finis:
323 1625 414 1660 aliud
436 1634 488 1660 est
508 1626 584 1672 ipsa
606 1626 767 1668 firmitas,
790 1637 859 1672 qua
887 1626 964 1672 quis
991 1637 1065 1660 non
1093 1625 1186 1659 cedit
1213 1625 1401 1659 contrariis
1423 1625 1693 1671 prohibentibus
1720 1626 1761 1660 ab

202 1678 265 1713 illo
288 1679 404 1713 bono:
428 1687 462 1714 et
482 1680 518 1713 in
540 1680 611 1714 hoc
639 1680 800 1715 consistit
826 1680 979 1714 essentia
1000 1679 1236 1714 fortitudinis:
1259 1679 1351 1713 sicut
1377 1687 1499 1713 autem
1524 1678 1696 1714 fortitudo
1720 1680 1764 1714 ci-

202 1732 281 1766 vilis
302 1732 421 1767 firmat
439 1733 601 1767 animum
618 1733 778 1768 hominis
792 1733 828 1767 in
843 1733 975 1779 justitia
988 1733 1160 1775 humana,
1175 1740 1320 1779 propter
1334 1733 1434 1778 cujus
1449 1733 1764 1768 conservationem

203 1786 329 1820 mortis
350 1786 509 1832 pericula
531 1787 702 1822 sustinet:
725 1787 774 1822 ita
793 1787 901 1821 etiarn
916 1786 1088 1821 fortitudo
1108 1786 1262 1832 gratuita
1281 1785 1400 1820 firmat
1421 1786 1582 1821 animum
1603 1787 1763 1821 hominis

202 1839 238 1872 in
259 1839 356 1873 bono
378 1840 534 1885 justitiae
555 1841 636 1883 Dei,
658 1852 739 1887 quaa
761 1846 805 1876 cst
818 1847 878 1886 per
891 1840 991 1886 fidam
1013 1840 1140 1875 Christi
1157 1841 1245 1884 sesa,
1267 1847 1306 1874 ut
1327 1839 1456 1873 dicitur
1477 1839 1521 1874 ad
1538 1839 1646 1874 Rom.
1665 1852 1713 1886 3.;
1729 1848 1763 1874 et

202 1892 253 1926 sic
275 1894 489 1939 martyrium
512 1903 743 1940 comparatur
765 1895 808 1928 ad
830 1894 950 1937 fidem,
972 1895 1063 1928 sicut
1083 1894 1125 1927 ad
1147 1893 1258 1928 finem
1279 1893 1315 1926 in
1337 1904 1409 1939 quo
1428 1892 1556 1939 aliquis
1575 1893 1763 1928 confirma-

201 1954 280 1989 tur3
309 1947 351 1980 ad
373 1946 620 1981 fortitudinem
643 1955 776 1990 autem,
799 1948 890 1982 sicut
912 1947 955 1981 ad
976 1947 1141 1981 habitum
1164 1946 1380 1980 elicientem.

273 1999 332 2034 AD
360 2010 565 2035 SECUNDUM
594 2001 798 2044 dicendum,
823 2001 918 2047 quod
947 2001 990 2035 ad
1013 2009 1134 2035 actum
1157 2008 1273 2046 marty
1277 2000 1318 2034 rii
1344 1999 1494 2034 inclinat
1514 2000 1660 2046 quidem
1679 2001 1761 2036 cha-

202 2053 298 2095 ritas,
331 2053 423 2088 sicut
444 2054 600 2100 primum
623 2063 657 2089 et
678 2054 874 2115 principale
905 2056 1083 2089 motivum
1113 2065 1175 2100 per
1196 2053 1348 2088 modum
1369 2053 1507 2088 virtutis
1530 2054 1758 2100 imperantis.

201 2095 373 2141 fortitudo
401 2115 521 2141 autem
549 2108 639 2142 sicut
665 2108 845 2142 motivum
871 2108 1056 2154 proprium
1078 2119 1140 2154 per
1166 2107 1318 2141 modum
1344 2107 1483 2141 virtutis
1510 2107 1704 2151 elicientis;
1726 2116 1761 2143 et

202 2160 284 2194 inde
307 2169 360 2195 est
374 2162 470 2207 quod
492 2169 608 2208 mart)
612 2162 704 2195 rium
728 2171 779 2196 est
794 2170 892 2196 actus
909 2162 1024 2196 charit
1027 2162 1091 2195 atis
1106 2169 1144 2195 ut
1165 2160 1386 2207 imperantis,
1403 2159 1619 2195 fortitudinis
1639 2170 1760 2196 autem

202 2221 240 2248 ut
262 2213 455 2256 elicientis;
477 2214 558 2248 inde
575 2215 683 2248 etiam
706 2223 768 2256 est,
789 2216 883 2261 quod
899 2223 1087 2261 utramque
1102 2215 1272 2249 virtutem
1286 2213 1508 2249 manifestat:
1528 2215 1624 2260 quod
1639 2223 1759 2250 autem

202 2267 246 2301 sit
267 2267 503 2309 meritorium,
525 2268 595 2302 hoc
618 2268 726 2302 habet
743 2280 785 2302 ex
799 2268 983 2311 charitate,
1006 2269 1097 2303 sicut
1111 2276 1145 2303 et
1166 2267 1314 2314 quilibet
1331 2267 1470 2301 virtutis
1489 2276 1606 2311 actus;
1628 2276 1663 2303 et
1676 2269 1758 2303 ideo

201 2320 277 2355 sine
300 2321 472 2356 charitate
491 2333 563 2356 non
586 2321 689 2356 valet.
1004 2335 1010 2337 *

273 2375 332 2409 AD
357 2385 527 2410 TERTIUM
547 2375 752 2417 dicendum,
779 2375 886 2421 quod,
909 2376 1000 2410 sicut
1019 2376 1154 2410 dictum
1173 2383 1225 2410 est
1248 2376 1295 2422 (q.
1315 2382 1427 2422 praec.
1451 2380 1513 2410 art.
1541 2375 1603 2420 6.)‚
1630 2375 1760 2422 princi-

201 2428 316 2474 palior
331 2437 430 2463 actus
451 2428 667 2463 fortitudinis
687 2437 739 2462 est
753 2429 943 2472 sustinere3
960 2431 1002 2464 ad
1018 2441 1125 2476 quem
1140 2430 1292 2475 pertinet
1306 2429 1530 2475 martyrium,
1545 2440 1618 2463 non
1637 2437 1758 2464 autem

201 2482 244 2515 ad
267 2482 519 2516 secundarium
542 2490 662 2516 actum
685 2483 772 2528 ejus,
796 2482 855 2527 qui
878 2491 929 2516 est
951 2483 1113 2529 aggredi:
1131 2491 1164 2518 et
1185 2483 1268 2529 quia
1294 2482 1464 2528 patientia
1485 2482 1638 2516 deservit
1663 2481 1759 2517 forti-

200 2535 313 2569 tudini
337 2547 377 2570 ex
399 2544 498 2582 parte
525 2543 623 2570 actus
646 2535 862 2582 principalis,
885 2536 943 2581 qui
967 2545 1019 2570 cst
1048 2537 1243 2579 sustinere3
1265 2536 1347 2570 inde
1371 2543 1422 2570 est
1448 2535 1544 2582 quod
1572 2536 1758 2571 concomi-

200 2596 316 2623 tanter
336 2589 371 2623 in
395 2589 608 2636 martyribus
630 2588 787 2636 patentia
809 2589 1094 2624 commendatur.
