1859 3122
200 163 286 203 616
597 171 818 207 QUAESTIO
852 171 1042 200 Lxxxvrr.
1076 171 1320 201 ARTICULUS
1354 171 1381 201 1.

198 255 299 301 quasi
320 253 455 299 primus
474 252 577 287 limes
596 263 843 293 numerorum,
863 251 954 286 ultra
973 262 1081 297 quem
1102 251 1244 285 numeri
1261 262 1335 285 non
1354 251 1566 297 procedunt,
1582 251 1645 285 sed
1658 251 1761 286 reite-

196 316 318 342 rantur
341 307 382 340 ab
406 306 508 350 uno),
529 317 663 339 novem
685 305 751 339 sibi
773 305 930 350 partibus
957 304 1157 346 reservatis,
1179 312 1395 350 protestatur
1421 306 1523 350 quasi
1543 304 1580 338 in
1599 304 1758 350 quodam

197 361 299 406 signo
323 359 366 392 ad
393 370 431 392 se
457 358 634 404 pertinere
667 357 998 404 imperfectionem:
1022 357 1281 404 perfectionem
1303 368 1402 399 vero,
1426 369 1517 403 quae
1545 365 1620 391 erat
1640 357 1759 392 futura

196 424 258 459 per
278 412 476 453 Christum,
498 422 574 445 esse
597 411 857 456 expectandam
879 422 898 444 a
930 411 1030 445 Deo:
1053 421 1120 444 nec
1141 418 1263 444 tamen
1293 418 1438 456 propter
1458 410 1530 444 hoc
1560 418 1612 445 est
1639 421 1755 445 caere-

196 465 355 500 moniale
377 473 621 511 praeceptum‚
643 464 705 498 sed
727 463 906 509 judiciale,
928 472 966 498 ut
987 464 1123 498 dictum
1146 472 1198 497 est
1219 464 1288 508 (hic
1308 464 1437 509 supr.):
1453 472 1507 498 est
1528 472 1650 498 autern
1667 464 1760 497 haec

196 518 396 553 differentia
417 519 508 552 inter
526 517 816 559 caeremonialia,
840 525 874 551 et
893 517 1074 562 judicialia
1095 516 1185 562 legis
1203 525 1405 562 praecepta,
1421 525 1459 551 ut
1479 528 1585 563 supra
1601 517 1757 550 diximus

199 572 279 616 (1-2.
298 584 326 617 q.
353 581 429 615 104.
452 576 516 605 art.
535 571 594 617 3.),
611 570 707 616 quod
727 569 1007 604 caeremonialia
1022 569 1186 603 illicitum
1208 577 1260 603 est
1274 569 1464 604 observare
1479 570 1651 616 temporis
1668 569 1761 616 legis

196 636 332 660 novae:
347 624 528 670 judicialia
542 635 640 666 vero,
656 623 721 658 etsi
734 634 808 657 non
827 623 987 669 obligent
1000 631 1164 669 tempore
1180 623 1326 668 gratiae,
1341 631 1462 657 tamen
1477 631 1627 669 possunt
1641 623 1760 657 obser-

195 679 271 712 vari
290 679 423 723 absque
437 685 607 722 peccat03
627 685 661 710 et
675 677 718 710 ad
734 688 860 710 eorum
876 676 1143 710 observantiam
1159 676 1268 722 aliqui
1282 675 1497 722 obligantur,
1513 677 1542 710 si
1556 684 1758 710 statuantur

198 731 410 765 auctoritate
434 741 572 771 eorum,
603 741 757 775 quorum
780 737 832 763 est
866 730 1021 763 condere
1047 729 1185 775 legem:
1216 729 1308 763 sicut
1333 738 1563 776 praeceptum
1591 729 1761 775 judiciale

196 784 326 819 veteris
348 783 438 829 legis
460 791 522 824 est,
546 782 641 828 quod
657 783 717 828 qui
737 782 872 816 furatus
890 782 996 816 fuerit
1018 793 1136 824 ovem,
1150 782 1275 816 reddat
1292 790 1446 828 quatuor
1460 793 1557 825 oves,
1576 790 1614 816 ut
1627 782 1761 828 legitur

197 837 308 872 Exod.
332 847 399 878 22„
420 836 517 882 quod
539 836 567 870 si
590 836 630 869 ab
655 835 775 882 aliquo
797 847 881 881 rege
904 843 1088 877 statuatur,
1109 843 1276 869 tenentur
1302 836 1376 880 ejus
1395 835 1526 869 subditi
1547 836 1759 870 observare:

197 891 246 926 ita
268 891 376 924 etiam
391 889 642 924 determinatio
658 889 820 923 decimae
839 889 947 935 partis
961 888 1155 923 solvendae
1171 897 1223 922 est
1237 889 1447 922 auctoritate
1466 888 1650 923 Ecclesiae
1669 897 1761 923 tem-

196 956 283 991 pore
305 955 421 978 novae
442 943 532 988 legis
554 943 724 985 instituta,
747 943 946 977 secundum
961 942 1455 988 quamdamhumanitatem3
1474 950 1512 976 ut
1533 942 1670 977 scilicet
1684 954 1760 977 non

198 999 316 1032 minus
338 996 491 1043 populus
512 1007 629 1030 novae
648 996 738 1041 legis
754 996 924 1030 ministris
939 996 1025 1030 novi
1039 995 1246 1030 testamenti
1261 995 1454 1038 exhiberet,
1477 1007 1586 1041 quam
1604 995 1762 1042 populus

196 1053 326 1085 veteris
341 1050 429 1095 legis
444 1050 615 1083 ministris
628 1049 758 1083 veteris
780 1049 985 1083 testamenti
1000 1049 1189 1083 exhibebat
1203 1061 1211 1091 3
1235 1060 1318 1082 cum
1332 1057 1454 1083 tamen
1474 1049 1628 1095 populus
1641 1060 1758 1083 novae

197 1103 287 1149 legis
310 1104 351 1137 ad
374 1104 513 1147 majora
536 1102 724 1148 obligetur,
747 1102 945 1136 secundum
967 1102 1053 1135 illud
1076 1102 1201 1136 Matth.
1229 1112 1276 1146 5.:
1298 1102 1374 1136 Nisi
1387 1102 1607 1136 abundaverit
1622 1103 1757 1148 justitia

197 1162 304 1192 vestra
316 1157 390 1203 plus
409 1169 507 1202 qzcam
531 1157 738 1199 Scribarum,
762 1162 789 1191 et
803 1157 1072 1199 Pharisaeorum,
1095 1169 1159 1190 non
1175 1158 1340 1191 intrabitis
1362 1159 1395 1190 in
1418 1169 1554 1202 regnum
1572 1158 1736 1192 coelorum
1744 1169 1757 1198 ‚·

199 1218 233 1244 et
254 1222 337 1244 cum
360 1210 511 1244 ministri
532 1211 618 1244 novi
632 1210 836 1244 testamenti
858 1210 927 1244 sint
948 1210 1094 1255 majoris
1114 1210 1308 1255 dignitatis,
1331 1221 1439 1255 quam
1454 1210 1607 1244 ministri
1628 1211 1759 1244 veteris

197 1263 415 1305 testamenti,
437 1271 475 1297 ut
495 1264 624 1309 probat
644 1264 771 1308 Apost.
795 1273 826 1297 2.
850 1263 893 1297 ad
917 1263 1002 1297 Cor.
1026 1273 1076 1305 2.;
1104 1263 1154 1296 sic
1177 1274 1262 1308 ergo
1294 1271 1402 1309 patet,
1424 1263 1520 1309 quod
1548 1263 1591 1297 ad
1613 1263 1761 1297 solutio—

197 1328 282 1351 nem
304 1317 528 1350 decimarum
561 1316 728 1350 homines
749 1325 926 1358 tenentur,
948 1316 1078 1362 partim
1100 1315 1245 1361 quidem
1272 1327 1313 1349 ex
1334 1317 1409 1360 jure
1440 1316 1605 1358 naturali,
1628 1317 1757 1362 partim

199 1371 306 1404 etiarn
326 1382 367 1404 ex
394 1370 616 1404 institutione
637 1369 838 1404 Ecclesiae:
861 1380 952 1415 quae
983 1377 1116 1409 tamen,
1136 1369 1291 1414 pensatis
1325 1370 1650 1414 opportunitatibus
1671 1378 1761 1404 tem·

197 1434 339 1469 porum,
362 1430 396 1456 et
417 1433 664 1468 personarum,
686 1431 808 1468 posset
829 1422 937 1455 aliam
959 1430 1097 1467 partem
1120 1422 1358 1456 determinare
1381 1421 1604 1456 solvendam.

268 1476 311 1509 Et
332 1487 394 1522 per
414 1476 485 1509 hoc
507 1484 604 1521 patet
624 1475 812 1521 responsio
838 1486 888 1509 AD
906 1485 1065 1509 PRIMUM.

268 1529 328 1563 AD
343 1539 549 1563 SECUNDUM
565 1528 770 1570 dicendum,
783 1529 879 1574 quod
897 1536 1129 1574 praeceptum
1148 1528 1190 1562 de
1209 1526 1388 1562 solutione
1403 1527 1640 1570 decimarum,
1651 1539 1759 1574 quan-

198 1590 274 1616 tum
298 1582 341 1615 ad
375 1581 411 1615 id
443 1582 538 1627 quod
565 1589 640 1615 erat
669 1581 819 1623 morale,
842 1581 965 1614 datum
999 1589 1052 1615 est
1072 1581 1108 1614 in
1135 1580 1334 1626 Evangelio
1356 1593 1375 1614 a
1396 1581 1572 1623 Domino,
1594 1582 1654 1615 ubi
1673 1582 1758 1616 dicit

197 1635 325 1669 Matth.
360 1646 429 1669 10.:
452 1635 583 1679 Dignus
616 1639 658 1669 ast
685 1635 854 1680 operarius
877 1634 1018 1668 mercede
1044 1645 1122 1674 suam
1151 1642 1185 1668 et
1215 1634 1324 1667 etiam
1352 1634 1393 1668 ab
1429 1634 1569 1680 Apost.,
1596 1642 1634 1669 ut
1660 1643 1757 1680 patet

201 1699 229 1723 1.
250 1688 336 1722 Cor.
358 1699 401 1734 9.;
423 1687 484 1722 sed
507 1687 757 1722 determinatio
781 1696 898 1722 certae
917 1687 1026 1733 partis
1049 1695 1100 1721 est
1120 1695 1301 1721 reservata
1320 1687 1537 1721 ordinationi
1559 1687 1758 1722 Ecclesiae.

268 1742 327 1776 AD
350 1752 520 1776 TERTIUM
551 1742 755 1783 dicendum,
778 1742 873 1788 quod
897 1749 978 1776 ante
999 1750 1141 1787 tempus
1159 1742 1289 1775 veteris
1311 1741 1400 1787 legis
1422 1753 1495 1776 non
1518 1750 1619 1776 erant
1644 1743 1756 1776 deter-

198 1795 324 1829 minati
342 1795 494 1828 ministri
520 1795 630 1828 divini
652 1794 787 1837 cultus;
808 1794 870 1828 sed
893 1794 1032 1837 dicitur,
1047 1795 1143 1840 quod
1166 1795 1398 1840 primogeniti
1413 1803 1514 1829 erant
1528 1795 1757 1838 Sacerdotes,

198 1849 258 1894 qui
285 1847 466 1894 duplicem
495 1848 700 1894 portionem
728 1847 969 1892 accipiebant;
997 1855 1031 1881 et
1059 1848 1142 1882 ideo
1169 1848 1278 1881 etiam
1309 1859 1384 1881 non
1419 1856 1494 1882 erat
1520 1848 1758 1883 determinata

199 1901 316 1947 aliqua
343 1912 423 1946 pars
458 1901 657 1935 exhibenda
689 1900 858 1934 ministris
893 1900 1003 1934 divini
1034 1900 1168 1943 cultus;
1201 1901 1262 1934 sed
1292 1900 1351 1934 ubi
1379 1900 1506 1946 aliquis
1534 1902 1758 1944 occurrebat,

198 1954 441 1999 unusquisque
472 1954 578 1988 dabat
604 1955 635 1987 ei
671 1954 814 2000 propria
841 1961 968 1999 sponte
1000 1954 1094 1999 quod
1118 1954 1182 1987 sibi
1214 1953 1417 1987 videbatur:
1450 1954 1543 1988 sicut
1570 1954 1758 1988 Abraham

199 2006 357 2052 quodam
395 2007 607 2052 prophetico
641 2007 808 2040 instinctu
843 2006 938 2040 dedit
968 2006 1127 2040 decimas
1160 2005 1429 2040 Melchisedech
1466 2007 1655 2041 Sacerdoti
1688 2007 1759 2042 Dei

198 2061 342 2102 summi,
373 2067 410 2093 ut
431 2060 558 2093 dicitur
592 2059 683 2093 Gen.
722 2070 791 2101 143
823 2067 857 2093 et
890 2059 1052 2093 similiter
1080 2059 1191 2104 Jacob
1220 2059 1377 2093 decimas
1403 2060 1503 2094 vovit
1529 2071 1568 2094 se
1590 2060 1757 2094 daturum

201 2111 301 2156 (Gen.
327 2114 408 2156 28.);
433 2113 596 2158 quamvis
623 2124 697 2146 non
718 2113 878 2146 videatur
900 2113 1058 2146 decimas
1080 2113 1233 2155 vovisse,
1256 2113 1357 2158 quasi
1379 2113 1554 2159 aliquibus
1582 2113 1751 2148 ministris

199 2166 428 2207 exhibendas,
443 2166 503 2199 sed
522 2166 557 2199 in
579 2166 737 2199 divinum
758 2166 911 2207 cultum3
933 2174 1017 2211 puta
1029 2166 1072 2199 ad
1095 2165 1355 2200 sacrificiorum
1378 2166 1756 2209 consummationem3

199 2220 292 2253 unde
310 2219 492 2264 signanter
515 2219 615 2253 dicit:
641 2219 787 2264 Offerum
806 2220 864 2252 tibi
890 2218 1041 2253 decimas.

270 2272 330 2306 AD
353 2282 540 2311 QUARTUM
563 2272 767 2313 dicendum,
789 2271 884 2317 quod
907 2271 1086 2305 secundae
1109 2271 1284 2313 decimae,
1303 2283 1394 2318 quae
1415 2273 1689 2306 reservabantur
1711 2272 1755 2306 ad

199 2324 374 2359 sacrificia
405 2324 599 2366 offerenda,
630 2324 753 2358 locum
778 2325 814 2358 in
836 2335 930 2358 nova
961 2323 1040 2369 lege
1070 2336 1142 2358 non
1166 2325 1310 2366 habent,
1336 2325 1556 2359 cessantibus
1582 2324 1760 2370 legalibus

200 2379 374 2420 victimis3
395 2378 519 2412 tertiae
546 2389 632 2411 vero
656 2378 831 2419 decimae,
856 2388 943 2423 quas
960 2389 1040 2411 cum
1060 2378 1274 2423 pauperibus
1301 2378 1492 2412 comedere
1519 2378 1706 2419 debebant,
1720 2378 1757 2412 in

199 2443 294 2466 nova
316 2431 397 2477 lege
419 2439 595 2476 augentur
628 2442 690 2476 per
720 2431 803 2472 hoc,
838 2430 933 2476 quod
961 2430 1140 2465 Dominus
1167 2442 1241 2465 non
1263 2431 1381 2465 solum
1409 2431 1587 2465 decimam
1606 2439 1760 2476 partem,

200 2486 261 2519 sed
295 2485 418 2518 omnia
453 2483 630 2530 superflua
653 2483 866 2529 pauperibus
899 2483 996 2528 jubet
1017 2483 1187 2526 exhiberi,
1214 2484 1412 2518 secundum
1434 2483 1520 2517 illud
1543 2484 1664 2518 Lucae
1688 2495 1754 2519 11.:

201 2537 299 2582 Quod
315 2542 468 2583 superest,
491 2537 563 2572 data
585 2537 832 2582 eleemosynam:
855 2536 952 2581 ipsae
987 2537 1093 2570 etiam
1117 2537 1292 2578 decimae,
1319 2547 1410 2582 quae
1444 2537 1614 2571 ministris
1636 2536 1761 2571 Eccle-

199 2591 272 2625 siae
295 2591 434 2632 dantur‚
453 2602 516 2636 per
537 2601 599 2624 eos
618 2590 748 2624 debent
768 2589 804 2622 in
827 2600 930 2622 usum
951 2600 1147 2635 pauperum
1171 2590 1378 2635 dispensari.

271 2644 330 2678 AD
350 2654 530 2683 QmN‘rUM
553 2643 758 2683 dicendum,
786 2641 881 2687 quod
905 2642 1055 2676 ministri
1075 2642 1257 2676 Ecclesiae
1278 2643 1455 2688 majorem
1478 2653 1601 2677 curam
1628 2642 1758 2676 debent

199 2696 331 2731 habere
353 2696 589 2742 spiritualium
612 2696 791 2729 bonorum
807 2695 841 2728 in
857 2694 990 2740 populo
1011 2696 1354 2740 promovendorum,
1370 2707 1478 2741 quam
1499 2694 1753 2740 temporalium

200 2749 505 2794 colligendorum3
528 2757 562 2783 et
583 2749 664 2783 ideo
688 2749 814 2794 Apost.
837 2747 953 2781 noluit
976 2748 1025 2781 uti
1046 2757 1222 2793 potestate
1245 2749 1311 2783 sibi
1330 2760 1349 2782 a
1371 2749 1533 2782 Domino
1555 2748 1695 2790 tradita,
1717 2756 1757 2782 ut

200 2802 336 2836 scilicet
357 2803 535 2848 acciperet
555 2802 730 2848 stipendia
751 2801 865 2835 victus
893 2801 934 2834 ab
958 2801 1024 2842 his,
1048 2801 1174 2846 quibus
1193 2801 1428 2847 Evangeliurn
1452 2801 1691 2848 praedicabat,
1709 2812 1754 2835 ne

201 2856 342 2889 daretur
360 2855 504 2901 aliquod
526 2855 824 2901 impedimentum
847 2853 1044 2899 Evangelio
1066 2853 1219 2888 Christi:
1239 2866 1306 2889 nec
1328 2863 1450 2888 tamen
1471 2854 1669 2900 peccabant
1689 2853 1757 2896 illi,
