1859 3122
510 149 728 185 QUAESTIO
764 150 908 180 CLXIX.
942 149 1186 180 ARTICULUS
1218 149 1264 179 11.
1557 149 1664 192 1099

179 231 238 266 AD
261 241 448 270 QUARTUM
471 231 675 273 dicendum,
697 232 793 277 quod
816 232 844 266 si
863 243 932 277 qua
961 243 1016 266 ars
1039 239 1091 266 est
1113 231 1156 265 ad
1177 230 1382 265 faciendum
1406 229 1523 276 aliqua
1545 241 1666 276 opera,

108 284 234 331 quibus
252 285 420 319 homines
442 286 492 318 uti
513 296 586 319 non
602 293 751 331 possunt
765 285 897 331 absque
911 294 1074 330 peccato,
1089 296 1151 330 per
1167 295 1392 330 consequens
1412 283 1563 318 artifices
1581 283 1667 317 talia

108 337 272 372 faciendo
290 347 490 384 peccarent,
507 347 629 384 utpote
645 339 855 384 praebentes
871 338 1003 372 directe
1020 338 1096 372 aliis
1115 338 1349 372 occasionem
1366 337 1558 383 peccandi:
1582 344 1667 383 puta

107 391 136 426 si
157 391 235 437 quis
256 390 444 425 fabricaret
466 391 574 433 idola,
596 392 653 426 vel
676 391 794 438 aliqua
821 391 864 425 ad
892 391 1029 425 cultum
1050 390 1278 425 idololatriae
1298 390 1527 436 pertinentia:
1551 390 1579 424 si
1597 401 1667 436 qua

107 455 193 478 vero
213 455 268 478 ars
290 444 344 486 sit,
372 446 471 489 cujus
494 445 660 491 operibus
682 445 849 479 homines
872 453 1021 491 possunt
1041 445 1144 486 bene,
1167 453 1202 478 et
1222 443 1317 478 male
1339 443 1389 477 uti
1411 443 1520 488 (sicut
1542 442 1663 489 gladii,

107 497 270 543 sagittae,
286 506 320 531 et
335 497 403 531 alia
419 498 643 543 hujusmodi)
661 510 742 532 usus
757 497 883 532 talium
899 498 1028 532 artium
1044 509 1117 531 non
1141 506 1191 531 est
1207 505 1417 543 peccatum:
1435 505 1469 530 et
1481 496 1550 530 hae
1565 495 1664 530 solae

108 558 200 584 artes
214 558 297 584 sunt
311 550 483 584 dicendae
499 564 506 592 3
523 551 615 585 unde
633 551 822 597 Chrysost.
838 551 924 585 dicit
941 562 1046 596 super
1060 551 1187 584 Matth.
1203 551 1306 595 (hom.
1317 550 1409 596 50.):
1429 549 1530 583 «Eas
1545 549 1664 583 solum

108 611 199 638 artes
222 612 364 650 oportet
384 616 528 646 vocare,
543 616 633 651 quae
649 605 948 646 necessariorum,
972 612 1004 638 et
1023 615 1150 638 eorum
1165 614 1256 650 quae
1271 604 1457 637 continent
1469 603 1583 637 vitam
1601 613 1662 636 no-

107 665 228 697 stram,
245 666 326 691 sunt
346 658 545 699 tributivae,
568 666 602 692 et
620 658 884 692 constructivae
898 671 930 692 ».
954 657 991 691 Si
1013 665 1135 691 tamen
1157 657 1323 702 operibus
1347 656 1497 702 alicujus
1520 656 1603 690 artis
1622 664 1659 690 ut

107 710 238 757 pluries
260 711 369 756 aliqui
391 711 485 745 male
506 719 658 752 utantur,
682 712 846 757 quamvis
868 712 910 744 de
932 721 968 744 se
991 721 1065 744 non
1087 711 1156 744 sint
1177 710 1335 752 illicitae,
1354 717 1436 743 sunt
1456 717 1579 743 tamen
1601 720 1664 755 per

108 763 268 798 officium
289 764 456 810 principis
480 775 498 798 a
520 764 662 798 civitate
685 764 915 809 extirpandae
930 764 1131 797 secundum
1147 763 1365 797 documenta
1383 762 1560 803 Platonis;
1583 762 1664 808 quia

108 827 194 862 ergo
207 817 374 851 mulieres
396 817 492 852 licite
507 829 544 851 se
559 825 710 863 possunt
725 828 865 858 ornare,
884 816 941 850 vel
960 825 997 850 ut
1016 825 1231 850 conservent
1244 816 1449 851 decentiam
1469 816 1525 850 sui
1543 824 1666 858 status,

106 869 164 904 vel
185 869 295 904 etiam
317 870 449 916 aliquid
471 870 720 916 superaddere,
735 878 773 904 ut
786 870 952 916 placeant
973 870 1068 911 viris,
1088 881 1313 916 consequens
1329 878 1381 904 est
1399 870 1495 916 quod
1513 869 1666 904 artifices

106 923 232 957 talium
260 931 556 958 ornamentorum
583 935 657 957 non
683 931 836 969 peccant
861 924 897 956 in
923 934 988 957 usu
1014 923 1095 957 talis
1122 924 1216 965 artis,
1238 923 1307 957 nisi
1327 923 1420 957 forte
1447 923 1664 957 inveniendo

107 975 225 1022 aliqua
241 976 429 1022 superflua,
445 985 478 1010 et
493 977 653 1018 curiosa3
676 976 769 1011 unde
785 976 973 1022 Chrysost.
992 976 1077 1010 dicit
1092 987 1196 1022 super
1215 976 1341 1010 Matth.
1357 977 1434 1020 (loc.
1453 977 1540 1021 cit),
1557 976 1666 1022 quod,

110 1029 252 1063 «etiam
275 1029 316 1063 ab
340 1039 413 1064 arte
435 1030 654 1071 calceorum,
670 1037 704 1063 et
724 1037 905 1063 textorum
927 1028 1040 1062 multa
1064 1030 1272 1063 abscindere
1288 1037 1447 1076 oportet:
1468 1029 1602 1063 etenim
1623 1029 1666 1062 ad

107 1082 284 1116 luxuriam
306 1083 539 1124 deduxerunt,
560 1083 812 1116 necessitatem
835 1083 910 1127 ejus
933 1090 1214 1128 corrumpentes,
1238 1085 1351 1116 artem
1371 1082 1436 1116 arti
1454 1081 1549 1116 male
1572 1093 1669 1116 com-

110 1144 348 1170 miscentes».

606 1402 960 1463 QUAESTIO
1008 1402 1213 1449 CLXX.

134 1526 197 1557 DE
222 1525 504 1557 PRAECEPTIS
530 1526 912 1564 TEMPERANTIAE,
943 1526 994 1557 IN
1021 1526 1146 1558 DUOS
1175 1526 1436 1558 ARTICULOS
1462 1526 1635 1558 DIVISA.

179 1665 313 1700 Postea
335 1665 634 1699 considerandum
659 1673 711 1700 est
733 1666 776 1699 de
797 1666 995 1712 praeceptis
1022 1667 1298 1711 temperantiae;
1323 1675 1357 1701 et
1374 1666 1491 1712 primo
1511 1667 1553 1701 de
1568 1678 1666 1713 prae-

111 1718 222 1764 ceptis
243 1717 354 1764 ipsius
374 1719 651 1764 temperantiae3
678 1719 838 1752 secundo
861 1719 904 1752 de
925 1719 1126 1765 praeceptis
1148 1719 1305 1765 partium
1329 1720 1414 1765 ejus.

681 1847 1025 1892 ARTICULUS
1061 1848 1094 1890 Ι.
1599 1859 1668 1894 810

478 1955 630 1984 UTRUM
656 1955 907 1985 PRAECEPTA
934 1955 1269 1984 TEMPERANTIAE

346 2020 731 2050 INCONVENIENTER
756 2020 800 2049 IN
826 2020 938 2049 LEGE
966 2012 1118 2050 DIVINA
1145 2020 1426 2050 TRADANTUR.

631 2107 706 2151 (1-2.
729 2119 757 2153 q.
780 2119 854 2143 100.
877 2113 941 2142 art.
963 2121 1009 2143 II.
1031 2108 1073 2142 ad
1090 2109 1148 2154 3.).

180 2194 240 2227 AD
267 2204 416 2228 PRIMUM
441 2193 490 2228 sic
513 2195 728 2240 proceditur.
748 2195 907 2238 Videtur,
927 2196 1023 2242 quod
1044 2204 1234 2243 praecepta
1256 2197 1518 2243 temperantiae
1544 2197 1667 2232 incon-

107 2247 292 2281 venienter
317 2246 353 2280 in
380 2246 459 2292 lege
487 2247 606 2281 divina
631 2248 832 2282 tradantur:
859 2248 1031 2284 fortitudo
1059 2250 1156 2284 enim
1183 2258 1236 2284 est
1260 2251 1381 2295 potior
1406 2251 1527 2293 virtus,
1555 2262 1665 2296 quarn

107 2299 356 2345 temperantia,
378 2307 416 2334 ut
436 2311 542 2346 supra
564 2300 700 2334 dictum
722 2310 775 2336 est
795 2302 842 2347 (q.
857 2313 926 2347 141.
942 2308 1004 2337 art.
1020 2304 1051 2338 8.
1071 2308 1098 2337 et
1115 2313 1178 2338 1-2.
1194 2316 1223 2349 q.
1243 2304 1300 2338 66.
1323 2309 1388 2338 art.
1411 2305 1460 2349 4.)
1475 2317 1485 2338 .·
1508 2303 1570 2338 sed
1591 2303 1666 2337 nul-

107 2353 183 2387 lum
203 2360 434 2399 praeceptum
455 2352 672 2388 fortitudinis
694 2355 837 2400 ponitur
856 2356 948 2390 inter
966 2364 1157 2402 praecepta
1185 2356 1364 2403 decalogi,
1387 2368 1478 2403 quae
1500 2365 1582 2391 sunt
1602 2368 1664 2402 po-

106 2406 199 2440 tiora
220 2405 310 2451 legis
339 2414 548 2452 praecepta;
570 2418 657 2452 ergo
686 2407 982 2443 inconvenienter
1002 2409 1094 2443 inter
1114 2418 1307 2456 praecepta
1333 2409 1501 2455 decalogi
1521 2410 1666 2456 ponitur

106 2458 300 2504 prohibitio
327 2457 500 2500 adulterii,
527 2460 624 2505 quod
651 2461 887 2496 contrariatur
907 2463 1176 2508 temperantiae,
1199 2470 1238 2496 ut
1263 2474 1304 2496 ex
1326 2463 1539 2508 supradictis
1564 2471 1663 2509 patet

108 2512 155 2557 (q.
176 2522 244 2557 154.
263 2516 326 2546 art.
348 2513 409 2557 8.).

178 2574 209 2598 2.
232 2564 467 2599 PRAETEREA.
483 2564 741 2611 Temperantia
761 2578 835 2601 non
857 2575 910 2602 est
931 2568 1051 2602 solum
1065 2568 1161 2602 circa
1178 2580 1344 2611 venerea,
1359 2569 1421 2603 sed
1440 2569 1550 2603 etiam
1569 2569 1665 2604 circa

107 2617 386 2652 delectationem
409 2618 584 2660 ciborum,
606 2627 640 2653 et
665 2628 836 2664 potuum:
859 2622 921 2655 sed
942 2622 1033 2656 inter
1053 2630 1245 2668 praecepta
1267 2621 1434 2668 decalogi
1451 2634 1526 2656 non
1548 2623 1668 2669 prohi-

106 2671 208 2705 betur
230 2670 375 2716 aliquod
396 2671 522 2705 vitium
543 2672 722 2716 pertinens
743 2673 787 2707 ad
808 2673 1087 2709 delectationem
1111 2675 1286 2717 ciborum,
1305 2684 1340 2709 et
1361 2684 1525 2721 potuum,
1546 2688 1664 2722 neque

107 2724 218 2758 etiam
239 2723 418 2769 pertinens
441 2724 484 2758 ad
507 2724 664 2770 aliquam
684 2725 792 2760 aliam
811 2728 969 2773 speciem
991 2727 1172 2770 luxuriae3
1192 2739 1280 2774 ergo
1301 2739 1418 2775 neque
1434 2729 1544 2763 etiam
1562 2729 1667 2763 debet

107 2776 194 2822 poni
216 2775 362 2821 aliquod
383 2785 615 2824 praeceptum
635 2779 830 2824 prohibens
853 2779 1081 2824 adulterium,
1102 2781 1199 2827 quod
1220 2781 1374 2827 pertinet
1396 2782 1439 2816 ad
1461 2781 1668 2817 delectatio-

106 2840 193 2863 nem
215 2840 465 2863 venereorum.
