1859 3122
423 220 642 256 QUAESTIO
678 220 881 252 CLXXXIV.
909 221 1159 252 ‘ARTICuLUS
1192 222 1281 253 VIII.
1522 223 1603 255 120

71 301 220 336 traditus
242 300 384 348 populis
410 302 607 337 immobilis
634 310 840 348 perseverat
852 316 896 346 »;
927 311 962 338 et
990 303 1107 338 subdit
1138 315 1303 339 causam:
1332 305 1415 352 quia
1447 307 1572 341 «sicut
1597 306 1633 341 in

71 354 339 401 tranquillitate,
369 355 417 389 ita
447 356 483 390 in
517 364 731 403 tempestate
761 357 972 403 gubernavit
1004 357 1162 404 seipsum
1177 371 1217 401 >›;
1249 370 1290 393 ex
1317 370 1389 405 quo
1419 359 1510 394 nihil
1537 360 1633 395 aliud

72 408 214 443 ostendi
235 417 363 455 potest,
385 409 453 443 nisi
475 410 571 456 quod
599 410 837 457 periculosior
864 419 916 445 est
943 419 1053 446 status
1080 412 1244 447 habentis
1271 424 1395 447 curam
1418 413 1633 457 animarum,

71 473 180 508 quam
200 462 393 497 monachi:
416 463 451 497 in
467 464 597 509 majori
613 473 734 499 autern
750 464 910 511 periculo
926 465 1158 500 innocentem
1180 477 1217 500 se
1240 477 1394 509 servare,
1414 475 1467 502 est
1485 468 1634 514 majoris

70 515 209 551 virtutis
243 516 435 552 indicium:
458 518 518 551 sed
545 518 616 552 hoc
649 518 757 552 etiam
789 519 832 552 ad
862 519 1151 565 magnitudinem
1177 520 1316 554 virtutis
1346 521 1509 567 pertinet,
1536 521 1633 568 quod

71 569 199 616 aliquis
220 572 308 605 vitet
328 571 488 616 pericula
511 571 727 617 religionem
750 572 933 616 intrand03
956 573 1050 607 unde
1068 584 1142 607 non
1165 574 1260 616 dicit,
1283 575 1379 620 quod
1402 575 1526 610 mallet
1556 587 1633 610 esse

69 623 105 658 in
128 624 250 659 officio
272 625 501 667 sacerdotali,
523 638 632 672 quam
653 626 689 660 in
712 626 904 661 solitudine
927 627 1194 661 monachorum
1209 640 1217 670 3
1233 629 1295 663 sed
1311 628 1407 674 quod
1423 628 1548 664 mallet
1561 628 1635 676 pla-

71 689 152 712 cere
172 678 209 712 in
230 678 314 722 hoc,
337 691 446 725 quam
468 680 503 713 in
525 679 608 722 illo;
631 681 712 726 quia
735 681 806 715 hoc
829 688 882 715 est
903 681 1051 726 majoris
1072 681 1211 716 virtutis
1234 691 1499 728 argumentum.

139 731 200 766 AD
223 742 429 767 SECUNDUM
448 733 654 775 dicendum,
676 734 772 780 quod
795 734 903 768 etiam
924 734 986 768 illa
1009 735 1202 769 auctoritas
1224 736 1419 782 Augustini
1441 736 1631 772 manifeste

68 784 229 831 loquitur
254 795 428 832 quantum
456 787 499 820 ad
527 786 785 829 difficultatem,
813 799 916 834 quae,
932 789 1089 823 ostendit
1115 789 1402 835 magnitudinem
1428 790 1567 825 virtutis
1594 790 1631 824 in

69 838 126 873 his
147 839 208 885 qui
227 839 319 874 bene
342 849 613 883 conversantur,
635 841 727 876 sicut
748 842 884 876 dictum
907 850 961 876 est
981 842 1033 887 (in
1055 843 1146 877 solut.
1165 844 1305 889 praga).

140 893 200 927 AD
222 903 393 928 TERTIUM
413 894 618 936 dicendum,
641 895 737 940 quod
760 895 983 941 Augustinus
998 896 1046 929 ibi
1061 905 1247 942 comparat
1265 897 1468 932 monachos
1491 897 1630 933 clericis

71 955 245 992 quantum
272 947 315 982 ad
347 947 551 982 distantiam
587 948 733 990 ordinis,
760 960 833 982 non
861 957 1034 995 quantum
1069 949 1112 984 ad
1140 950 1347 985 distantiam
1374 951 1569 998 religionis,
1596 959 1631 987 et

69 999 263 1035 saecularis
285 1001 390 1035 vitae.

139 1055 199 1089 AD
222 1065 410 1094 QUARTUM
432 1055 636 1098 dicendum,
652 1055 748 1101 quod
770 1055 821 1089 illi
843 1056 902 1102 qui
925 1067 944 1089 a
960 1064 1052 1091 statu
1067 1057 1251 1103 religionis
1271 1066 1502 1093 assumuntur
1517 1059 1559 1093 ad
1574 1071 1632 1093 cu-

68 1121 145 1144 ram
169 1108 385 1151 animarum,
408 1121 490 1143 cum
517 1109 613 1156 prius
637 1117 755 1143 essent
776 1109 812 1142 in
834 1110 944 1143 sacris
967 1110 1150 1145 ordinibus
1172 1112 1367 1154 constituti,
1394 1121 1631 1159 assequuntur

69 1163 214 1209 aliquid,
239 1163 334 1208 quod
359 1163 455 1208 prius
476 1173 551 1196 non
572 1162 764 1204 habebant,
786 1162 925 1197 scilicet
946 1163 1108 1197 officium
1131 1176 1256 1207 curae;
1281 1176 1355 1199 non
1383 1174 1504 1200 autem
1526 1167 1632 1213 depo-

67 1225 168 1259 nunt,
191 1216 287 1263 quod
308 1216 405 1262 prius
426 1216 617 1258 habebant,
639 1215 778 1250 scilicet
799 1215 984 1262 religionis
1006 1225 1156 1251 statum:
1180 1218 1309 1252 dicitur
1330 1219 1427 1252 enim
1445 1219 1482 1253 in
1500 1220 1632 1254 Decre-

67 1271 111 1305 tis
136 1268 187 1305 16.
211 1282 244 1316 q.
271 1281 298 1304 1.
326 1270 417 1316 (cap.
441 1270 510 1316 3.):
543 1269 631 1303 «De
660 1269 862 1311 monachis,
889 1271 948 1316 qui
976 1270 1035 1304 diu
1062 1279 1245 1306 morantes
1271 1272 1307 1306 in
1334 1273 1576 1316 monasteriis,
1602 1273 1631 1307 si

68 1332 194 1371 postea
215 1323 259 1357 ad
282 1323 470 1357 clericatus
493 1323 657 1357 ordinem
679 1323 917 1369 pervenerint,
939 1325 1129 1359 statuimus
1150 1336 1224 1359 non
1247 1325 1378 1360 debere
1400 1337 1462 1360 eos
1480 1338 1500 1360 a
1520 1326 1631 1373 priori

67 1377 255 1425 proposito
277 1376 488 1410 discedere»
508 1389 515 1411 ι
542 1377 604 1411 sed
627 1377 824 1422 presbyteri
859 1377 983 1419 curati,
1005 1377 1063 1411 vel
1097 1378 1355 1421 archidiaconi,
1378 1380 1522 1425 quando
1549 1379 1631 1414 reli-

68 1432 216 1479 gionem
237 1430 496 1476 ingrediuntur,
520 1441 644 1464 curam
667 1430 863 1476 deponunt,
885 1439 923 1465 ut
945 1431 1188 1476 adipiscantur
1201 1432 1456 1478 perfectiorem
1471 1441 1628 1477 statum3

67 1485 162 1520 unde
185 1496 227 1519 ex
248 1484 320 1519 hoc
343 1484 421 1530 ipso
444 1483 656 1518 excellentia
683 1495 725 1518 ex
749 1492 848 1530 parte
878 1484 1062 1529 religionis
1093 1486 1312 1521 ostenditur:
1340 1487 1377 1520 in
1405 1487 1477 1521 hoc
1507 1495 1629 1522 autem

67 1538 164 1586 quod
186 1538 346 1583 religiosi
368 1538 449 1572 laici
473 1546 703 1572 assumuntur
724 1539 758 1571 in
782 1537 1002 1581 clericatum,
1019 1547 1053 1573 et
1067 1539 1111 1573 ad
1125 1551 1247 1573 sacros
1269 1540 1424 1582 ordines,
1439 1540 1627 1576 manifeste

66 1599 328 1638 promoventur
350 1591 393 1625 ad
416 1591 556 1633 melius,
575 1591 666 1625 sicut
685 1602 790 1637 supra
813 1591 950 1625 dictum
972 1600 1025 1626 est
1047 1592 1097 1636 (in
1116 1605 1186 1638 arg.
1205 1594 1275 1638 4.)‚·
1293 1602 1328 1628 et
1341 1594 1412 1628 hoc
1429 1595 1628 1629 ostenditur

67 1658 110 1681 ex
131 1646 209 1692 ipso
232 1646 344 1679 modo
366 1644 550 1691 loquendi,
574 1656 657 1678 cum
679 1644 828 1678 Hieron.
852 1645 958 1680 dicit:
984 1646 1077 1680 «Sic
1098 1646 1134 1680 in
1154 1647 1376 1700 mpnasterio
1394 1648 1487 1690 vive,
1506 1656 1544 1683 ut
1562 1648 1629 1683 cle-

66 1701 161 1735 ricus
183 1710 261 1734 esse
283 1699 502 1733 merearis».

138 1754 198 1788 AD
225 1763 405 1792 QUINTUM
433 1751 637 1794 dicendum,
675 1751 771 1798 quod
805 1752 1001 1799 presbyteri
1038 1753 1162 1795 curati,
1193 1762 1227 1788 et
1261 1754 1506 1789 archidiaconi
1544 1765 1630 1791 sunt

66 1807 261 1842 similiores
288 1806 489 1852 Episcopis‚
520 1817 629 1852 quam
651 1805 821 1852 religiosi,
848 1815 1022 1852 quantum
1051 1808 1093 1842 ad
1125 1807 1268 1854 aliquid,
1295 1809 1433 1844 scilicet
1453 1819 1628 1856 quantum

67 1861 111 1895 ad
134 1872 258 1895 curam
288 1861 501 1901 animarum,
524 1870 632 1905 quam
655 1860 869 1893 secundario
891 1860 1044 1896 habent:
1066 1862 1129 1896 sed
1155 1871 1330 1908 quantum
1353 1864 1394 1897 ad
1418 1872 1628 1910 perpetuam

23 1953 28 1958 ,
67 1914 341 1960 obligationem,
361 1925 452 1959 quae
468 1913 658 1958 requiritur
679 1913 723 1946 ad
742 1920 873 1947 statum
888 1913 1130 1960 perfectionis,
1145 1915 1337 1951 similiores
1351 1925 1432 1951 sunt
1447 1917 1627 1964 Episcopo

66 1967 237 2014 religiosi,
259 1975 297 2001 ut
318 1978 360 2000 ex
382 1977 488 2012 supra
511 1966 613 2000 dictis
634 1974 733 2012 patet
753 1967 836 2011 (art.
855 1978 882 2013 5.
906 1972 937 2002 et
955 1967 986 2002 6.
1012 1968 1080 2013 huj.
1103 1969 1161 2014 q).

137 2022 198 2056 AD
220 2031 371 2055 SEXTUM
394 2020 598 2061 dicendum,
621 2020 716 2065 quod
739 2019 941 2062 difficultas,
963 2033 1055 2066 quae
1071 2030 1123 2056 est
1138 2033 1180 2056 ex
1195 2022 1369 2058 arduitate
1385 2024 1514 2070 operis,
1531 2024 1628 2059 addit

67 2075 111 2110 ad
132 2074 390 2121 perfectionem
412 2073 570 2107 virtutis:
590 2072 780 2107 difficultas
804 2081 936 2116 autem,
959 2086 1051 2120 quae
1073 2076 1238 2121 provenit
1257 2088 1298 2110 ex
1317 2078 1550 2111 exterioribus
1563 2078 1628 2112 im-

66 2128 293 2176 pedimentis,
324 2127 516 2173 quandoque
539 2126 684 2172 quidem
704 2127 870 2161 diminuit
891 2127 1151 2173 perfectionem
1173 2130 1329 2173 virtutis3
1351 2139 1436 2176 puta
1463 2143 1546 2165 curn
1568 2131 1628 2165 ali-

67 2182 145 2229 quis
165 2193 240 2215 non
261 2189 401 2215 tantum
423 2181 591 2214 virtutem
615 2187 722 2222 amat,
745 2188 783 2214 ut
803 2181 1062 2226 impedimenta
1083 2183 1222 2217 virtutis
1249 2183 1429 2218 declinare
1457 2184 1554 2226 velit,
1576 2196 1627 2219 se-

67 2235 226 2271 cundum
247 2234 334 2268 illud
356 2234 484 2280 Apost.
511 2244 538 2267 1.
562 2233 605 2266 ad
629 2233 715 2267 Cor.
737 2244 788 2280 9.:
814 2234 931 2268 Omnis
952 2236 1008 2280 qui
1029 2237 1062 2269 in
1085 2248 1187 2281 agone
1209 2237 1383 2280 contendit,
1410 2239 1450 2272 ab
1473 2239 1626 2273 omnibus

65 2302 97 2325 se
123 2290 284 2323 abstinet:
312 2287 505 2334 quandoque
529 2297 616 2321 vero
639 2294 692 2320 est
713 2286 855 2332 signum
882 2287 1103 2334 perfectioris
1124 2290 1279 2332 virtutis;
1301 2299 1385 2337 puta
1408 2302 1491 2324 cum
1518 2291 1626 2326 alicui

68 2355 111 2378 ex
132 2342 330 2388 inopinato,
350 2341 409 2375 vel
430 2352 471 2374 ex
492 2340 695 2374 neccssaria
717 2351 823 2374 causa
838 2341 1096 2386 impedimenta
1109 2343 1247 2377 virtutis
1263 2352 1465 2386 occurrunt,
1480 2352 1626 2389 propter

67 2407 159 2443 quae
179 2404 303 2430 tamen
325 2407 344 2429 a
364 2395 493 2428 virtute
513 2406 587 2428 non
610 2393 781 2428 declinat:
803 2394 841 2428 in
863 2402 954 2428 statu
975 2403 1094 2429 autem
1116 2396 1300 2441 religionis
1323 2404 1376 2431 est
1398 2399 1513 2442 major
1535 2396 1624 2431 diffi-

68 2449 181 2484 cultas
208 2460 250 2483 ex
268 2448 442 2483 arduitate
465 2459 634 2492 operum:
657 2447 718 2481 sed
735 2447 771 2480 in
789 2447 844 2481 his
863 2449 922 2494 qui
941 2449 975 2482 in
994 2448 1141 2483 saeculo
1163 2450 1288 2484 vivunt
1302 2450 1625 2496 qualitercumque,

69 2511 122 2537 est
142 2503 259 2548 major
280 2501 469 2536 difficultas
492 2512 534 2535 ex
555 2501 822 2546 impedimentis
843 2501 994 2544 virtutis,
1016 2513 1108 2548 quae
1129 2502 1288 2549 religiosi
1311 2516 1373 2550 per
1394 2504 1517 2538 omnia
1548 2515 1627 2549 pro-

67 2556 148 2590 vide
170 2557 380 2590 vitaverunt.
