<?xml version="1.0" encoding="UTF-8"?>
<!DOCTYPE html PUBLIC "-//W3C//DTD XHTML 1.0 Transitional//EN"
    "http://www.w3.org/TR/xhtml1/DTD/xhtml1-transitional.dtd">
<html xmlns="http://www.w3.org/1999/xhtml" xml:lang="en" lang="en">
 <head>
  <title>
</title>
<meta http-equiv="Content-Type" content="text/html;charset=utf-8" />
  <meta name='ocr-system' content='tesseract 3.04.00' />
  <meta name='ocr-capabilities' content='ocr_page ocr_carea ocr_par ocr_line ocrx_word'/>
</head>
<body>
  <div class='ocr_page' id='page_1' title='image "./divithomaeaquina03thomuoft_0856.png"; bbox 0 0 1859 3122; ppageno 0'>
   <div class='ocr_carea' id='block_1_1' title="bbox 233 141 1387 195">
    <p class='ocr_par' dir='ltr' id='par_1_1' title="bbox 233 141 1387 195">
     <span class='ocr_line' id='line_1_1' title="bbox 233 141 1387 195; baseline 0.002 -13"><span class='ocrx_word' id='word_1_1' title='bbox 233 141 315 195; x_wconf 84' lang='lat'><strong>848</strong></span> <span class='ocrx_word' id='word_1_2' title='bbox 618 153 838 188; x_wconf 82' lang='lat' dir='ltr'>QUAEST10</span> <span class='ocrx_word' id='word_1_3' title='bbox 873 153 1017 183; x_wconf 75' lang='lat' dir='ltr'><strong>cxxw.</strong></span> <span class='ocrx_word' id='word_1_4' title='bbox 1051 154 1294 184; x_wconf 68' lang='lat' dir='ltr'><strong>Ani-mutus</strong></span> <span class='ocrx_word' id='word_1_5' title='bbox 1327 155 1387 184; x_wconf 91' lang='lat'>111.</span> 
     </span>
    </p>
   </div>
   <div class='ocr_carea' id='block_1_2' title="bbox 230 233 1790 1020">
    <p class='ocr_par' dir='ltr' id='par_1_2' title="bbox 230 233 1789 602">
     <span class='ocr_line' id='line_1_2' title="bbox 231 233 1785 283; baseline 0.003 -16"><span class='ocrx_word' id='word_1_6' title='bbox 231 234 352 268; x_wconf 81' lang='lat' dir='ltr'><strong>salutis</strong></span> <span class='ocrx_word' id='word_1_7' title='bbox 376 233 545 276; x_wconf 77' lang='lat' dir='ltr'><strong>existens3</strong></span> <span class='ocrx_word' id='word_1_8' title='bbox 567 233 659 268; x_wconf 90' lang='lat' dir='ltr'><strong>sicut</strong></span> <span class='ocrx_word' id='word_1_9' title='bbox 683 234 837 280; x_wconf 84' lang='lat' dir='ltr'><strong>August.</strong></span> <span class='ocrx_word' id='word_1_10' title='bbox 853 234 938 269; x_wconf 81' lang='lat' dir='ltr'><strong>dicit</strong></span> <span class='ocrx_word' id='word_1_11' title='bbox 955 235 991 269; x_wconf 90' lang='lat' dir='ltr'><strong>in</strong></span> <span class='ocrx_word' id='word_1_12' title='bbox 1012 234 1070 269; x_wconf 89' lang='lat' dir='ltr'><strong>lib.</strong></span> <span class='ocrx_word' id='word_1_13' title='bbox 1093 235 1137 269; x_wconf 91' lang='lat' dir='ltr'><strong>de</strong></span> <span class='ocrx_word' id='word_1_14' title='bbox 1158 235 1379 270; x_wconf 89' lang='lat' dir='ltr'><strong>Adulterinis</strong></span> <span class='ocrx_word' id='word_1_15' title='bbox 1402 235 1578 282; x_wconf 84' lang='lat' dir='ltr'><strong>conjugiis</strong></span> <span class='ocrx_word' id='word_1_16' title='bbox 1599 236 1689 282; x_wconf 80' lang='lat' dir='ltr'><strong>(cap.</strong></span> <span class='ocrx_word' id='word_1_17' title='bbox 1710 236 1785 283; x_wconf 69' lang='lat'><strong>13),</strong></span> 
     </span>
     <span class='ocr_line' id='line_1_3' title="bbox 231 287 1786 336; baseline 0.003 -16"><span class='ocrx_word' id='word_1_18' title='bbox 231 288 327 333; x_wconf 90' lang='lat' dir='ltr'><strong>quod</strong></span> <span class='ocrx_word' id='word_1_19' title='bbox 343 287 469 333; x_wconf 88' lang='lat' dir='ltr'><strong>aliquis</strong></span> <span class='ocrx_word' id='word_1_20' title='bbox 484 287 609 322; x_wconf 82' lang='lat' dir='ltr'><strong>incidit</strong></span> <span class='ocrx_word' id='word_1_21' title='bbox 622 287 659 322; x_wconf 88' lang='lat' dir='ltr'><strong>in</strong></span> <span class='ocrx_word' id='word_1_22' title='bbox 679 288 933 323; x_wconf 88' lang='lat' dir='ltr'><strong>necessitatem</strong></span> <span class='ocrx_word' id='word_1_23' title='bbox 947 289 1191 323; x_wconf 83' lang='lat' dir='ltr'><strong>continentiae</strong></span> <span class='ocrx_word' id='word_1_24' title='bbox 1209 288 1404 323; x_wconf 89' lang='lat' dir='ltr'><strong>servandae</strong></span> <span class='ocrx_word' id='word_1_25' title='bbox 1418 297 1562 336; x_wconf 91' lang='lat' dir='ltr'><strong>propter</strong></span> <span class='ocrx_word' id='word_1_26' title='bbox 1576 289 1786 331; x_wconf 83' lang='lat' dir='ltr'><strong>absentiam,</strong></span> 
     </span>
     <span class='ocr_line' id='line_1_4' title="bbox 230 340 1787 389; baseline 0.002 -16"><span class='ocrx_word' id='word_1_27' title='bbox 230 340 288 374; x_wconf 85' lang='lat' dir='ltr'><strong>vel</strong></span> <span class='ocrx_word' id='word_1_28' title='bbox 309 340 554 374; x_wconf 87' lang='lat' dir='ltr'><strong>infirmitatem</strong></span> <span class='ocrx_word' id='word_1_29' title='bbox 576 341 717 383; x_wconf 87' lang='lat' dir='ltr'><strong>uxoris;</strong></span> <span class='ocrx_word' id='word_1_30' title='bbox 741 349 775 376; x_wconf 93' lang='lat' dir='ltr'><strong>et</strong></span> <span class='ocrx_word' id='word_1_31' title='bbox 795 341 876 376; x_wconf 87' lang='lat' dir='ltr'><strong>ideo</strong></span> <span class='ocrx_word' id='word_1_32' title='bbox 898 353 973 375; x_wconf 90' lang='lat' dir='ltr'><strong>non</strong></span> <span class='ocrx_word' id='word_1_33' title='bbox 995 350 1048 376; x_wconf 89' lang='lat' dir='ltr'><strong>est</strong></span> <span class='ocrx_word' id='word_1_34' title='bbox 1070 350 1195 377; x_wconf 88' lang='lat' dir='ltr'><strong>contra</strong></span> <span class='ocrx_word' id='word_1_35' title='bbox 1220 341 1480 388; x_wconf 82' lang='lat' dir='ltr'><strong>perfectionem</strong></span> <span class='ocrx_word' id='word_1_36' title='bbox 1507 343 1678 389; x_wconf 87' lang='lat' dir='ltr'><strong>martyrii,</strong></span> <span class='ocrx_word' id='word_1_37' title='bbox 1701 342 1731 377; x_wconf 91' lang='lat' dir='ltr'><strong>si</strong></span> <span class='ocrx_word' id='word_1_38' title='bbox 1750 342 1787 376; x_wconf 91' lang='lat' dir='ltr'><strong>in</strong></span> 
     </span>
     <span class='ocr_line' id='line_1_5' title="bbox 231 393 1788 443; baseline 0.002 -16"><span class='ocrx_word' id='word_1_39' title='bbox 231 393 352 440; x_wconf 88' lang='lat' dir='ltr'><strong>aliquo</strong></span> <span class='ocrx_word' id='word_1_40' title='bbox 375 405 459 428; x_wconf 88' lang='lat' dir='ltr'><strong>casu</strong></span> <span class='ocrx_word' id='word_1_41' title='bbox 481 394 526 428; x_wconf 91' lang='lat' dir='ltr'><strong>sit</strong></span> <span class='ocrx_word' id='word_1_42' title='bbox 552 395 594 428; x_wconf 90' lang='lat' dir='ltr'><strong>de</strong></span> <span class='ocrx_word' id='word_1_43' title='bbox 616 396 830 429; x_wconf 80' lang='lat' dir='ltr'><strong>necessitate</strong></span> <span class='ocrx_word' id='word_1_44' title='bbox 852 395 994 438; x_wconf 87' lang='lat' dir='ltr'><strong>salutis;</strong></span> <span class='ocrx_word' id='word_1_45' title='bbox 1023 404 1076 430; x_wconf 89' lang='lat' dir='ltr'><strong>est</strong></span> <span class='ocrx_word' id='word_1_46' title='bbox 1097 396 1194 430; x_wconf 89' lang='lat' dir='ltr'><strong>enirn</strong></span> <span class='ocrx_word' id='word_1_47' title='bbox 1217 395 1344 442; x_wconf 90' lang='lat' dir='ltr'><strong>aliquis</strong></span> <span class='ocrx_word' id='word_1_48' title='bbox 1371 407 1486 438; x_wconf 91' lang='lat' dir='ltr'><strong>casus,</strong></span> <span class='ocrx_word' id='word_1_49' title='bbox 1507 396 1544 429; x_wconf 89' lang='lat' dir='ltr'><strong>in</strong></span> <span class='ocrx_word' id='word_1_50' title='bbox 1565 407 1636 442; x_wconf 91' lang='lat' dir='ltr'><strong>quo</strong></span> <span class='ocrx_word' id='word_1_51' title='bbox 1658 403 1788 443; x_wconf 83' lang='lat' dir='ltr'><strong>marty-</strong></span> 
     </span>
     <span class='ocr_line' id='line_1_6' title="bbox 231 447 1789 495; baseline 0.002 -15"><span class='ocrx_word' id='word_1_52' title='bbox 231 448 324 481; x_wconf 88' lang='lat' dir='ltr'><strong>rium</strong></span> <span class='ocrx_word' id='word_1_53' title='bbox 345 447 501 494; x_wconf 87' lang='lat' dir='ltr'><strong>perferre</strong></span> <span class='ocrx_word' id='word_1_54' title='bbox 522 459 595 482; x_wconf 87' lang='lat' dir='ltr'><strong>non</strong></span> <span class='ocrx_word' id='word_1_55' title='bbox 613 456 665 482; x_wconf 90' lang='lat' dir='ltr'><strong>est</strong></span> <span class='ocrx_word' id='word_1_56' title='bbox 687 448 730 482; x_wconf 92' lang='lat' dir='ltr'><strong>de</strong></span> <span class='ocrx_word' id='word_1_57' title='bbox 751 449 965 483; x_wconf 84' lang='lat' dir='ltr'><strong>necessitate</strong></span> <span class='ocrx_word' id='word_1_58' title='bbox 987 448 1128 492; x_wconf 79' lang='lat' dir='ltr'><strong>salutis3</strong></span> <span class='ocrx_word' id='word_1_59' title='bbox 1151 457 1236 495; x_wconf 92' lang='lat' dir='ltr'><strong>puta</strong></span> <span class='ocrx_word' id='word_1_60' title='bbox 1259 460 1342 483; x_wconf 91' lang='lat' dir='ltr'><strong>cum</strong></span> <span class='ocrx_word' id='word_1_61' title='bbox 1357 461 1400 484; x_wconf 83' lang='lat' dir='ltr'><strong>ex</strong></span> <span class='ocrx_word' id='word_1_62' title='bbox 1420 448 1499 483; x_wconf 90' lang='lat' dir='ltr'><strong>zelo</strong></span> <span class='ocrx_word' id='word_1_63' title='bbox 1521 449 1604 483; x_wconf 90' lang='lat' dir='ltr'><strong>fidei</strong></span> <span class='ocrx_word' id='word_1_64' title='bbox 1622 457 1656 484; x_wconf 93' lang='lat' dir='ltr'><strong>et</strong></span> <span class='ocrx_word' id='word_1_65' title='bbox 1677 449 1789 484; x_wconf 91' lang='lat' dir='ltr'><strong>chari-</strong></span> 
     </span>
     <span class='ocr_line' id='line_1_7' title="bbox 230 500 1787 549; baseline 0.002 -15"><span class='ocrx_word' id='word_1_66' title='bbox 230 509 302 535; x_wconf 90' lang='lat' dir='ltr'><strong>tate</strong></span> <span class='ocrx_word' id='word_1_67' title='bbox 319 500 476 535; x_wconf 83' lang='lat' dir='ltr'><strong>fraterna</strong></span> <span class='ocrx_word' id='word_1_68' title='bbox 498 501 681 536; x_wconf 87' lang='lat' dir='ltr'><strong>multoties</strong></span> <span class='ocrx_word' id='word_1_69' title='bbox 696 501 864 548; x_wconf 83' lang='lat' dir='ltr'><strong>leguntur</strong></span> <span class='ocrx_word' id='word_1_70' title='bbox 882 502 996 536; x_wconf 88' lang='lat' dir='ltr'><strong>sancti</strong></span> <span class='ocrx_word' id='word_1_71' title='bbox 1015 510 1189 549; x_wconf 83' lang='lat' dir='ltr'><strong>martyres</strong></span> <span class='ocrx_word' id='word_1_72' title='bbox 1209 510 1336 549; x_wconf 88' lang='lat' dir='ltr'><strong>sponte</strong></span> <span class='ocrx_word' id='word_1_73' title='bbox 1351 514 1387 537; x_wconf 92' lang='lat' dir='ltr'><strong>se</strong></span> <span class='ocrx_word' id='word_1_74' title='bbox 1402 501 1573 537; x_wconf 89' lang='lat' dir='ltr'><strong>obtulisse</strong></span> <span class='ocrx_word' id='word_1_75' title='bbox 1594 503 1787 549; x_wconf 91' lang='lat' dir='ltr'><strong>martyrio:</strong></span> 
     </span>
     <span class='ocr_line' id='line_1_8' title="bbox 230 553 1704 602; baseline 0.001 -14"><span class='ocrx_word' id='word_1_76' title='bbox 230 553 291 588; x_wconf 86' lang='lat' dir='ltr'><strong>illa</strong></span> <span class='ocrx_word' id='word_1_77' title='bbox 313 563 433 588; x_wconf 91' lang='lat' dir='ltr'><strong>autem</strong></span> <span class='ocrx_word' id='word_1_78' title='bbox 456 563 646 601; x_wconf 86' lang='lat' dir='ltr'><strong>praecepta</strong></span> <span class='ocrx_word' id='word_1_79' title='bbox 667 563 750 589; x_wconf 88' lang='lat' dir='ltr'><strong>sunt</strong></span> <span class='ocrx_word' id='word_1_80' title='bbox 775 555 1007 602; x_wconf 84' lang='lat' dir='ltr'><strong>intelligenda</strong></span> <span class='ocrx_word' id='word_1_81' title='bbox 1028 556 1227 590; x_wconf 89' lang='lat' dir='ltr'><strong>secundum</strong></span> <span class='ocrx_word' id='word_1_82' title='bbox 1248 557 1559 602; x_wconf 80' lang='lat' dir='ltr'><strong>praeparationem</strong></span> <span class='ocrx_word' id='word_1_83' title='bbox 1581 556 1704 590; x_wconf 89' lang='lat' dir='ltr'><strong>animi.</strong></span> 
     </span>
    </p>

    <p class='ocr_par' dir='ltr' id='par_1_3' title="bbox 231 609 1790 857">
     <span class='ocr_line' id='line_1_9' title="bbox 302 609 1789 656; baseline 0.001 -14"><span class='ocrx_word' id='word_1_84' title='bbox 302 609 362 642; x_wconf 83' lang='lat' dir='ltr'><strong>AD</strong></span> <span class='ocrx_word' id='word_1_85' title='bbox 383 619 589 643; x_wconf 74' lang='lat' dir='ltr'>SECUNDUM</span> <span class='ocrx_word' id='word_1_86' title='bbox 605 609 807 651; x_wconf 89' lang='lat' dir='ltr'><strong>dicendum,</strong></span> <span class='ocrx_word' id='word_1_87' title='bbox 823 610 919 656; x_wconf 87' lang='lat' dir='ltr'><strong>quod</strong></span> <span class='ocrx_word' id='word_1_88' title='bbox 934 610 1147 656; x_wconf 88' lang='lat' dir='ltr'><strong>martyrium</strong></span> <span class='ocrx_word' id='word_1_89' title='bbox 1163 609 1414 656; x_wconf 87' lang='lat' dir='ltr'><strong>complectitur</strong></span> <span class='ocrx_word' id='word_1_90' title='bbox 1427 609 1473 652; x_wconf 90' lang='lat' dir='ltr'><strong>id,</strong></span> <span class='ocrx_word' id='word_1_91' title='bbox 1494 610 1589 656; x_wconf 90' lang='lat' dir='ltr'><strong>quod</strong></span> <span class='ocrx_word' id='word_1_92' title='bbox 1604 620 1789 644; x_wconf 88' lang='lat' dir='ltr'><strong>summum</strong></span> 
     </span>
     <span class='ocr_line' id='line_1_10' title="bbox 231 662 1787 709; baseline 0.001 -14"><span class='ocrx_word' id='word_1_93' title='bbox 231 662 266 696; x_wconf 89' lang='lat' dir='ltr'><strong>in</strong></span> <span class='ocrx_word' id='word_1_94' title='bbox 290 662 494 696; x_wconf 85' lang='lat' dir='ltr'><strong>obedientia</strong></span> <span class='ocrx_word' id='word_1_95' title='bbox 516 674 592 696; x_wconf 86' lang='lat' dir='ltr'><strong>esse</strong></span> <span class='ocrx_word' id='word_1_96' title='bbox 615 670 748 708; x_wconf 80' lang='lat' dir='ltr'><strong>potest3</strong></span> <span class='ocrx_word' id='word_1_97' title='bbox 771 671 809 697; x_wconf 88' lang='lat' dir='ltr'><strong>ut</strong></span> <span class='ocrx_word' id='word_1_98' title='bbox 830 663 967 697; x_wconf 89' lang='lat' dir='ltr'><strong>scilicet</strong></span> <span class='ocrx_word' id='word_1_99' title='bbox 989 663 1116 709; x_wconf 87' lang='lat' dir='ltr'><strong>aliquis</strong></span> <span class='ocrx_word' id='word_1_100' title='bbox 1143 663 1188 697; x_wconf 89' lang='lat' dir='ltr'><strong>sit</strong></span> <span class='ocrx_word' id='word_1_101' title='bbox 1213 663 1385 698; x_wconf 88' lang='lat' dir='ltr'><strong>obediens</strong></span> <span class='ocrx_word' id='word_1_102' title='bbox 1412 674 1524 709; x_wconf 84' lang='lat' dir='ltr'><strong>usque.</strong></span> <span class='ocrx_word' id='word_1_103' title='bbox 1546 663 1590 697; x_wconf 87' lang='lat' dir='ltr'><strong>ad</strong></span> <span class='ocrx_word' id='word_1_104' title='bbox 1612 671 1787 705; x_wconf 84' lang='lat' dir='ltr'><strong>mortem3</strong></span> 
     </span>
     <span class='ocr_line' id='line_1_11' title="bbox 231 715 1790 763; baseline 0.001 -14"><span class='ocrx_word' id='word_1_105' title='bbox 231 716 323 749; x_wconf 85' lang='lat' dir='ltr'><strong>sicut</strong></span> <span class='ocrx_word' id='word_1_106' title='bbox 343 715 472 761; x_wconf 83' lang='lat' dir='ltr'><strong>legitur</strong></span> <span class='ocrx_word' id='word_1_107' title='bbox 495 715 538 750; x_wconf 90' lang='lat' dir='ltr'><strong>de</strong></span> <span class='ocrx_word' id='word_1_108' title='bbox 561 715 720 759; x_wconf 88' lang='lat' dir='ltr'><strong>Christo,</strong></span> <span class='ocrx_word' id='word_1_109' title='bbox 737 717 780 750; x_wconf 88' lang='lat' dir='ltr'><strong>ad</strong></span> <span class='ocrx_word' id='word_1_110' title='bbox 801 716 955 763; x_wconf 85' lang='lat' dir='ltr'><strong>Philipp.</strong></span> <span class='ocrx_word' id='word_1_111' title='bbox 979 727 1022 758; x_wconf 85' lang='lat'><strong>2.,</strong></span> <span class='ocrx_word' id='word_1_112' title='bbox 1045 717 1141 763; x_wconf 88' lang='lat' dir='ltr'><strong>quod</strong></span> <span class='ocrx_word' id='word_1_113' title='bbox 1155 717 1267 762; x_wconf 78' lang='lat' dir='ltr'><strong>factus</strong></span> <span class='ocrx_word' id='word_1_114' title='bbox 1287 722 1331 752; x_wconf 81' lang='lat' dir='ltr'><strong>est</strong></span> <span class='ocrx_word' id='word_1_115' title='bbox 1352 717 1498 751; x_wconf 63' lang='lat' dir='ltr'><strong>obediens</strong></span> <span class='ocrx_word' id='word_1_116' title='bbox 1518 728 1614 762; x_wconf 78' lang='lat' dir='ltr'><strong>usque</strong></span> <span class='ocrx_word' id='word_1_117' title='bbox 1640 716 1682 750; x_wconf 85' lang='lat' dir='ltr'><strong>ad</strong></span> <span class='ocrx_word' id='word_1_118' title='bbox 1702 728 1790 751; x_wconf 87' lang='lat' dir='ltr'><strong>mor—</strong></span> 
     </span>
     <span class='ocr_line' id='line_1_12' title="bbox 232 769 1789 816; baseline 0.001 -14"><span class='ocrx_word' id='word_1_119' title='bbox 232 775 314 810; x_wconf 77' lang='lat' dir='ltr'><strong>lem;</strong></span> <span class='ocrx_word' id='word_1_120' title='bbox 334 769 428 803; x_wconf 91' lang='lat' dir='ltr'><strong>unde</strong></span> <span class='ocrx_word' id='word_1_121' title='bbox 444 777 551 815; x_wconf 86' lang='lat' dir='ltr'><strong>patet,</strong></span> <span class='ocrx_word' id='word_1_122' title='bbox 571 769 667 815; x_wconf 89' lang='lat' dir='ltr'><strong>quod</strong></span> <span class='ocrx_word' id='word_1_123' title='bbox 686 770 899 816; x_wconf 89' lang='lat' dir='ltr'><strong>martyrium</strong></span> <span class='ocrx_word' id='word_1_124' title='bbox 913 770 1112 805; x_wconf 89' lang='lat' dir='ltr'><strong>secundum</strong></span> <span class='ocrx_word' id='word_1_125' title='bbox 1126 781 1163 804; x_wconf 90' lang='lat' dir='ltr'><strong>se</strong></span> <span class='ocrx_word' id='word_1_126' title='bbox 1179 778 1231 804; x_wconf 90' lang='lat' dir='ltr'><strong>est</strong></span> <span class='ocrx_word' id='word_1_127' title='bbox 1244 769 1446 816; x_wconf 87' lang='lat' dir='ltr'><strong>perfectius,</strong></span> <span class='ocrx_word' id='word_1_128' title='bbox 1462 781 1571 816; x_wconf 88' lang='lat' dir='ltr'><strong>quam</strong></span> <span class='ocrx_word' id='word_1_129' title='bbox 1585 769 1789 804; x_wconf 86' lang='lat' dir='ltr'><strong>obedientia</strong></span> 
     </span>
     <span class='ocr_line' id='line_1_13' title="bbox 232 822 521 857; baseline 0 -1"><span class='ocrx_word' id='word_1_130' title='bbox 232 822 394 857; x_wconf 87' lang='lat' dir='ltr'><strong>absolute</strong></span> <span class='ocrx_word' id='word_1_131' title='bbox 417 822 521 857; x_wconf 89' lang='lat' dir='ltr'><strong>dicta.</strong></span> 
     </span>
    </p>

    <p class='ocr_par' dir='ltr' id='par_1_4' title="bbox 231 876 1789 1020">
     <span class='ocr_line' id='line_1_14' title="bbox 302 876 1789 924; baseline 0.001 -14"><span class='ocrx_word' id='word_1_132' title='bbox 302 877 361 910; x_wconf 86' lang='lat' dir='ltr'><strong>AD</strong></span> <span class='ocrx_word' id='word_1_133' title='bbox 390 887 561 911; x_wconf 79' lang='lat' dir='ltr'><strong>TERTIUM</strong></span> <span class='ocrx_word' id='word_1_134' title='bbox 584 877 789 919; x_wconf 85' lang='lat' dir='ltr'><strong>dicendum,</strong></span> <span class='ocrx_word' id='word_1_135' title='bbox 812 877 909 923; x_wconf 91' lang='lat' dir='ltr'><strong>quod</strong></span> <span class='ocrx_word' id='word_1_136' title='bbox 936 877 1026 912; x_wconf 89' lang='lat' dir='ltr'><strong>ratio</strong></span> <span class='ocrx_word' id='word_1_137' title='bbox 1054 877 1115 912; x_wconf 90' lang='lat' dir='ltr'><strong>illa</strong></span> <span class='ocrx_word' id='word_1_138' title='bbox 1141 877 1304 924; x_wconf 88' lang='lat' dir='ltr'><strong>procedit</strong></span> <span class='ocrx_word' id='word_1_139' title='bbox 1326 878 1368 912; x_wconf 92' lang='lat' dir='ltr'><strong>de</strong></span> <span class='ocrx_word' id='word_1_140' title='bbox 1391 877 1563 924; x_wconf 89' lang='lat' dir='ltr'><strong>martyrio</strong></span> <span class='ocrx_word' id='word_1_141' title='bbox 1591 876 1789 912; x_wconf 91' lang='lat' dir='ltr'><strong>secundum</strong></span> 
     </span>
     <span class='ocr_line' id='line_1_15' title="bbox 231 930 1789 977; baseline 0.001 -13"><span class='ocrx_word' id='word_1_142' title='bbox 231 930 415 976; x_wconf 85' lang='lat' dir='ltr'><strong>propriam</strong></span> <span class='ocrx_word' id='word_1_143' title='bbox 442 930 602 977; x_wconf 88' lang='lat' dir='ltr'><strong>speciem</strong></span> <span class='ocrx_word' id='word_1_144' title='bbox 629 939 740 973; x_wconf 86' lang='lat' dir='ltr'><strong>actus,</strong></span> <span class='ocrx_word' id='word_1_145' title='bbox 769 942 808 965; x_wconf 79' lang='lat' dir='ltr'><strong>ex</strong></span> <span class='ocrx_word' id='word_1_146' title='bbox 832 942 901 977; x_wconf 89' lang='lat' dir='ltr'><strong>qua</strong></span> <span class='ocrx_word' id='word_1_147' title='bbox 927 942 1001 965; x_wconf 89' lang='lat' dir='ltr'><strong>non</strong></span> <span class='ocrx_word' id='word_1_148' title='bbox 1022 931 1130 965; x_wconf 90' lang='lat' dir='ltr'><strong>habet</strong></span> <span class='ocrx_word' id='word_1_149' title='bbox 1152 931 1403 965; x_wconf 80' lang='lat' dir='ltr'><strong>excellentiam</strong></span> <span class='ocrx_word' id='word_1_150' title='bbox 1428 931 1520 965; x_wconf 87' lang='lat' dir='ltr'><strong>inter</strong></span> <span class='ocrx_word' id='word_1_151' title='bbox 1541 942 1668 965; x_wconf 90' lang='lat' dir='ltr'><strong>omnes</strong></span> <span class='ocrx_word' id='word_1_152' title='bbox 1690 938 1789 965; x_wconf 88' lang='lat' dir='ltr'><strong>actus</strong></span> 
     </span>
     <span class='ocr_line' id='line_1_16' title="bbox 231 983 1588 1020; baseline 0.001 -2"><span class='ocrx_word' id='word_1_153' title='bbox 231 984 422 1018; x_wconf 82' lang='lat' dir='ltr'><strong>virtutum:</strong></span> <span class='ocrx_word' id='word_1_154' title='bbox 445 984 536 1018; x_wconf 81' lang='lat' dir='ltr'><strong>sicut</strong></span> <span class='ocrx_word' id='word_1_155' title='bbox 557 995 623 1019; x_wconf 89' lang='lat' dir='ltr'><strong>nec</strong></span> <span class='ocrx_word' id='word_1_156' title='bbox 645 983 817 1019; x_wconf 90' lang='lat' dir='ltr'><strong>fortitudo</strong></span> <span class='ocrx_word' id='word_1_157' title='bbox 841 992 893 1019; x_wconf 90' lang='lat' dir='ltr'><strong>est</strong></span> <span class='ocrx_word' id='word_1_158' title='bbox 914 984 1148 1019; x_wconf 83' lang='lat' dir='ltr'><strong>excellentior</strong></span> <span class='ocrx_word' id='word_1_159' title='bbox 1168 985 1260 1019; x_wconf 90' lang='lat' dir='ltr'><strong>inter</strong></span> <span class='ocrx_word' id='word_1_160' title='bbox 1282 995 1409 1019; x_wconf 89' lang='lat' dir='ltr'><strong>omnes</strong></span> <span class='ocrx_word' id='word_1_161' title='bbox 1431 985 1588 1020; x_wconf 85' lang='lat' dir='ltr'><strong>virtutes.</strong></span> 
     </span>
    </p>
   </div>
   <div class='ocr_carea' id='block_1_3' title="bbox 793 1127 1789 1184">
    <p class='ocr_par' dir='ltr' id='par_1_5' title="bbox 793 1127 1789 1184">
     <span class='ocr_line' id='line_1_17' title="bbox 793 1127 1789 1184; baseline 0.002 -13"><span class='ocrx_word' id='word_1_162' title='bbox 793 1127 1138 1173; x_wconf 72' lang='lat' dir='ltr'><strong>ARTICULUS</strong></span> <span class='ocrx_word' id='word_1_163' title='bbox 1166 1128 1241 1172; x_wconf 82' lang='lat' dir='ltr'><strong>iv.</strong></span> <span class='ocrx_word' id='word_1_164' title='bbox 1723 1137 1789 1184; x_wconf 85' lang='lat'><strong>632</strong></span> 
     </span>
    </p>
   </div>
   <div class='ocr_carea' id='block_1_4' title="bbox 484 1235 1494 1267">
    <p class='ocr_par' dir='ltr' id='par_1_6' title="bbox 484 1235 1494 1267">
     <span class='ocr_line' id='line_1_18' title="bbox 484 1235 1494 1267; baseline 0.003 -3"><span class='ocrx_word' id='word_1_165' title='bbox 484 1261 486 1263; x_wconf 88' lang='lat'>.</span> <span class='ocrx_word' id='word_1_166' title='bbox 527 1235 679 1265; x_wconf 88' lang='lat' dir='ltr'><strong>UTRUM</strong></span> <span class='ocrx_word' id='word_1_167' title='bbox 711 1236 826 1266; x_wconf 83' lang='lat' dir='ltr'><strong>MORS</strong></span> <span class='ocrx_word' id='word_1_168' title='bbox 859 1237 927 1266; x_wconf 90' lang='lat' dir='ltr'><strong>SIT</strong></span> <span class='ocrx_word' id='word_1_169' title='bbox 959 1238 1016 1266; x_wconf 88' lang='lat' dir='ltr'><strong>DE</strong></span> <span class='ocrx_word' id='word_1_170' title='bbox 1049 1237 1242 1267; x_wconf 88' lang='lat' dir='ltr'>RATIONE</span> <span class='ocrx_word' id='word_1_171' title='bbox 1272 1236 1494 1267; x_wconf 88' lang='lat' dir='ltr'><strong>MARTYRII.</strong></span> 
     </span>
    </p>
   </div>
   <div class='ocr_carea' id='block_1_5' title="bbox 707 1325 1318 1371">
    <p class='ocr_par' dir='ltr' id='par_1_7' title="bbox 707 1325 1318 1371">
     <span class='ocr_line' id='line_1_19' title="bbox 707 1325 1318 1371; baseline 0.003 -13"><span class='ocrx_word' id='word_1_172' title='bbox 707 1325 757 1369; x_wconf 77' lang='lat'><strong>(4.</strong></span> <span class='ocrx_word' id='word_1_173' title='bbox 779 1325 868 1359; x_wconf 81' lang='lat' dir='ltr'><strong>Dist.</strong></span> <span class='ocrx_word' id='word_1_174' title='bbox 889 1336 945 1371; x_wconf 83' lang='lat'><strong>49.</strong></span> <span class='ocrx_word' id='word_1_175' title='bbox 968 1337 997 1370; x_wconf 84' lang='lat' dir='ltr'><strong>q.</strong></span> <span class='ocrx_word' id='word_1_176' title='bbox 1016 1337 1044 1371; x_wconf 79' lang='lat'><strong>5.</strong></span> <span class='ocrx_word' id='word_1_177' title='bbox 1072 1331 1137 1360; x_wconf 81' lang='lat' dir='ltr'><strong>art.</strong></span> <span class='ocrx_word' id='word_1_178' title='bbox 1156 1337 1184 1371; x_wconf 81' lang='lat'><strong>3.</strong></span> <span class='ocrx_word' id='word_1_179' title='bbox 1206 1337 1236 1371; x_wconf 85' lang='lat' dir='ltr'><strong>q.</strong></span> <span class='ocrx_word' id='word_1_180' title='bbox 1258 1326 1318 1371; x_wconf 75' lang='lat'><em>2.)-</em></span> 
     </span>
    </p>
   </div>
   <div class='ocr_carea' id='block_1_6' title="bbox 233 1413 1794 2158">
    <p class='ocr_par' dir='ltr' id='par_1_8' title="bbox 233 1413 1794 1833">
     <span class='ocr_line' id='line_1_20' title="bbox 305 1413 1792 1460; baseline 0 -13"><span class='ocrx_word' id='word_1_181' title='bbox 305 1413 363 1447; x_wconf 77' lang='lat' dir='ltr'><strong>AD</strong></span> <span class='ocrx_word' id='word_1_182' title='bbox 386 1423 574 1452; x_wconf 81' lang='lat' dir='ltr'><strong>QUARTUM</strong></span> <span class='ocrx_word' id='word_1_183' title='bbox 595 1414 645 1447; x_wconf 85' lang='lat' dir='ltr'><strong>sic</strong></span> <span class='ocrx_word' id='word_1_184' title='bbox 667 1414 883 1458; x_wconf 86' lang='lat' dir='ltr'><strong>proceditur.</strong></span> <span class='ocrx_word' id='word_1_185' title='bbox 898 1413 1060 1456; x_wconf 89' lang='lat' dir='ltr'><strong>Videtur,</strong></span> <span class='ocrx_word' id='word_1_186' title='bbox 1076 1414 1173 1460; x_wconf 92' lang='lat' dir='ltr'><strong>quod</strong></span> <span class='ocrx_word' id='word_1_187' title='bbox 1195 1425 1293 1448; x_wconf 89' lang='lat' dir='ltr'><strong>mors</strong></span> <span class='ocrx_word' id='word_1_188' title='bbox 1315 1425 1389 1448; x_wconf 93' lang='lat' dir='ltr'><strong>non</strong></span> <span class='ocrx_word' id='word_1_189' title='bbox 1411 1414 1455 1449; x_wconf 92' lang='lat' dir='ltr'><strong>sit</strong></span> <span class='ocrx_word' id='word_1_190' title='bbox 1476 1413 1519 1448; x_wconf 91' lang='lat' dir='ltr'><strong>de</strong></span> <span class='ocrx_word' id='word_1_191' title='bbox 1540 1413 1680 1448; x_wconf 90' lang='lat' dir='ltr'><strong>ratione</strong></span> <span class='ocrx_word' id='word_1_192' title='bbox 1701 1424 1792 1447; x_wconf 88' lang='lat' dir='ltr'><strong>mar-</strong></span> 
     </span>
     <span class='ocr_line' id='line_1_21' title="bbox 235 1466 1792 1514; baseline 0.001 -15"><span class='ocrx_word' id='word_1_193' title='bbox 235 1466 334 1512; x_wconf 84' lang='lat' dir='ltr'><strong>tyrii:</strong></span> <span class='ocrx_word' id='word_1_194' title='bbox 359 1466 444 1501; x_wconf 89' lang='lat' dir='ltr'><strong>dicit</strong></span> <span class='ocrx_word' id='word_1_195' title='bbox 470 1466 566 1500; x_wconf 88' lang='lat' dir='ltr'><strong>enim</strong></span> <span class='ocrx_word' id='word_1_196' title='bbox 588 1467 834 1513; x_wconf 84' lang='lat' dir='ltr'><strong>Hieronymus</strong></span> <span class='ocrx_word' id='word_1_197' title='bbox 868 1467 904 1501; x_wconf 92' lang='lat' dir='ltr'><strong>in</strong></span> <span class='ocrx_word' id='word_1_198' title='bbox 938 1479 1044 1502; x_wconf 91' lang='lat' dir='ltr'><strong>serm.</strong></span> <span class='ocrx_word' id='word_1_199' title='bbox 1079 1468 1122 1502; x_wconf 92' lang='lat' dir='ltr'><strong>de</strong></span> <span class='ocrx_word' id='word_1_200' title='bbox 1144 1467 1403 1513; x_wconf 90' lang='lat' dir='ltr'><strong>Assumptione</strong></span> <span class='ocrx_word' id='word_1_201' title='bbox 1435 1467 1540 1514; x_wconf 75' lang='lat' dir='ltr'><strong>(epist.</strong></span> <span class='ocrx_word' id='word_1_202' title='bbox 1568 1467 1611 1501; x_wconf 84' lang='lat' dir='ltr'><strong>ad</strong></span> <span class='ocrx_word' id='word_1_203' title='bbox 1643 1466 1738 1501; x_wconf 86' lang='lat' dir='ltr'><strong>Paul.</strong></span> <span class='ocrx_word' id='word_1_204' title='bbox 1764 1470 1792 1501; x_wconf 84' lang='lat' dir='ltr'><strong>et</strong></span> 
     </span>
     <span class='ocr_line' id='line_1_22' title="bbox 234 1519 1792 1567; baseline -0.001 -13"><span class='ocrx_word' id='word_1_205' title='bbox 234 1519 427 1564; x_wconf 77' lang='lat' dir='ltr'><strong>Eustoch.):</strong></span> <span class='ocrx_word' id='word_1_206' title='bbox 454 1533 472 1551; x_wconf 86' lang='lat'>«</span> <span class='ocrx_word' id='word_1_207' title='bbox 493 1519 606 1554; x_wconf 87' lang='lat' dir='ltr'><strong>Recte</strong></span> <span class='ocrx_word' id='word_1_208' title='bbox 628 1520 790 1562; x_wconf 84' lang='lat' dir='ltr'><strong>dixerim,</strong></span> <span class='ocrx_word' id='word_1_209' title='bbox 813 1521 909 1567; x_wconf 90' lang='lat' dir='ltr'><strong>quod</strong></span> <span class='ocrx_word' id='word_1_210' title='bbox 923 1521 993 1555; x_wconf 91' lang='lat' dir='ltr'><strong>Dei</strong></span> <span class='ocrx_word' id='word_1_211' title='bbox 1009 1521 1173 1555; x_wconf 76' lang='lat' dir='ltr'><strong>Genitrix</strong></span> <span class='ocrx_word' id='word_1_212' title='bbox 1191 1521 1306 1567; x_wconf 81' lang='lat' dir='ltr'><strong>virgo,</strong></span> <span class='ocrx_word' id='word_1_213' title='bbox 1326 1529 1361 1556; x_wconf 91' lang='lat' dir='ltr'><strong>et</strong></span> <span class='ocrx_word' id='word_1_214' title='bbox 1377 1529 1513 1567; x_wconf 88' lang='lat' dir='ltr'><strong>martyr</strong></span> <span class='ocrx_word' id='word_1_215' title='bbox 1532 1520 1608 1563; x_wconf 91' lang='lat' dir='ltr'><strong>fuit,</strong></span> <span class='ocrx_word' id='word_1_216' title='bbox 1628 1519 1792 1566; x_wconf 92' lang='lat' dir='ltr'><strong>quamvis</strong></span> 
     </span>
     <span class='ocr_line' id='line_1_23' title="bbox 234 1573 1794 1621; baseline 0.001 -15"><span class='ocrx_word' id='word_1_217' title='bbox 234 1573 269 1607; x_wconf 91' lang='lat' dir='ltr'><strong>in</strong></span> <span class='ocrx_word' id='word_1_218' title='bbox 290 1584 379 1619; x_wconf 85' lang='lat' dir='ltr'><strong>pace</strong></span> <span class='ocrx_word' id='word_1_219' title='bbox 400 1573 512 1607; x_wconf 79' lang='lat' dir='ltr'><strong>vitam</strong></span> <span class='ocrx_word' id='word_1_220' title='bbox 532 1573 686 1608; x_wconf 82' lang='lat' dir='ltr'><strong>finiverit</strong></span> <span class='ocrx_word' id='word_1_221' title='bbox 707 1586 745 1616; x_wconf 80' lang='lat'><strong>»3</strong></span> <span class='ocrx_word' id='word_1_222' title='bbox 767 1582 802 1608; x_wconf 90' lang='lat' dir='ltr'><strong>et</strong></span> <span class='ocrx_word' id='word_1_223' title='bbox 824 1574 976 1620; x_wconf 81' lang='lat' dir='ltr'><strong>Gregor.</strong></span> <span class='ocrx_word' id='word_1_224' title='bbox 999 1574 1084 1608; x_wconf 92' lang='lat' dir='ltr'><strong>dicit</strong></span> <span class='ocrx_word' id='word_1_225' title='bbox 1103 1574 1205 1619; x_wconf 82' lang='lat' dir='ltr'><strong>(hom.</strong></span> <span class='ocrx_word' id='word_1_226' title='bbox 1220 1587 1247 1621; x_wconf 82' lang='lat'><strong>3.</strong></span> <span class='ocrx_word' id='word_1_227' title='bbox 1270 1576 1305 1608; x_wconf 82' lang='lat' dir='ltr'><strong>in</strong></span> <span class='ocrx_word' id='word_1_228' title='bbox 1322 1575 1486 1620; x_wconf 81' lang='lat' dir='ltr'><strong>Evang.):</strong></span> <span class='ocrx_word' id='word_1_229' title='bbox 1501 1587 1518 1606; x_wconf 90' lang='lat'>«</span> <span class='ocrx_word' id='word_1_230' title='bbox 1535 1573 1714 1615; x_wconf 88' lang='lat' dir='ltr'><strong>Quamvis</strong></span> <span class='ocrx_word' id='word_1_231' title='bbox 1736 1583 1794 1607; x_wconf 88' lang='lat' dir='ltr'><strong>oc-</strong></span> 
     </span>
     <span class='ocr_line' id='line_1_24' title="bbox 235 1626 1792 1675; baseline 0 -15"><span class='ocrx_word' id='word_1_232' title='bbox 235 1627 333 1661; x_wconf 83' lang='lat' dir='ltr'><strong>casio</strong></span> <span class='ocrx_word' id='word_1_233' title='bbox 355 1627 614 1673; x_wconf 90' lang='lat' dir='ltr'><strong>persecutionis</strong></span> <span class='ocrx_word' id='word_1_234' title='bbox 636 1628 736 1670; x_wconf 87' lang='lat' dir='ltr'><strong>desit,</strong></span> <span class='ocrx_word' id='word_1_235' title='bbox 762 1628 871 1662; x_wconf 88' lang='lat' dir='ltr'><strong>habet</strong></span> <span class='ocrx_word' id='word_1_236' title='bbox 895 1636 1018 1662; x_wconf 90' lang='lat' dir='ltr'><strong>tamen</strong></span> <span class='ocrx_word' id='word_1_237' title='bbox 1041 1636 1075 1662; x_wconf 91' lang='lat' dir='ltr'><strong>et</strong></span> <span class='ocrx_word' id='word_1_238' title='bbox 1096 1640 1163 1675; x_wconf 79' lang='lat' dir='ltr'><strong>pax</strong></span> <span class='ocrx_word' id='word_1_239' title='bbox 1184 1635 1306 1663; x_wconf 89' lang='lat' dir='ltr'><strong>nostra</strong></span> <span class='ocrx_word' id='word_1_240' title='bbox 1327 1640 1433 1663; x_wconf 90' lang='lat' dir='ltr'><strong>suum</strong></span> <span class='ocrx_word' id='word_1_241' title='bbox 1455 1627 1682 1674; x_wconf 86' lang='lat' dir='ltr'><strong>martyrium:</strong></span> <span class='ocrx_word' id='word_1_242' title='bbox 1710 1626 1792 1673; x_wconf 89' lang='lat' dir='ltr'><strong>quia</strong></span> 
     </span>
     <span class='ocr_line' id='line_1_25' title="bbox 235 1679 1794 1728; baseline 0 -14"><span class='ocrx_word' id='word_1_243' title='bbox 235 1682 298 1714; x_wconf 82' lang='lat' dir='ltr'><strong>etsi</strong></span> <span class='ocrx_word' id='word_1_244' title='bbox 326 1681 443 1715; x_wconf 88' lang='lat' dir='ltr'><strong>carnis</strong></span> <span class='ocrx_word' id='word_1_245' title='bbox 465 1680 559 1715; x_wconf 86' lang='lat' dir='ltr'><strong>colla</strong></span> <span class='ocrx_word' id='word_1_246' title='bbox 580 1680 674 1715; x_wconf 87' lang='lat' dir='ltr'><strong>ferro</strong></span> <span class='ocrx_word' id='word_1_247' title='bbox 696 1693 770 1716; x_wconf 90' lang='lat' dir='ltr'><strong>non</strong></span> <span class='ocrx_word' id='word_1_248' title='bbox 791 1682 1014 1728; x_wconf 84' lang='lat' dir='ltr'><strong>subjicimus,</strong></span> <span class='ocrx_word' id='word_1_249' title='bbox 1036 1681 1211 1728; x_wconf 89' lang='lat' dir='ltr'><strong>spirituali</strong></span> <span class='ocrx_word' id='word_1_250' title='bbox 1231 1689 1354 1716; x_wconf 88' lang='lat' dir='ltr'><strong>tamen</strong></span> <span class='ocrx_word' id='word_1_251' title='bbox 1377 1681 1498 1728; x_wconf 86' lang='lat' dir='ltr'><strong>gladio</strong></span> <span class='ocrx_word' id='word_1_252' title='bbox 1521 1680 1680 1716; x_wconf 89' lang='lat' dir='ltr'><strong>carnalia</strong></span> <span class='ocrx_word' id='word_1_253' title='bbox 1706 1679 1794 1715; x_wconf 88' lang='lat' dir='ltr'><strong>desi-</strong></span> 
     </span>
     <span class='ocr_line' id='line_1_26' title="bbox 235 1734 1794 1782; baseline 0.001 -15"><span class='ocrx_word' id='word_1_254' title='bbox 235 1734 331 1768; x_wconf 87' lang='lat' dir='ltr'><strong>deria</strong></span> <span class='ocrx_word' id='word_1_255' title='bbox 352 1734 388 1768; x_wconf 91' lang='lat' dir='ltr'><strong>in</strong></span> <span class='ocrx_word' id='word_1_256' title='bbox 410 1742 530 1768; x_wconf 89' lang='lat' dir='ltr'><strong>mente</strong></span> <span class='ocrx_word' id='word_1_257' title='bbox 554 1735 776 1770; x_wconf 86' lang='lat' dir='ltr'><strong>trucidamus</strong></span> <span class='ocrx_word' id='word_1_258' title='bbox 797 1748 838 1778; x_wconf 82' lang='lat'><strong>»3</strong></span> <span class='ocrx_word' id='word_1_259' title='bbox 860 1746 946 1781; x_wconf 85' lang='lat' dir='ltr'><strong>ergo</strong></span> <span class='ocrx_word' id='word_1_260' title='bbox 970 1736 1103 1782; x_wconf 88' lang='lat' dir='ltr'><strong>absque</strong></span> <span class='ocrx_word' id='word_1_261' title='bbox 1124 1735 1292 1782; x_wconf 85' lang='lat' dir='ltr'><strong>passione</strong></span> <span class='ocrx_word' id='word_1_262' title='bbox 1314 1736 1441 1770; x_wconf 89' lang='lat' dir='ltr'><strong>mortis</strong></span> <span class='ocrx_word' id='word_1_263' title='bbox 1462 1743 1580 1782; x_wconf 88' lang='lat' dir='ltr'><strong>potest</strong></span> <span class='ocrx_word' id='word_1_264' title='bbox 1606 1746 1683 1770; x_wconf 89' lang='lat' dir='ltr'><strong>esse</strong></span> <span class='ocrx_word' id='word_1_265' title='bbox 1703 1745 1794 1769; x_wconf 89' lang='lat' dir='ltr'><strong>mar-</strong></span> 
     </span>
     <span class='ocr_line' id='line_1_27' title="bbox 233 1788 378 1833; baseline 0.007 -12"><span class='ocrx_word' id='word_1_266' title='bbox 233 1788 378 1833; x_wconf 83' lang='lat' dir='ltr'><strong>tyrium.</strong></span> 
     </span>
    </p>

    <p class='ocr_par' dir='ltr' id='par_1_9' title="bbox 233 1841 1794 2158">
     <span class='ocr_line' id='line_1_28' title="bbox 304 1841 1793 1890; baseline 0.001 -15"><span class='ocrx_word' id='word_1_267' title='bbox 304 1851 335 1875; x_wconf 87' lang='lat'><strong>2.</strong></span> <span class='ocrx_word' id='word_1_268' title='bbox 358 1841 594 1876; x_wconf 78' lang='lat' dir='ltr'>PRAETEREA.</span> <span class='ocrx_word' id='word_1_269' title='bbox 616 1841 688 1876; x_wconf 89' lang='lat' dir='ltr'><strong>Pro</strong></span> <span class='ocrx_word' id='word_1_270' title='bbox 709 1842 913 1889; x_wconf 84' lang='lat' dir='ltr'><strong>integritate</strong></span> <span class='ocrx_word' id='word_1_271' title='bbox 937 1843 1053 1877; x_wconf 87' lang='lat' dir='ltr'><strong>carnis</strong></span> <span class='ocrx_word' id='word_1_272' title='bbox 1075 1843 1251 1878; x_wconf 82' lang='lat' dir='ltr'><strong>servanda</strong></span> <span class='ocrx_word' id='word_1_273' title='bbox 1274 1843 1414 1890; x_wconf 83' lang='lat' dir='ltr'><strong>aliquae</strong></span> <span class='ocrx_word' id='word_1_274' title='bbox 1436 1843 1606 1879; x_wconf 89' lang='lat' dir='ltr'><strong>mulieres</strong></span> <span class='ocrx_word' id='word_1_275' title='bbox 1627 1842 1793 1889; x_wconf 89' lang='lat' dir='ltr'><strong>leguntur</strong></span> 
     </span>
     <span class='ocr_line' id='line_1_29' title="bbox 233 1894 1794 1943; baseline 0.001 -15"><span class='ocrx_word' id='word_1_276' title='bbox 233 1894 459 1929; x_wconf 85' lang='lat' dir='ltr'><strong>laudabiliter</strong></span> <span class='ocrx_word' id='word_1_277' title='bbox 480 1896 740 1941; x_wconf 87' lang='lat' dir='ltr'><strong>contempsisse</strong></span> <span class='ocrx_word' id='word_1_278' title='bbox 761 1897 874 1930; x_wconf 87' lang='lat' dir='ltr'><strong>vitam</strong></span> <span class='ocrx_word' id='word_1_279' title='bbox 904 1908 1027 1939; x_wconf 80' lang='lat' dir='ltr'><strong>suam3</strong></span> <span class='ocrx_word' id='word_1_280' title='bbox 1050 1904 1084 1931; x_wconf 92' lang='lat' dir='ltr'><strong>et</strong></span> <span class='ocrx_word' id='word_1_281' title='bbox 1112 1897 1161 1931; x_wconf 91' lang='lat' dir='ltr'><strong>ita</strong></span> <span class='ocrx_word' id='word_1_282' title='bbox 1189 1897 1340 1940; x_wconf 88' lang='lat' dir='ltr'><strong>videtur,</strong></span> <span class='ocrx_word' id='word_1_283' title='bbox 1367 1897 1464 1943; x_wconf 91' lang='lat' dir='ltr'><strong>quod</strong></span> <span class='ocrx_word' id='word_1_284' title='bbox 1487 1896 1684 1943; x_wconf 88' lang='lat' dir='ltr'><strong>corporalis</strong></span> <span class='ocrx_word' id='word_1_285' title='bbox 1707 1896 1794 1930; x_wconf 89' lang='lat' dir='ltr'><strong>inte-</strong></span> 
     </span>
     <span class='ocr_line' id='line_1_30' title="bbox 235 1948 1793 1997; baseline 0.001 -16"><span class='ocrx_word' id='word_1_286' title='bbox 235 1950 343 1994; x_wconf 79' lang='lat' dir='ltr'><strong>gritas</strong></span> <span class='ocrx_word' id='word_1_287' title='bbox 370 1948 538 1982; x_wconf 88' lang='lat' dir='ltr'><strong>castitatis</strong></span> <span class='ocrx_word' id='word_1_288' title='bbox 568 1948 788 1994; x_wconf 81' lang='lat' dir='ltr'><strong>praeferatur</strong></span> <span class='ocrx_word' id='word_1_289' title='bbox 819 1950 913 1984; x_wconf 90' lang='lat' dir='ltr'><strong>vitae</strong></span> <span class='ocrx_word' id='word_1_290' title='bbox 942 1949 1139 1997; x_wconf 88' lang='lat' dir='ltr'><strong>corporali:</strong></span> <span class='ocrx_word' id='word_1_291' title='bbox 1170 1950 1232 1985; x_wconf 92' lang='lat' dir='ltr'><strong>sed</strong></span> <span class='ocrx_word' id='word_1_292' title='bbox 1258 1950 1474 1997; x_wconf 89' lang='lat' dir='ltr'><strong>quandoque</strong></span> <span class='ocrx_word' id='word_1_293' title='bbox 1501 1951 1578 1997; x_wconf 90' lang='lat' dir='ltr'><strong>ipsa</strong></span> <span class='ocrx_word' id='word_1_294' title='bbox 1606 1949 1793 1995; x_wconf 88' lang='lat' dir='ltr'><strong>integritas</strong></span> 
     </span>
     <span class='ocr_line' id='line_1_31' title="bbox 236 2001 1794 2050; baseline 0.001 -15"><span class='ocrx_word' id='word_1_295' title='bbox 236 2001 352 2036; x_wconf 88' lang='lat' dir='ltr'><strong>carnis</strong></span> <span class='ocrx_word' id='word_1_296' title='bbox 375 2001 542 2044; x_wconf 89' lang='lat' dir='ltr'><strong>aufertur,</strong></span> <span class='ocrx_word' id='word_1_297' title='bbox 570 2010 631 2036; x_wconf 88' lang='lat' dir='ltr'><strong>aut</strong></span> <span class='ocrx_word' id='word_1_298' title='bbox 657 2002 786 2036; x_wconf 86' lang='lat' dir='ltr'><strong>auferri</strong></span> <span class='ocrx_word' id='word_1_299' title='bbox 807 2003 1001 2038; x_wconf 90' lang='lat' dir='ltr'><strong>intentatur</strong></span> <span class='ocrx_word' id='word_1_300' title='bbox 1027 2015 1091 2050; x_wconf 92' lang='lat' dir='ltr'><strong>pro</strong></span> <span class='ocrx_word' id='word_1_301' title='bbox 1119 2003 1347 2038; x_wconf 90' lang='lat' dir='ltr'><strong>confessione</strong></span> <span class='ocrx_word' id='word_1_302' title='bbox 1368 2004 1467 2038; x_wconf 88' lang='lat' dir='ltr'><strong>Fidei</strong></span> <span class='ocrx_word' id='word_1_303' title='bbox 1489 2004 1729 2045; x_wconf 84' lang='lat' dir='ltr'><strong>Christianae,</strong></span> <span class='ocrx_word' id='word_1_304' title='bbox 1755 2010 1794 2036; x_wconf 88' lang='lat' dir='ltr'><strong>ut</strong></span> 
     </span>
     <span class='ocr_line' id='line_1_32' title="bbox 235 2054 1793 2104; baseline 0.001 -16"><span class='ocrx_word' id='word_1_305' title='bbox 235 2063 332 2101; x_wconf 85' lang='lat' dir='ltr'><strong>patet</strong></span> <span class='ocrx_word' id='word_1_306' title='bbox 347 2054 389 2088; x_wconf 92' lang='lat' dir='ltr'><strong>de</strong></span> <span class='ocrx_word' id='word_1_307' title='bbox 408 2055 562 2100; x_wconf 85' lang='lat' dir='ltr'><strong>Agnete,</strong></span> <span class='ocrx_word' id='word_1_308' title='bbox 580 2063 614 2089; x_wconf 87' lang='lat' dir='ltr'><strong>et</strong></span> <span class='ocrx_word' id='word_1_309' title='bbox 635 2055 766 2098; x_wconf 81' lang='lat' dir='ltr'><strong>Lucia3</strong></span> <span class='ocrx_word' id='word_1_310' title='bbox 790 2068 875 2103; x_wconf 86' lang='lat' dir='ltr'><strong>ergo</strong></span> <span class='ocrx_word' id='word_1_311' title='bbox 898 2057 1048 2099; x_wconf 75' lang='lat' dir='ltr'><strong>videtur,</strong></span> <span class='ocrx_word' id='word_1_312' title='bbox 1072 2057 1168 2103; x_wconf 90' lang='lat' dir='ltr'><strong>quod</strong></span> <span class='ocrx_word' id='word_1_313' title='bbox 1187 2057 1400 2104; x_wconf 87' lang='lat' dir='ltr'><strong>martyrium</strong></span> <span class='ocrx_word' id='word_1_314' title='bbox 1422 2057 1538 2104; x_wconf 85' lang='lat' dir='ltr'><strong>magis</strong></span> <span class='ocrx_word' id='word_1_315' title='bbox 1561 2057 1688 2092; x_wconf 90' lang='lat' dir='ltr'><strong>debeat</strong></span> <span class='ocrx_word' id='word_1_316' title='bbox 1710 2055 1793 2097; x_wconf 91' lang='lat' dir='ltr'><strong>dici,</strong></span> 
     </span>
     <span class='ocr_line' id='line_1_33' title="bbox 235 2107 1793 2158; baseline 0.001 -17"><span class='ocrx_word' id='word_1_317' title='bbox 235 2108 265 2142; x_wconf 89' lang='lat' dir='ltr'><strong>si</strong></span> <span class='ocrx_word' id='word_1_318' title='bbox 287 2107 405 2154; x_wconf 88' lang='lat' dir='ltr'><strong>aliqua</strong></span> <span class='ocrx_word' id='word_1_319' title='bbox 427 2108 557 2142; x_wconf 89' lang='lat' dir='ltr'><strong>mulier</strong></span> <span class='ocrx_word' id='word_1_320' title='bbox 578 2120 642 2154; x_wconf 90' lang='lat' dir='ltr'><strong>pro</strong></span> <span class='ocrx_word' id='word_1_321' title='bbox 665 2109 734 2143; x_wconf 90' lang='lat' dir='ltr'><strong>fide</strong></span> <span class='ocrx_word' id='word_1_322' title='bbox 758 2109 894 2144; x_wconf 88' lang='lat' dir='ltr'><strong>Christi</strong></span> <span class='ocrx_word' id='word_1_323' title='bbox 915 2110 1158 2156; x_wconf 84' lang='lat' dir='ltr'><strong>integritatem</strong></span> <span class='ocrx_word' id='word_1_324' title='bbox 1181 2111 1297 2145; x_wconf 89' lang='lat' dir='ltr'><strong>carnis</strong></span> <span class='ocrx_word' id='word_1_325' title='bbox 1324 2111 1459 2158; x_wconf 88' lang='lat' dir='ltr'><strong>perdat,</strong></span> <span class='ocrx_word' id='word_1_326' title='bbox 1486 2122 1596 2157; x_wconf 90' lang='lat' dir='ltr'><strong>quarn</strong></span> <span class='ocrx_word' id='word_1_327' title='bbox 1625 2111 1655 2145; x_wconf 91' lang='lat' dir='ltr'><strong>si</strong></span> <span class='ocrx_word' id='word_1_328' title='bbox 1683 2109 1793 2145; x_wconf 90' lang='lat' dir='ltr'><strong>etiam</strong></span> 
     </span>
    </p>
   </div>
   <div class='ocr_carea' id='block_1_7' title="bbox 236 2160 1859 2207">
    <p class='ocr_par' dir='ltr' id='par_1_10' title="bbox 236 2160 1859 2207">
     <span class='ocr_line' id='line_1_34' title="bbox 236 2160 1859 2207; baseline 0.004 -13"><span class='ocrx_word' id='word_1_329' title='bbox 236 2161 399 2207; x_wconf 90' lang='lat' dir='ltr'><strong>perderet</strong></span> <span class='ocrx_word' id='word_1_330' title='bbox 421 2161 649 2207; x_wconf 89' lang='lat' dir='ltr'><strong>corporalem</strong></span> <span class='ocrx_word' id='word_1_331' title='bbox 670 2163 798 2203; x_wconf 76' lang='lat' dir='ltr'><strong>vitam3</strong></span> <span class='ocrx_word' id='word_1_332' title='bbox 818 2164 912 2198; x_wconf 87' lang='lat' dir='ltr'><strong>unde</strong></span> <span class='ocrx_word' id='word_1_333' title='bbox 928 2173 961 2198; x_wconf 91' lang='lat' dir='ltr'><strong>et</strong></span> <span class='ocrx_word' id='word_1_334' title='bbox 975 2164 1087 2199; x_wconf 88' lang='lat' dir='ltr'><strong>Lucia</strong></span> <span class='ocrx_word' id='word_1_335' title='bbox 1103 2164 1206 2199; x_wconf 78' lang='lat' dir='ltr'><strong>dixit:</strong></span> <span class='ocrx_word' id='word_1_336' title='bbox 1233 2177 1250 2196; x_wconf 73' lang='lat' dir='ltr'><strong>c&lt;</strong></span> <span class='ocrx_word' id='word_1_337' title='bbox 1269 2164 1308 2199; x_wconf 89' lang='lat' dir='ltr'><strong>Si</strong></span> <span class='ocrx_word' id='word_1_338' title='bbox 1330 2176 1388 2199; x_wconf 90' lang='lat' dir='ltr'><strong>me</strong></span> <span class='ocrx_word' id='word_1_339' title='bbox 1410 2164 1559 2199; x_wconf 89' lang='lat' dir='ltr'><strong>invitam</strong></span> <span class='ocrx_word' id='word_1_340' title='bbox 1580 2163 1707 2198; x_wconf 90' lang='lat' dir='ltr'><strong>feceris</strong></span> <span class='ocrx_word' id='word_1_341' title='bbox 1720 2162 1795 2197; x_wconf 88' lang='lat' dir='ltr'><strong>vio·</strong></span> <span class='ocrx_word' id='word_1_342' title='bbox 1849 2160 1859 2200; x_wconf 60' lang='grc' dir='ltr'><strong>ι’</strong></span> 
     </span>
    </p>
   </div>
   <div class='ocr_carea' id='block_1_8' title="bbox 236 2214 1853 2315">
    <p class='ocr_par' dir='ltr' id='par_1_11' title="bbox 236 2214 1853 2315">
     <span class='ocr_line' id='line_1_35' title="bbox 236 2214 1853 2263; baseline 0.004 -15"><span class='ocrx_word' id='word_1_343' title='bbox 236 2214 313 2257; x_wconf 89' lang='lat' dir='ltr'><strong>lari,</strong></span> <span class='ocrx_word' id='word_1_344' title='bbox 335 2214 478 2249; x_wconf 87' lang='lat' dir='ltr'><strong>castitas</strong></span> <span class='ocrx_word' id='word_1_345' title='bbox 500 2214 590 2248; x_wconf 89' lang='lat' dir='ltr'><strong>mihi</strong></span> <span class='ocrx_word' id='word_1_346' title='bbox 609 2215 847 2261; x_wconf 89' lang='lat' dir='ltr'><strong>duplicabitur</strong></span> <span class='ocrx_word' id='word_1_347' title='bbox 867 2217 911 2251; x_wconf 88' lang='lat' dir='ltr'><strong>ad</strong></span> <span class='ocrx_word' id='word_1_348' title='bbox 934 2228 1110 2252; x_wconf 89' lang='lat' dir='ltr'><strong>coronam</strong></span> <span class='ocrx_word' id='word_1_349' title='bbox 1132 2231 1163 2252; x_wconf 89' lang='lat'><strong>».</strong></span> <span class='ocrx_word' id='word_1_350' title='bbox 1851 2243 1853 2263; x_wconf 62' lang='lat'>3</span> 
     </span>
     <span class='ocr_line' id='line_1_36' title="bbox 310 2268 1853 2315; baseline 0.002 -14"><span class='ocrx_word' id='word_1_351' title='bbox 310 2278 340 2312; x_wconf 79' lang='lat'><strong>3.</strong></span> <span class='ocrx_word' id='word_1_352' title='bbox 362 2268 598 2303; x_wconf 77' lang='lat' dir='ltr'>PRAETEREA.</span> <span class='ocrx_word' id='word_1_353' title='bbox 620 2268 835 2315; x_wconf 86' lang='lat' dir='ltr'><strong>Martyrium</strong></span> <span class='ocrx_word' id='word_1_354' title='bbox 862 2279 913 2304; x_wconf 88' lang='lat' dir='ltr'><strong>est</strong></span> <span class='ocrx_word' id='word_1_355' title='bbox 938 2270 1155 2305; x_wconf 76' lang='lat' dir='ltr'><strong>fortitudinis</strong></span> <span class='ocrx_word' id='word_1_356' title='bbox 1183 2280 1298 2306; x_wconf 88' lang='lat' dir='ltr'><strong>actus:</strong></span> <span class='ocrx_word' id='word_1_357' title='bbox 1328 2271 1372 2306; x_wconf 91' lang='lat' dir='ltr'><strong>ad</strong></span> <span class='ocrx_word' id='word_1_358' title='bbox 1398 2271 1644 2306; x_wconf 88' lang='lat' dir='ltr'><strong>fortitudinem</strong></span> <span class='ocrx_word' id='word_1_359' title='bbox 1673 2277 1793 2305; x_wconf 87' lang='lat' dir='ltr'><strong>autem</strong></span> <span class='ocrx_word' id='word_1_360' title='bbox 1847 2282 1853 2294; x_wconf 75' lang='lat'>2</span> 
     </span>
    </p>
   </div>
   <div class='ocr_carea' id='block_1_9' title="bbox 237 2318 1853 2369">
    <p class='ocr_par' dir='ltr' id='par_1_12' title="bbox 237 2318 1853 2369">
     <span class='ocr_line' id='line_1_37' title="bbox 237 2318 1853 2369; baseline 0.002 -14"><span class='ocrx_word' id='word_1_361' title='bbox 237 2322 388 2369; x_wconf 89' lang='lat' dir='ltr'><strong>pertinet</strong></span> <span class='ocrx_word' id='word_1_362' title='bbox 413 2333 487 2356; x_wconf 92' lang='lat' dir='ltr'><strong>non</strong></span> <span class='ocrx_word' id='word_1_363' title='bbox 521 2321 641 2356; x_wconf 90' lang='lat' dir='ltr'><strong>solum</strong></span> <span class='ocrx_word' id='word_1_364' title='bbox 675 2332 832 2357; x_wconf 88' lang='lat' dir='ltr'><strong>mortem</strong></span> <span class='ocrx_word' id='word_1_365' title='bbox 865 2335 939 2358; x_wconf 90' lang='lat' dir='ltr'><strong>non</strong></span> <span class='ocrx_word' id='word_1_366' title='bbox 972 2323 1178 2367; x_wconf 85' lang='lat' dir='ltr'><strong>formidare,</strong></span> <span class='ocrx_word' id='word_1_367' title='bbox 1206 2326 1267 2359; x_wconf 92' lang='lat' dir='ltr'><strong>sed</strong></span> <span class='ocrx_word' id='word_1_368' title='bbox 1294 2336 1360 2359; x_wconf 89' lang='lat' dir='ltr'><strong>nec</strong></span> <span class='ocrx_word' id='word_1_369' title='bbox 1384 2325 1470 2360; x_wconf 86' lang='lat' dir='ltr'><strong>alias</strong></span> <span class='ocrx_word' id='word_1_370' title='bbox 1493 2325 1735 2366; x_wconf 88' lang='lat' dir='ltr'><strong>adversitates,</strong></span> <span class='ocrx_word' id='word_1_371' title='bbox 1756 2332 1794 2359; x_wconf 92' lang='lat' dir='ltr'><strong>ut</strong></span> <span class='ocrx_word' id='word_1_372' title='bbox 1847 2318 1853 2350; x_wconf 64' lang='lat' dir='ltr'><strong><em>s</em></strong></span> 
     </span>
    </p>
   </div>
   <div class='ocr_carea' id='block_1_10' title="bbox 237 2374 1851 2478">
    <p class='ocr_par' dir='ltr' id='par_1_13' title="bbox 237 2374 1851 2478">
     <span class='ocr_line' id='line_1_38' title="bbox 238 2374 1795 2425; baseline 0.002 -16"><span class='ocrx_word' id='word_1_373' title='bbox 238 2377 390 2422; x_wconf 85' lang='lat' dir='ltr'><strong>August.</strong></span> <span class='ocrx_word' id='word_1_374' title='bbox 413 2376 497 2410; x_wconf 88' lang='lat' dir='ltr'><strong>dicit</strong></span> <span class='ocrx_word' id='word_1_375' title='bbox 518 2376 553 2409; x_wconf 91' lang='lat' dir='ltr'><strong>in</strong></span> <span class='ocrx_word' id='word_1_376' title='bbox 575 2374 607 2410; x_wconf 81' lang='lat'><strong>6.</strong></span> <span class='ocrx_word' id='word_1_377' title='bbox 623 2376 783 2411; x_wconf 84' lang='lat' dir='ltr'><strong>Musicae</strong></span> <span class='ocrx_word' id='word_1_378' title='bbox 801 2376 978 2424; x_wconf 68' lang='lat' dir='ltr'><strong>(cap.15.).·</strong></span> <span class='ocrx_word' id='word_1_379' title='bbox 995 2378 1056 2412; x_wconf 89' lang='lat' dir='ltr'><strong>secl</strong></span> <span class='ocrx_word' id='word_1_380' title='bbox 1079 2378 1213 2413; x_wconf 88' lang='lat' dir='ltr'><strong>multae</strong></span> <span class='ocrx_word' id='word_1_381' title='bbox 1235 2387 1317 2413; x_wconf 88' lang='lat' dir='ltr'><strong>sunt</strong></span> <span class='ocrx_word' id='word_1_382' title='bbox 1336 2379 1426 2413; x_wconf 85' lang='lat' dir='ltr'><strong>aliae</strong></span> <span class='ocrx_word' id='word_1_383' title='bbox 1449 2379 1680 2414; x_wconf 84' lang='lat' dir='ltr'><strong>adversitates</strong></span> <span class='ocrx_word' id='word_1_384' title='bbox 1697 2389 1795 2425; x_wconf 92' lang='lat' dir='ltr'><strong>prae-</strong></span> 
     </span>
     <span class='ocr_line' id='line_1_39' title="bbox 237 2429 1851 2478; baseline 0.001 -14"><span class='ocrx_word' id='word_1_385' title='bbox 237 2438 290 2464; x_wconf 86' lang='lat' dir='ltr'><strong>ter</strong></span> <span class='ocrx_word' id='word_1_386' title='bbox 311 2437 480 2471; x_wconf 89' lang='lat' dir='ltr'><strong>mortem,</strong></span> <span class='ocrx_word' id='word_1_387' title='bbox 503 2440 589 2475; x_wconf 90' lang='lat' dir='ltr'><strong>quas</strong></span> <span class='ocrx_word' id='word_1_388' title='bbox 612 2429 721 2475; x_wconf 88' lang='lat' dir='ltr'><strong>aliqui</strong></span> <span class='ocrx_word' id='word_1_389' title='bbox 742 2439 891 2476; x_wconf 91' lang='lat' dir='ltr'><strong>possunt</strong></span> <span class='ocrx_word' id='word_1_390' title='bbox 912 2432 1086 2466; x_wconf 88' lang='lat' dir='ltr'><strong>sustinere</strong></span> <span class='ocrx_word' id='word_1_391' title='bbox 1101 2443 1165 2478; x_wconf 89' lang='lat' dir='ltr'><strong>pro</strong></span> <span class='ocrx_word' id='word_1_392' title='bbox 1181 2431 1249 2466; x_wconf 86' lang='lat' dir='ltr'><strong>fide</strong></span> <span class='ocrx_word' id='word_1_393' title='bbox 1266 2432 1412 2474; x_wconf 81' lang='lat' dir='ltr'><strong>Christi3</strong></span> <span class='ocrx_word' id='word_1_394' title='bbox 1427 2432 1583 2467; x_wconf 90' lang='lat' dir='ltr'><strong>scilicet:</strong></span> <span class='ocrx_word' id='word_1_395' title='bbox 1599 2443 1794 2474; x_wconf 89' lang='lat' dir='ltr'><strong>carcerem,</strong></span> <span class='ocrx_word' id='word_1_396' title='bbox 1849 2436 1851 2478; x_wconf 46' lang='grc' dir='ltr'>ξ</span> 
     </span>
    </p>
   </div>
   <div class='ocr_carea' id='block_1_11' title="bbox 238 2482 1851 2530">
    <p class='ocr_par' dir='ltr' id='par_1_14' title="bbox 238 2482 1851 2530">
     <span class='ocr_line' id='line_1_40' title="bbox 238 2482 1851 2530; baseline 0.001 -14"><span class='ocrx_word' id='word_1_397' title='bbox 238 2482 396 2524; x_wconf 80' lang='lat' dir='ltr'><strong>exilium,</strong></span> <span class='ocrx_word' id='word_1_398' title='bbox 418 2483 581 2528; x_wconf 86' lang='lat' dir='ltr'><strong>rapinam</strong></span> <span class='ocrx_word' id='word_1_399' title='bbox 603 2482 795 2526; x_wconf 89' lang='lat' dir='ltr'><strong>bonorum,</strong></span> <span class='ocrx_word' id='word_1_400' title='bbox 825 2492 863 2518; x_wconf 89' lang='lat' dir='ltr'><strong>ut</strong></span> <span class='ocrx_word' id='word_1_401' title='bbox 891 2493 988 2530; x_wconf 83' lang='lat' dir='ltr'><strong>patet</strong></span> <span class='ocrx_word' id='word_1_402' title='bbox 1010 2485 1053 2518; x_wconf 88' lang='lat' dir='ltr'><strong>ad</strong></span> <span class='ocrx_word' id='word_1_403' title='bbox 1076 2486 1182 2520; x_wconf 89' lang='lat' dir='ltr'><strong>Hebr.</strong></span> <span class='ocrx_word' id='word_1_404' title='bbox 1210 2496 1281 2528; x_wconf 80' lang='lat' dir='ltr'><strong>io.;</strong></span> <span class='ocrx_word' id='word_1_405' title='bbox 1304 2485 1397 2520; x_wconf 90' lang='lat' dir='ltr'><strong>unde</strong></span> <span class='ocrx_word' id='word_1_406' title='bbox 1429 2494 1463 2520; x_wconf 91' lang='lat' dir='ltr'><strong>et</strong></span> <span class='ocrx_word' id='word_1_407' title='bbox 1491 2485 1606 2520; x_wconf 89' lang='lat' dir='ltr'><strong>sancti</strong></span> <span class='ocrx_word' id='word_1_408' title='bbox 1631 2484 1795 2519; x_wconf 86' lang='lat' dir='ltr'><strong>Marcelli</strong></span> <span class='ocrx_word' id='word_1_409' title='bbox 1849 2491 1851 2495; x_wconf 77' lang='grc'>’</span> 
     </span>
    </p>
   </div>
   <div class='ocr_carea' id='block_1_12' title="bbox 238 2536 1851 2903">
    <p class='ocr_par' dir='ltr' id='par_1_15' title="bbox 238 2536 1851 2903">
     <span class='ocr_line' id='line_1_41' title="bbox 238 2536 1851 2584; baseline 0.001 -15"><span class='ocrx_word' id='word_1_410' title='bbox 238 2536 357 2582; x_wconf 90' lang='lat' dir='ltr'><strong>Papae</strong></span> <span class='ocrx_word' id='word_1_411' title='bbox 380 2536 592 2582; x_wconf 84' lang='lat' dir='ltr'><strong>martyrium</strong></span> <span class='ocrx_word' id='word_1_412' title='bbox 620 2536 830 2579; x_wconf 87' lang='lat' dir='ltr'><strong>celebratur,</strong></span> <span class='ocrx_word' id='word_1_413' title='bbox 857 2538 917 2583; x_wconf 86' lang='lat' dir='ltr'><strong>qui</strong></span> <span class='ocrx_word' id='word_1_414' title='bbox 943 2547 1064 2572; x_wconf 88' lang='lat' dir='ltr'><strong>tamen</strong></span> <span class='ocrx_word' id='word_1_415' title='bbox 1090 2538 1154 2572; x_wconf 91' lang='lat' dir='ltr'><strong>fuit</strong></span> <span class='ocrx_word' id='word_1_416' title='bbox 1182 2547 1344 2573; x_wconf 90' lang='lat' dir='ltr'><strong>mortuus</strong></span> <span class='ocrx_word' id='word_1_417' title='bbox 1366 2539 1401 2572; x_wconf 87' lang='lat' dir='ltr'><strong>in</strong></span> <span class='ocrx_word' id='word_1_418' title='bbox 1425 2550 1585 2581; x_wconf 81' lang='lat' dir='ltr'><strong>carcere3</strong></span> <span class='ocrx_word' id='word_1_419' title='bbox 1608 2549 1694 2584; x_wconf 88' lang='lat' dir='ltr'><strong>ergo</strong></span> <span class='ocrx_word' id='word_1_420' title='bbox 1720 2549 1794 2572; x_wconf 90' lang='lat' dir='ltr'><strong>non</strong></span> <span class='ocrx_word' id='word_1_421' title='bbox 1849 2566 1851 2579; x_wconf 29' lang='lat' dir='ltr'><em>A</em></span> 
     </span>
     <span class='ocr_line' id='line_1_42' title="bbox 239 2589 1850 2639; baseline 0.002 -16"><span class='ocrx_word' id='word_1_422' title='bbox 239 2598 291 2623; x_wconf 85' lang='lat' dir='ltr'><strong>est</strong></span> <span class='ocrx_word' id='word_1_423' title='bbox 313 2589 355 2623; x_wconf 83' lang='lat' dir='ltr'><strong>dc</strong></span> <span class='ocrx_word' id='word_1_424' title='bbox 379 2589 540 2635; x_wconf 79' lang='lat' dir='ltr'><strong>martyrii</strong></span> <span class='ocrx_word' id='word_1_425' title='bbox 561 2590 785 2632; x_wconf 87' lang='lat' dir='ltr'><strong>necessitate,</strong></span> <span class='ocrx_word' id='word_1_426' title='bbox 807 2590 903 2636; x_wconf 90' lang='lat' dir='ltr'><strong>quod</strong></span> <span class='ocrx_word' id='word_1_427' title='bbox 926 2590 1054 2637; x_wconf 86' lang='lat' dir='ltr'><strong>aliquis</strong></span> <span class='ocrx_word' id='word_1_428' title='bbox 1075 2592 1246 2627; x_wconf 87' lang='lat' dir='ltr'><strong>sustineat</strong></span> <span class='ocrx_word' id='word_1_429' title='bbox 1265 2603 1423 2639; x_wconf 82' lang='lat' dir='ltr'><strong>poenam</strong></span> <span class='ocrx_word' id='word_1_430' title='bbox 1445 2592 1581 2626; x_wconf 87' lang='lat' dir='ltr'><strong>mortis.</strong></span> <span class='ocrx_word' id='word_1_431' title='bbox 1848 2623 1850 2631; x_wconf 80' lang='grc'>,</span> 
     </span>
     <span class='ocr_line' id='line_1_43' title="bbox 308 2642 1849 2691; baseline 0.002 -15"><span class='ocrx_word' id='word_1_432' title='bbox 308 2652 340 2685; x_wconf 80' lang='lat'><strong>4.</strong></span> <span class='ocrx_word' id='word_1_433' title='bbox 363 2642 599 2677; x_wconf 73' lang='lat' dir='ltr'>PRAETEREA.</span> <span class='ocrx_word' id='word_1_434' title='bbox 622 2643 835 2689; x_wconf 80' lang='lat' dir='ltr'><strong>Martyrium</strong></span> <span class='ocrx_word' id='word_1_435' title='bbox 858 2652 910 2678; x_wconf 86' lang='lat' dir='ltr'><strong>est</strong></span> <span class='ocrx_word' id='word_1_436' title='bbox 932 2653 1031 2679; x_wconf 90' lang='lat' dir='ltr'><strong>actus</strong></span> <span class='ocrx_word' id='word_1_437' title='bbox 1054 2646 1269 2688; x_wconf 85' lang='lat' dir='ltr'><strong>meritorius,</strong></span> <span class='ocrx_word' id='word_1_438' title='bbox 1292 2654 1329 2680; x_wconf 93' lang='lat' dir='ltr'><strong>ut</strong></span> <span class='ocrx_word' id='word_1_439' title='bbox 1356 2646 1491 2680; x_wconf 89' lang='lat' dir='ltr'><strong>dictum</strong></span> <span class='ocrx_word' id='word_1_440' title='bbox 1514 2653 1567 2680; x_wconf 90' lang='lat' dir='ltr'><strong>est</strong></span> <span class='ocrx_word' id='word_1_441' title='bbox 1588 2646 1667 2690; x_wconf 85' lang='lat' dir='ltr'><strong>(art.</strong></span> <span class='ocrx_word' id='word_1_442' title='bbox 1684 2651 1796 2691; x_wconf 81' lang='lat' dir='ltr'><strong>praec.</strong></span> <span class='ocrx_word' id='word_1_443' title='bbox 1848 2647 1849 2691; x_wconf 63' lang='grc' dir='ltr'>ξ</span> 
     </span>
     <span class='ocr_line' id='line_1_44' title="bbox 239 2696 1849 2746; baseline 0.001 -17"><span class='ocrx_word' id='word_1_444' title='bbox 239 2701 266 2730; x_wconf 73' lang='lat' dir='ltr'><strong>ct</strong></span> <span class='ocrx_word' id='word_1_445' title='bbox 288 2702 360 2742; x_wconf 76' lang='lat' dir='ltr'><strong>cap.</strong></span> <span class='ocrx_word' id='word_1_446' title='bbox 383 2707 412 2730; x_wconf 91' lang='lat'><strong>2.</strong></span> <span class='ocrx_word' id='word_1_447' title='bbox 433 2696 500 2741; x_wconf 78' lang='lat' dir='ltr'><strong>huj.</strong></span> <span class='ocrx_word' id='word_1_448' title='bbox 523 2708 552 2742; x_wconf 85' lang='lat' dir='ltr'><strong>q.</strong></span> <span class='ocrx_word' id='word_1_449' title='bbox 576 2696 618 2730; x_wconf 76' lang='lat' dir='ltr'><strong>ad</strong></span> <span class='ocrx_word' id='word_1_450' title='bbox 638 2697 698 2741; x_wconf 81' lang='lat'><em>1.):</em></span> <span class='ocrx_word' id='word_1_451' title='bbox 722 2697 784 2731; x_wconf 90' lang='lat' dir='ltr'><strong>sed</strong></span> <span class='ocrx_word' id='word_1_452' title='bbox 811 2705 910 2731; x_wconf 85' lang='lat' dir='ltr'><strong>actus</strong></span> <span class='ocrx_word' id='word_1_453' title='bbox 938 2698 1142 2733; x_wconf 90' lang='lat' dir='ltr'><strong>meritorius</strong></span> <span class='ocrx_word' id='word_1_454' title='bbox 1169 2710 1241 2733; x_wconf 88' lang='lat' dir='ltr'><strong>non</strong></span> <span class='ocrx_word' id='word_1_455' title='bbox 1264 2707 1382 2746; x_wconf 88' lang='lat' dir='ltr'><strong>potest</strong></span> <span class='ocrx_word' id='word_1_456' title='bbox 1412 2710 1490 2733; x_wconf 87' lang='lat' dir='ltr'><strong>esse</strong></span> <span class='ocrx_word' id='word_1_457' title='bbox 1519 2706 1600 2745; x_wconf 88' lang='lat' dir='ltr'><strong>post</strong></span> <span class='ocrx_word' id='word_1_458' title='bbox 1622 2706 1795 2739; x_wconf 78' lang='lat' dir='ltr'><strong>mortem3</strong></span> <span class='ocrx_word' id='word_1_459' title='bbox 1848 2731 1849 2744; x_wconf 16' lang='grc' dir='ltr'><strong>χ</strong></span> 
     </span>
     <span class='ocr_line' id='line_1_45' title="bbox 240 2750 1849 2798; baseline 0.004 -16"><span class='ocrx_word' id='word_1_460' title='bbox 240 2760 326 2794; x_wconf 81' lang='lat' dir='ltr'><strong>ergo</strong></span> <span class='ocrx_word' id='word_1_461' title='bbox 350 2757 430 2783; x_wconf 86' lang='lat' dir='ltr'><strong>ante</strong></span> <span class='ocrx_word' id='word_1_462' title='bbox 453 2759 627 2792; x_wconf 80' lang='lat' dir='ltr'><strong>mortem3</strong></span> <span class='ocrx_word' id='word_1_463' title='bbox 649 2758 684 2784; x_wconf 84' lang='lat' dir='ltr'><strong>et</strong></span> <span class='ocrx_word' id='word_1_464' title='bbox 704 2750 753 2784; x_wconf 84' lang='lat' dir='ltr'><strong>ita</strong></span> <span class='ocrx_word' id='word_1_465' title='bbox 775 2762 872 2785; x_wconf 88' lang='lat' dir='ltr'><strong>mors</strong></span> <span class='ocrx_word' id='word_1_466' title='bbox 894 2762 967 2785; x_wconf 90' lang='lat' dir='ltr'><strong>non</strong></span> <span class='ocrx_word' id='word_1_467' title='bbox 991 2759 1042 2786; x_wconf 82' lang='lat' dir='ltr'><strong>est</strong></span> <span class='ocrx_word' id='word_1_468' title='bbox 1064 2752 1107 2786; x_wconf 81' lang='lat' dir='ltr'><strong>de</strong></span> <span class='ocrx_word' id='word_1_469' title='bbox 1129 2753 1268 2786; x_wconf 87' lang='lat' dir='ltr'><strong>ratione</strong></span> <span class='ocrx_word' id='word_1_470' title='bbox 1291 2752 1463 2798; x_wconf 89' lang='lat' dir='ltr'><strong>martyrii.</strong></span> <span class='ocrx_word' id='word_1_471' title='bbox 1848 2752 1849 2755; x_wconf 62' lang='grc'>’</span> 
     </span>
     <span class='ocr_line' id='line_1_46' title="bbox 313 2802 1795 2851; baseline 0.001 -15"><span class='ocrx_word' id='word_1_472' title='bbox 313 2802 386 2836; x_wconf 71' lang='lat' dir='ltr'><strong>SED</strong></span> <span class='ocrx_word' id='word_1_473' title='bbox 403 2813 557 2838; x_wconf 65' lang='lat' dir='ltr'>CONTRA</span> <span class='ocrx_word' id='word_1_474' title='bbox 573 2811 637 2845; x_wconf 85' lang='lat' dir='ltr'><strong>est,</strong></span> <span class='ocrx_word' id='word_1_475' title='bbox 651 2803 747 2849; x_wconf 91' lang='lat' dir='ltr'><strong>quod</strong></span> <span class='ocrx_word' id='word_1_476' title='bbox 766 2803 945 2838; x_wconf 81' lang='lat' dir='ltr'><strong>Maximus</strong></span> <span class='ocrx_word' id='word_1_477' title='bbox 965 2804 1050 2839; x_wconf 88' lang='lat' dir='ltr'><strong>dicit</strong></span> <span class='ocrx_word' id='word_1_478' title='bbox 1064 2805 1099 2838; x_wconf 92' lang='lat' dir='ltr'><strong>in</strong></span> <span class='ocrx_word' id='word_1_479' title='bbox 1115 2806 1274 2851; x_wconf 87' lang='lat' dir='ltr'><strong>quodam</strong></span> <span class='ocrx_word' id='word_1_480' title='bbox 1292 2816 1459 2840; x_wconf 88' lang='lat' dir='ltr'><strong>sermone</strong></span> <span class='ocrx_word' id='word_1_481' title='bbox 1481 2805 1524 2839; x_wconf 92' lang='lat' dir='ltr'><strong>de</strong></span> <span class='ocrx_word' id='word_1_482' title='bbox 1538 2804 1684 2851; x_wconf 88' lang='lat' dir='ltr'><strong>Martyr.</strong></span> <span class='ocrx_word' id='word_1_483' title='bbox 1700 2803 1795 2850; x_wconf 88' lang='lat' dir='ltr'><strong>quod</strong></span> 
     </span>
     <span class='ocr_line' id='line_1_47' title="bbox 239 2855 1429 2903; baseline 0.003 -14"><span class='ocrx_word' id='word_1_484' title='bbox 239 2855 349 2890; x_wconf 79' lang='lat' dir='ltr'><strong>vincit</strong></span> <span class='ocrx_word' id='word_1_485' title='bbox 370 2867 434 2902; x_wconf 86' lang='lat' dir='ltr'><strong>pro</strong></span> <span class='ocrx_word' id='word_1_486' title='bbox 457 2856 526 2891; x_wconf 84' lang='lat' dir='ltr'><strong>fide</strong></span> <span class='ocrx_word' id='word_1_487' title='bbox 548 2857 750 2899; x_wconf 85' lang='lat' dir='ltr'><strong>moriendo,</strong></span> <span class='ocrx_word' id='word_1_488' title='bbox 773 2857 832 2903; x_wconf 88' lang='lat' dir='ltr'><strong>qui</strong></span> <span class='ocrx_word' id='word_1_489' title='bbox 854 2858 1056 2892; x_wconf 85' lang='lat' dir='ltr'><strong>vinceretur</strong></span> <span class='ocrx_word' id='word_1_490' title='bbox 1077 2859 1152 2893; x_wconf 89' lang='lat' dir='ltr'><strong>sinc</strong></span> <span class='ocrx_word' id='word_1_491' title='bbox 1175 2858 1242 2893; x_wconf 81' lang='lat' dir='ltr'><strong>fide</strong></span> <span class='ocrx_word' id='word_1_492' title='bbox 1263 2858 1429 2893; x_wconf 88' lang='lat' dir='ltr'><strong>vivendo.</strong></span> 
     </span>
    </p>
   </div>
   <div class='ocr_carea' id='block_1_13' title="bbox 1839 2165 1859 3054">
    <p class='ocr_par' dir='ltr' id='par_1_16' title="bbox 1839 2165 1859 3054">
     <span class='ocr_line' id='line_1_48' title="bbox 1839 2165 1859 3054; baseline 0 0"><span class='ocrx_word' id='word_1_493' title='bbox 1839 2165 1859 3054; x_wconf 95' lang='lat' dir='ltr'><strong> </strong></span> 
     </span>
    </p>
   </div>
  </div>
 </body>
</html>
