1859 3122
0 1754 1 1779 l

0 1781 2 1799 1

468 171 684 208 QUAESTIO
718 170 928 201 CXXXVIII.
963 169 1207 200 ARTICULUS
1240 169 1284 199 11.
1558 169 1637 212 911

160 254 219 288 AD
247 263 452 288 SECUNDUM
479 252 682 294 dicendum,
710 251 806 298 quod
833 251 994 297 pertinax
1028 251 1167 285 excedit
1200 250 1345 296 quidem
1370 250 1406 284 in
1436 250 1519 291 hoc,
1546 249 1642 296 quod

88 306 288 342 inordinate
310 306 463 352 persistit
480 306 515 339 in
537 305 656 351 aliquo
677 313 801 340 contra
819 304 948 338 multas
963 303 1329 345 difficultate33habet
1343 312 1463 337 tamen
1486 303 1643 349 aliquam

89 360 368 395 delectationem
390 359 425 393 in
448 358 536 400 fine,
559 359 649 393 sicut
670 367 704 392 et
724 357 836 399 fortis,
863 366 897 392 et
923 357 1030 391 ctiam
1057 367 1308 402 perseverans:
1331 357 1412 402 quia
1434 365 1557 390 tamen
1582 355 1644 390 illa

89 413 280 448 delectatio
304 420 356 446 est
377 412 516 453 vitios2,1
538 424 578 446 ex
601 423 644 445 eo
667 411 762 457 quod
784 411 890 445 nimis
913 410 1045 457 appetit
1067 421 1160 451 eam,
1177 418 1210 443 et
1225 410 1443 443 contrariam
1464 409 1644 443 tristitiam

88 465 192 512 fugit,
215 465 430 500 assimilatur
451 465 698 506 incontinenti,
720 464 778 499 vel
799 463 912 498 molli.

159 519 220 554 AD
243 529 413 554 TERTIUM
432 518 636 559 dicendum,
656 518 751 564 quod
771 518 835 552 etsi
858 517 947 551 aliae
967 517 1112 550 virtutes
1134 515 1325 562 persistant
1343 524 1468 549 contra
1488 516 1644 562 impetus

89 573 311 620 passionum,
326 583 399 606 non
420 580 542 606 tamen
564 572 704 618 proprie
726 570 803 605 laus
825 582 949 604 earum
971 579 1023 604 est
1045 581 1086 603 ex
1108 569 1344 616 persistendo,
1359 569 1451 603 sicut
1472 568 1548 603 laus
1571 580 1644 614 per-

90 626 330 661 severantiae:
353 626 430 660 laus
452 636 538 659 vero
562 625 803 659 continentiae
819 624 933 670 magis
946 623 1086 657 videtur
1105 634 1146 657 ex
1165 622 1344 657 vincendo
1367 621 1643 665 delectationes3

91 687 125 714 et
144 679 227 714 ideo
248 679 443 726 pertinacia
464 679 596 713 directe
618 679 809 724 opponitur
830 677 1125 723 perseverantiae.

527 952 880 1014 QUAESTIO
923 951 1212 998 CXXXIX.

202 1075 266 1106 DE
300 1076 432 1107 DONO
458 1075 807 1113 FORTITUDINIS,
838 1075 889 1105 IN
915 1075 1040 1107 DUOS
1066 1075 1327 1107 ARTICULOS
1354 1075 1527 1107 DIVISA.

160 1209 300 1243 Deinde
323 1208 626 1242 considerandum
648 1216 701 1243 est
722 1209 764 1243 de
782 1208 892 1250 dono,
910 1208 1007 1254 quod
1028 1209 1223 1255 respondet
1243 1208 1454 1251 fortitudini,
1477 1209 1573 1255 quod
1595 1218 1648 1243 est

89 1261 305 1297 fortitudinis
328 1262 475 1296 donum.

589 1350 632 1384 Et
652 1351 742 1385 circa
763 1350 822 1385 hoc
844 1355 1048 1396 quaeruntur
1069 1350 1142 1385 dno.

160 1422 295 1457 Primo.
318 1422 451 1457 Utrum
471 1421 645 1456 fortitudo
666 1422 711 1456 sit
731 1421 879 1456 donum.

161 1475 342 1510 Secundo.
366 1475 465 1516 Quid
487 1475 704 1522 respondeat
725 1475 758 1509 ei
778 1475 814 1508 in
835 1475 1124 1517 beatitudinibus,
1147 1483 1181 1510 et
1202 1475 1386 1510 fructibus.

660 1615 1003 1660 ARTICULUS
1038 1616 1072 1659 1.
1579 1627 1647 1674 679

494 1723 646 1753 UTRUM
678 1723 935 1753 FORTITUDO
970 1723 1038 1753 SIT
1071 1723 1243 1754 DONUM.

383 1809 424 1856 (3.
446 1811 533 1844 Dist.
548 1822 599 1856 34.
622 1822 652 1857 q.
673 1822 707 1855 4.
725 1815 788 1845 art.
807 1822 838 1846 2.
860 1817 949 1857 corp.
971 1816 1001 1846 et
1021 1822 1050 1857 q.
1065 1823 1094 1857 3.
1113 1816 1176 1846 art.
1198 1823 1226 1846 Ι.
1248 1823 1277 1857 q.
1297 1812 1354 1857 1.).

163 1899 222 1934 AD
244 1910 395 1934 PRIMUM
416 1900 466 1934 sic
487 1900 702 1946 proceditur.
729 1900 891 1943 Videtur,
918 1901 1014 1947 quod
1043 1900 1215 1935 fortitudo
1238 1911 1311 1934 non
1334 1900 1378 1934 sit
1404 1901 1558 1934 donum:
1580 1901 1648 1935 vir-

91 1960 184 1987 tutes
206 1953 304 1987 enim
327 1964 347 1986 a
369 1953 472 1987 donis
494 1953 678 1988 differunt:
704 1954 767 1989 sed
792 1953 963 1989 fortitudo
992 1962 1045 1989 est
1071 1956 1200 1996 virtus;
1223 1965 1310 2000 ergo
1337 1965 1411 1988 non
1434 1954 1538 1988 debet
1563 1954 1649 2001 poni

92 2005 240 2040 donum.

163 2069 195 2094 2.
216 2059 454 2094 PRAETERfia.
477 2060 590 2094 Actus
623 2059 804 2094 donorum
831 2068 978 2095 manent
1002 2060 1040 2094 in
1071 2060 1197 2107 patria,
1219 2068 1258 2095 ut
1279 2071 1385 2106 supra
1405 2060 1569 2094 habitum
1597 2069 1650 2095 est

95 2112 180 2156 (1-2.
203 2124 233 2158 q.
256 2113 311 2147 68.
334 2118 398 2147 art.
421 2113 491 2156 5.).·
514 2113 575 2147 sed
597 2120 696 2147 actus
729 2112 944 2148 fortitudinis
977 2125 1051 2148 non
1085 2122 1208 2148 manet
1233 2114 1269 2147 in
1291 2113 1423 2159 patria:
1445 2114 1531 2148 dicit
1552 2114 1648 2148 enim

95 2165 203 2211 Greg.
225 2165 262 2199 in
287 2176 314 2199 1.
337 2165 465 2200 Moral.
489 2166 578 2212 (cap.
596 2166 669 2212 15),
685 2166 781 2212 quod
801 2180 819 2199 «
837 2166 1009 2201 fortitudo
1031 2167 1091 2201 dat
1112 2167 1284 2201 fiduciam
1310 2167 1503 2213 trepidanti
1525 2177 1650 2202 contra

94 2218 242 2253 adversa
262 2232 296 2260 >›,
317 2230 409 2265 quae
430 2219 529 2253 nulla
550 2227 652 2254 erunt
672 2221 707 2253 in
728 2220 859 2266 patria3
883 2232 970 2266 ergo
991 2220 1164 2255 fortitudo
1185 2231 1260 2255 non
1283 2228 1337 2255 est
1358 2220 1506 2254 donum.

167 2283 197 2318 3.
222 2272 457 2307 PRAETEREA.
479 2273 632 2318 August.
652 2272 738 2307 dicit
756 2273 793 2307 in
813 2284 846 2308 2.
868 2274 911 2307 de
932 2274 1056 2308 Doctr.
1081 2273 1215 2308 Christ.
1238 2274 1327 2320 (cap.
1345 2275 1404 2319 7.),
1423 2274 1518 2319 quod
1543 2287 1561 2305 «
1582 2273 1651 2308 for-

92 2325 251 2360 titudinis
266 2333 319 2359 est
333 2326 374 2359 ab
386 2326 488 2359 omni
500 2327 759 2360 transeuntium
774 2325 959 2361 mortifera
973 2327 1194 2372 jucunditate
1208 2327 1368 2371 seipsum
1380 2335 1602 2372 sequestrare
1616 2338 1648 2361 »t

93 2378 156 2413 sed
177 2378 272 2412 circa
292 2378 417 2412 noxias
438 2379 686 2424 jucunditates,
707 2390 770 2413 seu
793 2379 1049 2414 delectationes
1071 2380 1188 2425 magis
1212 2379 1376 2413 consistit
1400 2380 1650 2424 temperantia,

93 2442 202 2477 quarn
222 2430 413 2474 fortitudo,
435 2443 523 2477 ergo
544 2431 694 2474 videtur,
716 2432 812 2478 quod
833 2431 1004 2467 fortitudo
1026 2444 1100 2467 non
1121 2433 1167 2467 sit
1185 2432 1324 2466 donum
1346 2433 1567 2478 respondens
1584 2433 1651 2467 vir-

92 2484 160 2519 tuti
179 2483 407 2518 fortitudinis.

165 2537 239 2571 SED
262 2547 416 2572 CONTRA
444 2546 506 2580 est,
528 2538 624 2584 quod
644 2537 712 2572 Isa.
743 2549 795 2572 11.
820 2538 993 2574 fortitudo
1014 2539 1107 2574 inter
1134 2538 1204 2573 alia
1231 2538 1326 2572 dona
1348 2538 1499 2584 Spiritus
1527 2539 1651 2574 Sancti

95 2598 334 2636 computatur.

164 2643 392 2678 RESPONDEO
414 2643 618 2685 dicendum,
641 2644 737 2689 quod
762 2643 934 2679 fortitudo
960 2645 1134 2692 importat
1155 2645 1352 2691 quamdam
1375 2645 1487 2679 animi
1508 2645 1652 2680 firmita-

93 2704 180 2738 tem,
201 2704 240 2730 ut
259 2707 373 2758 supra·
387 2697 521 2732 dictum
541 2705 592 2731 est
614 2697 660 2743 (q.
682 2709 747 2743 123.
774 2703 838 2733 art.
860 2710 890 2733 2.
910 2704 937 2734 et
955 2711 988 2734 r·
990 2711 1021 2734 2.
1043 2711 1072 2744 q.
1092 2699 1143 2734 61.
1170 2704 1233 2732 art.
1252 2699 1313 2745 3.;)
1338 2706 1373 2732 et
1392 2699 1482 2732 haec
1505 2699 1651 2744 quidem

95 2748 244 2783 firmitas
266 2749 376 2783 ani¹mi
397 2750 586 2795 requiritur
607 2759 641 2784 et
661 2750 697 2784 in
717 2751 820 2785 bonis
842 2751 1025 2793 faciendis,
1041 2760 1075 2786 et
1088 2752 1123 2785 in
1139 2751 1243 2785 malis
1262 2751 1491 2798 perferendis,
1507 2760 1541 2786 et
1555 2763 1651 2797 prae-

96 2801 199 2848 cipue
219 2802 256 2835 in
278 2803 396 2837 arduis
416 2803 532 2844 bonis,
553 2802 611 2836 vel
633 2802 755 2837 malis:
778 2804 892 2838 homo
920 2813 1041 2839 autern
1067 2804 1267 2838 secundum
1294 2805 1492 2851 proprium,
1514 2813 1548 2839 et
1569 2817 1651 2839 con—

94 2854 297 2889 naturalem
318 2855 384 2889 sibi
405 2856 557 2890 modum
578 2856 671 2890 hanc
693 2855 900 2892 firmitatem
920 2858 957 2891 in
979 2865 1132 2904 utroque
1154 2865 1272 2903 potest
1293 2858 1438 2901 habere,
1453 2865 1490 2892 ut
1507 2869 1581 2892 non
1595 2859 1652 2893 de-
