1859 3122
216 131 303 174 234
618 131 838 166 QUAESTIO
870 131 1005 161 XXVII.
1037 131 1281 162 ARTICULUS
1315 132 1375 161 ΙΙΙ.

214 212 335 246 nimur
357 212 400 246 ad
420 212 504 254 hoc,
527 213 622 258 quod
645 213 681 246 in
702 213 773 247 Dei
793 213 987 248 dilectione
1009 212 1259 259 proficiamus;
1280 221 1365 259 puta
1385 224 1449 259 per
1468 212 1642 248 beneficia
1664 213 1706 248 ab
1729 224 1773 248 eo

215 274 391 312 suscepta,
413 266 471 300 vel
491 277 555 311 per
575 267 737 312 praemia
758 275 910 313 sperata,
931 266 991 301 vel
1012 267 1121 301 etiam
1143 278 1205 313 per
1226 278 1374 313 poenas,
1401 277 1489 312 quas
1511 278 1574 313 per
1590 267 1710 314 ipsum
1726 267 1776 301 vi-

213 327 288 352 tare
316 319 546 353 intendimus.

283 373 345 406 AD
366 383 515 407 PRIMUM
539 384 625 419 ergo
648 373 854 415 dicendum,
876 373 972 419 quod
995 385 1037 407 ex
1058 373 1124 415 his,
1148 384 1239 419 quae
1262 373 1403 407 animus
1423 373 1534 415 novit,
1556 373 1660 408 discit
1677 373 1777 408 inco-

214 425 312 471 gnita
335 437 473 468 amare,
491 437 566 460 non
588 427 684 472 quod
707 427 852 472 cognita
870 427 940 460 sint
960 427 1051 460 ratio
1071 426 1243 472 diligendi
1258 428 1333 472 ipsa
1347 427 1532 472 incognita
1545 437 1608 472 per
1623 426 1775 461 modurn

215 490 344 513 causae
366 478 540 521 formalis,
558 479 617 514 vel
637 479 766 522 finalis,
786 479 845 514 vel
866 479 1073 522 efficientis,
1095 479 1157 514 sed
1179 480 1262 525 quia
1283 491 1346 526 per
1358 480 1429 514 hoc
1444 480 1559 515 homo
1575 480 1775 526 disponitur

215 532 258 566 ad
282 533 479 566 amandum
501 533 697 579 incognita.

286 586 345 620 AD
369 597 576 620 SECUNDUM
598 587 804 628 dicendum,
827 586 923 632 quod
947 586 1108 631 cognitio
1131 586 1202 620 Dei
1223 586 1418 632 acquiritur
1439 586 1585 633 quidem
1606 597 1669 633 per
1687 585 1774 629 alia;

214 639 276 673 sed
307 647 500 685 postquam
527 641 600 685 jam
628 641 870 686 cognoscitur,
897 651 971 673 non
997 651 1060 686 per
1082 639 1151 673 alia
1174 640 1416 685 cognoscitur,
1438 640 1501 674 sed
1522 651 1585 686 per
1605 640 1775 686 seipsum,

214 694 413 727 secundum
439 693 526 727 illud
549 693 652 739 Joan.
678 704 731 736 4.:
749 695 827 738 sam
850 706 913 728 non
934 699 1073 740 propter
1094 698 1184 727 tuam
1210 694 1372 739 loquelam
1399 693 1580 728 credimus:
1602 694 1668 739 ipsi
1687 693 1775 728 enim

215 746 417 788 audi-vimus,
439 752 469 781 et
489 748 608 782 scimus
629 749 707 793 quia
729 748 779 782 hic
801 752 844 781 est
864 759 939 782 vare
959 747 1109 781 sal-vator
1131 747 1256 781 mnndi.

286 800 346 834 AD
370 810 540 834 TERTIUM
560 800 764 842 dicendum,
788 800 884 846 quod
914 811 1007 847 spes,
1038 808 1072 834 et
1098 800 1208 835 timor
1235 800 1371 835 ducunt
1401 800 1443 835 ad
1472 800 1686 835 charitatem
1714 810 1777 846 per

217 854 367 888 modum
390 854 635 900 dispositionis
655 854 855 900 cujusdam,
877 862 915 888 ut
937 865 978 888 ex
1001 865 1106 900 supra
1128 854 1230 888 dictis
1252 862 1350 900 patet
1372 853 1417 900 (q.
1439 865 1488 901 17.
1511 859 1575 889 art.
1590 855 1622 890 8.
1637 859 1667 889 et
1679 865 1709 900 q.
1723 864 1776 900 19.

215 913 280 943 art.
302 918 334 951 4.
358 918 387 953 7.
410 912 440 942 et
465 907 545 952 10.).

765 1048 1110 1093 ARTICULUS
1152 1049 1227 1091 IV.
1706 1057 1773 1102 164

357 1156 510 1186 UTRUM
542 1156 653 1185 DEUS
687 1156 731 1185 m
765 1157 853 1186 HAC
886 1157 990 1186 VITA
1022 1157 1170 1186 Possm:
1203 1156 1450 1185 nnffiDIATE
1482 1154 1630 1186 AMARI.

238 1242 282 1290 (3.
304 1243 391 1277 Dist.
413 1254 466 1289 27.
489 1255 518 1289 q.
541 1255 568 1278 Ι.
591 1248 656 1278 art.
678 1255 704 1278 1.
723 1248 752 1278 et
776 1244 861 1278 Veri.
884 1255 913 1290 q.
933 1255 984 1279 10.
1006 1249 1070 1279 art.
1092 1256 1138 1279 II.
1157 1243 1199 1278 ad
1221 1244 1253 1279 6.
1276 1249 1304 1278 et
1331 1244 1413 1278 Virt.
1433 1255 1463 1278 2.
1483 1247 1545 1277 art.
1567 1254 1598 1278 2.
1618 1241 1661 1277 ad
1679 1243 1755 1288 IL).

285 1332 344 1366 AD
367 1342 554 1371 QUARTUM
576 1332 626 1366 sic
649 1332 864 1378 proceditur.
886 1332 1050 1375 Videtur,
1073 1332 1170 1379 quod
1190 1333 1290 1366 Deus
1311 1332 1348 1366 in
1368 1332 1438 1366 hac
1459 1331 1533 1365 vita
1559 1342 1634 1365 non
1659 1330 1778 1377 possit

214 1385 423 1419 immediate
446 1387 577 1419 amari:
601 1386 773 1431 Incognita
796 1386 893 1419 enim
915 1388 1026 1420 amari
1053 1398 1117 1420 non
1140 1390 1287 1432 possunt,
1315 1393 1354 1419 ut
1374 1385 1528 1431 August.
1550 1385 1637 1418 dicit
1661 1395 1712 1419 10.
1729 1384 1776 1419 de

216 1438 344 1473 Trinit.
368 1439 457 1485 (cap.
484 1451 511 1474 I.
533 1444 562 1473 et
582 1439 632 1483 2.)
644 1452 654 1473 .·
677 1439 739 1473 sed
760 1439 881 1473 Deum
902 1451 977 1473 non
1004 1439 1260 1486 cognoscimus
1287 1438 1498 1473 immediate
1525 1438 1561 1472 in
1587 1438 1655 1472 hac
1682 1438 1776 1481 vita3

214 1492 297 1538 quia
317 1492 464 1527 videmus
481 1504 567 1527 nanc
581 1499 644 1539 per
661 1493 824 1538 §periclum
847 1494 882 1526 in
908 1494 1102 1538 aenigmate,
1123 1501 1161 1527 ut
1187 1493 1316 1527 dicitur
1346 1503 1374 1526 Ι.
1401 1492 1445 1526 ad
1473 1492 1560 1527 Cor.
1591 1502 1660 1538 13.;
1687 1503 1776 1537 ergo

213 1556 330 1592 neque
350 1545 459 1579 etiam
482 1557 565 1579 eum
586 1546 796 1580 immediate
819 1557 996 1580 amamus.

285 1609 316 1633 2.
339 1599 575 1634 PRAETEREA.
598 1599 674 1640 Qui
694 1611 767 1633 non
790 1607 909 1646 potest
934 1600 1030 1646 quod
1057 1600 1176 1634 minus
1204 1608 1266 1642 est,
1292 1610 1366 1634 non
1392 1607 1512 1646 potest
1537 1599 1634 1645 quod
1660 1599 1777 1645 majus

214 1660 281 1686 est:
304 1653 366 1687 sed
388 1654 503 1699 majus
527 1661 578 1687 est
602 1664 724 1688 amare
746 1654 879 1696 Deum,
902 1665 1012 1699 quarn
1035 1664 1258 1699 cognoscere
1279 1653 1417 1698 ipsum:
1439 1654 1496 1698 qai
1513 1654 1610 1687 enim
1625 1652 1778 1688 adhaeret

213 1706 285 1740 Deo
308 1718 371 1752 per
393 1718 569 1748 amorem,
588 1719 671 1741 unas
691 1708 826 1753 spiritns
847 1719 920 1742 cam
943 1708 997 1741 illo
1016 1712 1071 1750 est,
1097 1715 1136 1741 ut
1157 1707 1285 1741 dicitur
1310 1717 1337 1740 1.
1355 1706 1397 1740 ad
1414 1706 1500 1740 Cor.
1517 1708 1548 1740 ὁ.
1562 1719 1569 1741 :
1584 1706 1647 1741 sed
1661 1706 1776 1741 homo

212 1771 286 1793 non
308 1768 426 1806 potest
446 1760 568 1794 Deum
591 1771 814 1805 cognoscere
835 1760 1066 1803 immediate3
1089 1772 1176 1806 ergo
1199 1759 1315 1794 multo
1337 1760 1457 1794 minus
1479 1771 1611 1794 amare.

288 1824 316 1859 3.
340 1813 575 1848 PRAETEREA.
596 1814 719 1848 Homo
743 1825 763 1847 a
783 1814 864 1848 Deo
892 1814 1106 1859 disjungitur
1137 1825 1200 1860 per
1228 1821 1432 1859 peccatum,
1463 1814 1663 1848 secundum
1689 1812 1776 1847 illud

213 1866 280 1900 Isa.
307 1877 376 1913 59.:
402 1868 539 1901 Peccata
556 1872 665 1901 vestra
687 1867 870 1902 diviserunt
895 1869 982 1902 inter
1007 1879 1076 1909 vos,
1108 1872 1135 1902 et
1161 1868 1273 1901 Deum
1299 1871 1466 1901 vestrum.-
1493 1867 1556 1901 sed
1584 1874 1776 1912 peccatum

214 1920 330 1965 magis
354 1928 406 1954 est
427 1920 462 1954 in
484 1920 681 1962 voluntate,
704 1932 813 1966 quam
834 1921 869 1954 in
892 1920 1095 1963 intellectu3
1119 1932 1206 1966 ergo
1229 1921 1347 1954 minus
1368 1927 1488 1966 potest
1512 1920 1627 1954 homo
1653 1920 1776 1954 Deum

215 1972 364 2018 diligere
386 1973 607 2015 immediate,
630 1985 739 2019 quam
761 1974 883 2007 Deum
901 1974 1111 2008 immediate
1138 1984 1347 2007 conoscere.

290 2026 364 2060 SED
396 2037 551 2061 CONTRA
573 2035 636 2068 est,
659 2027 755 2072 quod
771 2027 932 2072 cognitio
946 2027 1028 2069 Dei,
1048 2027 1130 2073 quia
1145 2035 1198 2061 est
1215 2027 1383 2069 mediata,
1398 2026 1526 2061 dicitur
1540 2027 1773 2073 aenigmatica,

215 2087 251 2114 et
271 2088 466 2113 evacuatur
488 2081 522 2114 in
544 2080 670 2126 patria,
692 2088 731 2114 ut
752 2088 849 2126 patet
874 2091 900 2114 1.
925 2080 967 2114 ad
987 2080 1074 2114 Cor.
1109 2091 1180 2126 13.:
1212 2081 1274 2114 sed
1302 2080 1456 2115 charitas
1485 2080 1565 2115 viae
1594 2092 1667 2115 non
1698 2092 1776 2115 eva-

216 2141 351 2175 cuatur,
374 2141 412 2167 ut
432 2134 566 2167 ibidem
589 2134 736 2176 dicitur3
759 2145 846 2179 ergo
869 2134 1024 2168 charitas
1045 2134 1125 2168 viae
1146 2134 1355 2168 immediate
1377 2134 1457 2168 Deo
1481 2134 1661 2169 adhaeret.

286 2186 515 2221 RESPONDEO
536 2187 740 2228 dicendum,
761 2187 869 2233 quod,
892 2188 982 2222 sicut
1003 2198 1109 2233 supra
1132 2187 1268 2221 dictum
1288 2195 1341 2221 est
1362 2188 1464 2233 (part.
1489 2197 1518 2222 Ι.
1539 2199 1568 2233 q.
1590 2188 1644 2223 82.
1663 2192 1728 2222 art.
1742 2199 1773 2223 2.

214 2245 245 2275 et
265 2252 294 2286 q.
317 2241 372 2285 84.
399 2246 464 2275 art.
491 2241 576 2286 87),
601 2249 700 2274 actus
728 2241 998 2286 cognoscitivae
1024 2241 1163 2275 virtutis
1185 2240 1365 2287 perficitur
1391 2252 1454 2287 per
1480 2241 1563 2283 hoc,
1595 2241 1692 2287 quod
1719 2252 1776 2276 co-

216 2294 356 2340 gnitum
379 2302 432 2328 cst
451 2294 487 2327 in
504 2302 766 2339 cognoscente:
785 2303 883 2328 actus
900 2303 1019 2328 autem
1037 2295 1251 2341 appetitivae
1267 2294 1406 2328 virtutis
1420 2294 1601 2340 perficitur
1615 2306 1678 2341 per
1690 2295 1774 2337 hoc,

215 2347 312 2393 quod
335 2347 511 2393 appetitus
534 2347 727 2381 inclinatur
750 2348 792 2381 ad
815 2360 891 2382 rem
913 2348 1049 2394 ipsam3
1074 2356 1108 2382 et
1124 2348 1205 2382 ideo
1229 2356 1384 2393 oportet,
1407 2348 1503 2394 quod
1525 2356 1646 2382 motus
1673 2359 1776 2394 appe-

214 2401 336 2434 titivae
357 2401 496 2434 virtutis
515 2401 558 2434 sit
579 2401 614 2433 in
637 2412 692 2435 res
712 2402 911 2434 secundum
935 2401 1181 2435 conditionem
1202 2401 1362 2447 ipsarum
1379 2412 1519 2435 rerum:
1539 2409 1639 2436 actus
1655 2410 1775 2436 autem

216 2454 486 2499 cognoscitivae
507 2454 647 2487 virtutis
678 2462 731 2487 est
753 2454 951 2488 secundum
982 2455 1132 2489 modurn
1165 2455 1430 2500 cognoscentis.
1457 2454 1520 2489 Est
1549 2463 1670 2489 autem
1699 2455 1774 2501 ipse

216 2508 306 2541 ordo
328 2519 448 2541 rerum
469 2506 549 2541 talis
571 2507 771 2541 secundum
796 2519 843 2548 se,
867 2508 962 2553 quod
984 2508 1083 2542 Deus
1103 2516 1156 2542 est
1174 2517 1318 2554 propter
1333 2509 1491 2554 seipsum
1507 2508 1774 2553 cognoscibilis,

217 2569 251 2594 et
273 2560 467 2605 diligibilis,
490 2568 613 2607 utpote
637 2560 873 2594 essentialiter
895 2561 1047 2595 existens
1074 2562 1150 2607 ipsa
1171 2561 1312 2603 veritas,
1339 2570 1374 2595 et
1399 2561 1551 2603 bonitas,
1578 2572 1640 2608 per
1666 2573 1774 2608 quarn

217 2613 286 2647 alia
309 2622 589 2659 cognoscuntur,
612 2621 646 2647 et
665 2622 849 2647 amantur:
873 2614 933 2648 sed
957 2615 1075 2660 quoad
1098 2625 1176 2656 nos,
1199 2614 1281 2660 quia
1302 2623 1424 2649 nostra
1447 2615 1607 2660 cognitio
1630 2626 1649 2649 a
1667 2626 1773 2650 sensu

216 2675 335 2701 ortum
358 2668 476 2709 habet,
498 2667 594 2713 prius
616 2675 697 2701 sunt
719 2667 990 2713 cognoscibilia,
1013 2679 1103 2713 quae
1124 2676 1205 2702 sunt
1227 2668 1346 2702 sensui
1367 2668 1643 2714 propinquiora:
1671 2676 1706 2702 et
1725 2668 1776 2702 ul-

217 2721 326 2754 timus
347 2721 520 2755 terminus
543 2720 760 2766 cognitionis
783 2728 835 2754 est
849 2720 885 2753 in
900 2731 956 2762 eo,
978 2721 1074 2765 quod
1097 2730 1149 2755 cst
1164 2721 1320 2755 maxime
1343 2733 1363 2754 a
1377 2732 1483 2755 sensu
1504 2729 1697 2755 remotum.
1713 2721 1776 2756 Se-

221 2774 380 2807 cundum
403 2774 474 2808 hoc
497 2785 583 2819 ergo
607 2773 799 2807 dicendum
822 2782 886 2814 est,
908 2774 1004 2819 quod
1027 2774 1184 2816 dilectio,
1207 2786 1298 2821 quae
1325 2783 1377 2808 est
1404 2774 1618 2821 appetitivae
1637 2774 1776 2809 virtutis

220 2835 331 2869 actus,
355 2827 461 2862 ctiam
485 2828 520 2861 in
543 2835 634 2862 statu
656 2828 736 2862 viae
757 2827 869 2861 tendit
889 2827 924 2860 in
943 2827 1063 2861 Deum
1083 2829 1212 2873 primo,
1229 2837 1263 2863 et
1277 2840 1318 2863 ex
1332 2829 1411 2875 ipso
1434 2828 1614 2863 derivatur
1627 2828 1670 2862 ad
1686 2828 1772 2862 alia:
