1859 3122
491 148 708 184 QUAESTIO
741 148 843 177 XVII.
878 148 1121 177 ARTICULUS
1154 148 1211 177 VI.
1551 147 1625 189 141

77 243 153 266 esse
175 240 244 266 tres
265 231 430 265 virtutes:
453 243 566 277 spem,
589 231 708 272 fidem,
731 238 764 264 et
787 230 1019 272 charitatem;
1043 241 1130 274 ergo
1153 240 1232 275 spes
1257 236 1310 263 est
1335 228 1446 262 virtus
1468 226 1633 261 distincta

77 286 118 319 ab
142 285 218 318 aliis
244 285 430 318 virtutibus
456 284 684 329 theologicis.

148 338 374 372 Ruspoxnro
394 338 598 377 dicendum,
621 337 715 383 quod
738 336 848 370 virtus
874 336 991 381 aliqua
1014 336 1142 369 dicitur
1164 346 1241 370 esse
1264 334 1473 377 theologica
1489 345 1530 367 ex
1549 333 1633 374 hoc,

76 392 171 438 quod
193 391 301 424 habet
322 392 442 425 Deum
461 402 524 437 pro
541 391 694 435 objecto,
711 392 767 423 cui
782 390 961 423 inhaeret:
978 398 1094 435 potest
1110 398 1230 422 autem
1247 388 1373 433 aliquis
1393 387 1498 422 alicui
1514 386 1635 420 inhae-

77 457 153 479 rere
174 445 367 491 dupliciter:
388 457 451 479 uno
472 445 564 478 modo
585 453 730 490 propter
744 445 918 490 seipsum:
934 443 999 477 alio
1015 443 1120 484 modo,
1137 443 1350 488 inquantum
1369 453 1410 475 ex
1426 452 1469 475 eo
1485 441 1520 474 in
1537 439 1632 474 aliud

78 499 279 540 devenitur3
292 499 446 532 charitas
457 509 543 543 ergo
555 497 638 531 facit
650 497 836 531 hominem
850 497 930 531 Deo
943 497 1128 530 inhaerere
1140 504 1284 541 propter
1295 496 1465 541 seipsum,
1476 501 1635 527 mentem

77 551 235 585 hominis
248 552 373 586 uniens
384 552 464 585 Deo
476 562 538 597 per
549 550 719 585 affectum
733 550 875 584 amoris.
893 550 983 596 Spes
1001 557 1133 591 autem,
1149 557 1183 583 et
1198 549 1284 583 fides
1300 548 1434 582 faciunt
1447 547 1635 582 hominem

77 605 262 639 inhaerere
284 605 377 646 Deo,
399 605 490 638 sicut
511 604 654 638 cuidam
676 603 864 650 principio,
888 614 929 637 ex
952 614 1023 649 quo
1047 603 1166 648 aliqua
1195 602 1298 636 nobis
1328 601 1563 646 proveniunt:
1592 600 1634 634 de

77 658 159 692 Deo
176 666 295 692 autem
317 658 482 704 provenit
502 657 605 692 nobis
622 665 655 691 et
670 657 831 703 cognitio
850 657 1020 698 veritatis,
1036 664 1070 690 et
1085 656 1226 702 adeptio
1246 654 1424 701 perfectae
1444 653 1613 688 bonitatis
1628 665 1635 695 ;

79 711 164 746 fides
189 723 274 757 ergo
301 711 387 746 facit
412 711 601 746 hominem
626 711 707 745 Deo
738 711 937 752 inhaerere,
965 710 1179 756 inquantum
1209 717 1263 743 est
1289 708 1393 742 nobis
1421 707 1636 753 principium

80 765 325 810 cognoscendi
346 766 553 799 veritatem:
577 764 756 798 credimus
779 763 887 805 enim,
914 775 955 797 ea
976 775 1060 797 vera
1084 774 1172 804 esse,
1195 773 1285 808 quae
1308 761 1412 795 nobis
1436 772 1455 794 a
1481 761 1561 794 Deo
1589 760 1636 793 di-

80 827 223 852 cuntur:
246 829 325 864 spes
349 826 469 852 autern
491 817 576 851 facit
596 818 677 851 Deo
700 817 898 859 inhaerere,
921 825 1027 862 prout
1049 824 1101 850 est
1121 816 1157 849 in
1186 815 1290 849 nobis
1318 814 1537 860 principium
1563 824 1639 859 per-

79 871 193 906 fectae
214 872 401 914 bonitatis3
424 872 637 917 inquantum
659 870 797 905 scilicet
818 882 880 917 per
901 881 1002 916 spem
1018 871 1138 904 divino
1154 869 1286 903 auxilio
1302 868 1488 902 innitimur
1503 867 1545 900 ad
1560 867 1639 900 bea-

79 925 268 959 titudinem
291 925 536 959 obtinendam.

150 979 209 1012 AD
231 989 379 1012 PRIMUM
401 989 487 1024 ergo
507 977 710 1019 dicendum,
725 977 821 1023 quod
835 977 934 1011 Deus
949 976 1149 1011 secundum
1162 975 1268 1010 aliam
1287 983 1321 1009 et
1335 974 1443 1008 aliam
1459 973 1637 1008 rationem

80 1039 133 1066 est
153 1031 335 1077 objectum
354 1031 483 1064 harum
496 1031 679 1072 virtutum,
694 1039 732 1064 ut
747 1031 881 1064 dictum
898 1038 951 1064 est
966 1030 1015 1074 (in
1030 1031 1136 1076 corp.)
1151 1043 1160 1064 .·
1177 1029 1219 1063 ad
1235 1028 1503 1063 distinctionem
1519 1035 1639 1060 autem

80 1085 269 1119 habituum
290 1083 420 1118 sufficit
442 1084 579 1118 diversa
601 1084 692 1118 ratio
715 1084 858 1130 objecti,
874 1091 912 1118 ut
926 1095 1031 1129 supra
1046 1083 1211 1117 habitum
1227 1091 1280 1117 est
1295 1082 1375 1126 (1-2.
1391 1092 1483 1127 q.54.
1497 1085 1561 1115 art.
1579 1081 1639 1125 2.)-

152 1138 211 1173 ΑΒ
234 1148 440 1172 SECUNDUM
459 1137 663 1179 dicendum,
685 1138 781 1183 quod
805 1137 1005 1183 expectatio
1028 1136 1173 1182 ponitur
1193 1136 1230 1170 in
1253 1134 1431 1182 Symbolo
1450 1134 1544 1176 fidei,
1565 1144 1639 1168 non

81 1192 163 1238 quia
184 1191 229 1226 sit
247 1200 346 1226 actus
367 1191 531 1238 proprius
550 1190 644 1232 fidei,
666 1190 726 1224 sed
748 1191 963 1236 inquantum
985 1198 1085 1224 actus
1107 1189 1184 1236 spei
1197 1188 1455 1236 praesupponit
1468 1187 1588 1229 fidem,
1602 1194 1641 1221 ut

81 1244 171 1279 infra
193 1245 330 1279 dicetur
353 1244 433 1289 (art.
453 1245 554 1290 seq.);
578 1252 612 1278 et
633 1244 683 1278 sic
706 1252 806 1278 actus
828 1243 912 1277 fidei
933 1242 1182 1277 manifestatur
1203 1253 1266 1289 per
1289 1250 1389 1276 actus
1408 1242 1494 1287 spei.

151 1299 211 1332 AD
234 1308 405 1333 TERTmM
420 1297 623 1339 dicendum,
639 1297 735 1343 quod
749 1308 828 1343 spes
842 1296 928 1331 facit
941 1297 1088 1331 tendere
1103 1296 1139 1330 in
1153 1297 1287 1338 Deum,
1302 1295 1394 1329 sicut
1406 1295 1442 1328 in
1458 1293 1641 1340 quoddam

84 1352 220 1386 bonum
241 1351 348 1385 finale
366 1351 649 1397 adipiscendum,
668 1358 703 1384 et
716 1351 808 1384 sicut
829 1350 864 1384 in
889 1350 1072 1396 quoddam
1087 1349 1306 1395 adjutorium
1321 1347 1447 1383 efficax
1462 1347 1505 1381 ad
1520 1347 1643 1381 subve-

83 1405 273 1438 niendum:
296 1404 357 1439 sed
377 1404 531 1438 charitas
552 1404 696 1450 proprie
714 1403 800 1438 facit
820 1404 967 1437 tendere
988 1403 1024 1437 in
1043 1404 1176 1446 Deum,
1198 1402 1356 1437 uniendo
1379 1400 1549 1436 affectum
1575 1400 1641 1435 ho-

84 1458 190 1492 minis
211 1458 305 1500 Deo,
326 1465 365 1492 ut
385 1457 522 1492 scilicet
542 1457 656 1491 homo
678 1468 752 1491 non
772 1457 837 1491 sibi
856 1458 964 1499 vivat,
985 1457 1048 1491 sed
1069 1457 1161 1491 Deo.

614 1597 956 1643 ARTICULUS
990 1598 1090 1641 VII.
1597 1607 1641 1642 88

490 1707 643 1738 UTRUM
670 1707 766 1737 SPEs
799 1707 1057 1737 PRAECEDAT
1089 1706 1239 1736 FIDEM.

166 1796 241 1840 (1-2.
263 1807 294 1841 q.
316 1796 366 1831 61.
389 1802 454 1831 art.
475 1807 507 1840 4.
530 1801 560 1832 et
577 1808 604 1843 3.
628 1797 716 1831 Dist.
738 1808 785 1843 23.
805 1808 834 1842 q.
853 1808 884 1831 2.
903 1801 968 1832 art.
986 1808 1015 1842 5.
1038 1801 1067 1831 et
1092 1795 1174 1830 Virt.
1197 1806 1226 1840 q.
1248 1806 1279 1829 2.
1302 1800 1367 1829 art.
1385 1805 1413 1840 3.
1436 1792 1478 1828 ad
1498 1793 1572 1839 ῃ).

156 1886 215 1919 AD
242 1895 433 1920 SEPTIMUM
459 1885 510 1920 sic
537 1885 753 1932 proceditur.
775 1885 938 1927 Videtur,
963 1885 1061 1931 quod
1087 1895 1167 1930 spes
1189 1882 1383 1930 praecedat
1407 1882 1536 1916 fidem:
1560 1880 1642 1927 quia

86 1950 191 1985 super
211 1938 299 1973 illud
320 1939 453 1973 Psalm.
480 1937 551 1985 36.:
573 1939 675 1985 Spera
694 1941 729 1973 in
747 1940 910 1981 Domino,
933 1944 962 1973 et
976 1939 1036 1984 fac
1059 1939 1250 1979 hominumn,
1278 1936 1364 1970 dicit
1387 1935 1488 1970 Glos.
1518 1934 1643 1978 (interl.

89 1992 273 2037 Cassiod.):
303 1992 380 2039 Spes
405 1997 448 2027 est
469 1994 623 2027 introitus
635 1992 729 2038 fidei,
757 1993 892 2027 initium
912 1992 1045 2026 salutis:
1073 1991 1134 2025 sed
1161 1990 1256 2024 salus
1280 1997 1332 2024 est
1353 2000 1415 2035 per
1436 1988 1557 2030 fidem,
1583 1998 1645 2033 per

87 2057 194 2092 quarn
215 2045 468 2091 justificamur3
492 2056 577 2091 ergo
599 2057 680 2092 spes
701 2045 883 2091 praecedit
908 2044 1028 2079 fidem.

158 2108 188 2132 2.
204 2098 439 2133 PRAETEREA.
457 2098 549 2132 Illud
568 2098 665 2145 quod
687 2099 831 2145 ponitur
852 2100 887 2132 in
907 2098 1115 2132 definitione
1137 2097 1299 2142 alicujus,
1319 2095 1423 2130 debet
1442 2106 1518 2129 esse
1537 2094 1644 2141 prius,

88 2159 123 2186 et
141 2151 257 2197 magis
278 2160 422 2186 notum:
445 2152 507 2186 sed
525 2163 605 2198 spes
624 2152 769 2198 ponitur
786 2152 823 2185 in
842 2151 1049 2185 definitione
1068 2150 1162 2192 fidei,
1177 2158 1215 2184 ut
1236 2157 1333 2196 patet
1347 2149 1436 2183 Heb.
1457 2159 1527 2182 11.:
1546 2148 1645 2182 Fides

88 2210 130 2240 est
147 2206 327 2240 substantia
347 2206 587 2252 sperandarum
608 2218 720 2240 rerum
731 2218 742 2246 ,·
763 2216 850 2251 ergo
872 2216 952 2251 spes
975 2213 1028 2239 est
1049 2204 1146 2250 prior
1167 2203 1247 2237 fide.

160 2269 190 2304 3.
212 2258 447 2293 PRAETEREA.
471 2259 560 2305 Spes
581 2259 764 2304 praecedit
786 2266 907 2292 actum
926 2257 1162 2292 meritorium:
1183 2257 1269 2290 dicit
1287 2255 1384 2294 enim
1403 2255 1530 2301 Apost.
1555 2265 1581 2288 1.
1603 2253 1644 2287 ad

89 2310 173 2345 Cor.
195 2322 226 2358 9.
249 2313 344 2357 quod
363 2312 419 2357 qui
436 2317 524 2354 arat,
544 2312 631 2346 debet
649 2324 747 2346 arara
768 2313 803 2346 in
820 2318 875 2358 spe
885 2312 1018 2358 fructus
1037 2310 1264 2357 percipiendi:
1287 2309 1348 2344 sed
1368 2317 1468 2343 actus
1489 2308 1572 2342 fidei
1594 2315 1646 2341 est

89 2364 312 2407 meritorius;
335 2376 420 2410 ergo
443 2376 524 2411 spes
545 2365 728 2410 praecedit
748 2364 868 2399 fidem.

159 2417 233 2452 SED
249 2428 401 2452 CONTRA
423 2425 486 2460 est,
509 2419 605 2464 quod
627 2418 754 2452 Matth.
781 2429 808 2452 1.
832 2418 980 2453 dicitur:
1003 2417 1178 2452 Abraham
1198 2417 1311 2462 genuit
1336 2415 1440 2459 Isaac,
1462 2414 1554 2448 idest
1566 2412 1647 2459 fides

87 2476 189 2516 spem,
209 2471 301 2504 sicut
321 2471 407 2504 dicit
421 2471 522 2505 Glos.
540 2471 730 2516 (interlin).
1242 2507 1245 2511 ⁵

158 2523 384 2558 REsponzo
401 2524 606 2567 dicendum,
621 2524 717 2570 quod
736 2524 823 2558 fides
839 2523 1002 2558 absolute
1017 2523 1199 2570 praecedit
1217 2534 1337 2568 spem;
1353 2521 1534 2566 objectum
1550 2519 1646 2553 enim

88 2576 164 2622 spei
185 2584 235 2610 est
256 2577 394 2610 bonum
414 2576 574 2611 futurum
596 2577 748 2611 arduum
768 2576 936 2623 possibile
964 2577 1108 2618 haberi3
1131 2576 1175 2609 ad
1196 2576 1267 2609 hoc
1291 2585 1377 2619 ergo
1400 2573 1496 2618 quod
1520 2572 1647 2617 aliquis

89 2637 214 2674 speret,
237 2630 425 2675 requiritur
447 2631 542 2676 quod
566 2630 748 2675 objectum
776 2630 851 2675 spei
877 2638 1099 2675 proponatur
1126 2629 1158 2662 ei
1184 2636 1222 2662 ut
1248 2626 1436 2673 possibile:
1465 2625 1647 2670 objectum

91 2690 211 2716 autem
233 2683 308 2727 spei
330 2690 383 2716 est
403 2695 467 2716 uno
494 2683 589 2717 modo
615 2683 799 2717 beatitudo
827 2692 984 2724 aeterna,
1007 2691 1041 2716 et
1062 2683 1132 2716 alio
1160 2681 1252 2715 modo
1280 2680 1441 2713 divinum
1464 2678 1647 2720 auxilium,

91 2743 129 2769 ut
149 2747 191 2769 ex
212 2736 314 2770 dictis
336 2744 433 2782 patet
455 2736 534 2779 (art.
545 2743 655 2782 praec.
675 2736 716 2770 ad
731 2749 758 2782 3.
781 2741 809 2771 et
830 2741 892 2770 art.
915 2748 944 2770 2.
969 2737 1036 2781 huj.
1057 2736 1131 2781 q.).·
1154 2742 1188 2768 et
1208 2741 1400 2777 utrumque
1422 2742 1549 2765 eorum
1570 2742 1648 2777 pro-

75 2788 234 2834 ponitur
254 2789 358 2823 nobis
379 2800 442 2835 per
462 2789 581 2832 fidem,
594 2801 657 2836 per
675 2801 784 2835 quam
801 2789 905 2823 nobis
927 2788 1131 2829 innotescit,
1146 2786 1242 2832 quod
1265 2786 1307 2819 ad
1327 2785 1439 2818 vitam
1462 2792 1645 2818 aeternam

92 2852 282 2887 possumus
302 2843 500 2888 pervenire,
523 2850 557 2877 et
582 2842 678 2889 quod
709 2842 752 2876 ad
779 2843 850 2876 hoc
877 2849 1042 2888 paratum
1064 2848 1116 2875 est
1143 2839 1246 2873 nobis
1274 2838 1435 2872 divinum
1462 2837 1646 2879 auxilium,
