1905 3137
522 146 742 182 QUAESTIO
777 145 850 176 VII.
884 145 1126 175 ARTICULUS
1160 144 1203 173 11.
1582 143 1635 184 77

647 332 992 377 ARTICULUS
1029 332 1083 374 Π.
1598 341 1638 387 38

290 454 444 484 UTRUM
464 453 746 483 PumFICATio
775 452 935 482 comus
960 453 1027 481 sm·
1053 450 1272 480 EFFECTUs
1300 448 1430 478 FIDEI.

238 553 285 598 (4.
313 555 402 589 Dist.
430 565 480 598 14.
508 565 538 600 q.
565 566 591 588 1.
620 558 682 588 art.
708 564 742 597 4.
770 552 811 587 ad
837 564 869 597 4.
897 557 926 587 et
959 552 1045 586 Veri.
1073 563 1103 597 q.
1131 552 1184 585 28.
1214 555 1276 583 arl.
1304 561 1330 584 Ι.
1358 548 1400 582 ad
1427 548 1487 593 6.).

153 655 212 689 AD
242 665 448 689 SECUNDUM
478 654 528 688 sic
556 653 773 699 proceditur.
805 652 967 693 Videtur,
995 651 1090 697 quod
1113 649 1314 697 purificatio
1347 648 1465 682 cordis
1494 659 1567 681 non
1599 647 1642 681 sit

83 707 229 742 effectus
250 707 349 741 fidei:
371 708 503 752 puritas
524 707 621 740 enim
645 707 762 740 cordis
781 706 972 752 praecipue
991 705 1027 738 in
1050 703 1180 738 affectu
1203 703 1381 737 consistit:
1409 702 1471 736 sed
1498 701 1585 735 fides
1606 701 1642 734 in

82 760 265 795 intellectu
284 769 354 802 est;
378 772 465 806 ergo
487 760 574 794 fides
595 771 669 794 non
693 768 817 794 causat
838 759 955 793 cordis
978 757 1280 804 purificationem.

154 824 185 848 2.
207 814 442 848 PRAETEREA.
465 813 556 847 lllud
580 813 676 859 quod
699 820 822 847 causat
844 812 962 846 cordis
985 810 1286 857 purificationem,
1302 820 1375 842 non
1399 815 1517 853 potest
1536 806 1644 841 simul

84 879 160 902 esse
180 879 262 901 cum
277 868 497 913 impuritate:
518 868 578 901 sed
598 867 684 901 fides
699 866 807 901 simul
825 874 943 912 potest
962 876 1039 899 esse
1059 876 1143 898 cum
1158 863 1363 909 impuritate
1378 862 1537 908 peccati3
1553 861 1644 894 sicut

83 929 179 967 patet
199 921 235 954 in
253 920 335 962 illis,
357 921 418 967 qui
438 921 572 955 habent
593 920 701 954 fidem
721 919 935 961 informem,
957 929 1044 964 ergo
1067 917 1153 951 fides
1175 928 1249 950 non
1271 915 1423 962 purficat
1444 926 1518 948 cor.

157 986 185 1020 3.
207 974 443 1009 PRAETEREA.
471 975 510 1008 Si
530 974 617 1008 fides
645 974 765 1019 aliquo
789 973 900 1006 modo
929 971 1134 1018 purificaret
1156 981 1219 1004 cor
1245 970 1459 1009 humanum,
1486 967 1644 1001 maxime

83 1027 286 1074 purificaret
307 1028 467 1062 hominis
481 1027 724 1062 intellectum:
745 1027 805 1060 sed
821 1026 1045 1060 intellectum
1067 1036 1141 1058 non
1164 1023 1329 1069 purificat
1351 1023 1392 1056 ab
1413 1021 1644 1062 obscuritate,

84 1092 167 1114 cum
185 1081 230 1115 sit
251 1081 411 1126 cognitio
435 1081 696 1127 aenigmatica3
719 1091 805 1125 ergo
828 1079 915 1113 fides
937 1078 1037 1112 nullo
1066 1077 1177 1111 modo
1197 1076 1362 1123 purificat
1385 1087 1458 1109 cor.

155 1134 229 1168 SED
253 1145 407 1169 CONTRA
431 1143 493 1176 est,
517 1134 613 1180 quod
636 1134 721 1167 dicit
742 1134 834 1167 Petr.
855 1133 935 1166 Act.
960 1142 1030 1177 15.:
1054 1131 1136 1165 Fide
1149 1131 1333 1177 purificans
1352 1128 1452 1163 corda
1473 1139 1598 1162 eorum.

154 1187 383 1222 RESPONDEO
406 1187 611 1229 dicendum,
631 1187 726 1232 quod
746 1186 932 1232 impuritas
955 1186 1236 1229 uniuscujusque
1258 1183 1309 1216 rei
1328 1182 1491 1216 consistit
1509 1182 1544 1214 in
1562 1181 1646 1222 hoc,

84 1241 180 1286 quod
198 1241 302 1274 rebus
319 1241 505 1274 vilioribus
527 1241 768 1274 immiscetur:
791 1251 865 1273 non
888 1239 985 1273 enim
1007 1238 1136 1271 dicitur
1155 1244 1344 1282 argentum
1364 1247 1440 1269 esse
1463 1235 1646 1280 impurum

85 1305 127 1328 ex
148 1294 386 1340 permixtione
409 1294 495 1336 auri,
517 1305 579 1339 per
601 1305 710 1339 quarn
733 1293 862 1326 melius
884 1292 1053 1333 redditur,
1081 1292 1143 1325 sed
1166 1302 1208 1324 ex
1230 1289 1469 1336 permixtione
1496 1287 1646 1334 plumbi,

85 1347 143 1381 vel
162 1348 298 1382 stanni:
320 1346 551 1382 manifestum
570 1355 622 1381 est
641 1354 773 1388 autem,
793 1346 889 1392 quod
908 1345 1093 1379 rationalis
1117 1353 1279 1378 creatura
1303 1343 1445 1388 dignior
1464 1350 1516 1375 est
1535 1342 1648 1374 omni-

85 1401 150 1434 bus
170 1400 440 1446 temporalibus,
464 1408 498 1434 et
519 1400 766 1446 corporalibus
791 1399 979 1441 creaturis;
1002 1406 1037 1432 et
1057 1398 1138 1431 ideo
1162 1397 1301 1443 impura
1322 1396 1482 1430 redditur
1503 1406 1545 1428 ex
1563 1394 1647 1435 hoc,

87 1453 182 1499 quod
203 1453 463 1499 temporalibus
485 1464 522 1487 se
544 1453 686 1498 subjicit
707 1464 769 1498 per
791 1463 966 1486 amorem.
989 1452 1021 1485 A
1041 1462 1111 1497 qua
1133 1450 1276 1496 quidem
1307 1449 1512 1494 impuritate
1532 1447 1649 1493 purifi-

88 1514 187 1541 catur
208 1518 271 1552 per
293 1507 515 1540 contrarium
537 1514 696 1548 motum3
720 1507 805 1540 dum
829 1505 966 1539 scilicet
992 1505 1105 1538 tendit
1131 1504 1166 1537 in
1188 1503 1234 1544 id,
1262 1503 1358 1548 quod
1387 1510 1439 1535 est
1465 1513 1570 1547 supra
1598 1512 1647 1541 se,

88 1559 226 1594 scilicet
246 1560 280 1592 in
303 1560 442 1593 Deum:
465 1559 501 1593 in
524 1570 595 1605 quo
617 1559 762 1604 quidem
790 1566 891 1593 motu
920 1558 1076 1603 primum
1104 1557 1321 1602 principium
1345 1563 1397 1589 est
1418 1554 1526 1588 fides:
1550 1555 1649 1588 Arce-

88 1613 210 1647 dentem
238 1613 334 1646 enirn
360 1612 402 1646 ad
422 1613 532 1646 Deum
559 1617 683 1658 oportet
712 1612 850 1652 credere,
874 1619 911 1644 ut
933 1611 1061 1644 dicitur
1084 1610 1191 1643 Hebr.
1219 1620 1289 1642 11.:
1315 1617 1348 1642 et
1374 1609 1455 1642 ideo
1490 1607 1648 1653 primum

88 1666 304 1712 principium
338 1665 595 1711 purificationis
630 1665 747 1698 cordis
785 1673 837 1698 est
869 1664 967 1705 fides,
1001 1675 1070 1709 qua
1097 1662 1303 1708 purificatur
1337 1661 1524 1707 impuritas
1558 1671 1650 1694 erro-

89 1719 152 1761 ris;
175 1730 266 1764 quae
293 1719 321 1752 si
347 1718 550 1764 perficiatur
575 1730 638 1764 per
664 1718 876 1751 charitatem
902 1717 1108 1757 formatam,
1136 1715 1331 1761 perfectam
1360 1714 1649 1760 purificationem

89 1780 222 1806 causat.

158 1825 218 1859 AD
240 1835 389 1859 PRIMUM
411 1836 498 1870 ergo
526 1825 731 1865 dicendum,
758 1824 854 1869 quod
878 1835 930 1864 ea,
953 1834 1044 1869 quae
1066 1831 1148 1856 sunt
1173 1822 1208 1855 in
1235 1821 1433 1862 intellectu,
1455 1828 1538 1854 sunt
1558 1820 1650 1866 prin-

89 1879 180 1925 cipia
203 1890 341 1920 eorum,
363 1890 454 1924 quae
476 1886 558 1912 sunt
574 1878 611 1912 in
626 1877 772 1912 affectu:
796 1877 1011 1922 inquantum
1030 1876 1168 1910 scilicet
1180 1876 1318 1909 bonum
1333 1874 1557 1909 intellectum
1577 1885 1652 1908 mo-

88 1940 147 1966 vet
168 1931 349 1966 affectum.

159 1985 218 2019 AD
246 1995 452 2019 SECUNDUM
486 1984 678 2018 dicendum
705 1983 801 2030 quod
829 1983 916 2017 fides
943 1983 1052 2017 etiam
1078 1981 1243 2016 informis
1274 1981 1431 2015 excludit
1456 1981 1650 2026 quamdam

88 2039 332 2084 impuritatem
353 2038 419 2072 sibi
440 2038 657 2084 oppositam,
684 2037 820 2071 scilicet
846 2037 1092 2082 impuritatem
1115 2035 1263 2077 erroris,
1286 2047 1377 2080 quae
1405 2034 1583 2079 contingit
1609 2045 1650 2067 ex

88 2092 172 2133 hoc,
188 2091 284 2137 quod
301 2090 505 2125 intellectus
524 2091 704 2124 humanus
723 2091 924 2124 inordinate
946 2090 1110 2123 inhaeret
1127 2089 1232 2122 rebus
1247 2099 1284 2122 se
1299 2087 1544 2128 inferioribus,
1565 2087 1649 2120 dum

90 2144 227 2179 scilicet
247 2143 323 2178 vult
341 2144 541 2178 secundum
561 2144 718 2178 rationes
741 2154 861 2177 rerum
880 2142 1103 2177 sensibilium
1122 2142 1241 2175 metiri
1259 2141 1396 2174 divina:
1420 2140 1482 2174 sed
1506 2140 1649 2186 quando

90 2209 153 2244 per
174 2198 385 2232 charitatem
406 2197 593 2240 formatur,
615 2206 699 2231 tunc
729 2197 868 2230 nullam
890 2196 1135 2242 impuritatem
1162 2206 1286 2229 secum
1309 2194 1545 2239 compatitur3
1569 2194 1650 2239 quia

90 2253 244 2286 universa
264 2251 381 2286 del-icta
402 2253 505 2297 operit
525 2251 680 2292 clmritas,
704 2258 742 2284 ut
763 2250 891 2284 dicitur
912 2250 1082 2283 Proverb.
1109 2259 1160 2283 10.

162 2306 222 2339 AD
241 2315 412 2339 TERTIUM
434 2305 639 2346 dicendum,
655 2304 751 2349 quod
767 2303 965 2337 obscuritas
987 2302 1069 2335 fidei
1090 2313 1163 2335 non
1183 2301 1335 2347 pertinet
1350 2300 1392 2333 ad
1408 2301 1651 2345 impuritatem

93 2358 228 2404 culpae,
251 2359 312 2391 sed
334 2358 450 2403 magis
472 2358 516 2391 ad
537 2357 739 2391 naturalem
763 2356 944 2390 defectum
966 2355 1168 2389 intellectus
1187 2354 1348 2395 humani,
1369 2353 1568 2387 secundum
1585 2360 1652 2385 sta-

93 2419 170 2446 tum
192 2411 387 2457 praesentis
408 2411 512 2444 vitae.
