1859 3122
510 130 731 166 QUAESTIO
765 131 911 160 LXXIV.
943 130 1188 160 ARTICULUS
1222 131 1249 160 1.
1575 134 1654 176 533

94 223 238 246 susurro
260 211 346 246 talia
368 211 464 244 mala
487 210 622 257 profert
644 211 686 245 de
714 211 893 257 proximo,
921 223 1011 257 quae
1038 220 1188 257 possunt
1210 220 1336 246 contra
1357 211 1475 258 ipsum
1499 224 1660 247 commo-

93 277 176 300 vere
204 267 365 299 animum
393 265 582 306 audientis,
609 265 809 299 secundum
837 264 923 299 illud
952 265 1062 299 Eccli.
1086 265 1160 299 28.:
1195 266 1255 300 Vir
1269 270 1424 312 peccator
1449 268 1661 302 conturbabit

94 320 227 360 amicos,
250 323 279 352 et
301 320 333 352 in
357 318 461 352 medio
479 324 596 365 pacem
618 319 807 352 habentium
830 319 984 352 immittet
1007 320 1231 353 inimicitiam.

165 372 225 406 AD
247 382 395 406 PR1MUM
419 382 505 417 ergo
521 372 726 413 dicendum,
743 371 839 418 quod
854 383 1012 413 susurro,
1031 372 1245 418 inquantum
1261 372 1346 407 dicit
1360 372 1498 406 malum
1518 373 1560 407 de
1576 373 1658 415 alio,

95 425 224 459 dicitur
244 425 450 458 detrahere:
475 425 509 458 in
532 425 602 459 hoc
624 433 747 459 tamen
771 424 887 459 differt
908 436 927 458 a
951 425 1164 466 detractore,
1191 425 1274 471 quia
1300 437 1374 460 non
1401 426 1553 460 intendit
1578 427 1660 460 sim-

94 477 233 524 pliciter
250 477 389 511 malum
413 478 543 520 dicere,
566 479 626 512 sed
649 478 820 524 quidquid
843 477 887 511 sit
905 477 1006 519 illud,
1025 478 1121 524 quod
1144 479 1257 524 possit
1279 479 1442 513 animum
1461 480 1565 514 unius
1585 491 1659 526 per-

93 531 236 565 turbare
259 540 383 565 contra
412 531 536 573 alium,
559 531 699 565 etiamsi
721 531 765 565 sit
787 530 998 576 simpliciter
1019 531 1169 574 bonum,
1188 540 1222 566 et
1243 540 1365 566 tamen
1389 544 1565 579 apparens
1588 545 1660 567 ma-

94 584 182 626 lum,
205 584 418 630 inquantum
442 584 606 630 displicet
628 585 671 626 ei,
694 584 752 618 cui
775 584 913 617 dicitur.

166 637 226 671 AD
248 647 456 672 SECUNDUM
483 637 689 678 dicendum,
717 636 813 683 quod
836 637 1047 671 criminator
1073 636 1190 671 differt
1217 649 1236 671 a
1263 649 1468 680 susurrone,
1496 649 1531 674 et
1558 651 1577 673 a
1604 640 1659 674 de-

94 698 269 724 tractore:
293 691 375 736 quia
399 690 610 725 criminator
632 698 683 724 est
698 690 757 736 qui
772 690 914 736 publice
929 690 1080 724 crimina
1097 690 1174 724 aliis
1188 691 1355 737 imponit,
1370 691 1427 726 vel
1443 694 1658 735 accusando,

95 743 152 778 vel
175 744 434 786 conviciando,
457 744 554 790 quod
576 755 649 778 non
672 743 825 789 pertinet
847 743 889 777 ad
912 743 1166 785 detractorem,
1190 752 1224 778 et
1245 755 1489 779 susurronem.

166 797 226 830 AD
246 807 417 831 TERTIUM
436 796 641 838 dicendum,
664 796 759 842 quod
783 797 936 841 bilinguis
957 797 1100 843 proprie
1123 796 1252 831 dicitur
1270 809 1435 840 susurr03
1459 810 1542 832 cum
1562 799 1658 832 enirn

97 849 255 883 amicitia
270 850 315 884 sit
328 850 418 884 inter
433 850 534 890 duos,
556 850 679 884 nititur
697 861 842 884 susurro
859 861 899 883 ex
915 857 1065 896 utraque
1088 859 1187 895 parte
1207 851 1406 885 amicitiam
1424 863 1609 897 rumpere3
1626 861 1660 886 et

95 903 177 937 ideo
200 903 336 937 duabus
358 903 489 949 linguis
511 903 620 937 utitur
642 903 685 936 ad
708 903 810 944 duos,
833 903 894 936 uni
913 903 1035 937 dicens
1051 903 1190 937 malum
1213 904 1255 937 de
1280 903 1371 938 alio:
1394 913 1540 950 propter
1562 906 1657 951 quod

96 956 224 990 dicitur
246 956 356 990 Eccli.
373 956 446 991 28.:
469 956 625 999 Szcszcrro,
641 961 670 991 et
685 956 839 1002 bilinguis
857 956 1067 998 maledictu5;
1088 965 1122 990 et
1143 957 1321 991 subditur:
1345 958 1470 992 Multos
1491 959 1577 992 enim
1592 964 1660 993 tnr—

97 1010 189 1044 bavit
204 1016 321 1056 pacem
345 1010 504 1044 habentes.

645 1151 990 1196 ARTICULUS
1026 1152 1082 1194 II.
1587 1165 1657 1208 406

139 1258 292 1288 UTRUM
318 1259 574 1288 DETRACTIO
603 1259 670 1288 SIT
699 1260 884 1289 GRAVIUS
911 1260 1149 1289 PECCATUM
1178 1260 1302 1295 QUAM
1332 1261 1615 1291 SUSURRATIO.

617 1345 718 1390 (Mal.
741 1357 771 1391 q.
793 1358 844 1381 ιο.
864 1351 927 1381 art.
946 1358 974 1392 3.
998 1346 1040 1380 ad
1057 1347 1115 1392 3.).

167 1435 226 1470 AD
254 1446 461 1470 SECUNDUM
488 1436 537 1470 sic
559 1437 776 1482 proceditur.
799 1435 961 1478 Videtur,
983 1436 1080 1482 quod
1103 1437 1278 1470 detractio
1306 1437 1350 1471 sit
1371 1437 1514 1483 gravius
1537 1449 1661 1483 pecca-

96 1497 186 1530 tum,
202 1500 311 1535 quam
326 1489 540 1524 susurratio:
563 1498 712 1535 peccata
727 1490 824 1523 enim
841 1490 913 1523 oris
929 1490 1131 1524 consistunt
1149 1490 1184 1523 in
1198 1490 1282 1532 hoc,
1301 1491 1398 1537 quod
1422 1490 1549 1537 aliquis
1564 1491 1660 1525 mala

96 1542 199 1576 dicit:
223 1542 285 1576 sed
307 1543 486 1576 detractor
508 1543 594 1576 dicit
612 1543 655 1577 de
672 1543 838 1589 proximo
861 1554 913 1584 ea,
937 1554 1027 1588 quae
1050 1551 1133 1577 sunt
1154 1543 1250 1576 mala
1269 1543 1490 1589 simpliciter,
1513 1545 1596 1590 quia
1618 1556 1659 1579 ex

96 1594 226 1629 talibus
249 1595 361 1629 oritur
382 1595 542 1638 infamia,
560 1595 618 1630 vel
640 1596 850 1630 diminuitur
868 1595 982 1629 fama:
1006 1607 1152 1630 susurro
1177 1605 1298 1630 autern
1320 1608 1394 1631 non
1421 1606 1522 1631 curat
1540 1598 1659 1632 dicere

95 1649 163 1682 nisi
185 1648 281 1682 mala
304 1650 523 1695 apparentia,
546 1661 637 1695 quae
659 1649 797 1683 scilicet
823 1649 1036 1695 displiceant
1062 1649 1239 1692 audienti;
1262 1661 1349 1695 ergo
1372 1651 1516 1696 gravius
1537 1663 1660 1697 pecca-

95 1710 173 1736 tum
196 1710 249 1736 est
270 1701 464 1744 decractio,
484 1714 594 1748 quarn
616 1703 826 1736 susurratio.

168 1765 198 1788 2.
221 1755 457 1790 PRAETEREA.
476 1755 708 1801 Quicumque
732 1754 846 1789 aufert
860 1755 967 1789 alicui
980 1754 1130 1797 famam,
1146 1755 1260 1790 aufert
1275 1756 1307 1790 ei
1321 1768 1395 1790 non
1410 1756 1531 1791 solum
1546 1769 1659 1792 unum

97 1807 268 1850 amicum,
290 1809 352 1842 sed
374 1808 528 1851 multos;
551 1809 634 1855 quia
660 1808 864 1842 intellectus
890 1808 1171 1855 uniuscujusque
1198 1809 1330 1855 refugit
1356 1810 1554 1844 amicitiam
1575 1811 1661 1845 infa-

96 1860 211 1894 mium
237 1872 497 1907 personarum;
525 1862 619 1896 unde
647 1871 772 1896 contra
799 1861 995 1908 quemdam
1022 1862 1150 1896 dicitur
1177 1872 1207 1896 2.
1235 1862 1388 1909 Paralip.
1422 1875 1492 1910 19.:
1520 1865 1584 1899 His
1605 1866 1661 1910 qni

97 1913 232 1948 oderunt
248 1915 447 1957 Dominum,
465 1916 616 1950 amicitia
626 1917 794 1961 jungeri&
818 1915 1015 1949 susurratio
1032 1924 1152 1949 autem
1168 1915 1281 1950 aufert
1302 1928 1416 1950 unum
1437 1917 1556 1951 solum
1576 1918 1662 1952 ami-

96 1978 198 2009 cum;
221 1968 363 2013 gravius
386 1979 472 2014 ergo
494 1977 687 2014 peccatum
714 1976 766 2002 est
787 1969 976 2010 detractio,
997 1980 1107 2014 quam
1131 1970 1340 2004 susurratio.

170 2032 199 2067 3.
221 2021 458 2056 PRAETEREA.
476 2022 549 2067 Jac.
577 2032 609 2065 4.
633 2022 780 2056 dicitur:
805 2023 876 2066 Qui
897 2022 1037 2056 detrahit
1055 2023 1168 2068 fratri
1183 2035 1252 2065 sno,
1276 2023 1418 2058 detrahit
1438 2024 1510 2069 legi,
1539 2032 1574 2058 et
1598 2036 1661 2071 per

97 2084 323 2120 consequens
343 2075 437 2116 Deo,
457 2075 517 2121 qui
539 2084 592 2109 est
612 2075 817 2121 legislator:
842 2083 877 2109 et
898 2075 948 2109 sic
967 2083 1159 2121 peccatum
1174 2076 1407 2110 detractionis
1421 2077 1562 2112 videtur
1583 2089 1659 2112 esse

96 2135 288 2173 peccatum
306 2127 342 2161 in
360 2128 492 2170 Deum,
512 2129 608 2174 quod
631 2137 684 2162 est
706 2128 974 2174 gravissimum,
990 2136 1027 2162 ut
1041 2140 1148 2174 supra
1169 2129 1334 2164 habitum
1349 2138 1402 2164 est
1417 2131 1463 2176 (q.
1484 2143 1537 2166 20.
1555 2137 1618 2166 art.
1631 2144 1659 2177 3.

96 2185 124 2214 el
145 2191 210 2215 1-2.
233 2192 262 2225 q.
285 2191 330 2226 73.
351 2185 413 2214 art.
432 2182 500 2227 3.):
527 2190 717 2228 peccatum
745 2190 866 2215 autem
893 2182 1146 2216 susurrationis
1174 2191 1227 2216 est
1252 2183 1288 2216 in
1315 2184 1542 2229 proximum3
1572 2196 1658 2230 ergo

95 2240 288 2278 peccatum
310 2233 541 2268 detractionis
563 2243 616 2268 est
637 2234 794 2279 gravius,
817 2245 926 2280 quam
947 2243 1137 2280 peccatum
1159 2237 1424 2270 susurrationis.

169 2286 242 2320 SED
266 2297 421 2322 CONTRA
443 2296 506 2329 est,
529 2288 625 2334 quod
647 2288 776 2322 dicitur
797 2288 908 2322 Eccli.
934 2299 982 2333 5.:
1002 2289 1181 2323 Denotatio
1196 2291 1336 2335 pessima
1353 2297 1449 2337 super
1468 2291 1658 2337 bilinguem,-

95 2342 298 2374 susurratori
319 2346 431 2375 autem
452 2341 577 2384 odium,
598 2346 626 2375 et
647 2342 838 2382 inimicitia,
861 2346 890 2376 et
910 2342 1118 2376 contumelia.

166 2393 396 2428 Rssspoxmzo
418 2393 624 2436 dicendum,
646 2394 755 2440 quod,
777 2394 868 2428 sicut
889 2406 996 2440 supra
1018 2395 1155 2429 dictum
1171 2404 1223 2430 est
1237 2396 1284 2442 (q.
1298 2403 1409 2443 praec.
1425 2402 1488 2430 art.
1500 2409 1529 2442 3.
1548 2402 1576 2431 et
1596 2407 1626 2430 1-
1615 2409 1658 2432 -.2

96 2458 125 2492 q.
148 2458 193 2493 73.
220 2452 282 2481 art.
305 2447 369 2492 8.,)
392 2455 583 2493 peccatum
604 2447 640 2480 in
662 2448 868 2492 proximum
889 2455 989 2482 tanto
1013 2456 1066 2482 est
1087 2449 1242 2494 gravius,
1276 2457 1410 2495 quanto
1445 2461 1508 2494 per
1542 2450 1659 2495 ipsum

96 2500 212 2545 majus
233 2508 496 2534 nocumentum
519 2500 684 2545 proximo
706 2500 872 2534 infertur:
895 2510 1159 2535 nocumentum
1182 2511 1303 2536 autem
1324 2510 1425 2536 tanto
1448 2503 1564 2547 majus
1595 2511 1659 2544 est,

96 2560 230 2598 quanto
253 2554 369 2598 majus
392 2561 444 2587 est
464 2554 614 2595 bonum,
637 2554 733 2599 quod
754 2553 907 2588 tollitur:
932 2554 1024 2588 inter
1058 2563 1199 2589 caetera
1233 2566 1318 2588 vero
1354 2555 1530 2588 exteriora
1563 2555 1660 2589 bona

96 2606 318 2650 praeeminet
342 2606 499 2648 amicus;
521 2606 604 2652 quia
624 2608 692 2641 sine
713 2608 829 2641 amicis
850 2607 958 2641 nullus
978 2609 1091 2642 vivere
1106 2612 1221 2653 potest,
1245 2616 1284 2641 ut
1304 2616 1402 2653 patet
1430 2618 1493 2653 per
1522 2607 1658 2643 Philos.

97 2657 134 2691 in
155 2658 186 2691 8.
208 2657 324 2692 Ethic.
349 2658 426 2705 (cap
447 2672 475 2694 ι.
497 2660 532 2693 in
547 2661 692 2705 princ.);
717 2659 811 2694 unde
837 2659 966 2694 dicitur
998 2660 1110 2694 Eccli.
1134 2658 1184 2694 6.:
1220 2661 1340 2694 Amico
1367 2660 1462 2706 fideli
1494 2661 1585 2694 nulla
1618 2666 1661 2696 est

98 2713 325 2757 comparatio:
346 2711 444 2745 fama
466 2720 587 2746 autem
609 2712 696 2757 ipsa,
719 2723 810 2758 quae
832 2723 895 2758 per
916 2713 1177 2746 detractionem
1193 2712 1341 2754 tollitur,
1357 2712 1400 2746 ad
1416 2713 1486 2746 hoc
1502 2714 1659 2748 maxime

95 2764 298 2797 necessaria
320 2772 384 2806 est,
406 2773 444 2799 ut
464 2765 579 2799 homo
601 2765 752 2799 idoneus
776 2765 820 2799 ad
842 2765 1041 2798 amicitiam
1073 2765 1266 2807 habeatur3
1290 2773 1324 2799 et
1345 2765 1426 2799 ideo
1461 2767 1658 2801 susurratio

98 2823 153 2849 est
173 2817 287 2862 majus
309 2825 510 2863 peccatum,
534 2829 643 2864 quam
664 2818 851 2860 detractio,
869 2825 903 2852 et
918 2818 1026 2852 etiam
1042 2828 1150 2863 quam
1166 2817 1407 2860 contumelia;
1423 2819 1505 2864 quia
1522 2820 1658 2854 amicus

241 2896 269 2923 S.
289 2895 412 2923 'saonae
433 2899 536 2925 Summa
562 2898 722 2933 Theologiea.
743 2898 808 2924 Vol.
830 2897 882 2924 111.
1482 2909 1511 2934 35
