1859 3122
463 145 683 186 QUAESTIO
718 150 868 179 XXXIII.
904 149 1147 180 ARTICULUS
1180 149 1253 179 VII.
1570 136 1650 192 283

99 233 208 268 etiam
231 233 313 280 quia
335 244 376 268 ex
398 242 548 280 peccato
571 233 675 267 unius
697 232 877 279 publicato
901 232 967 273 alii,
982 240 1224 278 provocantur
1252 231 1293 265 ad
1321 231 1565 278 peccandum:
1594 231 1657 265 sed

100 289 181 333 quia
203 288 424 322 conscientia
446 287 678 334 praeferenda
702 295 756 321 est
777 286 907 329 famae,
929 285 1044 320 voluit
1065 286 1258 328 Dominus,
1281 293 1319 320 ut
1339 285 1468 320 saltem
1499 296 1583 319 cum
1609 284 1658 318 di-

100 341 247 386 spendio
270 341 387 376 samae
411 341 525 375 fratris
556 340 777 374 conscientia
804 351 865 385 per
894 339 1076 385 publicam
1107 339 1418 374 denuntiationem
1452 350 1471 372 a
1505 346 1656 384 peccato

99 393 282 436 liberetur3
306 395 399 429 unde
422 394 593 439 patet,.de
615 393 827 428 necessitate
850 393 1032 438 praecepti
1055 405 1144 435 esse,
1172 393 1268 439 quod
1296 401 1432 427 secreta
1455 392 1655 426 admonitio

99 447 276 492 publicam
300 448 610 482 denuntiationem
632 447 833 492 praecedat.

167 501 226 534 An
250 512 396 536 PRIMUM
415 513 502 545 ergo
525 501 728 542 dicendum,
751 500 847 546 quod
870 500 991 534 omnia
1015 499 1157 534 occulta
1181 508 1262 533 sunt
1288 500 1368 533 Deo
1392 507 1494 534 nota:
1518 507 1552 533 et
1573 499 1655 532 ideo

99 553 167 587 hoc
191 555 302 588 modo
321 566 357 589 se
376 555 508 589 liabent
529 554 673 588 occulta
694 562 843 599 peccata
866 554 908 587 ad
936 554 1108 598 judicium
1132 553 1306 594 divinum,
1335 553 1426 587 sicut
1448 552 1589 598 publica
1613 552 1655 586 ad

99 606 315 642 humanum:
336 617 370 642 et
391 617 510 642 tamen
530 607 741 654 plerumque
763 608 861 640 Deus
890 615 1098 652 peccatores
1114 606 1214 652 quasi
1236 614 1373 640 secreta
1407 606 1656 640 admonitione

99 661 224 705 arguit,
246 662 392 696 interius
410 662 628 708 inspirando,
646 660 703 694 vel
717 660 891 706 vigilanti,
907 661 963 694 vel
975 661 1179 702 dormienti,
1195 661 1393 694 secundum
1409 660 1494 693 illud
1506 660 1572 705 Job
1592 671 1655 705 33:

98 713 162 747 Per
180 716 344 749 somnium
365 717 399 749 rin
425 717 551 750 visione
572 719 747 757 nocturna,
767 714 896 760 quando
915 715 1017 748 ‘irruit
1041 720 1138 760 sopor
1157 721 1254 760 super
1275 715 1429 755 lwml'nex,
1453 719 1529 748 tnnc
1550 716 1657 761 aperit

99 777 194 801 aures
218 770 400 803 virorum:
429 774 456 803 εἰ
481 768 630 804 erudiens
656 780 705 802 σος
731 769 863 802 instruit
889 767 1075 815 disciplina,
1103 773 1139 803 ut
1165 773 1295 802 avertat
1320 768 1486 802 hominem
1525 769 1564 802 ab
1598 768 1656 809 his,

97 831 179 865 qnae
197 823 289 866 jecit.

171 874 229 908 AD
249 885 454 910 SECUNDUM
476 875 680 917 dicendum,
702 875 799 922 quod
819 875 1002 910 Dominus
1023 883 1212 921 peccatum
1223 875 1334 920 Judae
1348 883 1535 922 tamquam
1557 875 1657 908 Deus

97 927 189 962 sicut
209 928 393 974 publicum
423 929 595 971 habebat;
630 929 723 962 unde
751 929 871 963 statim
906 936 1047 975 poterat
1081 929 1123 962 ad
1158 929 1415 975 publicandum
1443 929 1655 975 procedere:

97 989 219 1016 tamen
248 982 323 1028 ipse
348 994 422 1017 non
439 982 645 1029 publicavit,
667 983 729 1017 sed
753 983 913 1016 obscuris
939 983 1056 1017 verbis
1083 994 1167 1017 eum
1198 983 1240 1017 de
1267 990 1418 1028 peccato
1446 993 1512 1016 suo
1536 982 1657 1016 admo-

95 1035 188 1068 nuit:
209 1035 334 1070 Petrus
361 1043 481 1070 autem
504 1036 699 1082 publicavit
730 1044 920 1082 peccatum
955 1035 1139 1070 occultum
1168 1036 1344 1078 Ananiae,
1379 1044 1414 1070 et
1445 1035 1657 1081 Sapphirae,

95 1096 282 1134 tamquam
304 1098 473 1124 executor
493 1090 574 1132 Dei,
593 1091 692 1135 cujus
714 1089 934 1124 revelatione
952 1098 1144 1136 peccatum
1167 1090 1357 1135 cognovit:
1382 1089 1424 1123 de
1442 1089 1577 1135 Joseph
1601 1101 1658 1123 au-

96 1150 171 1176 tem
193 1143 412 1177 credendum
443 1152 508 1185 est,
529 1144 626 1190 quod
654 1143 778 1178 fratres
801 1155 885 1178 suos
912 1144 1129 1190 quandoque
1152 1144 1391 1186 admonuerit,
1413 1143 1498 1178 licet
1518 1155 1592 1177 non
1615 1144 1659 1177 sit

95 1196 290 1242 scriptum:
317 1196 374 1231 vel
399 1205 517 1243 potest
538 1197 619 1239 dici,
647 1198 743 1244 quod
765 1206 953 1244 peccatum
982 1197 1167 1244 publicum
1190 1206 1265 1232 erat
1285 1198 1377 1231 inter
1398 1196 1542 1239 fratres;
1564 1197 1658 1231 unde

97 1249 182 1283 dicit
202 1249 405 1296 pluraliter:
428 1252 611 1286 Accusavit
623 1251 754 1297 fratres
766 1263 849 1285 snos.

168 1303 228 1337 AD
251 1313 422 1338 TERTIUM
438 1304 643 1346 dicendum,
656 1304 752 1350 quod
767 1304 911 1351 quando
927 1305 1094 1339 imminet
1111 1304 1311 1351 periculum
1323 1304 1573 1347 multitudinis,
1583 1315 1658 1338 non

95 1356 229 1391 habent
249 1357 297 1390 ibi
323 1357 447 1391 locum
468 1358 558 1392 haec
585 1359 694 1392 verba
715 1358 884 1392 Domini:
914 1360 995 1404 quia
1021 1366 1107 1393 tunc
1128 1357 1237 1392 frater
1262 1369 1416 1404 peccans
1437 1369 1511 1392 non
1533 1365 1659 1404 peccat

95 1422 131 1444 m
148 1418 183 1444 te
203 1418 354 1445 tantum.

167 1464 226 1498 AD
253 1475 441 1503 QUARTUM
468 1465 674 1507 dicendum,
696 1466 793 1511 quod
815 1466 1026 1511 hujusmodi
1047 1465 1364 1512 proclamationes,
1380 1476 1471 1511 quae
1494 1465 1529 1498 in
1553 1465 1658 1510 Capi-

96 1516 178 1550 tulis
193 1517 462 1563 Religiosorum
483 1519 581 1561 fiunt,
604 1528 685 1553 sunt
704 1520 746 1552 de
762 1519 938 1564 aliquibus
958 1519 1107 1560 levibus,
1126 1530 1217 1564 quae
1235 1518 1354 1552 famae
1373 1530 1447 1552 non
1470 1519 1657 1564 derogant;

97 1571 190 1604 unde
209 1578 291 1604 sunt
305 1572 406 1617 quasi
421 1572 600 1617 quaedam
615 1573 986 1606 commemorationes
998 1572 1116 1618 potius
1128 1572 1321 1606 oblitarum
1338 1571 1536 1618 culparum,
1548 1582 1657 1617 quam

98 1624 360 1666 accusationes,
378 1625 436 1659 vel
458 1625 765 1659 denuntiationes:
789 1626 817 1659 si
840 1634 959 1660 essent
979 1634 1101 1659 tamen
1123 1625 1219 1667 talia,
1247 1625 1289 1659 de
1317 1625 1444 1671 quibus
1480 1625 1588 1659 frater
1609 1625 1659 1658 in-

96 1676 302 1720 famaretur,
332 1687 456 1712 contra
491 1687 724 1725 praeceptum
746 1679 898 1713 Domini
921 1687 1055 1724 ageret,
1077 1679 1137 1724 qui
1159 1690 1221 1725 per
1242 1679 1338 1713 hunc
1361 1679 1512 1713 modum
1534 1689 1658 1725 pecca-

94 1738 170 1765 tum
192 1730 308 1766 fratris
333 1732 542 1777 publicaret.
640 1772 642 1774 v

167 1785 227 1819 AD
255 1795 435 1824 QUINTUM
462 1785 775 1832 dicendum,quod
789 1785 956 1820 Praelato
978 1797 1052 1820 non
1080 1793 1132 1820 est
1150 1785 1392 1820 obediendum
1415 1793 1540 1819 contra
1562 1796 1658 1830 prae-

96 1846 240 1884 ceptum
263 1838 434 1880 divinum,
457 1839 655 1873 secundum
684 1839 772 1872 illud
795 1839 876 1872 Act.
903 1850 955 1883 5.:
990 1839 1130 1874 Olvedira
1157 1844 1281 1885 oportet
1314 1840 1387 1873 Deo
1413 1840 1529 1884 magis,
1556 1850 1655 1884 quam

95 1892 302 1932 hominibu5;
326 1899 360 1925 et
379 1891 462 1925 ideo
481 1892 624 1938 quando
647 1891 832 1926 Praelatus
854 1892 1028 1938 praecipit
1049 1900 1087 1926 ut
1112 1892 1179 1926 sibi
1201 1892 1350 1934 dicatur,
1373 1892 1469 1938 quod
1493 1891 1570 1938 quis
1592 1892 1656 1925 sci-

94 1945 185 1979 verit
203 1944 470 1990 corrigendum‚
488 1945 764 1991 intelligendum
781 1953 834 1979 est
852 1953 1085 1991 praeceptum
1105 1957 1202 1987 sane,
1218 1945 1319 1979 salvo
1335 1945 1460 1979 ordine
1478 1945 1655 1979 fraternae

96 1998 348 2040 correctioni33
371 1998 445 2032 sive
467 2006 700 2045 praeceptum
727 1998 788 2032 fiat
815 1999 1060 2033 communiter
1087 1999 1130 2032 ad
1158 2010 1297 2041 omnes,
1324 1999 1399 2033 sive
1427 1999 1470 2032 ad
1497 1998 1655 2044 aliquem

95 2051 312 2098 specialiter:
334 2052 396 2086 sed
418 2052 448 2086 si
468 2052 654 2086 Praelatus
670 2063 834 2098 expresse
856 2052 1080 2098 praeciperet
1099 2061 1224 2086 contra
1250 2053 1346 2086 hunc
1363 2052 1527 2086 ordinem
1546 2064 1565 2086 a
1583 2052 1656 2085 Do-

95 2105 194 2139 mino
216 2105 430 2151 institutum,
453 2113 487 2140 et
512 2105 588 2152 ipse
610 2114 777 2151 peccaret
811 2106 1047 2151 praecipiens,
1070 2113 1104 2139 et
1126 2106 1158 2139 ei
1189 2106 1373 2148 obediens,
1400 2106 1503 2152 quasi
1530 2113 1655 2139 contra

95 2166 327 2204 praeceptum
347 2158 500 2192 Domini
525 2170 652 2204 agens3
673 2159 768 2193 unde
791 2170 866 2192 non
900 2167 993 2192 esset
1015 2159 1048 2192 ei
1069 2159 1330 2193 obediendum:
1361 2160 1443 2204 quia
1469 2158 1655 2192 Praelatus

94 2223 168 2245 non
191 2220 244 2246 est
263 2211 368 2257 judex
388 2211 606 2256 judiciorum
629 2212 869 2254 occultorum,
897 2212 959 2246 sed
986 2211 1084 2246 solus
1106 2212 1224 2254 Deus,
1251 2213 1344 2246 unde
1371 2223 1445 2246 non
1467 2212 1576 2246 habet
1596 2223 1657 2257 po-

93 2272 260 2299 testatem
277 2265 520 2311 praecipiendi
538 2265 671 2311 aliquid
685 2276 791 2310 super
802 2264 964 2307 occultis,
987 2265 1055 2299 nisi
1074 2265 1287 2311 inquantum
1310 2277 1372 2311 per
1387 2265 1505 2310 aliqua
1523 2264 1655 2298 indicia

95 2318 386 2360 manifestantur3
413 2325 497 2363 puta
529 2330 593 2364 per
618 2317 817 2358 infamiam,
852 2318 910 2352 vel
942 2330 1005 2364 per
1043 2318 1179 2364 aliquas
1201 2319 1443 2364 suspiciones:
1471 2319 1506 2351 in
1529 2318 1655 2363 quibus

96 2372 235 2406 casibus
256 2378 374 2417 potest
399 2371 584 2406 Praelatus
606 2372 812 2418 praecipere
835 2372 967 2406 eodem
994 2372 1119 2413 modo,
1148 2372 1240 2406 sicut
1266 2380 1301 2406 et
1321 2372 1427 2417 judex
1448 2371 1655 2411 saecularis,

95 2423 154 2458 vel
174 2423 438 2458 ecclesiasticus
460 2432 578 2470 potest
599 2425 740 2470 exigere
759 2426 1002 2470 juramentum
1029 2425 1072 2458 de
1097 2425 1247 2459 veritate
1269 2425 1430 2459 dicenda.
