1859 3122
176 154 259 197 372
517 152 740 187 QUAESTIO
773 152 921 181 XLVIII.
955 151 1200 181 ARTICULUS
1233 152 1408 182 UNICUS.

174 235 370 282 pertinent;
404 234 559 268 scilicet:
581 233 725 276 eubulia,
757 234 905 276 solertia,
930 233 1149 276 providentia,
1177 235 1365 279 regnativa,
1393 234 1562 276 militaris,
1579 235 1733 281 politica,

174 290 395 330 oeconomica,
417 288 601 330 dialectica,
624 287 791 322 rethorica
824 296 859 322 et
885 288 1045 334 physica;
1070 298 1156 332 ergo
1178 287 1331 329 videtur,
1364 287 1461 333 quod
1481 288 1540 322 vel
1561 299 1632 322 una
1654 288 1736 322 assi·

175 343 299 388 gnatio
321 342 365 375 sit
386 340 576 386 superflua,
597 339 656 374 vel
677 339 748 374 alia
773 341 959 374 diminuta.

247 405 277 428 2.
300 395 536 428 PRAETEREA.
559 393 753 427 Prudentia
774 394 941 428 dividitur
969 401 1094 427 contra
1126 394 1334 428 scientiam:
1356 394 1417 428 sed
1451 376 1610 440 politica,
1631 405 1736 428 oeco-

174 448 332 489 nomica,
354 447 554 489 dialectica,
576 447 768 489 rethorica,
783 447 932 493 phisica,
944 455 1026 481 sunt
1044 447 1222 492 quaedam
1243 447 1434 490 scientiae3
1456 459 1530 482 non
1549 459 1635 494 ergo
1653 455 1737 482 sunt

178 510 295 548 partes
322 500 542 547 prudentiae.

247 566 275 600 3.
298 555 532 588 PRAETEREA.
553 554 677 588 Partes
692 565 767 588 non
782 554 959 588 excedunt
978 562 1114 587 totum:
1138 554 1199 588 sed
1218 554 1395 588 memoria
1413 553 1642 596 intellectiva,
1656 553 1734 589 vel:

174 607 422 653 intelligentia,
444 607 548 648 ratio,
569 618 706 649 sensus,
734 615 769 641 et
794 607 960 641 docilitas
981 619 1055 641 non
1077 607 1197 641 solum
1223 607 1401 653 pertinent
1426 607 1469 640 ad
1496 607 1736 652 prudentiam,

175 661 237 695 sed
268 661 376 694 etiam
409 661 452 694 ad
483 671 610 694 omnes
640 661 782 694 habitus
814 661 1107 706 cognoscitiv053
1136 672 1223 706 ergo
1251 672 1325 695 non
1347 660 1477 695 debent
1503 661 1590 706 poni
1618 669 1736 706 partes

175 715 397 761 prudentiae.

245 779 278 811 4.
301 769 535 803 PRAETEREA.
559 768 661 802 Sicut
683 768 875 810 consiliari,
905 776 938 802 et
971 769 1141 813 judicare,
1164 776 1199 801 et
1227 768 1432 814 praecipere
1454 775 1536 802 sunt
1557 775 1657 802 actus
1687 779 1737 802 ra-

175 823 283 858 tionis
310 822 508 868 practicae,
537 822 585 856 ita
616 822 725 856 etiam
747 823 808 864 uti,
831 822 922 856 sicut
950 833 1056 867 supra
1084 821 1247 855 habitum
1276 829 1329 855 est
1349 821 1433 865 (1—2.
1461 833 1490 866 q.
1512 821 1564 856 16.
1582 826 1645 855 art.
1667 822 1734 866 1.);

176 878 267 910 sicut
281 887 368 921 ergo
384 875 526 910 eubulia
542 876 745 921 adjungitur
759 875 980 921 prudentiae,
995 886 1085 920 quae
1101 875 1255 920 pertinet
1269 874 1313 908 ad
1327 874 1575 916 consiliumet
1587 875 1736 920 synesis,

177 939 211 964 et
229 941 376 973 gnome,
391 940 482 975 quae
504 929 682 974 pertinent
697 929 741 962 ad
761 929 956 974 judicium3
977 929 1026 962 ita
1048 929 1157 962 etiam
1172 928 1293 962 debuit
1307 929 1392 974 poni
1408 927 1540 974 aliquid
1556 927 1737 973 pertinens

177 984 221 1017 ad
243 994 359 1017 usum.

251 1047 278 1081 5.
302 1037 536 1070 ΡΗΑΕΤΕΒΕΑ.
561 1035 763 1069 Solicitudo
787 1035 830 1069 ad
853 1035 1080 1081 prudentiam
1102 1035 1265 1081 pertinet,
1285 1035 1377 1069 sicut
1398 1046 1505 1081 supra
1526 1035 1664 1069 dictum
1685 1042 1739 1070 est

177 1090 222 1136 (q.
242 1096 350 1136 praec.
373 1095 437 1124 art.
460 1091 531 1135 9.);
555 1100 641 1134 ergo
665 1089 775 1123 etiam
796 1089 888 1123 inter
910 1097 1031 1135 partes
1052 1088 1262 1134 prudentiae
1284 1088 1477 1122 solicitudo
1499 1088 1587 1134 poni
1605 1088 1736 1123 debuit.

247 1144 475 1177 RESPONDEO
491 1142 695 1184 dicendum,
711 1142 806 1188 quod
823 1143 943 1188 triplex
965 1150 1017 1176 est
1038 1153 1136 1187 pars:
1160 1141 1315 1175 scilicet:
1337 1142 1528 1187 integralis;
1552 1149 1590 1175 ut
1610 1143 1738 1186 paries,

176 1204 324 1238 tectum,
344 1204 378 1230 et
398 1195 675 1229 fundamentum
696 1204 779 1229 sunt
799 1203 917 1241 partes
933 1196 1062 1229 domus
1078 1207 1084 1228 :
1107 1196 1290 1240 subjectiva
1300 1207 1312 1235 ;
1335 1195 1427 1229 sicut
1440 1195 1517 1236 bos,
1533 1203 1568 1228 et
1584 1194 1642 1228 leo
1657 1202 1740 1229 sunt

176 1258 293 1296 partes
324 1249 506 1283 animalis:
538 1257 573 1283 et
594 1249 805 1295 potentialis,-
836 1249 928 1282 sicut
960 1248 1183 1290 nutritivum,
1211 1256 1245 1282 et
1271 1248 1482 1282 sensitivum
1511 1256 1596 1282 sunt
1620 1256 1738 1294 partes

178 1304 335 1337 animae:
357 1303 468 1336 tribus
490 1313 577 1347 ergo
599 1302 718 1336 modis
739 1310 889 1348 possunt
911 1302 1084 1347 assignari
1101 1310 1218 1346 partes
1239 1301 1346 1335 alicui
1363 1301 1506 1336 virtuti:
1528 1312 1602 1335 uno
1625 1301 1737 1336 modo

179 1357 222 1390 ad
252 1356 522 1390 similitudinem
549 1356 705 1401 partium
731 1355 982 1399 integralium,
1010 1363 1045 1388 ut
1073 1355 1210 1389 scilicet
1239 1354 1300 1388 illa
1329 1355 1492 1388 dicantur
1518 1365 1594 1388 esse
1621 1362 1738 1400 partes

177 1410 317 1443 virtutis
343 1409 506 1454 alicujus,
533 1419 624 1454 quae
650 1420 798 1443 necesse
829 1417 882 1442 est
911 1419 1126 1442 concurrere
1155 1409 1198 1441 ad
1225 1407 1424 1453 perfectum
1452 1416 1574 1441 actum
1599 1407 1738 1442 virtutis

177 1463 290 1496 illius:
319 1471 352 1496 et
378 1463 427 1496 sic
455 1473 496 1496 ex
524 1462 690 1496 omnibus
714 1462 932 1496 enumeratis
954 1469 1104 1506 possunt
1130 1461 1245 1506 accipi
1267 1469 1350 1494 octo
1374 1469 1491 1506 partes
1517 1460 1738 1506 prudentiae,

178 1516 315 1550 scilicet
335 1527 409 1557 sex,
432 1526 519 1561 quas
542 1523 730 1558 enumerat
751 1515 975 1557 Macrobius3
998 1514 1125 1560 quibus
1145 1514 1307 1547 addenda
1330 1522 1382 1548 est
1403 1514 1567 1559 septima,
1583 1513 1738 1548 scilicet:

178 1570 352 1611 memoria,
381 1580 490 1614 quam
517 1569 619 1614 ponit
642 1568 794 1610 Tullius,
823 1576 858 1602 et
883 1569 1058 1610 eustochia,
1080 1567 1154 1601 sive
1175 1567 1318 1608 solertia,
1347 1579 1456 1613 quam
1478 1567 1580 1613 ponit
1604 1567 1740 1601 Aristo-

177 1622 266 1657 teles
290 1622 366 1666 (loc.
385 1624 438 1656 cit.
454 1623 488 1655 in
502 1633 572 1667 arg.
594 1622 662 1666 r.):
685 1633 771 1655 nam
786 1633 911 1656 sensus
927 1621 1136 1667 prudentiae
1152 1621 1261 1654 etiam
1280 1621 1458 1655 intellectus
1480 1620 1626 1662 dicitur3
1645 1619 1740 1653 unde

179 1675 314 1710 Philos.
337 1675 422 1709 dicit
442 1675 477 1708 in
501 1674 532 1708 6.
555 1675 671 1709 Ethic.
694 1675 785 1721 (cap.
810 1675 907 1718 11.):
938 1675 1113 1708 «Horum
1141 1685 1227 1719 ergo
1255 1682 1399 1720 oportet
1423 1673 1556 1707 habere
1582 1684 1739 1714 sensum,

177 1729 236 1763 hic
260 1737 379 1763 autem
402 1736 454 1762 est
474 1728 678 1762 intellectus
693 1740 733 1761 »ε
762 1739 917 1774 quorum
946 1736 1031 1761 octo
1058 1729 1199 1773 quinqua
1226 1727 1405 1773 pertinent
1431 1727 1474 1760 ad
1501 1726 1740 1772 prudentiam,

178 1782 377 1816 secundum
399 1782 433 1815 id
457 1782 552 1827 quod
575 1790 627 1815 est
649 1781 915 1827 cognoscitiva3
937 1781 1092 1815 scilicet:
1116 1782 1289 1822 memoria,
1318 1782 1417 1822 ratio,
1443 1780 1630 1821 intellectus,
1657 1779 1743 1814 doci-

179 1836 267 1877 litas,
295 1843 329 1869 et
352 1836 506 1870 sola-tia.-
535 1837 601 1869 tria
627 1846 713 1868 vero
741 1835 811 1868 alia
841 1835 994 1880 pertinet
1020 1835 1063 1867 ad
1092 1845 1184 1875 eam,
1210 1834 1410 1867 secundum
1439 1833 1536 1879 quod
1563 1840 1615 1867 est
1640 1843 1741 1878 prae-

181 1889 332 1934 ceptiva,
354 1888 570 1934 applicando
593 1889 842 1933 cognitionem
865 1888 907 1921 ad
927 1899 1034 1933 opus:
1057 1887 1209 1921 scilicet:
1234 1887 1460 1933 providentia,
1484 1887 1739 1932 circumspectio,

182 1950 217 1976 et
238 1943 367 1976 cautio:
390 1952 544 1987 quorum
564 1941 778 1976 diversitatis
801 1941 891 1975 ratio
914 1949 1009 1987 patet
1028 1952 1069 1974 ex
1083 1941 1167 1981 hoc,
1186 1940 1283 1985 quod
1302 1940 1397 1973 circa
1416 1939 1665 1984 cognitionem
1676 1940 1742 1974 tria

181 2003 263 2029 sunt
285 1995 564 2029 consideranda:
583 1997 696 2041 primo
716 1995 862 2041 quidem
880 1994 956 2039 ipsa
975 1994 1147 2039 cognitio,
1163 2005 1254 2039 quae
1277 1993 1305 2026 si
1327 1993 1371 2026 sit
1388 1993 1675 2038 praeteritorum,
1689 1999 1742 2026 est

181 2050 365 2089 memoria·
390 2049 417 2082 si
440 2057 560 2082 autem
582 2048 837 2093 praesentium,
859 2048 933 2081 sive
953 2047 1252 2091 contingentium,
1275 2047 1350 2080 sive
1368 2046 1668 2087 necessariorum,
1681 2056 1742 2079 vo-

184 2110 284 2136 catur
305 2102 492 2143 intellectus,
516 2102 589 2135 sive
612 2102 843 2147 intelligentia:
865 2101 1001 2135 saczmdo
1024 2101 1100 2146 ipsa
1123 2100 1340 2145 cognitionis
1363 2099 1564 2145 acquisitio,
1586 2109 1677 2144 quae
1703 2098 1741 2132 fit

181 2156 233 2190 vel
254 2167 317 2200 per
338 2154 583 2200 disciplinam,
606 2163 639 2189 et
662 2156 704 2188 ad
726 2155 796 2188 hoc
819 2154 972 2200 pertinet
997 2154 1166 2188 docilitas:
1189 2153 1241 2187 vel
1261 2164 1323 2198 per
1349 2152 1619 2194 inventionem3
1641 2161 1676 2186 et
1697 2151 1740 2186 ad

183 2210 254 2243 hoc
278 2209 428 2254 pertinet
450 2209 624 2250 eustochia,
652 2219 743 2254 quae
767 2216 820 2242 est
842 2209 925 2242 bona
953 2208 1208 2252 conjecturatio:
1237 2206 1342 2251 hujus
1370 2214 1491 2240 autem
1518 2217 1610 2251 pars,
1631 2213 1670 2239 ut
1691 2205 1741 2239 di-

185 2263 275 2296 citur
300 2262 336 2295 in
359 2260 390 2296 6.
413 2261 529 2296 Ethic.
557 2262 645 2308 (cap.
669 2263 716 2306 9.)
745 2270 797 2296 est
822 2262 966 2303 solertia,
994 2271 1085 2306 quae
1114 2268 1166 2294 est
1191 2260 1287 2294 velox
1312 2260 1546 2304 conjectat-atio
1573 2258 1682 2301 medii,
1703 2266 1742 2292 ut

184 2316 312 2350 dicitur
333 2315 368 2348 in
395 2326 422 2349 1.
446 2315 585 2350 Poster.
608 2315 684 2358 (tax.
707 2315 804 2359 ult.):
832 2316 925 2349 tertio
949 2313 1230 2347 considerandus
1253 2321 1305 2346 est
1327 2323 1412 2346 usus
1440 2311 1670 2357 cognitionis,
1690 2322 1742 2345 se-

184 2369 342 2403 cundum
363 2368 501 2402 scilicet
522 2368 617 2414 quod
641 2380 683 2402 ex
705 2368 858 2413 cognitis
882 2367 1008 2412 aliquis
1036 2366 1199 2412 procedit
1227 2366 1269 2399 ad
1298 2365 1367 2399 alia
1395 2364 1662 2410 cognoscenda,
1683 2363 1742 2399 vel

183 2422 392 2468 judicanda:
415 2429 450 2455 et
470 2422 540 2455 hoc
563 2422 716 2466 pertinet
738 2421 779 2454 ad
802 2422 987 2455 rationem:
1011 2420 1101 2453 ratio
1122 2427 1243 2453 autem
1259 2419 1302 2452 ad
1321 2419 1391 2452 hoc
1411 2419 1507 2464 quod
1527 2425 1624 2452 recte
1644 2428 1742 2464 prae-

187 2476 306 2521 cipiat,
328 2476 396 2510 tria
417 2475 522 2509 debet
542 2474 690 2508 habere:
709 2475 822 2520 primo
845 2473 1002 2519 quidem,
1018 2480 1055 2506 ut
1073 2473 1213 2506 ordinet
1232 2471 1377 2518 aliquod
1396 2470 1679 2506 accommodum
1697 2470 1741 2505 ad

184 2529 316 2563 finem:
340 2536 374 2562 et
394 2528 466 2562 hoc
488 2528 641 2573 pertinet
667 2527 710 2560 ad
732 2527 1001 2573 providentium:
1028 2526 1177 2568 secundo,
1205 2533 1242 2559 ut
1270 2525 1429 2559 attendat
1455 2524 1741 2559 circumstantias

184 2582 339 2627 negotii:
362 2582 458 2628 quod
480 2582 633 2628 pertinet
651 2581 693 2614 ad
713 2581 1031 2626 circumspectimzem
1044 2592 1053 2614 .·
1073 2581 1180 2621 tertio,
1198 2587 1234 2613 ut
1248 2579 1335 2613 vitet
1351 2578 1628 2624 impedimenta:
1645 2576 1741 2623 quod

185 2636 337 2682 pertinet
359 2636 401 2669 ad
424 2637 619 2670 cautionem.

256 2689 378 2722 Partes
401 2697 533 2729 autem,
554 2687 772 2733 subjectivae
793 2687 931 2720 virtutis
954 2686 1118 2720 dicuntur
1145 2687 1281 2731 species
1305 2686 1379 2729 ejus
1402 2684 1581 2718 diversae:
1609 2691 1644 2718 et
1669 2683 1740 2718 hoc

186 2742 298 2775 modo
320 2750 436 2788 partes
459 2742 679 2787 prudentiae,
697 2739 897 2774 secundum
912 2739 1007 2784 quod
1031 2739 1172 2784 proprie
1187 2738 1350 2779 sumitur,
1364 2746 1447 2772 sunt
1467 2737 1665 2783 prudentia,
1678 2747 1740 2782 per

187 2806 295 2840 quam
325 2794 451 2840 aliquis
474 2795 564 2839 regit
585 2796 761 2840 seipsum;
792 2800 825 2826 et
850 2792 1047 2838 prudentia,
1069 2803 1131 2836 per
1152 2803 1259 2837 quam
1288 2791 1414 2836 aliquis
1436 2790 1527 2835 regit
1548 2789 1740 2824 multitudi-

187 2859 290 2884 nem:
319 2859 410 2895 quae
440 2847 607 2882 differunt
639 2847 769 2894 specie,
797 2854 835 2880 ut
864 2846 998 2880 dictum
1022 2853 1073 2879 cst
1096 2845 1140 2890 (q.
1163 2856 1216 2890 47.
1239 2850 1303 2879 ιιιί.
1325 2845 1411 2889 11.),·
1443 2852 1477 2878 et
1503 2843 1632 2877 iterum
1661 2853 1739 2889 pru·
