1859 3122
514 395 735 442 INDEX
776 395 1292 456 QUAESTIONUM

268 575 409 615 QUAE
437 575 486 609 IN
515 575 622 610 HOC
653 574 844 611 TERTIO
873 576 1140 612 VOLUMINE
1169 577 1542 612 CONTINENTUR

118 1059 139 1085 Ι.
160 1061 201 1086 De
216 1061 268 1086 fide
731 1060 797 1095 Pag.
835 1069 867 1094 25

117 1096 153 1122 II.
170 1097 210 1122 De
226 1103 287 1122 actu
305 1096 368 1121 fidei
400 1115 795 1123 ............
834 1105 869 1129 4ο

116 1131 168 1158 111.
184 1132 225 1157 De
240 1133 367 1157 exteriori
381 1137 443 1156 actu
457 1130 520 1156 fidei
540 1151 795 1157 ........
836 1139 865 1164 ς3

117 1167 164 1193 IV.
180 1168 220 1193 De
236 1168 293 1202 ipsa
307 1167 369 1192 fidei
383 1168 484 1192 virtute
507 1185 795 1192 .........
836 1173 864 1198 55

115 1202 148 1228 V.
165 1203 205 1228 De
220 1203 384 1228 habentibus
399 1202 479 1227 fidem
505 1219 794 1227 .........
833 1201 865 1235 67

114 1238 163 1266 VI.
178 1239 219 1264 De
234 1247 315 1263 causa
329 1238 391 1262 fidei
395 1254 791 1264 ............
830 1243 863 1270 73

113 1273 177 1300 VII.
193 1274 234 1299 De
248 1273 391 1298 effectibus
405 1271 467 1297 fidei
501 1291 792 1298 .........
831 1279 862 1305 7ς

114 1309 192 1334 VIII.
207 1309 249 1334 De
262 1308 336 1333 dono
352 1306 510 1332 intellectus
536 1325 793 1333 ........
831 1308 864 1340 78

113 1343 164 1370 IX.
178 1344 220 1369 De
235 1344 308 1368 dono
324 1343 456 1368 scientiae
467 1362 648 1369 ......
714 1363 718 1367 .
750 1364 754 1368 .
785 1361 790 1366 .
831 1343 863 1376 87

112 1379 148 1405 X.
163 1380 204 1405 De
219 1379 380 1404 infidelitate
395 1378 423 1403 in
437 1377 577 1403 communi
607 1397 790 1403 ......
830 1385 863 1410 92

113 1414 163 1440 XI.
180 1415 220 1440 De
235 1415 341 1439 haeresi
363 1431 791 1440 .............
815 1420 863 1446 107

112 1449 179 1476 XII.
193 1450 234 1475 De
248 1450 386 1484 apostasia
395 1467 791 1476 ............
816 1456 861 1481 113

112 1484 193 1511 XIII.
208 1485 249 1510 De
263 1491 377 1519 peccato
393 1482 577 1518 blasphemiae
591 1482 619 1507 in
634 1482 754 1517 generali
784 1502 791 1508 .
814 1484 862 1509 116

111 1519 188 1546 XIV.
204 1521 244 1545 De
259 1519 428 1554 blasphemia
440 1519 468 1543 in
483 1517 612 1552 Spiritum
625 1518 754 1543 Sanctum
784 1538 790 1544 .
815 1527 859 1544 121

111 1554 173 1581 XV.
188 1555 229 1581 De
243 1556 317 1581 vitiis
331 1555 466 1589 oppositis
480 1554 624 1586 scientiae,
638 1560 665 1578 et
679 1553 789 1579 intelle-

182 1592 238 1616 ctui
255 1610 790 1620 ................
815 1590 862 1615 128

111 1625 187 1652 XVI.
203 1627 244 1651 De
258 1626 410 1661 praeceptis
424 1625 498 1656 fidei,
513 1625 656 1656 scientiae,
672 1631 698 1650 et
712 1624 792 1650 intel-

181 1662 269 1687 lectus
290 1681 789 1689 ...............
813 1669 858 1695 131

111 1697 202 1723 XVII.
217 1698 258 1722 De
272 1705 319 1731 spe
334 1696 484 1722 secundum
497 1704 526 1721 se
531 1715 790 1724 ........
813 1705 859 1730 135

110 1732 216 1758 XVIII.
233 1733 274 1758 De
288 1733 412 1766 subjecto
427 1732 485 1766 spei
500 1752 788 1759 .........
814 1740 859 1765 143

110 1768 189 1794 XIX.
205 1768 246 1793 De
260 1768 334 1793 dono
354 1768 462 1793 timoris
464 1787 788 1795 ..........
813 1775 860 1801 147

109 1803 173 1829 XX.
190 1804 231 1829 De
246 1804 436 1837 desperatione
464 1823 787 1830 ..........
810 1804 858 1828 162

110 1838 188 1864 XXI.
204 1839 245 1864 De
259 1839 482 1873 praesumptione
497 1858 789 1866 .........
811 1839 859 1872 167

109 1873 203 1900 XXII.
219 1874 259 1899 De
274 1874 426 1908 praeceptis
440 1873 641 1908 pertinentibus
655 1873 688 1898 ad
702 1881 788 1908 spem,

179 1916 205 1934 et
219 1910 346 1934 timorem
355 1929 787 1936 .............
811 1917 857 1943 171

108 1944 218 1970 XXIII.
233 1945 274 1969 De
289 1945 419 1969 charitate
433 1944 583 1969 secundum
597 1952 643 1970 se.
673 1965 678 1970 .
709 1966 715 1971 .
743 1966 749 1970 .
781 1966 786 1972 .
811 1953 860 1978 174

108 1979 213 2005 XXIV.
229 1980 270 2005 De
285 1980 425 2005 charitatis
439 1980 563 2013 subjecto
603 2000 785 2006 ......
811 1982 859 2013 184

108 2015 199 2041 XXV.
214 2016 255 2040 De
270 2016 380 2049 objecto
397 2015 535 2040 charitatis
541 2036 787 2043 ........
809 2023 855 2041 201

109 2050 213 2076 XXVI.
229 2051 270 2075 De
285 2051 380 2076 ordine
395 2051 535 2076 charitatis
566 2071 785 2079 .......
807 2059 858 2084 214

108 2085 228 2111 XXVII.
241 2086 282 2110 De
293 2086 436 2120 principali
447 2092 509 2111 actu
524 2086 674 2117 charitatis,
690 2086 735 2120 qui
746 2093 787 2112 est

179 2121 291 2146 dilectio
319 2142 785 2149 ..............
807 2129 859 2155 230

107 2155 243 2182 XXVIII.
259 2157 299 2181 De
314 2157 415 2191 gaudio
426 2178 432 2183 .
462 2178 468 2184 .
498 2178 503 2184 .
532 2178 538 2185 .
566 2178 572 2183 .
602 2178 608 2184 .
637 2178 642 2182 .
673 2178 678 2182 .
709 2177 714 2183 .
743 2178 749 2184 .
779 2179 785 2184 .
807 2166 857 2192 239

107 2191 214 2217 XXIX.
230 2192 271 2217 De
289 2200 354 2226 pace
358 2211 785 2220 .............
807 2201 858 2225 244

106 2227 199 2253 XXX.
215 2227 256 2252 De
270 2228 466 2254 misericordia.
495 2249 502 2256 .
531 2249 535 2253 .
565 2249 569 2253 .
601 2249 605 2254 .
636 2249 640 2253 .
671 2249 675 2253 .
707 2249 711 2253 .
744 2250 749 2255 .
776 2248 782 2254 .
805 2229 856 2261 248

106 2262 213 2288 XXXI.
230 2263 270 2288 De
285 2263 466 2288 beneficentia
492 2284 783 2290 .........
805 2272 856 2296 254

106 2297 229 2323 XXXII.
244 2299 286 2323 De
300 2298 478 2332 eleemosyna
497 2318 783 2327 .........
805 2300 855 2332 258

106 2333 243 2359 XXXIII.
258 2334 299 2359 De
314 2335 486 2359 correctione
498 2333 616 2359 fraterna
635 2354 784 2362 .....
805 2343 853 2368 273

106 2368 240 2394 XXXIV.
256 2369 297 2394 De
312 2369 377 2394 odio
390 2390 783 2397 ............
804 2372 853 2403 285

105 2403 224 2430 XXXV.
240 2404 281 2429 De
295 2405 400 2430 accidia
426 2425 780 2432 ...........
804 2414 852 2440 291

105 2439 240 2467 XXXVI.
255 2440 296 2464 De
310 2440 412 2465 invidia
426 2461 781 2468 ...........
804 2451 854 2477 297

59 2496 61 2499 .
104 2474 254 2501 XXXVII.
269 2475 310 2500 De
323 2475 470 2507 discordia,
486 2483 554 2510 quae
565 2477 713 2510 opponitur
725 2478 784 2511 paci
805 2486 852 2512 303

104 2509 269 2537 XXXVIII.
284 2510 325 2535 De
339 2512 518 2536 contentione
526 2531 782 2538 ........
805 2521 851 2547 305

104 2544 242 2571 XXXIX.
253 2546 294 2571 De
307 2546 455 2572 schismate
457 2566 780 2575 ..........
804 2549 853 2582 308

104 2580 162 2606 XL.
178 2581 219 2605 De
231 2580 304 2606 bello
316 2602 781 2610 ..............
804 2592 851 2618 313

103 2615 178 2642 XLI.
192 2616 234 2641 De
246 2617 303 2642 rixa
316 2637 779 2645 ..............
804 2628 852 2653 319

103 2650 192 2679 XLII.
208 2652 249 2676 De
262 2652 409 2684 seditione,
425 2660 493 2687 quae
508 2653 657 2687 opponitur
669 2654 742 2688 paci.
773 2674 778 2679 .
804 2663 849 2688 321

103 2686 208 2712 XLIII.
223 2687 264 2712 De
279 2687 408 2713 scandalo
420 2708 779 2717 ...........
803 2699 852 2723 3²4

103 2721 202 2748 XLIV.
218 2722 259 2747 De
272 2723 424 2757 praeceptis
438 2722 577 2748 charitatis
596 2744 779 2751 ......
802 2733 849 2759 335

103 2756 188 2782 XLV.
204 2757 246 2782 De
259 2758 333 2783 dono
347 2759 497 2793 sapientiae
525 2779 776 2788 ........
802 2769 852 2794 344

103 2790 202 2817 XLVI.
217 2792 258 2817 De
272 2793 400 2826 stultitia,
411 2802 478 2828 quae
489 2794 637 2829 sapientiae
651 2796 779 2830 opposita

174 2833 216 2852 est
244 2848 779 2857 ................
803 2839 847 2864 351

103 2860 273 2888 XLVII.De
287 2864 429 2896 prudentia
444 2864 594 2890 secundum
608 2874 636 2890 se
666 2887 671 2891 .
701 2886 707 2892 .
737 2887 742 2892 .
774 2886 778 2890 .
803 2875 851 2899 354

925 1062 1055 1088 XLVIII.
1071 1062 1112 1087 De
1126 1061 1247 1096 partibus
1262 1061 1421 1096 prudentiae
1455 1082 1462 1088 .
1491 1081 1498 1088 .
1539 1061 1605 1096 Pag.
1628 1069 1674 1096 371

925 1098 1027 1124 XLIX.
1043 1098 1083 1123 De
1094 1098 1212 1131 singulis
1223 1097 1382 1132 prudentiae
1398 1097 1520 1131 partibus
1531 1098 1607 1132 quasi

995 1133 1175 1167 integralibus
1207 1152 1602 1160 ............
1627 1141 1678 1167 374

922 1167 953 1193 L.
968 1168 1009 1193 De
1025 1168 1146 1202 partibus
1160 1167 1317 1201 subjectivis
1331 1168 1490 1202 prudentiae
1525 1188 1532 1194 .
1560 1188 1567 1194 .
1598 1187 1604 1192 .
1627 1170 1676 1202 382

922 1202 967 1228 LI.
984 1203 1024 1228 De
1038 1203 1185 1229 virtutibus
1200 1203 1336 1236 adjunctis
1350 1203 1510 1237 prudentiae
1524 1224 1530 1229 .
1560 1224 1565 1229 .
1597 1223 1602 1228 .
1626 1205 1677 1237 386

922 1237 982 1264 LII.
998 1239 1038 1264 De
1053 1239 1127 1264 dono
1143 1238 1253 1263 consilii
1277 1258 1603 1265 ..........
1627 1248 1672 1273 391

920 1273 997 1302 LIII.
1013 1275 1053 1299 De
1064 1274 1139 1300 vitiis
1150 1274 1309 1308 prudentiae
1321 1274 1467 1309 oppositis.
1480 1281 1506 1299 et
1517 1274 1604 1308 primo

992 1310 1024 1335 de
1039 1309 1222 1344 imprudentia
1241 1329 1602 1338 ...........
1625 1311 1675 1344 396

921 1344 990 1372 LIV.
1007 1345 1048 1370 De
1063 1344 1234 1379 negligentia
1243 1364 1602 1373 ...........
1623 1354 1673 1379 403

920 1380 977 1406 LV.
992 1381 1032 1405 De
1046 1381 1120 1405 vitiis
1135 1380 1270 1414 oppositis
1281 1379 1440 1414 prudentiae
1452 1379 1602 1405 secundum

992 1415 1211 1447 similitudinem,
1235 1421 1261 1440 et
1286 1415 1373 1450 primo
1401 1416 1433 1441 de
1460 1416 1603 1450 prudentia

992 1452 1079 1477 carnis
1099 1471 1600 1479 ...............
1621 1452 1675 1485 406

919 1486 991 1514 LVI.
1006 1487 1047 1512 De
1060 1486 1212 1522 praeceptis
1227 1486 1428 1521 pertinentibus
1441 1487 1474 1511 ad
1488 1487 1603 1521 pruden-

989 1529 1055 1548 tiam
1064 1542 1599 1550 ................
1620 1531 1672 1555 414

919 1557 1005 1584 LVII.
1021 1558 1062 1583 De
1074 1558 1132 1592 jure
1166 1577 1599 1585 .............
1621 1567 1671 1592 417

918 1593 1019 1619 LVIII.
1035 1593 1077 1618 De
1088 1593 1194 1627 justitia
1203 1613 1601 1621 ............
1620 1601 1671 1626 422

918 1628 992 1654 LIX.
1007 1629 1048 1654 De
1063 1629 1197 1662 injustitia
1201 1648 1597 1655 ............
1620 1630 1673 1661 436

918 1664 977 1690 LX.
992 1665 1033 1689 De
1046 1664 1150 1698 judicio
1165 1684 1598 1691 .............
1619 1673 1668 1697 441

917 1699 991 1725 LXI.
1008 1700 1048 1725 De
1063 1699 1183 1734 partibus
1197 1699 1320 1733 justitiae
1346 1719 1599 1727 ........
1619 1708 1672 1733 449

917 1734 1006 1760 LXII.
1022 1735 1063 1760 De
1077 1735 1252 1760 restitutione
1274 1754 1599 1762 ..........
1619 1743 1668 1768 455

917 1770 1020 1796 LXIII.
1036 1771 1076 1795 De
1091 1771 1252 1805 acceptione
1266 1779 1445 1805 personarum
1448 1790 1597 1798 .....
1618 1771 1668 1802 463

916 1805 1016 1831 LXIV.
1031 1806 1072 1830 De
1086 1807 1160 1832 vitiis
1175 1807 1310 1840 oppositis
1324 1806 1537 1832 commutativae
1556 1806 1599 1839 ju-

988 1842 1090 1873 stitiae,
1105 1848 1132 1866 et
1165 1842 1233 1866 rimo
1249 1841 1281 1866 de
1295 1841 1448 1867 homicidio
1484 1862 1490 1868 .
1519 1862 1526 1868 .
1555 1861 1562 1868 .
1593 1860 1599 1866 .
1618 1849 1671 1874 470

916 1875 1001 1904 LXV.
1017 1877 1057 1901 De
1072 1851 1246 1902 mutiiatione
1261 1877 1445 1902 membrorum
1448 1897 1594 1904 .....
1616 1878 1665 1909 481

915 1912 1016 1940 LXVI.
1031 1912 1072 1937 De
1086 1913 1205 1947 peccatis
1224 1913 1346 1946 justitiae
1368 1913 1514 1947 oppositis,
1530 1921 1597 1946 quae

986 1947 1054 1972 fiunt
1068 1949 1096 1973 in
1109 1948 1200 1979 rebus,
1217 1954 1243 1973 et
1256 1949 1344 1982 primo
1359 1948 1391 1973 de
1406 1947 1491 1980 furto,
1505 1953 1533 1973 et
1554 1957 1597 1973 ra-

1004 1984 1049 2008 ina
1058 2003 1594 2012 ................
1615 1983 1668 2015 486

915 1993 1030 2045 LXVlII.
1045 2018 1085 2043 De
1096 2019 1170 2044 vitiis
1181 2019 1317 2053 oppositis
1328 2019 1541 2044 commutativae
1553 2019 1596 2052 ju-

985 2054 1087 2085 stitiae,
1103 2061 1129 2079 et
1143 2055 1230 2088 primo
1245 2054 1277 2079 de
1292 2055 1427 2088 injustitia
1439 2055 1538 2089 judicis
1552 2075 1558 2080 .
1589 2073 1595 2078 .
1615 2053 1668 2087 496

913 2088 1043 2116 LXVIII.
1059 2090 1099 2114 De
1113 2090 1313 2124 pertinentibus
1328 2091 1360 2115 ad
1374 2091 1502 2124 injustam
1513 2098 1595 2115 accu-

985 2125 1121 2150 sationem
1124 2145 1593 2152 ..............
1617 2131 1663 2157 501

913 2160 1017 2188 LXIX.
1033 2160 1073 2185 De
1087 2161 1218 2195 peccatis,
1233 2169 1300 2195 quae
1315 2168 1380 2186 sunt
1399 2167 1495 2187 contra
1513 2161 1595 2195 justi-

983 2197 1049 2221 tiam
1064 2204 1096 2221 ex
1109 2202 1184 2230 parte
1197 2197 1237 2221 rei
1266 2215 1592 2225 ..........
1616 2195 1666 2228 506

913 2231 1000 2258 LXX.
1015 2231 1056 2256 De
1070 2232 1205 2266 injustitia
1218 2232 1372 2266 pertinente
1392 2232 1425 2258 ad
1447 2239 1593 2266 personam

983 2267 1063 2292 testis
1091 2287 1591 2296 ...............
1615 2273 1643 2299 51
1653 2274 1662 2290 1

911 2302 1016 2329 LXXI.
1030 2302 1070 2327 De
1085 2302 1229 2337 injustitia,
1251 2311 1320 2337 quae
1341 2302 1371 2328 fit
1391 2304 1419 2329 in
1437 2303 1542 2338 judicio
1562 2310 1594 2327 ex

982 2344 1056 2372 parte
1071 2338 1266 2364 advocatorum
1302 2357 1592 2367 .........
1614 2336 1664 2369 5¹⁶

911 2373 1028 2400 LXXII.
1043 2373 1084 2398 De
1095 2373 1201 2407 injuriis
1213 2373 1370 2405 verborum,
1388 2383 1456 2408 quae
1473 2373 1594 2399 inferun-

982 2415 1026 2434 tur
1038 2414 1112 2434 extra
1123 2409 1273 2443 judicium:
1295 2415 1322 2434 et
1341 2409 1430 2444 primo
1445 2409 1477 2434 de
1493 2415 1592 2435 contu-

981 2443 1063 2469 melia
1091 2462 1589 2472 ...............
1613 2451 1659 2476 ς21

910 2479 1045 2506 LXXIII.
1061 2479 1102 2504 De
1116 2479 1287 2505 detractione
1298 2499 1589 2508 .........
1612 2480 1662 2512 526

910 2515 1038 2542 LXXIV.
1053 2514 1095 2540 De
1109 2516 1295 2541 susurratione
1299 2535 1588 2543 .........
1612 2522 1660 2547 532

910 2550 1024 2577 LXXV.
1039 2550 1080 2575 De
1094 2550 1231 2576 derisione
1261 2569 1587 2577 ..........
1612 2557 1662 2582 534

909 2585 1039 2613 LXXVI.
1054 2585 1095 2610 De
1109 2585 1305 2611 maledictione
1333 2605 1587 2614 ........
1611 2593 1660 2618 537

908 2620 1053 2648 LXXVII.
1068 2621 1108 2646 De
1122 2620 1315 2653 fraudulentia,
1327 2630 1395 2656 quae
1407 2622 1590 2647 committitur

980 2657 1007 2681 in
1022 2657 1219 2691 emptionibu5‚
1231 2663 1258 2682 et
1272 2657 1480 2682 venditionibus
1507 2678 1514 2684 .
1544 2679 1549 2683 .
1580 2677 1586 2683 .
1609 2662 1655 2688 541

907 2690 1067 2719 LXXVIII.
1079 2691 1120 2717 De
1130 2698 1245 2726 peccato
1256 2701 1364 2725 usurae,
1376 2693 1450 2727 quod
1462 2693 1588 2719 commit-

978 2728 1045 2752 titur
1057 2728 1086 2752 in
1099 2728 1202 2752 mutuis
1224 2748 1585 2756 ...........
1608 2727 1657 2759 548

908 2761 1038 2790 LXXIX.
1060 2762 1101 2787 De
1122 2763 1243 2797 partibus
1256 2763 1436 2797 integralibus
1454 2764 1586 2798 justitiae,

977 2806 1045 2857 quale
1059 2804 1123 2823 sunt
1135 2797 1225 2824 facere
1239 2798 1353 2830 bonum,
1373 2805 1401 2824 et
1421 2798 1558 2824 declinare
1572 2807 1587 2824 a

978 2841 1020 2858 ma
1035 2842 1051 2858 o
1084 2854 1586 2862 ...............

907 2866 1023 2895 LXXX.
1039 2868 1079 2892 De
1094 2869 1214 2902 partibus
1228 2869 1424 2903 potentialibus
1436 2870 1558 2903 justitiae
1579 2889 1584 2894 .
1609 2834 1659 2902 Ξὲῗ
