1859 3122
476 193 696 229 QUAESTIO
732 193 847 223 XLIX.
882 193 1127 224 ARTICULUS
1161 194 1187 224 1.
1523 198 1604 240 375

120 275 180 310 AD
211 285 359 310 PRiMUM
382 286 468 321 crgo
490 275 694 317 dicendum,
726 276 834 321 quod,
860 275 952 310 sicut
973 276 1109 310 dictum
1132 284 1184 311 est
1205 277 1253 323 (q.
1280 288 1335 324 47.
1366 282 1429 312 art.
1450 277 1508 324 3.),
1532 290 1611 323 pru-

49 329 168 363 dentia
190 328 346 375 applicat
360 329 600 364 universalem
624 330 871 374 cognitionem
895 330 937 363 ad
961 330 1200 375 particularia,
1223 342 1377 376 quorum
1393 339 1444 366 est
1463 343 1608 367 sensus:

51 383 142 417 unde
166 382 290 424 multa,
309 394 399 428 quae
423 383 599 428 pertinent
621 383 663 417 ad
679 391 817 429 partem
832 383 1053 425 sensitivam,
1069 384 1295 430 requiruntur
1310 384 1352 419 ad
1368 385 1610 431 prudentiam,

48 437 139 471 inter
160 447 251 482 quae
273 444 325 470 est
346 437 535 470 memoria.

118 489 177 524 An
200 499 406 524 SECUNDUM
421 490 625 531 dicendum,
648 491 742 535 quod
766 490 858 524 sicut
877 491 1064 536 prudentia
1080 491 1316 536 aptitudinem
1332 492 1478 537 quidem
1498 492 1610 527 habet

48 556 90 578 ex
111 551 248 584 natura,
277 543 337 577 sed
368 544 442 588 ejus
473 543 783 589 complementum
814 555 855 577 ex
886 544 1069 586 exercitio,
1099 544 1157 578 vel
1187 545 1322 589 gratia:
1345 545 1393 579 ita
1421 547 1542 589 etiam,
1570 555 1607 581 ut

49 596 192 630 Tullius
214 596 300 630 dicit
321 596 356 630 in
379 608 441 630 sua
464 596 568 630 Rhet.
593 597 667 641 (lilr.
693 609 718 642 3.
746 597 788 630 ad
810 598 962 642 Herem),
992 597 1170 631 memoria
1197 609 1271 632 non
1293 598 1413 632 solum
1436 611 1456 634 a
1478 608 1605 634 natura

48 649 239 696 perficitur,
255 651 316 684 sed
339 650 447 684 etiam
462 650 571 684 habet
591 650 787 696 plurimum
811 650 904 692 artis,
925 659 960 684 et
981 651 1194 684 industriae:
1215 659 1251 685 et
1269 660 1351 686 sunt
1371 658 1524 698 quatuor,
1544 665 1607 700 per

50 715 141 750 quae
161 704 275 737 homo
291 703 432 749 proficit
447 705 481 737 in
496 703 586 738 bene
601 704 858 737 memorando:
882 715 1037 750 quorum
1053 705 1207 750 primum
1230 712 1293 746 est,
1317 713 1353 739 ut
1372 717 1499 740 eorum
1515 719 1606 752 quae

47 757 124 791 vult
144 757 352 799 memorari,
375 758 549 803 quasdam
571 756 820 791 similitudines
843 766 1002 791 assumat
1018 757 1287 800 convenientes,
1306 770 1372 792 nec
1388 767 1509 794 tamen
1532 771 1607 795 om-

48 811 134 844 nino
158 820 366 845 consuetas:
390 811 473 856 quia
495 822 548 852 ea,
570 822 660 857 quae
680 819 762 845 sunt
780 811 1003 853 inconsueta,
1026 811 1141 857 magis
1164 811 1349 854 miramur,
1373 821 1407 846 et
1428 813 1477 847 sic
1500 814 1537 848 in
1556 814 1606 848 eis

48 864 189 898 animus
212 864 341 909 magis,
363 872 398 899 et
425 864 676 898 vehementius
708 864 902 899 detinetur:
932 876 975 898 ex
1005 876 1076 911 quo
1107 864 1156 906 fit,
1179 866 1275 911 quod
1303 877 1433 899 eorum
1457 878 1548 912 quae
1570 868 1607 901 in

49 917 200 963 pueritia
221 918 388 959 vidimus,
411 917 527 963 magis
550 929 811 951 memoremur:
835 918 916 952 ideo
945 927 1066 952 autem
1092 919 1295 953 necessaria
1323 928 1376 954 est
1397 920 1609 966 hujusmodi

46 971 335 1013 similitudinum,
356 971 414 1005 vel
434 971 637 1017 imaginum
656 971 873 1014 adinventio,
893 972 976 1018 quia
994 972 1212 1006 intentiones
1234 972 1428 1019 simplices,
1452 982 1487 1008 et
1508 975 1605 1020 spiri-

46 1025 160 1060 tuales
183 1025 322 1060 facilius
350 1037 391 1060 ex
413 1025 535 1059 animo
555 1025 754 1067 elabuntur,
776 1026 843 1060 nisi
863 1026 1077 1072 quibusdam
1097 1025 1390 1061 similitudinibus
1413 1028 1609 1073 corporali-

49 1080 113 1114 bus
135 1081 237 1126 quasi
264 1079 473 1125 alligentur:
504 1080 587 1125 quia
616 1080 776 1113 humana
805 1080 967 1126 cognitio
993 1080 1177 1126 potentior
1203 1088 1256 1114 est
1283 1081 1377 1114 circa
1405 1081 1607 1125 sensibilia;

49 1134 142 1167 unde
165 1141 199 1167 et
220 1134 458 1167 memorativa
480 1133 625 1179 ponitur
642 1133 679 1166 in
697 1141 796 1179 parte
818 1134 1007 1176 sensitiva3
1028 1134 1163 1169 secundo
1187 1142 1340 1180 oportet,
1363 1143 1401 1170 ut
1417 1135 1532 1170 homo
1552 1147 1607 1178 ea,

47 1198 138 1232 quae
161 1187 372 1221 memoriter
392 1186 469 1221 vult
489 1194 622 1229 tenere,
641 1198 705 1221 sua
727 1187 1017 1222 consideratione
1037 1188 1199 1222 ordinate
1219 1188 1396 1234 disponat,
1416 1197 1454 1223 ut
1472 1200 1513 1223 ex
1532 1201 1604 1224 uno

50 1248 255 1274 memorato
284 1239 389 1274 facile
420 1241 463 1274 ad
495 1240 589 1274 aliud
617 1241 851 1286 procedatur3
880 1241 973 1275 unde
1001 1241 1138 1276 Philos.
1166 1242 1251 1276 dicit
1275 1242 1312 1276 in
1338 1242 1397 1276 lib.
1426 1244 1468 1277 de
1494 1243 1604 1277 Mem.

49 1293 136 1340 (cap.
159 1293 232 1338 2.):
258 1293 323 1327 «A
345 1292 436 1327 locis
457 1293 624 1328 videntur
645 1294 828 1328 reminisci
849 1294 1062 1340 aliquando:
1087 1306 1194 1329 causa
1218 1303 1338 1330 autem
1361 1304 1423 1338 est,
1446 1296 1529 1342 quia
1550 1308 1606 1331 ve-

45 1346 174 1381 lociter
197 1346 238 1380 ab
264 1346 333 1381 alio
356 1347 393 1380 in
416 1346 510 1381 aliud
533 1347 682 1381 veniunt
700 1359 740 1381 »z
764 1350 857 1382 turtio
886 1356 1040 1394 oportet,
1062 1357 1100 1382 ut
1120 1349 1235 1383 homo
1258 1349 1527 1384 solicitudinem
1551 1361 1607 1396 ap-

47 1408 169 1446 ponat,
192 1408 226 1434 et
248 1399 417 1434 affectum
441 1400 609 1435 adhibeat
632 1401 674 1435 ad
698 1412 751 1443 ea,
772 1412 864 1447 quae
880 1401 956 1436 vult
969 1402 1185 1436 memorari:
1209 1403 1291 1448 quia
1314 1411 1449 1449 quanto
1473 1403 1606 1449 aliquid

47 1454 161 1499 magis
182 1453 287 1488 fuerit
307 1454 523 1500 impressum
547 1454 682 1497 animo,
704 1463 805 1489 tanto
830 1455 948 1489 minus
972 1455 1141 1490 elabitur:
1170 1457 1264 1490 unde
1291 1464 1326 1490 et
1353 1456 1495 1491 Tullius
1520 1458 1605 1491 dicit

45 1507 80 1540 in
102 1518 165 1541 sua
187 1506 336 1541 Rhetor.
359 1508 434 1552 (lib.
454 1520 481 1553 3.
509 1507 551 1541 ad
572 1508 710 1552 Heron.)
735 1509 831 1554 quod
858 1522 874 1540 c<
893 1508 1084 1543 solicitudo
1109 1518 1299 1544 conservat
1319 1509 1476 1556 integras
1497 1511 1604 1544 simu-

46 1560 230 1594 lacrorum
252 1560 384 1606 figuras
403 1572 442 1594 »z
466 1566 583 1606 quarto
603 1569 756 1607 oportet,
779 1562 874 1607 quod
898 1574 939 1596 ea
961 1562 1163 1608 frequenter
1184 1563 1412 1605 meditemur,
1435 1575 1526 1609 quae
1544 1575 1604 1598 vo-

48 1613 167 1647 lumus
190 1614 407 1655 memorari3
430 1615 523 1648 unde
545 1614 681 1648 Philos.
705 1615 789 1648 dicit
810 1615 847 1648 in
872 1614 919 1649 lib
943 1616 985 1649 de
1007 1616 1116 1650 Mem.
1141 1616 1218 1659 (loc.
1238 1623 1308 1662 sup.
1330 1618 1398 1662 cit.)
1424 1618 1519 1663 quod
1542 1630 1603 1652 mc-

43 1667 214 1701 ‹litationcs
239 1669 436 1701 memoriam
457 1668 611 1702 salvant:
640 1668 734 1713 quia,
756 1676 795 1702 ut
814 1668 851 1701 in
873 1669 1003 1702 eodem
1025 1668 1084 1702 lib.
1107 1669 1219 1714 (ibid.)
1244 1670 1382 1712 dicitur,
1410 1672 1600 1706 consuetudo

43 1725 88 1755 cst
107 1721 200 1766 quasi
220 1725 364 1761 mztura;
400 1720 493 1754 unde
516 1732 607 1766 quae
627 1721 811 1755 multoties
830 1721 1077 1768 intelligimus,
1100 1724 1171 1757 cito
1193 1724 1469 1766 reminiscimur,
1500 1725 1601 1771 quasi

45 1773 199 1808 naturali
221 1774 380 1819 quodam
404 1774 528 1807 ordine
552 1775 593 1808 ab
616 1786 688 1808 uno
712 1775 755 1808 ad
779 1775 874 1809 aliud
901 1776 1148 1821 procedentes.

114 1827 174 1861 AD
197 1837 367 1862 TERTIUM
390 1827 594 1870 dicendum,
618 1829 714 1873 quod
745 1840 787 1862 ex
809 1828 1006 1874 praeteritis
1030 1837 1172 1875 oportet
1197 1841 1263 1864 nos
1291 1831 1393 1876 quasi
1414 1843 1602 1877 argumen-

42 1889 119 1915 tum
141 1892 283 1915 sumere
305 1882 348 1915 de
362 1880 506 1916 futuris:
530 1889 562 1915 et
584 1882 666 1916 ideo
682 1882 858 1916 memoria
873 1882 1149 1928 praeteritorum
1162 1884 1365 1918 necessaria
1380 1893 1432 1919 est
1450 1885 1493 1919 ad
1510 1885 1599 1920 bene

44 1933 308 1969 consiliandum
330 1935 373 1969 de
394 1934 531 1971 futuris.

605 2052 950 2097 ARTICULUS
985 2054 1040 2097 n.
1534 2067 1600 2114 276

308 2148 459 2178 UTRUM
486 2149 786 2179 INTELLECTUS
815 2150 881 2179 SIT
910 2150 1011 2180 PARS
1040 2151 1330 2181 PRUDENTIAE.

373 2225 492 2271 (Supr.
515 2237 543 2270 q.
566 2227 621 2270 48.
644 2231 673 2261 et
690 2238 717 2272 3.
740 2227 828 2261 Dist.
849 2239 891 2272 33.
915 2238 944 2272 q.
964 2239 991 2272 3.
1011 2215 1074 2261 arr.
1100 2239 1126 2261 J.
1149 2239 1178 2272 q.
1205 2229 1262 2272 1.).

114 2308 173 2342 AD
198 2317 403 2342 SECUNDUM
423 2308 473 2342 sic
494 2309 710 2354 proceditur.
726 2309 889 2352 Videtur,
912 2310 1008 2356 quod
1031 2310 1233 2345 intellectus
1254 2322 1328 2345 non
1351 2312 1395 2346 sit
1417 2323 1497 2357 pars
1524 2324 1601 2357 pru-

44 2361 203 2395 dentiae:
227 2372 355 2395 eorum
379 2361 486 2403 enirn,
509 2373 600 2407 quae
623 2374 665 2396 ex
688 2363 854 2409 opposito
878 2363 1094 2405 dividuntur,
1113 2375 1225 2398 unum
1248 2376 1320 2398 non
1345 2373 1398 2399 est
1416 2377 1495 2411 pars
1519 2365 1601 2398 alte-

41 2414 131 2448 rius:
155 2414 216 2448 sed
238 2413 440 2448 intellectus
456 2415 600 2460 ponitur
613 2416 723 2450 virtus
737 2416 990 2451 intellectualis
1007 2418 1191 2452 condivisa
1205 2419 1425 2464 prudentiae,
1448 2426 1485 2451 ut
1504 2426 1601 2463 patet

42 2467 77 2500 in
94 2467 125 2501 6.
142 2467 301 2502 Ethicor.
325 2468 491 2514 (czzp.3.),·
516 2480 601 2515 ergo
623 2469 825 2504 intellectus
847 2482 920 2504 non
944 2471 1048 2504 debet
1068 2473 1154 2517 poni
1176 2483 1256 2516 pars
1278 2471 1495 2517 prudentiae.

114 2531 145 2554 2.
168 2521 405 2555 PRAETEREA.
429 2521 635 2556 Intellectus
651 2524 795 2569 ponitur
808 2524 900 2558 inter
915 2524 1009 2558 dona
1026 2524 1178 2570 Spiritus
1194 2525 1328 2566 Sancti,
1344 2533 1377 2558 et
1393 2535 1600 2569 correspon-

43 2574 101 2608 det
123 2573 217 2616 fidei,
239 2582 277 2608 ut
295 2586 401 2619 supra
423 2575 585 2609 habitum
610 2585 662 2610 est
678 2577 722 2622 (q.
743 2579 773 2612 8.
789 2583 852 2612 art.
872 2589 902 2612 2.
918 2583 947 2612 ct
960 2579 1031 2620 S.):
1055 2579 1116 2612 sed
1131 2579 1318 2624 prudentia
1334 2586 1386 2611 est
1405 2577 1472 2610 alia
1488 2578 1598 2611 virtus

45 2637 64 2659 a
84 2627 164 2669 fide,
188 2635 226 2661 ut
247 2638 310 2673 per
333 2639 438 2674 supra
462 2629 556 2662 dicta
578 2637 675 2674 patet
697 2631 743 2675 (q.
762 2642 794 2674 4.
815 2636 877 2665 art.
895 2643 924 2676 5.
944 2637 973 2666 et
990 2643 1050 2666 1-2.
1074 2644 1102 2676 q.
1123 2632 1176 2666 62.
1205 2637 1268 2665 art.
1292 2631 1363 2675 2.);
1387 2642 1473 2675 ergo
1500 2630 1599 2664 intel-

42 2679 155 2715 lectus
176 2692 250 2714 non
273 2681 425 2726 pertinet
447 2682 489 2715 ad
512 2683 748 2728 prudentiam.

117 2745 146 2779 3.
177 2734 414 2769 PRAETEREA.
445 2735 639 2769 Prudentia
667 2744 721 2770 est
750 2736 985 2783 singularium
1017 2737 1267 2783 operabilium,
1297 2744 1335 2770 ut
1361 2736 1488 2770 dicitur
1508 2737 1543 2770 in
1567 2735 1598 2770 6.

44 2785 202 2820 Ethicor.
228 2787 318 2834 (cap.
339 2798 368 2833 7.
391 2792 419 2822 et
436 2788 509 2832 8.):
532 2789 593 2822 sed
614 2789 817 2824 intellectus
833 2798 885 2824 est
899 2790 1158 2824 universalium
1182 2789 1462 2834 cognoscitivus,
1482 2798 1516 2824 et
1535 2790 1600 2823 im-

45 2839 298 2881 materialium,
321 2848 359 2874 ut
380 2848 477 2886 patet
497 2841 533 2875 in
559 2853 586 2887 3.
611 2842 653 2876 de
674 2842 809 2877 Anima
836 2844 916 2888 (tex.
941 2844 991 2888 38.
1019 2849 1049 2877 et
1071 2844 1162 2888 39.);
1191 2853 1278 2887 ergo
1300 2842 1502 2877 intellectus
1524 2855 1598 2878 non

45 2900 97 2926 est
117 2904 198 2938 pars
219 2894 438 2939 prudentiae.
