1859 3122
186 171 271 212 510
599 170 819 206 QUAESTIO
853 151 969 200 LXIX.
1002 171 1246 202 ARTICULUS
1282 172 1344 202 ΙΙΙ.

184 252 324 286 videtur
345 251 526 285 ordinaria
551 259 709 297 potestas
728 252 874 286 occasio
896 251 1018 294 fuisse,
1037 252 1133 298 quod
1156 253 1285 287 arbiter
1312 252 1527 299 eligeretur:
1553 264 1619 288 nec
1638 254 1743 289 debet

185 305 229 338 ad
251 304 433 338 defectum
454 305 622 350 imputari
650 305 724 350 ejus
752 306 812 351 qui
834 306 1016 340 consensit
1036 306 1072 340 in
1099 317 1194 348 eum,
1216 307 1308 340 sicut
1328 307 1365 340 in
1393 306 1580 349 arbitrum,
1605 319 1680 341 non
1704 316 1744 342 ut

183 358 219 391 in
243 369 324 391 eum
353 369 461 403 quem
482 358 648 404 princeps
669 359 826 404 judicem
849 359 1071 393 ordinarium
1093 359 1199 393 dedit.

256 410 315 444 AD
340 421 511 445 TERTIUM
534 411 737 453 dicendum,
760 412 856 457 quod
884 413 1042 458 aequitas
1068 413 1154 458 juris
1179 413 1228 447 ita
1249 413 1413 447 subvenit
1434 413 1496 447 uni
1516 413 1619 459 parti,
1645 415 1741 460 quod

184 463 295 497 altera
316 475 389 497 non
412 472 596 509 graveturg
620 473 654 498 et
671 465 753 498 ideo
769 474 909 511 tempus
927 466 1053 499 decem
1069 466 1206 500 dierum
1222 467 1401 500 concessit
1415 467 1459 500 ad
1475 466 1741 513 appellandum,

184 517 280 562 quod
301 516 481 551 sufficiens
509 518 713 552 aestimavit
743 519 786 552 ad
809 518 1079 554 deliberandum
1108 531 1152 553 an
1179 520 1343 566 expediat
1369 520 1572 566 appellare:
1601 521 1630 554 si
1654 532 1741 555 vero

183 581 257 603 non
279 578 372 604 esset
393 571 670 605 determinatum
692 580 845 617 tempus,
881 573 917 606 in
940 584 1010 618 quo
1034 573 1214 618 appellare
1240 573 1375 615 liceret,
1398 585 1539 619 semper
1566 574 1741 608 certitudo

183 623 306 667 judicii
326 633 530 658 remaneret
550 625 587 658 in
608 637 801 670 suspenso3
824 634 858 659 et
879 626 927 659 ita
949 637 1030 671 pars
1054 626 1165 660 altera
1188 626 1496 668 damnificaretur,
1515 627 1597 661 ideo
1621 635 1742 661 autem

183 688 257 710 non
279 685 331 711 est
353 689 578 720 concessum,
601 687 639 712 ut
659 679 762 712 tertio
786 678 913 725 aliquis
933 679 1091 725 appellet
1108 691 1212 726 super
1234 680 1376 723 eodem,
1399 680 1481 726 quia
1502 691 1577 714 non
1598 688 1651 715 est
1664 692 1743 727 pro-

182 730 311 773 babile,
333 731 439 766 toties
456 732 592 778 judices
615 744 634 766 a
659 741 759 767 recto
780 732 914 778 judicio
937 732 1128 768 declinare.

742 857 1085 902 ARTICULUS
1121 858 1196 901 IV.
1677 870 1741 917 388

183 964 337 994 UTRUM
358 965 516 995 LICEAT
540 966 846 996 CONDEMNATO
866 968 923 996 AD
951 967 1134 998 MORTEM
1161 969 1208 998 SE
1230 969 1500 1009 DEFENDERE,
1520 969 1556 998 SI
1576 969 1740 1000 POSSIT.

255 1053 314 1086 AD
337 1064 524 1092 QUARTUM
546 1054 596 1088 sic
619 1054 834 1100 proceditur.
851 1055 1011 1097 Videtur,
1028 1056 1124 1101 quod
1139 1056 1247 1090 liceat
1264 1049 1508 1091 condemnato
1525 1056 1569 1090 ad
1584 1064 1741 1090 mortem

185 1117 222 1139 se
244 1106 448 1148 defendere,
470 1108 499 1141 si
520 1108 648 1154 possit:
671 1108 758 1142 illud
782 1109 890 1150 enim,
913 1110 956 1142 ad
979 1110 1075 1155 quod
1098 1118 1223 1144 natura
1243 1110 1404 1152 inclinat,
1423 1121 1566 1156 semper
1592 1118 1645 1144 est
1670 1109 1744 1144 lici-

184 1167 272 1202 tum,
288 1161 390 1206 quasi
411 1161 454 1194 de
469 1162 544 1205 jure
558 1162 712 1195 naturali
727 1162 895 1197 existens:
915 1164 976 1197 sed
997 1172 1145 1197 naturae
1166 1163 1352 1198 inclinatio
1375 1171 1428 1198 est
1441 1164 1485 1198 ad
1505 1163 1742 1198 resistendum

185 1215 508 1260 corrumpentibus,
526 1226 600 1248 non
622 1215 739 1249 solum
763 1216 799 1249 in
820 1216 1039 1258 hominibus,
1060 1225 1093 1251 et
1115 1217 1340 1258 animalibus,
1363 1217 1424 1251 sed
1443 1217 1553 1252 etiam
1573 1217 1610 1251 in
1627 1218 1744 1251 insen-

184 1267 343 1301 sibilibus
365 1268 489 1310 rebus,
505 1279 591 1314 ergo
614 1269 698 1303 licet
718 1281 780 1304 reo
800 1270 1043 1304 condemnato
1064 1271 1239 1312 resistere,
1261 1271 1289 1304 si
1311 1279 1440 1316 potest,
1463 1282 1508 1305 ne
1528 1271 1689 1305 tradatur
1705 1270 1742 1304 in

184 1329 352 1355 mortem.

255 1385 286 1408 2.
303 1375 537 1410 PRAETEREA.
557 1377 658 1411 Sicut
679 1376 806 1422 aliquis
828 1377 1043 1411 sententiam
1062 1379 1186 1411 mortis
1203 1386 1328 1411 contra
1346 1389 1383 1412 se
1405 1377 1517 1412 latam
1531 1377 1743 1423 subterfugit

185 1429 395 1470 resistendo,
416 1429 465 1463 ita
492 1432 602 1464 etiam
622 1430 813 1475 fugiendo:
837 1431 897 1464 sed
927 1430 1067 1465 licitum
1102 1442 1178 1465 esse
1199 1431 1351 1472 videtur,
1374 1432 1470 1477 quod
1505 1431 1632 1477 aliquis
1654 1443 1691 1466 se
1723 1444 1742 1466 a

185 1490 301 1516 morte
324 1494 386 1528 per
400 1482 525 1529 fugam
546 1484 683 1525 liberet,
705 1484 905 1517 secundum
926 1483 1013 1518 illud
1024 1484 1135 1518 Eccli.
1158 1495 1209 1531 9.;
1231 1485 1342 1529 Longe
1363 1489 1425 1519 esto
1452 1486 1492 1519 ab
1514 1485 1644 1520 homine
1656 1490 1745 1532 pot-:—

184 1542 299 1572 statem
322 1538 456 1572 habenta
478 1538 657 1581 occidendi,
679 1546 766 1579 etc.;
789 1549 875 1583 ergo
899 1537 1007 1571 etiam
1028 1537 1168 1572 licitum
1190 1546 1243 1572 est
1263 1549 1324 1572 reo
1347 1538 1523 1573 resistere.

259 1603 287 1637 3.
310 1591 546 1626 PRAETEssffl.
569 1592 740 1626 Proverb.
770 1601 824 1634 24.
848 1591 992 1625 dicitur:
1015 1592 1107 1626 Erue
1135 1603 1185 1626 eos
1206 1593 1262 1637 qui
1283 1591 1446 1626 ducuntur
1471 1591 1513 1626 acl
1533 1597 1671 1627 mortem
1678 1604 1691 1633 ;
1713 1597 1744 1627 et

184 1656 235 1679 eos
256 1646 311 1690 qni
337 1645 514 1679 trahuntur
535 1645 576 1679 ad
604 1647 784 1688 maritum,
806 1645 946 1679 liberare
970 1657 1008 1679 ne
1034 1657 1146 1680 cesses:
1169 1645 1230 1679 sed
1251 1645 1330 1691 plus
1351 1653 1491 1680 tenetur
1512 1645 1640 1691 aliquis
1665 1645 1742 1687 sibi,

186 1709 294 1744 quarn
317 1698 434 1741 alteri;
456 1710 544 1744 ergo
573 1699 714 1733 licitum
736 1706 799 1740 est,
827 1699 923 1745 quod
946 1698 1073 1745 aliquis
1096 1699 1359 1733 condemnatus
1380 1699 1538 1745 seipsum
1565 1698 1742 1742 defendat,

184 1763 229 1785 ne
251 1752 287 1785 in
310 1760 466 1786 mortem
487 1752 657 1786 tradatur.

257 1805 330 1840 SED
354 1816 509 1840 CONTRA
531 1814 594 1847 est,
628 1806 724 1852 quod
755 1805 840 1840 dicit
861 1807 988 1852 Apost.
1010 1806 1117 1840 Rom.
1145 1817 1216 1852 13.:
1252 1807 1322 1851 Qui
1338 1807 1491 1852 potestati
1522 1807 1653 1849 resistit,
1676 1807 1743 1841 Dei

185 1859 389 1893 ordinationi
403 1861 532 1901 resistit,
552 1865 581 1894 et
603 1861 666 1906 ipse
678 1861 740 1894 sibi
761 1860 1003 1894 damnationem
1025 1861 1191 1905 acquirit:
1210 1860 1271 1894 sed
1288 1860 1548 1894 condemnatus
1566 1871 1604 1894 se
1626 1859 1744 1894 defen-

185 1913 302 1947 dendo
326 1914 493 1959 potestati
514 1914 656 1955 resistit,
679 1922 851 1960 quantum
868 1914 910 1948 ad
929 1915 999 1948 hoc
1020 1914 1056 1947 in
1078 1925 1149 1960 quo
1173 1922 1225 1948 est
1246 1914 1414 1947 divinitus
1427 1914 1588 1948 instituta
1607 1914 1650 1948 ad
1667 1913 1743 1947 vin-

185 1966 318 2000 dictam
339 1966 627 2009 malefactorum,
649 1967 794 2001 laudem
815 1979 901 2001 vero
922 1968 1123 2009 bonorum,
1143 1978 1229 2013 ergo
1252 1975 1379 2012 peccat
1399 1978 1437 2001 se
1460 1966 1696 2001 defendendo.

255 2019 483 2054 RESPONDEO
503 2021 707 2062 dicendum,
730 2021 826 2067 quod
849 2020 976 2066 aliquis
998 2021 1188 2054 damnatur
1209 2021 1253 2054 ad
1275 2028 1431 2054 mortem
1453 2020 1650 2067 dupliciter:
1676 2032 1742 2054 uno

187 2073 278 2107 modo
309 2075 418 2118 juste:
449 2079 479 2108 at
502 2076 546 2108 sic
577 2086 641 2108 non
668 2075 740 2108 licet
767 2074 976 2109 condemnato
1003 2086 1032 2108 se
1057 2074 1244 2120 defendere:
1272 2073 1411 2107 licitum
1435 2074 1530 2107 enim
1558 2081 1610 2108 est
1634 2073 1744 2119 judici

186 2139 270 2161 eum
291 2127 516 2161 resistentem
540 2129 771 2173 impugnare3
793 2128 886 2161 unde
907 2127 1129 2173 relinquitur,
1152 2127 1248 2173 quod
1272 2139 1312 2161 ex
1334 2135 1433 2173 parte
1456 2128 1531 2172 ejus
1546 2127 1590 2161 sit
1606 2126 1742 2161 bellum

171 2177 375 2226 'injustum3
398 2181 492 2215 unde
514 2181 755 2215 indubitanter
776 2189 918 2227 peccat:
942 2181 1008 2215 alio
1033 2180 1127 2214 modo
1151 2181 1414 2214 condemnatur
1441 2180 1567 2226 aliquis
1593 2180 1740 2226 injuste:

186 2243 219 2269 ct
244 2234 315 2268 tale
333 2234 507 2279 judicium
529 2234 645 2268 simile
668 2242 720 2268 est
740 2234 933 2268 violentiae
960 2234 1154 2276 latronum,
1177 2234 1378 2267 secundum
1399 2233 1487 2267 illud
1509 2233 1640 2268 Ezech.
1668 2244 1742 2268 22.:

187 2290 353 2335 Principes
374 2291 441 2333 ujus
459 2289 492 2321 in
519 2288 623 2322 madio
652 2289 750 2330 illius,
777 2289 869 2333 qnasi
887 2288 956 2333 lupi
980 2289 1143 2334 rapientes
1173 2288 1334 2334 praedam
1364 2287 1406 2321 ad
1425 2287 1652 2332 effundendum
1670 2299 1744 2322 san-

183 2344 336 2387 guinem;
361 2350 395 2376 et
412 2341 494 2375 ideo
517 2341 608 2375 sicut
629 2340 712 2375 licet
734 2341 896 2375 resistere
915 2340 1130 2375 latronibus:
1159 2341 1207 2375 ita
1228 2341 1313 2375 licet
1333 2341 1496 2375 resistere
1518 2341 1554 2374 in
1574 2340 1639 2374 tali
1657 2352 1742 2374 casu

186 2395 291 2430 malis
313 2395 547 2442 principibus:
570 2395 637 2428 nisi
659 2394 749 2428 forte
764 2402 909 2440 propter
929 2395 1141 2429 scandalum
1158 2395 1357 2436 vitandum,
1373 2406 1455 2428 cum
1471 2405 1512 2428 ex
1529 2394 1600 2428 hoc
1624 2393 1742 2441 aliqua

186 2449 302 2494 gravis
323 2449 478 2482 turbatio
504 2448 699 2482 timeretur.

257 2502 317 2536 AD
340 2512 488 2536 PRIMUM
511 2513 597 2546 ergo
628 2501 832 2542 dicendum,
859 2501 955 2546 quod
978 2502 1059 2535 idco
1082 2502 1222 2536 homini
1244 2502 1326 2536 data
1361 2509 1414 2536 est
1433 2501 1536 2543 ratio,
1563 2509 1601 2535 ut
1622 2512 1676 2544 ea,
1698 2501 1741 2535 ad

186 2567 276 2602 quac
298 2564 425 2590 natura
446 2555 605 2597 inclinat,
619 2566 693 2589 non
708 2555 852 2600 passim,
875 2555 936 2588 sed
955 2555 1151 2589 secundum
1176 2555 1324 2589 rationis
1339 2555 1504 2589 ordinem
1527 2562 1740 2600 exequatur:

187 2617 219 2643 et
241 2609 321 2643 ideo
348 2620 421 2643 non
449 2608 627 2655 quaelibet
653 2607 812 2642 defensio
832 2609 885 2642 sui
903 2616 955 2642 cst
976 2608 1083 2650 licita,
1110 2609 1172 2643 sed
1194 2608 1314 2643 solum
1335 2619 1426 2654 quae
1453 2607 1491 2641 fit
1517 2618 1600 2641 cum
1622 2607 1741 2642 debito

187 2662 444 2696 moderamine.

258 2716 317 2750 AD
350 2726 556 2750 SECUNDUM
584 2716 788 2757 dicendum,
822 2715 917 2761 quod
939 2715 1057 2749 nullus
1079 2715 1127 2749 ita
1149 2716 1422 2757 condemnatur,
1456 2715 1551 2761 quod
1572 2715 1648 2761 ipse
1676 2715 1743 2749 sibi

188 2768 314 2802 inserat
336 2778 505 2810 mortem,
528 2769 590 2803 sed
621 2769 717 2814 quod
738 2769 813 2814 ipse
837 2776 992 2802 mortem
1015 2769 1187 2813 patiatur3
1211 2777 1244 2802 et
1265 2769 1346 2803 ideo
1369 2780 1442 2802 non
1464 2776 1603 2802 tenetur
1624 2767 1742 2802 facere

188 2823 233 2863 id,
256 2822 348 2856 uude
372 2834 469 2856 mors
487 2831 667 2868 sequatur,
690 2822 786 2868 quod
809 2830 862 2856 est
883 2833 1028 2855 manere
1051 2822 1085 2855 in
1108 2822 1204 2863 loco,
1223 2823 1315 2856 unde
1331 2822 1480 2856 ducatur
1501 2822 1544 2855 ad
1567 2829 1738 2856 mortem:

188 2883 328 2909 tenetur
348 2884 469 2910 tamen
488 2887 561 2910 non
581 2876 744 2910 resistere
769 2875 898 2919 agenti,
921 2876 1005 2920 quin
1027 2875 1180 2920 patiatur
1201 2876 1295 2920 quod
1318 2876 1448 2919 justum
1472 2883 1524 2909 est
1546 2886 1627 2909 cum
1650 2875 1735 2921 pati;
