1859 3122
181 165 264 220 258
580 175 797 211 QUAESTIO
830 176 947 205 XXXI.
980 175 1224 205 ARTICULUS
1258 175 1314 206 IV.

728 327 1070 371 ARTICULUS
1098 328 1172 370 IV.
1674 340 1739 383 184

428 435 580 465 UTRUM
613 436 928 466 BENEFICENTIA
961 437 1027 466 s1T
1059 436 1215 466 VIRTUS
1251 436 1485 465 SPECIALIS.

252 522 311 556 AD
327 532 515 561 QUARTUM
529 522 578 556 sic
593 523 808 568 proceditur.
827 523 989 565 Videtur,
1006 524 1102 570 quod
1116 523 1353 557 beneficentia
1368 522 1413 557 sit
1426 522 1593 569 specialis
1606 522 1738 556 virtus:

182 583 372 621 praecepta
394 576 492 609 enim
514 576 557 609 ad
578 576 726 610 virtutes
749 577 977 619 ordinantur3
1000 579 1083 623 quia
1097 576 1321 622 legislatores
1340 576 1532 610 intendunt
1546 575 1667 610 facere
1679 575 1743 610 ho-

185 629 297 662 mines
319 629 511 670 virtuosos,
534 629 626 664 sicut
646 630 775 664 dicitur
795 630 831 664 in
854 641 884 664 2.
908 630 1068 664 Ethicor.
1090 631 1180 676 (cap.
1202 642 1229 665 r.
1252 630 1307 664 lib.
1326 642 1353 664 r.
1375 635 1448 676 cap.
1471 641 1502 675 9.
1524 634 1553 663 et
1568 629 1653 674 13.):
1679 628 1743 663 sed

183 692 347 715 seorsum
377 682 480 716 datur
506 690 741 728 praeceptum
767 683 810 717 de
837 683 1084 725 beneficentia,
1113 692 1147 717 et
1173 683 1216 717 de
1245 682 1456 716 dilectione:
1485 682 1613 716 dicitur
1644 682 1742 716 enim

183 735 310 768 Matth.
338 746 384 779 5.:
407 736 547 781 Dz’ligita
569 737 719 770 inimicos
739 742 871 778 ἰκτῖνος,
896 742 925 771 et
947 737 1123 782 benefacite
1145 737 1203 778 his,
1228 738 1284 782 qui
1305 735 1442 770 oderunt
1465 747 1524 770 vos
1531 747 1545 776 ‚·
1573 746 1660 781 ergo
1686 735 1744 769 be—

182 787 374 822 neficentia
396 797 448 823 est
468 789 580 823 virtus
603 789 769 823 distincta
792 802 811 824 a
833 790 1018 824 charitate.

253 851 284 876 2.
306 842 541 876 PRAETEREA.
557 842 653 877 Vitia
667 843 854 877 virtutibus
874 851 1120 889 opponuntur:
1143 843 1204 877 sed
1226 841 1484 876 beneficentiae
1506 849 1739 888 opponuntur

185 893 304 940 aliqua
325 895 497 941 specialia
522 896 618 937 vitia,
640 907 703 942 per
721 908 812 942 quae
834 905 1097 930 nocumentum
1118 896 1286 942 proximo
1308 895 1476 937 infertur3
1497 903 1583 941 puta
1603 894 1742 941 rapina,

181 947 327 990 furtum,
351 956 385 982 et
406 948 474 983 alia
496 949 722 994 hujusmodi3
745 960 832 995 ergo
854 949 1091 984 beneficentia
1113 958 1165 983 est
1187 948 1350 995 specialis
1376 949 1498 982 virtus.

256 1013 285 1046 3.
307 1001 544 1036 PRAETEREA.
569 1002 737 1036 Charitas
764 1014 838 1036 non
865 1003 1094 1048 distinguitur
1119 1004 1155 1036 in
1181 1002 1313 1036 multas
1340 1001 1496 1048 species:
1524 1001 1587 1035 sed
1612 1000 1744 1035 benefi-

183 1054 300 1088 centia
320 1055 462 1089 videtur
481 1056 651 1101 distingui
677 1056 713 1089 in
740 1055 872 1090 multas
899 1056 1048 1102 species,
1075 1056 1276 1090 secundum
1302 1055 1459 1089 diversas
1484 1053 1744 1088 beneficiorum

182 1108 340 1153 specie33
363 1120 449 1154 ergo
471 1108 710 1143 beneficentia
732 1117 785 1142 est
806 1108 876 1142 alia
894 1109 1005 1143 virtus
1028 1120 1047 1142 a
1069 1109 1254 1143 charitate.

257 1161 331 1195 SED
354 1172 509 1196 CONTRA
532 1170 595 1204 est,
618 1162 714 1208 quod
736 1170 837 1196 actus
859 1162 1018 1204 interior,
1042 1169 1076 1196 et
1097 1162 1251 1196 exterior
1276 1173 1350 1195 non
1376 1161 1561 1207 requirunt
1587 1160 1744 1194 diversas

182 1214 348 1248 virtutes:
367 1215 428 1249 sed
450 1215 697 1257 beneficentia,
721 1223 754 1248 et
775 1215 1029 1249 benevolentia
1050 1226 1124 1249 non
1147 1214 1327 1256 differunt,
1349 1214 1418 1248 nisi
1431 1214 1523 1248 sicut
1537 1222 1636 1248 actus
1651 1221 1745 1248 exte-

183 1267 267 1309 rior,
290 1276 324 1301 et
346 1268 511 1311 interior;
534 1268 618 1314 quia
638 1268 876 1302 beneficentia
900 1276 952 1302 est
974 1269 1138 1302 executio
1160 1267 1460 1309 benevolentiae3
1483 1278 1569 1313 ergo
1584 1267 1677 1302 sicut
1688 1267 1746 1301 be-

185 1320 392 1355 nevolentia
410 1333 485 1355 non
507 1329 560 1356 est
582 1321 650 1355 alia
671 1322 783 1356 virtus
806 1333 825 1355 a
847 1322 1032 1363 charitate,
1054 1322 1102 1355 ita
1123 1332 1189 1355 nec
1212 1321 1459 1355 beneficentia.

255 1374 483 1409 RESPONDEO
519 1374 724 1416 dicendum,
753 1375 849 1420 quod
875 1375 1023 1409 virtutes
1051 1374 1336 1408 diversificantur
1361 1374 1561 1408 secundum
1588 1374 1745 1408 diversas

186 1428 346 1462 rationes
368 1429 516 1473 objecti:
540 1428 667 1462 eadem
690 1435 809 1461 autem
834 1436 886 1462 est
907 1429 996 1462 ratio
1018 1427 1181 1462 formalis
1203 1428 1335 1472 objecti
1357 1427 1557 1469 charitati53
1583 1435 1619 1461 et
1641 1427 1748 1461 bene-

184 1481 370 1516 ficentiae:
392 1493 476 1515 nam
499 1490 649 1527 utraque
671 1481 816 1527 respicit
836 1481 1015 1515 rationem
1038 1492 1274 1515 communem
1301 1481 1398 1522 boni,
1425 1488 1464 1514 ut
1489 1491 1531 1514 ex
1555 1480 1745 1526 praedictis

184 1543 281 1580 patet
299 1536 379 1580 (art.
402 1545 430 1568 1.
454 1535 522 1580 huj.
545 1536 614 1581 q.),·
639 1535 732 1569 unde
759 1534 996 1568 beneficentia
1021 1545 1096 1568 non
1118 1542 1171 1568 est
1192 1533 1262 1568 alia
1282 1534 1393 1568 virtus
1425 1545 1446 1567 a
1473 1533 1657 1576 charitate,
1683 1533 1746 1568 sed

184 1589 351 1623 nominat
372 1589 567 1634 quemdam
591 1588 774 1622 charitatis
797 1596 929 1621 actum.

255 1643 315 1676 AD
342 1652 492 1676 PRIMUM
514 1653 601 1687 ergo
624 1641 829 1683 dicendum,
852 1641 949 1687 quod
967 1649 1160 1687 praecepta
1181 1652 1256 1674 non
1278 1640 1406 1674 dantur
1428 1640 1471 1674 de
1484 1640 1664 1675 habitibus
1676 1639 1746 1674 vir-

182 1703 312 1737 tutum,
334 1696 395 1730 sed
415 1696 456 1729 de
479 1695 635 1738 actibus;
659 1703 692 1729 et
712 1695 794 1729 ideo
811 1695 996 1729 diversitas
1011 1703 1288 1741 praeceptorum
1302 1706 1376 1728 non
1391 1694 1570 1740 significat
1584 1694 1744 1728 diversos

184 1749 326 1783 habitus
349 1749 532 1790 virtutum,
554 1749 616 1782 sed
638 1748 798 1782 diversos
821 1756 932 1782 actus.

255 1803 315 1836 AD
339 1812 545 1836 SECUNDUM
567 1802 773 1843 dicendum,
796 1801 893 1847 quod
914 1801 1007 1835 sicut
1033 1801 1157 1835 onmia
1183 1800 1359 1834 beneficia
1384 1801 1550 1846 proximo
1578 1800 1746 1842 exhibita,

157 1851 159 1853 ¹
187 1856 402 1902 inquantum
422 1855 695 1889 considerantur
716 1855 779 1888 sub
798 1855 986 1888 communi
1000 1855 1140 1888 ratione
1158 1854 1255 1896 boni,
1269 1855 1489 1888 reducuntur
1504 1855 1548 1889 ad
1563 1865 1746 1889 amorem:

187 1910 235 1943 ita
257 1909 381 1942 omnia
406 1916 640 1949 nocumenta,
667 1908 881 1954 inquantum
909 1908 1181 1942 considerantur
1207 1907 1405 1941 secundum
1433 1919 1669 1942 communem
1696 1919 1748 1942 ra-

184 1963 323 1996 tionem
338 1961 435 2002 mali,
450 1961 670 1995 reducuntur
685 1961 728 1994 ad
751 1961 894 1994 odium:
917 1969 1024 2006 prout
1041 1969 1161 1994 autem
1184 1960 1457 1995 considerantur
1470 1961 1673 1995 secundum
1689 1960 1747 1996 ali-

185 2026 272 2061 quas
294 2014 467 2060 speciales
489 2014 647 2048 rationes
673 2013 731 2048 vel
756 2014 854 2055 boni,
880 2013 938 2047 vel
964 2013 1063 2055 rnali,
1091 2014 1309 2047 reducuntur
1336 2013 1379 2047 ad
1407 2014 1544 2059 aliquas
1571 2013 1748 2060 speciales

185 2068 344 2109 virtutes,
365 2067 423 2101 vel
440 2067 543 2101 vitia:
567 2075 601 2101 et
622 2067 821 2101 secundum
835 2067 906 2100 hoc
922 2067 1032 2100 etiam
1051 2074 1133 2101 sunt
1146 2067 1306 2101 diversae
1320 2066 1582 2102 beneficiorum
1597 2067 1746 2114 species.

258 2121 365 2155 Unde
387 2128 485 2166 patet
503 2120 692 2166 responsio
713 2130 763 2154 AD
786 2130 969 2154 TERTIUM.

663 2340 1017 2400 QUAESTIO
1060 2340 1271 2387 XXXII.

350 2466 413 2496 DE
451 2463 780 2500 ELEEMOSYNA,
824 2463 873 2492 IN
912 2462 1072 2493 DECEM
1112 2463 1371 2495 ARTICULOS
1411 2464 1584 2496 DIVISA.

259 2598 400 2634 Deinde
422 2596 728 2632 considerandum
750 2604 803 2630 cst
823 2595 866 2630 de
889 2595 1132 2641 eleemosyna.
1692 2600 1706 2613 ·

666 2688 709 2722 Et
730 2688 820 2722 circa
842 2686 899 2720 boc.
921 2689 1132 2731 quaeruntur
1154 2684 1270 2719 (lesem.

256 2759 392 2792 Primo.
415 2758 548 2793 Utrum
569 2756 825 2802 eleemosynae
848 2755 992 2801 largitio
1018 2754 1062 2788 sit
1084 2762 1185 2788 actus
1208 2755 1401 2789 charitatis.

258 2811 438 2845 Secundo.
460 2811 516 2845 De
538 2809 768 2844 distinctione
791 2808 1126 2854 eleemosynarum.

259 2864 395 2899 Tertio.
420 2864 526 2904 Quae
548 2864 618 2898 sint
635 2863 794 2909 potiores
813 2861 1078 2907 eleemosynae,
1094 2869 1212 2894 utrum
1228 2860 1440 2906 spirituales,
1456 2860 1514 2895 vel
1528 2860 1747 2907 corporales.
