1859 3122
506 173 726 208 QUAESTIO
761 173 892 203 CLxll.
926 174 1170 204 ARTICULUS
1204 174 1247 204 11.
1541 175 1650 218 1057

91 254 305 300 quibuslibet
327 255 404 288 aliis
427 256 530 290 rebus
546 256 588 289 ad
601 256 851 290 excellentiam
867 256 1144 302 pcrtinentibus:
1165 256 1258 290 unde
1280 268 1352 289 non
1369 257 1539 302 sequitur,
1554 257 1650 303 quod

90 308 133 341 sit
155 308 322 352 gencrale
342 318 544 354 peccatum.

161 362 220 395 AD
244 372 432 399 QUARTL'M
456 363 660 405 dicendum,
683 363 779 408 quod
800 363 963 409 superbia
980 363 1127 397 attendit
1149 363 1343 409 specialem
1363 364 1542 397 rationem
1558 363 1653 408 obje-

91 414 149 455 cti,
184 426 275 460 quac
303 423 424 449 tamen
453 417 602 450 inveniri
632 424 749 462 potest
775 417 809 449 in
837 417 986 450 diversis
1013 417 1190 450 materiis:
1221 425 1273 450 est
1299 417 1394 450 enim
1426 417 1651 450 inordinatus

91 478 195 501 amor
212 468 377 514 propriae
395 469 647 504 excellentiae:
665 469 875 504 excellentia
893 479 1013 504 autem
1028 471 1063 503 in
1079 470 1227 504 diversis
1240 470 1345 503 rebus
1361 478 1479 516 potest
1490 470 1654 504 inveniri.

661 612 1003 656 ARTICULUS
1040 613 1118 654 HI.
1585 624 1655 670 786

206 720 358 749 UTRUM
391 720 594 749 SUPERBIA
629 721 695 749 SIT
730 721 772 749 IN
806 721 1030 749 IRASCIBILI
1065 720 1193 750 SICUT
1227 720 1269 750 IN
1304 720 1536 762 SUBJECTO.

418 807 523 851 (Mal.
545 819 574 853 q.
597 808 628 842 8.
652 812 715 841 art.
734 820 762 853 3.
785 812 812 842 et
837 809 924 842 Veri.
947 820 976 853 q.
1000 821 1025 842 ι.
1048 813 1110 841 art.
1129 819 1158 854 5.
1181 808 1223 841 ad
1245 809 1323 851 ια).

163 895 222 929 AD
247 905 416 929 TERTffiM
440 896 489 930 sic
513 896 727 942 proceditur.
750 895 912 937 Videtur,
939 897 1034 941 quod
1063 896 1227 941 superbia
1253 907 1326 930 non
1351 897 1395 930 sit
1421 897 1457 930 in
1484 897 1654 932 irascibili

95 949 186 982 sicut
208 948 244 982 in
267 949 444 994 subjecto:
470 949 555 982 dicit
577 949 673 983 enirn
699 949 807 995 Greg.
831 960 884 994 23.
900 949 1029 982 Moral.
1051 949 1136 995 (cap.
1154 950 1244 994 1().):
1264 962 1281 981 «
1305 950 1552 984 Obstaculum
1567 952 1658 985 veri—

91 1003 172 1036 tatis
193 1010 315 1036 tumor
338 1003 467 1036 mentis
490 1011 561 1044 est3
585 1003 666 1048 quia
689 1003 774 1035 dum
802 1003 919 1043 instat,
943 1002 1129 1036 obnubilat
1151 1015 1189 1035 ›>:
1218 1003 1280 1037 sed
1308 1004 1468 1049 cognitio
1496 1004 1656 1038 veritatis

89 1066 163 1089 non
187 1057 339 1101 pertinet
362 1056 405 1090 ad
427 1056 657 1096 irascibilem,
685 1056 746 1089 sed
770 1055 812 1089 ad
835 1057 908 1089 vim
936 1055 1170 1098 rationalem3
1199 1067 1284 1102 ergo
1313 1057 1480 1102 superbia
1502 1069 1575 1090 non
1603 1066 1658 1092 est

90 1109 124 1142 in
148 1109 328 1142 irascibili.

163 1172 193 1195 2.
210 1162 444 1196 PRAETEREA.
462 1161 614 1206 Gregor.
630 1161 715 1195 dicit
730 1171 783 1203 24.
800 1161 928 1195 Moral.
945 1162 1032 1208 (cap.
1048 1162 1110 1205 6.),
1127 1162 1223 1208 quod
1241 1175 1258 1193 α
1274 1163 1417 1208 superbi
1433 1174 1507 1197 non
1527 1175 1655 1197 eorum

90 1215 201 1249 vitam
224 1215 466 1255 considerant,
488 1215 615 1260 quibus
637 1225 674 1248 se
693 1214 920 1248 humiliando
936 1223 1165 1261 postponant,
1188 1215 1249 1249 sed
1270 1216 1396 1261 quibus
1413 1217 1655 1262 superbiendo

91 1279 128 1301 se
151 1267 353 1313 praeferant
374 1280 414 1309 »3
434 1276 468 1302 et
486 1268 535 1301 sic
558 1267 709 1309 videtur,
731 1268 827 1313 quod
843 1268 1007 1314 superbia
1031 1279 1072 1302 ex
1091 1269 1249 1302 indebita
1272 1269 1565 1304 consideratione
1580 1282 1658 1316 pro-

94 1321 212 1355 cedat:
236 1321 298 1355 sed
319 1321 559 1355 consideratio
574 1332 648 1355 non
667 1322 820 1367 pertinet
835 1322 877 1354 ad
894 1322 1122 1364 irascibilem,
1145 1322 1206 1356 sed
1221 1322 1339 1368 potius
1356 1323 1399 1356 ad
1420 1323 1659 1366 rationalem,

91 1384 179 1419 ergo
202 1374 368 1420 superbia
389 1385 463 1408 non
486 1383 538 1408 est
559 1375 595 1407 in
617 1374 798 1416 irascibili,
820 1375 881 1408 sed
897 1375 1015 1421 potius
1038 1375 1073 1408 in
1096 1375 1274 1409 rationali.

165 1438 193 1472 3.
217 1427 453 1466 PRAETEREA.
478 1427 652 1474 Superbia
673 1439 746 1461 non
769 1428 887 1461 solum
911 1429 1048 1474 quaerit
1067 1428 1319 1462 excellentiam
1338 1430 1373 1462 in
1390 1430 1494 1463 rebus
1512 1431 1657 1464 sensibi-

92 1480 194 1522 libus,
210 1481 272 1514 sed
287 1481 396 1514 etiam
412 1481 448 1514 in
463 1481 566 1515 rebus
589 1481 840 1527 spiritualibus,
856 1489 890 1515 et
904 1481 1186 1527 intelligibilibus
1201 1495 1207 1516 :
1242 1484 1319 1527 ipsa
1339 1491 1458 1517 autern
1478 1484 1653 1530 principa-

93 1533 174 1568 liter
198 1534 359 1568 consistit
380 1534 414 1567 in
439 1542 648 1580 contemptu
670 1534 750 1576 Dei,
773 1535 973 1568 secundum
995 1535 1083 1568 illud
1106 1535 1214 1569 Eccli.
1239 1546 1310 1570 1o.:
1329 1536 1468 1570 Initium
1486 1538 1656 1583 superbiae:

95 1588 235 1621 hominis
253 1593 440 1634 apostatare
462 1599 481 1621 α
504 1589 598 1622 Deo:
622 1588 683 1622 sed
700 1588 897 1629 irascibilis,
921 1600 1003 1622 cum
1026 1590 1070 1622 sit
1090 1600 1171 1634 pars
1191 1591 1368 1635 appetitus
1391 1591 1562 1632 sensitivi,
1581 1602 1654 1625 non

92 1648 210 1686 potest
231 1652 268 1674 se
291 1641 481 1675 extendere
508 1642 543 1675 in
565 1641 698 1683 Deum,
726 1649 760 1675 et
780 1643 815 1675 in
842 1641 1104 1687 intelligibilia;
1133 1653 1219 1687 ergo
1246 1643 1411 1688 superbia
1437 1654 1511 1677 non
1538 1653 1657 1690 potest

92 1705 168 1728 esse
191 1694 225 1727 in
248 1694 428 1727 irascibili.

165 1757 198 1789 4.
222 1747 458 1781 PRAETEREA.
482 1747 532 1781 Ut
553 1747 682 1781 dicitur
708 1748 743 1781 in
770 1747 828 1781 lib.
857 1747 1070 1781 Sententiar.
1098 1748 1266 1795 Prosperi
1294 1750 1442 1794 (sentent.
1464 1762 1543 1797 292.
1569 1753 1657 1786 inter

94 1806 145 1846 op.
166 1800 293 1845 Aug.):
319 1813 337 1831 ‹<
365 1800 539 1845 Superbia
562 1809 614 1834 est
641 1812 744 1834 amor
770 1802 935 1846 propriae
963 1801 1196 1835 excellentiae
1219 1813 1257 1835 »t
1290 1802 1352 1836 sed
1380 1814 1483 1837 amor
1504 1815 1578 1838 non
1605 1813 1659 1838 est

97 1854 132 1887 in
156 1853 335 1894 irascibili,
358 1854 418 1887 sed
437 1854 473 1887 in
496 1853 787 1900 concupiscibili,
811 1865 897 1899 ergo
920 1855 1084 1900 superbia
1106 1866 1180 1888 non
1203 1863 1256 1889 est
1274 1856 1308 1889 in
1331 1856 1514 1892 irascibili.

142 1906 216 1940 SED
240 1917 395 1941 CONTRA
419 1915 480 1949 est,
500 1907 596 1952 quod
613 1906 765 1952 Gregor.
786 1908 820 1940 in
845 1917 874 1940 2.
897 1907 1025 1941 Moral.
1046 1908 1136 1954 (cap.
1159 1909 1353 1955 26.parum
1375 1921 1394 1942 a
1410 1910 1540 1955 princ.)
1556 1911 1658 1956 ponit

94 1967 220 1993 contra
242 1959 449 2005 superbiam
469 1959 603 1993 donum
623 1961 780 1994 timoris:
799 1960 909 1994 timor
924 1968 1045 1994 autem
1067 1961 1221 2006 pertinet
1244 1962 1287 1995 ad
1311 1962 1548 2005 irascibilem3
1569 1975 1661 2008 ergo·

93 2012 257 2058 superbia
279 2023 353 2046 non
376 2021 430 2046 est
451 2013 487 2046 in
508 2012 689 2047 irascibili.

164 2065 394 2099 Rx-:spozinfio
415 2065 621 2107 dicendum,
644 2066 740 2111 quod
763 2065 963 2111 subjectum
979 2067 1169 2112 cujuslibet
1182 2068 1333 2110 virtutis,
1349 2068 1408 2102 vel
1424 2069 1500 2103 vitii
1515 2077 1658 2115 oportet

93 2118 272 2164 inquirere
295 2129 337 2152 ex
358 2119 504 2164 proprio
529 2119 688 2163 objecto:
711 2130 785 2152 non
813 2120 907 2153 enim
931 2127 1048 2165 potest
1071 2131 1148 2154 esse
1171 2120 1267 2155 aliud
1294 2122 1478 2166 objectum
1503 2122 1658 2164 habitus,

92 2170 151 2205 vel
184 2179 295 2212 actus,
323 2171 389 2204 nisi
417 2172 512 2217 quod
540 2179 592 2205 est
619 2171 801 2216 objectum
829 2175 1021 2218 potentiae,
1054 2185 1145 2219 quae
1174 2174 1313 2220 utrique
1340 2175 1547 2220 subjicitur:
1575 2187 1657 2222 pro-

93 2224 211 2269 prium
238 2232 358 2257 autem
385 2225 567 2269 objectum
594 2225 780 2270 superbiae
808 2233 861 2259 est
887 2226 1054 2260 arduum:
1083 2234 1135 2261 est
1161 2228 1259 2261 enirn
1285 2229 1463 2274 appetitus
1491 2230 1656 2275 propriae

94 2276 340 2318 excellentiae,
363 2285 400 2311 ut
422 2277 557 2311 dictum
579 2285 632 2311 est
654 2278 735 2322 (art.
751 2290 777 2312 r.
800 2283 827 2312 et
847 2290 877 2313 2.
898 2280 1028 2325 praec.)
1039 2291 1051 2319 ,·
1074 2280 1168 2313 unde
1192 2288 1350 2326 oportet,
1374 2282 1471 2327 quod
1491 2281 1657 2326 superbia

95 2330 216 2376 aliquo
243 2330 352 2364 modo
381 2331 424 2363 ad
450 2331 524 2363 vim
550 2330 766 2364 irascibilem
791 2333 976 2376 pertineat.
1005 2333 1075 2366 Sed
1109 2333 1298 2367 irascibilis
1332 2334 1511 2380 dupliciter
1538 2335 1654 2381 accipi

94 2391 231 2429 potest:
255 2395 318 2416 uno
340 2383 434 2416 modo
454 2383 615 2429 proprie3
639 2391 673 2417 et
694 2384 745 2417 sic
768 2392 819 2418 est
842 2397 922 2430 pars
946 2386 1121 2431 appetitus
1141 2387 1321 2429 sensitivi3
1344 2388 1436 2421 sicut
1455 2395 1488 2421 et
1510 2389 1561 2421 ira
1576 2400 1655 2434 pro-

95 2437 169 2482 prie
191 2444 333 2482 sumpta
355 2444 408 2470 est
429 2436 607 2482 quaedam
633 2437 751 2483 passio
780 2439 955 2483 appetitus
978 2439 1155 2473 sensitivi:
1185 2440 1250 2473 alio
1273 2440 1367 2474 modo
1394 2448 1514 2486 potest
1540 2442 1654 2487 accipi

95 2488 281 2523 irascibilis
304 2488 448 2534 largiUS,
471 2489 608 2523 scilicet
629 2498 667 2524 ut
687 2490 861 2536 pertineat
881 2492 989 2525 etiam
1013 2493 1055 2525 ad
1078 2493 1274 2538 appetitum
1302 2493 1577 2535 intellectivum‚
1600 2496 1658 2528 cui

96 2542 205 2575 etiarn
228 2542 445 2587 quandoque
467 2543 668 2576 attribuitur
688 2545 750 2584 ira,
772 2552 878 2589 prout
898 2545 1036 2579 scilicet
1055 2546 1280 2580 attribuimus
1302 2546 1393 2579 iram
1414 2547 1507 2588 Deo,
1531 2555 1565 2581 et
1587 2548 1659 2581 An-

96 2594 197 2640 gelis,
225 2606 299 2628 non
329 2595 475 2640 quidem
504 2595 703 2629 secundum
730 2597 948 2641 passionem,
978 2598 1040 2632 sed
1070 2599 1269 2631 secundum
1295 2599 1470 2644 judicium
1500 2600 1657 2645 justitiae

95 2648 305 2693 judicantis3
329 2656 363 2681 et
382 2656 504 2681 tamen
522 2648 708 2683 irascibilis
723 2649 772 2683 sic
788 2651 1030 2684 communiter
1043 2651 1138 2684 dicta
1152 2662 1225 2684 non
1245 2659 1297 2685 est
1311 2653 1472 2697 potentia
1491 2653 1658 2687 distincta

98 2712 116 2734 a
138 2700 421 2746 concupiscibili,
436 2709 473 2734 ut
487 2708 583 2747 patet
597 2712 640 2735 ex
652 2702 707 2736 his
723 2714 814 2748 quae
828 2703 864 2737 in
887 2715 914 2737 1.
931 2704 1025 2737 dicta
1044 2712 1126 2738 sunt
1142 2704 1185 2749 (q.
1204 2716 1256 2750 59.
1273 2710 1337 2739 art.
1354 2717 1386 2749 4.
1402 2711 1432 2740 et
1446 2717 1475 2750 q.
1491 2707 1532 2740 82
1548 2711 1612 2740 art.
1627 2719 1657 2752 5.

96 2753 138 2787 ad
158 2766 184 2788 1.
207 2759 238 2788 et
254 2756 317 2798 2.).
335 2754 373 2787 Si
387 2765 474 2800 ergo
490 2755 653 2798 arduum,
669 2755 764 2801 quod
787 2764 839 2790 est
860 2757 1042 2801 objectum
1062 2757 1260 2802 superbiae,
1276 2766 1371 2792 esset
1386 2758 1505 2792 solum
1522 2758 1656 2804 aliquid

97 2806 276 2848 sensibile,
297 2807 333 2840 in
355 2807 451 2852 quod
467 2816 587 2853 posset
600 2809 746 2843 tendere
762 2811 938 2855 appetitus
960 2810 1161 2851 sensitivus,
1178 2819 1361 2856 oporteret
1379 2812 1476 2857 quod
1491 2812 1658 2856 superbia

98 2867 192 2894 esset
211 2860 248 2893 in
268 2859 449 2902 irascibili,
471 2871 562 2906 quae
589 2869 642 2895 est
662 2873 742 2907 pars
773 2863 948 2908 appetitus
978 2863 1156 2898 sensitivi:
1179 2864 1241 2897 sed
1264 2864 1348 2910 quia
1371 2864 1538 2907 arduum,
1559 2864 1657 2910 quod
