1859 3122
457 196 677 232 QUAESTIO
711 195 860 225 XXVIII.
896 195 1138 226 ARTICULUS
1173 196 1199 225 Ι.
1519 196 1596 238 241

48 278 295 326 participatur:
319 280 475 324 primum
498 286 617 312 autem
641 277 810 323 gaudium
835 276 963 311 melius
986 286 1056 319 cst3
1079 286 1113 312 et
1142 278 1212 311 hoc
1244 278 1407 324 procedit
1431 277 1605 324 principa-

48 333 128 367 liter
149 344 191 366 ex
213 333 404 367 charitate:
428 333 489 366 sed
508 333 706 367 secundum
729 331 901 377 gaudium
924 333 1086 377 procedit
1108 332 1214 366 etiam
1243 344 1283 366 ex
1306 343 1380 378 spe,
1407 343 1469 378 per
1495 343 1604 377 quarn

49 394 280 432 expectamus
303 386 413 419 divini
434 386 521 419 boni
542 384 769 419 fruitionem:
793 385 957 430 quamvis
980 385 1089 419 etiam
1111 386 1186 431 ipsa
1208 385 1341 427 fruitio,
1363 385 1420 419 vel
1434 385 1604 432 perfecta,

48 438 106 473 vel
123 437 344 485 imperfecta,
368 439 567 473 secundum
589 449 795 472 mensuram
819 438 1000 472 charitatis
1024 439 1236 472 obtineatur.

606 556 949 602 ARTICULUS
980 557 1034 600 H.
1543 579 1606 614 170

83 665 234 696 UTRUM
269 666 471 695 GAUDIUM
505 666 773 704 SPIRITUALE,
806 666 928 700 QUOD
963 665 1019 694 Ex
1053 665 1303 695 CHARITATE
1331 666 1574 704 CAUSATUR,

415 725 616 755 RECIPIAT
644 725 958 754 ADMIXTIONEM
986 725 1248 755 TRISTITIAE.

118 813 178 847 AD
198 824 403 848 SECUNDUM
422 814 471 848 sic
494 814 710 860 proceditur.
735 813 895 855 Videtur,
918 814 1014 860 quod
1036 814 1209 859 gaudium
1231 813 1425 859 spirituale,
1444 812 1541 859 quod
1563 824 1606 846 ex

48 867 220 901 charitate
243 876 419 909 causatur,
442 868 591 914 recipiat
609 868 869 902 admixtionem
899 867 1080 901 tristitiae:
1112 867 1341 912 congaudere
1374 867 1470 900 enim
1501 866 1606 899 bonis

47 921 202 967 proximi
223 921 266 954 ad
289 921 503 955 charitatem
526 921 688 967 pertinet,
711 921 909 955 secundum
931 920 1019 954 illud
1047 931 1073 954 1.
1097 920 1140 953 ad
1163 920 1248 954 Cor.
1274 931 1342 965 13.:
1368 921 1524 955 Charitas
1541 931 1606 953 nou

45 973 161 1019 gaudet
180 980 279 1020 super
299 975 486 1019 iniquitate,
509 974 688 1019 congaudet
709 980 817 1009 aulem
838 976 975 1009 veritati
987 987 997 1008 :
1020 974 1081 1008 sed
1103 974 1174 1007 hoc
1198 974 1371 1018 gaudium
1393 974 1518 1019 recipit
1532 985 1609 1019 per-

48 1027 261 1061 mixtionem
295 1028 469 1069 tristitiae,
497 1029 696 1062 secundum
730 1027 817 1061 illud
847 1027 955 1061 Rom.
991 1038 1061 1061 12.:
1101 1027 1247 1062 Gaudete
1278 1040 1351 1062 cum
1380 1027 1605 1073 gaudentibus,

38 1081 115 1127 flete
141 1093 214 1115 cum
225 1081 403 1127 flauminum
428 1092 513 1127 ergo
537 1082 709 1127 gaudium
736 1081 919 1128 spirituale
948 1081 1130 1115 charitatis
1158 1081 1418 1115 admixtionem
1444 1080 1607 1114 tristitiae

47 1134 188 1180 patitur.

119 1198 149 1221 2.
171 1187 408 1222 PRAETEREA.
430 1188 669 1230 Poenitentia,
692 1188 783 1222 sicut
805 1189 890 1222 dicit
912 1188 1020 1234 Greg.
1044 1189 1212 1235 (hom.34.
1229 1189 1262 1222 in
1278 1188 1426 1234 Evcmg.)
1449 1196 1501 1222 est
1519 1200 1536 1218 «
1552 1199 1610 1221 an-

47 1248 165 1275 teacta
186 1240 282 1274 mala
303 1240 400 1283 flere,
424 1249 459 1275 et
479 1241 596 1275 flenda
618 1242 750 1276 iterum
771 1253 845 1276 non
868 1244 1095 1276 committere
1126 1253 1157 1274 »t
1188 1242 1248 1275 sed
1277 1253 1361 1275 vera
1387 1241 1608 1287 poenitentia

47 1305 120 1328 non
143 1301 195 1328 est
213 1294 288 1328 sine
311 1294 503 1337 charitate3
526 1306 612 1341 ergo
636 1295 808 1340 gaudium
832 1295 1014 1329 charitatis
1035 1295 1143 1329 habet
1157 1295 1319 1329 tristitiae
1335 1295 1607 1328 admixtionem.

123 1358 152 1392 3.
174 1347 410 1382 PRAETEREA.
434 1348 484 1382 Ex
512 1349 685 1382 charitate
713 1349 901 1394 contingit,
932 1349 1028 1395 quod
1057 1348 1184 1394 aliquis
1213 1349 1391 1382 desiderat
1420 1360 1497 1382 esse
1525 1360 1608 1382 cum

51 1401 209 1443 Christo,
240 1402 439 1435 secundum
474 1402 562 1436 illud
597 1403 727 1449 Philip.
759 1414 805 1437 1.:
834 1403 1043 1437 Dasidcrimn
1070 1403 1190 1437 hahens
1218 1402 1361 1444 dissolvi,
1392 1408 1422 1437 et
1445 1415 1505 1437 csse
1534 1414 1608 1437 cum

2 1460 6 1499 ί,
51 1454 204 1489 Christo:
224 1455 286 1489 sed
309 1467 351 1489 ex
372 1455 440 1489 isto
464 1456 640 1490 desiderio
659 1458 818 1502 sequitur
833 1458 867 1490 in
882 1457 1032 1490 homine
1049 1457 1227 1502 quaedam
1241 1456 1392 1497 tristitia,
1408 1456 1607 1490 secundum

3 1499 7 1583 ι
48 1507 135 1541 illud
158 1507 214 1542 Ps.
242 1519 253 1541 1
265 1519 334 1554 19.:
358 1509 432 1542 Heu
451 1510 544 1551 mihi,
562 1511 640 1554 quia
654 1510 812 1544 ‘incolatus
831 1510 1142 1556 nmtsprolongatus
1155 1515 1220 1550 est;
1238 1521 1323 1555 ergo
1341 1510 1512 1555 gaudium
1527 1509 1609 1543 cha-

4 1586 8 1603 .,
49 1561 160 1594 ritatis
182 1561 308 1606 recipit
330 1561 589 1596 admixtionem
611 1563 785 1596 tristitiae.

121 1614 195 1648 SED
219 1625 373 1649 CONTRA
393 1623 455 1655 est,
479 1616 573 1660 quod
589 1616 762 1661 gaudium
778 1615 960 1650 charitatis
975 1623 1028 1649 est
1042 1616 1214 1661 gaudium
1230 1616 1272 1650 de
1288 1616 1406 1650 divina
1417 1616 1607 1662 sapientia:

6 1679 8 1693 s
48 1667 111 1701 sed
132 1667 341 1713 hujusmodi
362 1668 535 1713 gaudium
556 1679 630 1702 non
651 1669 760 1702 habet
781 1669 1060 1714 permixtionem
1088 1669 1264 1711 tristitiae,
1294 1670 1493 1703 secundum
1519 1669 1607 1703 illud

6 1710 9 1740 ³·
50 1720 133 1766 Sap.
156 1719 210 1755 8.:
234 1721 311 1754 Non
333 1721 429 1755 habat
449 1721 705 1756 amaritudinmn
733 1724 939 1757 conversatio
968 1723 1075 1763 illius,·
1107 1734 1192 1769 ergo
1223 1723 1397 1768 gaudium
1425 1723 1608 1758 charitatis

49 1784 124 1807 non
145 1773 276 1819 patitur
297 1774 576 1819 permixtionem
597 1775 771 1809 tristitiae.

125 1826 354 1861 RESPONDEO
374 1827 578 1869 dicendum,
598 1828 695 1873 quod
711 1840 752 1862 ex
767 1828 941 1862 charitate
958 1837 1126 1863 causatur
1139 1829 1256 1875 duplex
1271 1829 1442 1875 gaudium
1458 1830 1500 1864 de
1516 1830 1608 1871 Deo,

9 1883 11 1895 ’
47 1880 140 1914 sicut
160 1891 266 1926 supra
288 1880 424 1914 dictum
447 1888 500 1914 est
521 1881 604 1924 (art.
618 1887 729 1927 praec.
749 1881 791 1915 acl
807 1882 865 1927 3).
894 1882 1004 1916 Unum
1027 1882 1171 1927 quidem
1200 1882 1409 1929 principale,
1431 1883 1528 1929 quod
1557 1891 1610 1918 est

10 1942 16 1983 3*
47 1933 233 1979 proprium
256 1933 457 1976 charitatis;
477 1945 548 1980 quo
572 1934 710 1969 scilicet
728 1935 928 1979 gaudemus
947 1935 990 1968 de
1006 1935 1103 1969 bono
1118 1935 1241 1969 divino
1256 1937 1455 1970 secundum
1471 1948 1509 1971 se
1527 1948 1609 1970 con-

10 1987 13 2004 *
47 1986 224 2020 siderato:
248 1994 282 2020 et
302 1986 373 2020 tale
396 1987 568 2032 gaudium
587 1988 770 2022 charitatis
789 1988 1069 2034 permixtionem
1087 1989 1249 2023 tristitiae
1264 2001 1337 2023 non
1352 1990 1502 2036 patitur3
1518 1990 1609 2024 sicut

12 2043 14 2052 '
47 2050 114 2073 nec
135 2038 223 2073 illud
244 2039 393 2081 bonum,
417 2040 459 2074 de
479 2052 550 2086 quo
566 2042 752 2086 gaudetur,
770 2049 889 2087 potest
903 2041 1062 2088 aliquam
1077 2042 1164 2076 mali
1179 2043 1439 2078 admixtionem
1454 2044 1608 2087 habere3

13 2113 15 2138 3
50 2100 85 2126 et
103 2092 185 2126 ideo
208 2093 333 2139 Apost.
357 2093 442 2128 dicit
464 2094 507 2127 ad
528 2094 659 2140 Philip.
682 2105 732 2137 4:
759 2095 903 2130 Gaudete
924 2097 959 2129 in
974 2096 1122 2130 Domino
1140 2103 1276 2143 semper.
1296 2097 1400 2131 Aliud
1419 2106 1540 2131 autem
1556 2106 1609 2132 est

13 2143 15 2187 '1
49 2145 220 2190 gaudium
243 2146 437 2188 charitatis,
461 2158 532 2193 quo
555 2147 687 2193 gaudet
705 2147 832 2194 aliquis
855 2149 898 2182 de
919 2149 1016 2182 bono
1040 2149 1174 2191 divino,
1197 2150 1397 2184 secundum
1416 2151 1512 2197 quod
1530 2163 1607 2197 par-

14 2199 17 2243 ]
48 2198 214 2245 ticipatur
236 2211 255 2233 a
275 2200 396 2234 nobis:
418 2200 509 2234 haec
533 2209 653 2234 autem
675 2201 901 2247 participatio
926 2210 1045 2247 potest
1064 2203 1229 2248 impediri
1260 2215 1322 2249 per
1352 2203 1497 2250 aliquod
1525 2216 1609 2238 con-

16 2262 17 2284 :
48 2252 216 2295 trarium;
239 2260 273 2286 et
293 2253 375 2287 ideo
398 2265 439 2287 ex
460 2254 529 2287 hac
544 2262 643 2299 parte
660 2255 833 2300 gaudium
849 2255 1032 2289 charitatis
1047 2264 1166 2302 potest
1179 2256 1311 2291 habere
1327 2258 1605 2303 permixtionem

48 2305 228 2348 tristitiae3
247 2314 354 2352 prout
374 2306 511 2340 scilicet
533 2306 660 2353 aliquis
681 2308 840 2341 tristatur
861 2309 904 2342 de
923 2319 980 2350 eo,
1010 2310 1107 2354 quod
1137 2318 1313 2356 repugnat
1338 2311 1607 2357 participationi

18 2362 19 2368 ¹
49 2357 160 2392 divini
179 2359 276 2400 boni,
295 2359 353 2393 vel
373 2359 409 2393 in
431 2360 546 2401 nobis,
567 2360 627 2394 vel
646 2360 683 2394 in
702 2361 886 2406 proximis,
909 2373 999 2407 quos
1018 2370 1205 2408 tamquam
1227 2363 1396 2409 nosipsos
1413 2364 1606 2410 diligimus.

119 2411 179 2446 AD
200 2422 350 2447 PRIMUM
371 2423 458 2458 ergo
481 2413 686 2455 dicendum,
709 2414 805 2459 quod
826 2413 930 2449 fletus
956 2415 1113 2460 proximi
1138 2427 1212 2450 non
1239 2424 1292 2450 est
1320 2417 1388 2451 nisi
1415 2417 1457 2451 de
1485 2417 1606 2462 aliquo

49 2463 166 2498 malo:
189 2476 298 2499 omne
321 2473 439 2499 autem
463 2466 602 2500 malum
631 2467 804 2512 importat
830 2467 1012 2501 defectum
1035 2469 1320 2515 participationis
1346 2470 1480 2504 summi
1501 2470 1606 2503 boni:

50 2525 85 2551 et
103 2517 186 2552 ideo
207 2518 387 2552 intantum
408 2518 494 2553 facit
524 2520 678 2554 charitas
706 2520 902 2554 condolere
931 2522 1110 2567 proximo,
1138 2522 1354 2568 inquantum
1381 2523 1606 2569 participatio

49 2570 161 2604 divini
179 2571 267 2605 boni
288 2572 323 2605 in
346 2582 389 2605 eo
416 2572 620 2618 impeditur.

120 2624 180 2658 AD
207 2635 413 2659 SECUNDUM
432 2625 636 2668 dicendum,
659 2626 755 2672 quod
777 2635 927 2672 peccata
949 2628 1111 2662 dividunt
1132 2628 1222 2662 inter
1244 2640 1322 2670 nos,
1350 2636 1385 2662 et
1410 2629 1542 2671 Deum,
1570 2636 1608 2663 ut

24 2698 25 2722 1
50 2675 178 2710 dicitur
197 2677 310 2710 Isaiae
337 2689 408 2723 59.;
431 2686 464 2711 et
486 2678 567 2712 ideo
597 2679 687 2713 haec
719 2687 770 2713 est
798 2680 889 2714 ratio
919 2680 1065 2715 dolendi
1087 2681 1129 2715 de
1152 2682 1307 2727 peccatis
1326 2682 1523 2726 praeteritis
1546 2693 1608 2716 no-

24 2730 25 2735 ’
49 2730 141 2772 stris,
161 2730 219 2764 vel
242 2731 351 2764 etiam
373 2731 539 2774 aliorum,
560 2733 774 2778 inquantum
795 2745 858 2779 per
880 2745 922 2768 ea
935 2734 1155 2780 impedimur
1170 2746 1189 2767 a
1203 2734 1476 2780 participatione
1496 2735 1606 2769 divini

49 2783 146 2817 bonL

27 2840 32 2843 ”
121 2836 180 2870 AD
203 2846 374 2871 TERTIUM
396 2837 600 2880 dicendum,
622 2839 719 2885 quod
741 2840 905 2885 quamvis
926 2841 961 2874 in
984 2839 1144 2873 incolatu
1166 2840 1272 2885 hujus
1294 2840 1460 2875 miseriae
1483 2840 1603 2887 aliquo

51 2888 162 2923 modo
189 2889 445 2936 participemus
472 2891 633 2925 divinum
660 2892 797 2926 bonum
824 2904 887 2938 per
914 2893 1175 2938 cognitionem,
1205 2901 1239 2927 et
1272 2905 1456 2936 amorem,
1482 2903 1604 2931 tamen
