1859 3122
207 139 291 196 838
590 152 810 188 QUAESTIO
845 152 995 182 cxxm.
1027 152 1272 183 ART1eULus
1305 153 1378 184 vn.

778 302 1121 347 ARTICULUS
1149 303 1248 346 VII.
1693 316 1758 363 623

265 410 416 440 UTRUM
448 409 602 440 FORTIS
637 410 864 441 OPERETUR
890 411 1086 441 PROPTER
1118 411 1272 442 BONUM
1303 411 1474 442 PROPRII
1500 412 1700 443 HABITUS.

275 497 335 531 AD
357 507 549 532 SEPTIMUM
571 497 622 532 sic
654 498 870 544 proceditur.
890 498 1051 542 Videtur,
1074 500 1171 546 quod
1203 499 1304 534 fortis
1325 511 1399 534 non
1421 509 1589 547 operetur
1617 509 1763 548 propter

203 551 340 584 bonum
362 551 496 597 proprii
518 551 679 586 habitus:
702 552 782 586 finis
818 552 914 586 enim
935 553 971 586 in
993 553 1097 588 rebus
1121 554 1268 599 agendis
1290 554 1355 588 etsi
1391 554 1435 588 sit
1461 555 1558 600 prior
1589 555 1626 588 in
1651 555 1763 590 inten-

203 605 312 646 tione,
333 612 385 638 est
405 612 527 638 tamen
549 605 727 651 posterior
748 605 783 639 in
812 607 1042 641 executione:
1058 607 1119 641 sed
1143 615 1240 642 actus
1259 606 1474 642 fortitudinis
1493 608 1529 641 in
1551 609 1761 643 executione

204 667 256 692 est
293 659 481 705 posterior,
515 670 625 705 quam
662 659 738 706 ipse
764 659 981 694 fortitudinis
1007 661 1166 704 habitu53
1195 672 1269 695 non
1303 672 1389 707 ergo
1423 669 1542 708 potest
1568 673 1644 696 esse
1665 662 1761 709 quod

202 711 302 746 fortis
324 720 408 757 agat
428 719 575 758 propter
595 713 733 746 bonum
755 714 889 760 proprii
910 714 1063 748 habitus.

277 775 307 799 2.
326 765 562 800 PRAETEREA.
585 766 678 812 Aug.
704 766 789 801 dicit
807 777 857 812 13.
879 767 921 801 de
945 766 1045 801 Trin.
1071 768 1162 813 (cap.
1184 768 1249 814 3).-
1279 781 1296 800 «
1317 767 1487 810 Virtutes,
1510 780 1596 814 quas
1617 776 1762 815 propter

202 818 318 853 solam
340 819 599 853 beatitudinem
623 831 800 862 amamus,
831 820 879 854 sic
907 821 1121 867 persuadere
1144 821 1291 867 quidam
1320 821 1424 855 nobis
1453 822 1596 864 audent,
1624 821 1762 857 scilicet

202 872 333 907 dicendo
353 884 404 907 eas
415 878 554 919 propter
573 885 603 907 se
630 874 835 920 appetendas,
868 882 905 908 ut
926 875 1041 920 ipsam
1062 875 1321 909 beatitudinem
1347 886 1422 908 non
1449 886 1612 909 amemus
1629 887 1636 909 :
1665 876 1760 922 quod

202 926 231 960 si
252 925 396 967 faciant,
416 926 525 960 etiam
546 927 641 973 ipsas
663 938 785 961 amare
807 929 928 974 utique
951 928 1167 970 desistimus,
1190 928 1334 974 quando
1356 928 1468 970 illam,
1490 937 1635 976 propter
1651 940 1760 975 quam

201 978 319 1014 solam
346 979 430 1014 istas
458 981 672 1022 amavimus,
706 992 780 1014 non
808 992 973 1015 amamus
995 994 1033 1016 >);
1056 982 1117 1016 sed
1139 981 1312 1016 fortitudo
1344 989 1396 1016 est
1426 982 1604 1028 quaedam
1625 982 1760 1025 virtus;

202 1043 289 1078 ergo
317 1041 416 1067 actus
438 1032 654 1068 fortitudinis
680 1045 755 1068 non
782 1042 835 1069 est
861 1035 905 1069 ad
930 1035 1047 1081 ipsam
1073 1034 1333 1077 fortitudinem,
1348 1036 1410 1070 sed
1431 1035 1476 1069 ad
1500 1035 1761 1071 beatitudinem

201 1085 418 1120 referendus.

277 1151 305 1186 3.
327 1140 563 1175 PRAETEREA.
585 1140 681 1187 Aug.
703 1141 789 1175 dicit
813 1141 850 1175 in
878 1141 937 1176 lib.
961 1141 1004 1176 de
1024 1142 1117 1176 Mor.
1140 1141 1237 1176 Eccl.
1259 1141 1348 1188 (cap.
1370 1142 1443 1188 15.)‚
1472 1142 1569 1188 quod
1587 1141 1760 1178 fortitudo

203 1201 256 1228 est
278 1205 382 1228 amor
408 1194 532 1227 onmia
557 1202 702 1241 propter
727 1195 849 1229 Deum
874 1194 979 1229 facile
1006 1195 1205 1241 perferens:
1230 1195 1330 1230 Deus
1358 1203 1479 1230 autem
1505 1207 1580 1230 non
1607 1204 1660 1231 est
1684 1197 1761 1243 ipse

201 1246 344 1281 habitus
369 1246 599 1289 fortitudinis,
626 1248 688 1282 sed
719 1247 853 1294 aliquid
883 1248 1031 1290 melius;
1054 1249 1146 1282 sicut
1167 1256 1310 1295 oportet
1331 1248 1440 1283 finem
1470 1249 1660 1284 meliorem
1683 1261 1760 1284 esse

200 1301 268 1344 his,
295 1313 386 1348 quae
407 1310 489 1336 sunt
511 1302 554 1335 ad
571 1301 700 1344 finem;
722 1313 796 1336 non
816 1313 902 1347 ergo
923 1302 1025 1337 fortis
1041 1303 1114 1348 agit
1133 1310 1279 1348 propter
1299 1302 1436 1336 bonum
1458 1302 1592 1349 proprii
1606 1303 1758 1338 habitus.

274 1355 347 1389 SED
376 1365 531 1390 CONTRA
553 1363 616 1398 est,
639 1355 736 1401 quod
758 1354 894 1389 Philos.
923 1355 1009 1389 dicit
1033 1355 1070 1389 ‘m
1095 1367 1123 1401 3.
1146 1355 1261 1389 Ethic.
1285 1355 1372 1402 (cap.
1396 1355 1443 1402 7.)
1466 1356 1563 1402 quod
1587 1355 1672 1391 forti
1690 1356 1760 1391 for·

203 1408 316 1442 titudo
344 1416 396 1442 est
420 1408 577 1450 bonum3
599 1408 679 1442 talis
702 1416 823 1442 autem
845 1416 898 1443 est
923 1408 1014 1443 finis.

271 1461 500 1496 RESPONDEO
523 1462 727 1503 dicendum,
740 1461 835 1507 quod
850 1461 966 1508 duplex
989 1470 1041 1496 est
1062 1461 1162 1504 finis;
1181 1461 1334 1496 scilicet:
1351 1463 1539 1508 proximus,
1556 1470 1591 1497 et
1607 1462 1758 1499 ultimus.-

200 1515 280 1549 finis
296 1523 417 1549 autem
432 1515 617 1561 proximus
632 1515 912 1561 uniuscujusque
936 1516 1072 1561 agentis
1087 1523 1150 1557 est,
1173 1523 1211 1549 ut
1228 1515 1500 1549 similitudinem
1515 1527 1600 1550 suae
1620 1515 1759 1551 formae

200 1569 237 1603 in
260 1568 412 1603 alterum
434 1569 597 1603 inducat:
621 1570 711 1603 sicut
725 1568 804 1603 finis
819 1569 911 1614 ignis
927 1568 1169 1603 calefacientis
1193 1576 1255 1611 est,
1270 1577 1308 1603 ut
1328 1568 1474 1603 inducat
1488 1568 1759 1604 similitudinem

202 1623 257 1657 sui
279 1623 409 1657 caloris
430 1623 467 1656 in
488 1623 661 1670 patiente:
684 1630 718 1657 et
740 1622 819 1656 finis
842 1622 1080 1657 aedificatoris
1097 1631 1159 1665 est,
1171 1631 1209 1657 ut
1221 1622 1368 1657 inducat
1381 1622 1653 1657 similitudinem
1674 1635 1759 1658 suae

203 1676 286 1710 artis
303 1676 340 1710 in
355 1677 524 1710 materia:
547 1677 801 1723 quodcumque
817 1684 939 1710 autem
959 1676 1098 1710 bonum
1113 1687 1154 1710 ex
1168 1676 1238 1710 hoc
1262 1676 1432 1722 sequitur,
1459 1676 1488 1710 si
1505 1676 1549 1710 sit
1569 1677 1758 1720 intentum,

200 1738 320 1776 potest
338 1730 409 1764 dici
429 1730 509 1764 finis
536 1738 697 1764 remotus
720 1729 877 1775 agentis:
905 1731 997 1764 sicut
1019 1738 1139 1763 autem
1156 1729 1193 1763 in
1211 1729 1426 1764 factibilibus
1441 1731 1592 1764 materia
1606 1730 1761 1765 exterior

201 1784 400 1829 disponitur
432 1795 494 1830 per
521 1792 655 1818 artem:
682 1783 731 1817 ita
758 1783 865 1817 etiam
893 1783 928 1816 in
956 1782 1144 1829 agibilibus
1171 1794 1234 1829 per
1268 1783 1494 1828 prudentiam
1521 1783 1760 1830 disponuntur

201 1846 300 1872 actus
327 1837 497 1880 humani3
524 1838 573 1871 sic
602 1848 689 1883 ergo
711 1837 904 1871 dicendum
927 1845 990 1879 est,
1005 1837 1103 1882 quod
1123 1836 1224 1871 fortis
1246 1837 1336 1871 sicut
1357 1837 1562 1883 proximum
1583 1837 1694 1872 finem
1711 1838 1760 1871 in-

199 1891 323 1932 tendit,
350 1899 388 1925 ut
414 1890 687 1925 similitudinem
714 1891 768 1924 sui
793 1891 935 1924 habitus
962 1890 1138 1936 exprimat
1163 1890 1199 1923 in
1225 1898 1325 1933 actu3
1352 1890 1504 1925 intendit
1530 1891 1626 1925 enim
1653 1902 1758 1938 agere

201 1944 401 1978 secundum
424 1945 715 1979 convenientiam
737 1944 792 1979 sui
812 1944 972 1978 habitus:
995 1943 1075 1978 finis
1097 1952 1219 1979 autem
1239 1952 1401 1978 remotus
1423 1951 1474 1978 est
1491 1944 1686 1987 beatitudo,
1701 1944 1759 1979 vel

199 1997 310 2032 Deus.

270 2052 314 2086 Et
331 2063 393 2098 per
406 2052 478 2086 hoc
501 2060 598 2098 patet
621 2053 808 2098 responsio
825 2062 875 2086 AD
891 2061 1073 2098 OBJECTA:
1089 2063 1175 2085 nam
1193 2053 1308 2098 prima
1326 2051 1417 2086 ratio
1432 2051 1658 2097 procedebat,
1673 2063 1714 2086 ac
1728 2052 1758 2086 si

199 2105 276 2151 ipsa
298 2105 452 2140 essentia
465 2106 607 2139 habitus
630 2114 723 2140 esset
744 2105 834 2147 finis,
856 2116 930 2139 non
946 2113 1067 2139 autem
1088 2104 1285 2140 similitudo
1308 2106 1382 2151 ejus
1400 2106 1434 2139 in
1457 2113 1549 2147 actu,
1565 2113 1603 2140 ut
1620 2104 1754 2140 dictum

201 2166 275 2194 est:
301 2159 387 2194 αΖίιιε
412 2170 498 2193 vero
520 2159 601 2193 dnae
627 2159 825 2205 procedunt
847 2159 890 2193 de
912 2158 982 2192 fine
1008 2158 1148 2192 ultimo.

737 2282 1080 2326 ARTICULUS
1114 2282 1236 2324 VIII.
1686 2293 1756 2337 624

488 2389 640 2420 UTRUM
666 2389 820 2419 Fossrts
848 2390 1139 2420 DELECTETUR
1162 2389 1206 2420 IN
1229 2389 1312 2419 suo
1340 2389 1474 2419 ACTU.

270 2477 329 2511 AD
357 2488 545 2512 OCTAVUM
567 2477 615 2511 sic
631 2477 845 2522 proceditur.
869 2476 1030 2517 Videtur,
1054 2477 1149 2523 quod
1172 2476 1272 2511 fortis
1295 2477 1490 2511 delectetur
1511 2477 1546 2511 in
1567 2488 1632 2511 suo
1655 2484 1755 2512 actu:

199 2530 389 2564 delectatio
406 2531 501 2564 enim
518 2539 569 2564 est
583 2531 743 2575 operatio
764 2530 1006 2564 connaturalis
1021 2531 1162 2564 habitus
1181 2541 1254 2564 non
1270 2531 1451 2575 impedita,
1466 2539 1503 2564 ut
1515 2530 1642 2564 dicitur
1652 2530 1688 2564 in
1704 2541 1754 2565 10.

200 2584 278 2617 Eth.
302 2585 391 2630 (rap.
414 2596 445 2628 4.
474 2584 506 2618 6.
529 2590 558 2618 ct
583 2584 652 2628 S.).·
673 2584 734 2617 sed
751 2584 912 2629 operatio
930 2583 1028 2617 sortis
1052 2584 1214 2629 procedit
1235 2595 1276 2617 ex
1298 2584 1432 2625 habitu,
1448 2584 1508 2630 qui
1530 2584 1604 2630 agit
1623 2584 1659 2617 in
1681 2595 1757 2618 rno-

199 2638 282 2670 dum
307 2647 473 2679 naturae3
501 2649 588 2682 ergo
616 2637 714 2671 fortis
742 2637 849 2670 habet
871 2637 1148 2671 delectationem
1176 2638 1211 2670 in
1238 2649 1303 2671 suo
1332 2646 1423 2671 actu.

270 2701 300 2724 2.
323 2691 557 2725 PRAETEREA.
585 2691 642 2724 Ad
674 2690 792 2725 Galat.
819 2701 846 2734 5.
873 2701 978 2735 super
1008 2690 1109 2724 illud:
1138 2691 1283 2725 Fructus
1312 2696 1419 2724 antam
1447 2691 1580 2736 spiritus
1609 2695 1652 2724 est
1683 2691 1755 2725 cha-

200 2745 289 2785 ritas,
323 2744 494 2788 gaudium,
518 2751 599 2790 pax,
631 2744 716 2777 dicit
744 2744 910 2777 Ambros.
935 2744 1029 2788 quod
1056 2757 1073 2775 ι(
1094 2755 1202 2789 opera
1224 2744 1395 2778 virtutum
1418 2744 1583 2778 dicuntur
1608 2743 1754 2785 fructus,

199 2798 281 2842 quia
300 2806 460 2831 mentem
474 2797 633 2831 hominis
647 2805 781 2839 sancta,
796 2805 831 2831 et
848 2797 985 2830 sincera
1003 2796 1241 2830 delectatione
1258 2797 1450 2831 reficiunt»
1465 2809 1473 2840 3
1488 2797 1550 2831 sed
1563 2795 1664 2831 fortis
1681 2797 1754 2843 agit

200 2861 307 2896 opera
329 2851 485 2893 virtutiS;
507 2862 595 2896 ergo
622 2851 730 2885 habet
756 2850 1036 2884 delectationem
1059 2850 1093 2883 in
1116 2861 1181 2884 suo
1205 2858 1296 2884 actu.
