1859 3122
192 137 275 179 288
584 147 805 183 QUAESTIO
839 147 987 177 xxxrv.
1021 147 1266 178 ARTICULUS
1299 147 1359 177 111.

263 239 293 264 2.
316 229 551 263 PRAETEREA.
574 227 675 261 Nihil
695 235 815 274 potest
832 239 909 262 esse
930 236 1132 274 peccatum,
1154 227 1190 261 in
1212 239 1283 273 quo
1310 228 1432 262 Deum
1458 227 1660 263 imitamur:
1687 228 1749 263 sed

190 283 365 316 imitando
386 283 519 323 Deum,
541 281 718 327 quosdam
741 281 826 316 odio
847 282 1042 316 habemus:
1071 282 1199 315 dicitur
1221 281 1319 315 enim
1340 281 1517 316 Rom..1.:
1540 282 1751 317 Detractores

190 336 261 370 Deo
284 336 436 375 odibiles,-
459 346 546 380 ergo
565 346 756 381 possumus
781 334 920 381 aliquos
943 336 1027 369 odio
1050 335 1182 368 habere
1206 335 1338 380 absque
1360 343 1521 381 peccato.

260 400 291 434 3.
313 389 548 423 PRAETEREA.
571 387 672 422 Nihil
693 388 911 422 naturalium
934 398 986 423 cst
1007 396 1214 435 peccatum:
1234 390 1317 434 quia
1336 397 1526 434 peccatum
1545 396 1598 423 est
1613 400 1750 424 recessus

189 443 228 476 ab
251 454 298 484 eo,
321 442 405 487 quod
425 447 469 476 est
489 442 662 476 saczcndum
681 447 850 484 naturam,
872 451 909 476 ut
931 443 1100 476 Damasc.
1124 443 1210 476 dicit
1228 442 1263 475 in
1279 452 1309 475 2.
1327 441 1385 476 lib.
1402 442 1519 487 (Orth.
1539 442 1612 476 Fid.
1628 449 1700 489 cap.
1715 454 1748 487 4.

188 501 217 530 ct
234 507 284 541 30.
304 500 331 529 et
353 496 408 529 lib.
429 506 462 539 4.
485 501 555 541 cap.
575 496 656 540 21.).·
676 495 735 529 sed
759 495 920 529 naturale
943 504 996 530 est
1018 496 1210 541 unicuique
1233 495 1294 537 rei,
1311 496 1406 541 quod
1423 495 1521 529 odiat
1534 495 1636 539 illud,
1651 495 1749 542 quod

189 557 241 583 est
262 549 328 582 sibi
349 551 582 591 contrarium,
601 557 634 583 et
656 550 751 595 quod
773 550 905 583 nitatur
927 550 969 583 ad
993 551 1067 595 ejus
1090 549 1381 595 corruptionem3
1404 561 1491 595 ergo
1513 549 1655 584 videtur
1673 561 1748 584 non

190 614 267 637 esse
289 611 489 648 peccatum,
512 604 608 649 quod
631 603 756 650 aliquis
774 604 905 638 habeat
926 604 1011 638 odio
1034 604 1222 638 inimicum
1245 616 1361 638 suum.

261 656 335 690 SED
365 667 519 691 CONTRA
542 665 604 699 est,
627 657 723 702 quod
745 657 873 692 dicitur
899 669 925 691 1.
944 657 1046 702 Joan.
1070 668 1120 691 2.:
1145 659 1215 702 Qui
1237 658 1305 692 odit
1318 658 1463 704 fratrem
1484 670 1594 701 suum,
1612 659 1648 692 in
1670 663 1750 693 tene-

190 711 256 744 bris
277 714 339 744 est:
362 710 423 744 sed
442 710 609 744 tenebrae
628 710 829 756 spirituales
849 718 929 745 suut
943 720 1111 756 peccata;
1131 722 1217 757 ergo
1234 711 1358 745 odium
1372 711 1526 758 proximi
1543 723 1618 746 non
1631 719 1751 758 potest

190 774 269 797 esse
291 763 367 797 sine
389 771 552 809 peccato.

259 816 488 852 RESPONDEO
511 817 715 861 dicendum,
738 818 834 864 quod
856 818 981 852 odium
1003 819 1120 853 amori
1139 818 1344 864 opponitur,
1364 826 1402 852 ut
1419 829 1525 865 supra
1547 818 1682 853 dictum
1697 826 1750 854 est

191 870 267 914 (1-2.
290 883 319 916 q.
341 882 396 916 29.
420 876 482 905 art.
505 871 576 915 2.),·
596 871 690 905 unde
708 879 847 906 tantum
866 872 974 906 habet
992 873 1116 907 odium
1132 873 1174 906 de
1189 873 1328 906 ratione
1344 872 1442 914 mali,
1457 880 1631 918 quantum
1646 884 1750 907 amor

189 924 298 958 habet
319 924 362 958 de
384 924 522 958 ratione
544 925 648 958 boni:
672 936 775 958 amor
798 933 918 959 autem
945 926 1093 960 debetur
1121 926 1287 971 proximo
1318 925 1520 960 secundum
1540 925 1588 968 id,
1610 925 1707 972 quod
1729 937 1749 960 a

189 978 270 1012 Deo
291 977 410 1020 habet,
432 978 523 1012 idest
544 978 744 1013 secundum
765 987 943 1022 naturam,
958 988 993 1013 et
1008 979 1180 1025 gratiam:
1201 991 1275 1014 non
1291 987 1411 1014 autem
1427 980 1573 1014 debetur
1595 979 1628 1014 ei
1645 990 1750 1014 amor

189 1031 388 1065 secundum
410 1031 456 1073 id,
479 1031 576 1077 quod
596 1031 705 1066 habet
727 1044 745 1065 a
768 1032 898 1078 seipso,
921 1041 956 1067 et
977 1033 1135 1075 diabolo,
1158 1032 1295 1067 scilicet
1324 1033 1524 1067 secundum
1545 1041 1748 1079 peccatum,

189 1092 224 1119 et
243 1085 398 1131 justitiae
421 1084 620 1128 defectum;
643 1093 677 1120 et
697 1086 778 1119 ideo
801 1085 884 1120 licet
905 1086 1037 1120 habere
1060 1086 1145 1121 odio
1168 1094 1357 1132 peccatum
1380 1087 1416 1120 in
1437 1085 1556 1129 fratre,
1583 1094 1618 1121 et
1639 1097 1748 1121 omne

188 1138 276 1172 illud
298 1138 394 1184 quod
416 1139 568 1184 pertinet
590 1138 633 1172 ad
655 1138 835 1173 defectum
856 1139 1027 1185 justitiae:
1050 1140 1112 1174 sed
1133 1140 1249 1185 ipsam
1268 1148 1446 1182 naturam,
1461 1148 1495 1174 et
1513 1140 1667 1186 gratiam
1682 1139 1749 1174 fra-

188 1192 250 1226 tris
271 1203 345 1226 non
366 1200 484 1238 potest
505 1191 632 1238 aliquis
653 1192 786 1227 habere
808 1193 892 1227 odio
915 1194 990 1227 sine
1011 1201 1181 1239 peccato:
1203 1193 1273 1227 hoc
1297 1201 1418 1228 autem
1445 1193 1564 1240 ipsum
1591 1193 1689 1240 quod
1709 1193 1746 1227 in

188 1245 295 1280 fratre
317 1245 460 1279 odimus
483 1245 638 1291 culpam,
654 1254 688 1280 et
709 1245 890 1280 defectum
907 1246 1004 1288 boni,
1020 1247 1172 1292 pertinet
1186 1247 1230 1280 ad
1243 1246 1358 1281 fratris
1380 1258 1564 1281 amorem:
1586 1246 1747 1293 ejusdem

191 1300 286 1333 enim
313 1299 461 1333 rationis
489 1307 551 1341 est,
578 1299 674 1345 quod
700 1299 854 1334 velimus
880 1300 1017 1333 bonum
1045 1299 1207 1345 alicujus,
1234 1308 1268 1334 et
1294 1300 1390 1346 quod
1418 1300 1583 1334 odiamus
1610 1300 1749 1334 malum

190 1352 319 1398 ipsius3
341 1353 435 1386 unde
457 1352 669 1398 simpliciter
691 1353 901 1399 accipiendo
933 1353 1057 1387 odium
1087 1353 1215 1395 fratris,
1237 1365 1380 1400 semper
1402 1362 1455 1388 est
1476 1366 1559 1388 cum
1586 1362 1749 1400 peccam.

262 1406 320 1440 AD
348 1417 497 1440 PR1MUM
519 1417 605 1451 ergo
629 1406 833 1448 dicendum,
857 1407 952 1452 quod
975 1415 1139 1452 parentes
1162 1415 1334 1452 quantum
1371 1407 1414 1441 ad
1435 1416 1602 1442 naturam
1623 1416 1658 1442 et
1679 1407 1750 1442 affi-

190 1459 351 1501 nitatem,
374 1471 443 1505 qua
469 1460 572 1493 nobis
607 1460 886 1505 conjunguntur,
921 1467 1001 1494 sunt
1037 1471 1056 1493 a
1078 1461 1182 1494 nobis
1204 1461 1403 1494 secundum
1425 1468 1658 1507 praeceptum
1678 1461 1750 1495 Dei

190 1513 406 1555 honorandi,
429 1520 466 1547 ut
487 1521 583 1559 patet
617 1513 731 1548 Exodi
749 1524 820 1548 20.:
845 1514 989 1548 odiendi
1012 1522 1133 1548 autem
1164 1522 1245 1548 sunt
1267 1522 1441 1560 quantum
1476 1515 1519 1548 ad
1541 1515 1624 1556 hoc,
1652 1515 1749 1561 quod

189 1566 489 1613 impedimentum
512 1574 692 1612 praestant
713 1567 816 1601 nobis
839 1567 1033 1600 accedendi
1056 1567 1098 1600 ad
1132 1566 1392 1613 perfectionem
1415 1567 1556 1602 divinae
1583 1568 1748 1614 justitiae.

262 1621 320 1655 AD
344 1631 549 1655 SECUNDUM
572 1620 776 1662 dicendum,
793 1620 889 1666 quod
910 1621 1009 1654 Deus
1024 1621 1060 1654 in
1083 1621 1342 1655 detractoribus
1360 1621 1444 1655 odio
1466 1621 1575 1656 habet
1593 1621 1749 1668 culpam,

189 1687 262 1709 non
283 1683 468 1709 naturam:
493 1682 526 1708 et
547 1674 597 1708 sic
620 1674 695 1708 sine
718 1674 823 1719 culpa
845 1685 1038 1720 possumus
1061 1674 1146 1708 odio
1169 1674 1389 1708 detractores
1415 1674 1558 1709 habere.

260 1729 320 1762 AD
351 1739 521 1763 TERTIUM
544 1727 748 1769 dicendum,
771 1727 867 1773 quod
890 1728 1059 1762 homines
1081 1728 1281 1761 secundum
1311 1728 1419 1769 bona,
1443 1739 1534 1774 quae
1569 1728 1703 1762 habent
1729 1739 1749 1762 a

188 1784 281 1826 Deo,
303 1795 377 1818 non
399 1792 480 1817 sunt
501 1783 604 1817 nobis
627 1783 816 1817 contrarii:
840 1782 933 1816 unde
955 1790 1130 1828 quantum
1153 1781 1197 1815 ad
1223 1781 1295 1815 hoc
1318 1790 1400 1816 sunt
1423 1781 1587 1815 amandi:
1612 1789 1750 1816 contra-

188 1838 324 1871 riantur
345 1846 466 1871 autem
488 1836 604 1879 nobis,
626 1836 825 1870 secundum
847 1835 943 1881 quod
972 1843 1097 1869 contra
1120 1846 1186 1869 nos
1208 1834 1416 1869 inimicitias
1439 1843 1625 1878 exercent3
1652 1835 1749 1881 quod

190 1891 233 1924 ad
256 1902 382 1924 eorum
405 1889 549 1936 culpam
570 1889 733 1936 pertinet,
750 1897 784 1923 et
805 1897 979 1935 quantum
1002 1888 1046 1922 ad
1067 1888 1138 1922 hoc
1157 1896 1239 1922 sunt
1257 1888 1341 1922 odio
1363 1888 1537 1922 habendi:
1560 1889 1632 1924 hoc
1652 1889 1749 1924 enim

189 1944 225 1977 in
247 1944 297 1978 eis
320 1944 493 1978 debemus
514 1943 647 1977 habere
669 1942 766 1985 odio,
788 1942 884 1988 quod
906 1942 1010 1976 nobis
1032 1950 1113 1976 sunt
1134 1941 1282 1976 inimici.

735 2059 1078 2105 ARTICULUS
1103 2060 1178 2103 IV.
1681 2069 1749 2105 206

328 2157 480 2188 UTRUM
503 2157 647 2187 ODIUM
674 2156 853 2186 PROXIMI
881 2156 947 2185 SIT
976 2155 1270 2186 GRAVISSIMUM
1298 2155 1610 2195 PECCATORUM,

548 2217 666 2252 QUAE
698 2216 741 2246 IN
768 2215 997 2245 PROXIMUM
1021 2215 1392 2244 COMMITTUNTUR.

239 2288 341 2334 (Insr.
369 2299 397 2333 q.
425 2288 490 2333 158.
513 2292 576 2321 art.
593 2298 625 2331 4.
652 2291 681 2321 et
704 2286 737 2321 6.
764 2291 791 2320 et
812 2297 872 2320 1-2.
896 2298 925 2331 q.
945 2286 1001 2329 46.
1021 2290 1084 2318 art.
1108 2285 1140 2319 6.
1167 2290 1196 2319 ct
1216 2284 1300 2318 Mill.
1321 2297 1350 2330 q.
1377 2295 1426 2319 12.
1447 2289 1509 2319 art.
1537 2295 1569 2329 4.
1592 2288 1620 2318 et
1633 2284 1692 2330 5.).

263 2370 322 2404 AD
350 2380 536 2409 QUARTUM
563 2369 612 2403 sic
636 2369 849 2415 proceditur.
877 2368 1038 2408 Videtur,
1070 2367 1165 2412 quod
1189 2367 1312 2401 odium
1334 2367 1487 2412 proximi
1521 2367 1565 2401 sit
1587 2366 1748 2412 gravissi-

192 2435 291 2457 mum
315 2431 548 2469 peccatorum
576 2434 715 2463 eorum,
748 2433 839 2468 quae
865 2422 899 2454 in
922 2421 1127 2466 proximum
1162 2421 1454 2454 committuntur:
1490 2420 1618 2454 dicitur
1651 2419 1748 2453 enim

196 2488 223 2511 1.
241 2477 343 2522 Joan.
370 2488 415 2522 3.:
442 2478 570 2519 Omnis,
593 2478 649 2521 qui
679 2476 745 2509 odit
764 2476 907 2521 fratrem
930 2487 1035 2515 snum,
1060 2474 1225 2508 limata-ida
1251 2479 1317 2508 cst:
1350 2474 1409 2508 sed
1433 2473 1672 2507 homicidium
1696 2480 1748 2506 est

191 2531 447 2574 gravissimum
473 2538 707 2575 peccatorum
728 2529 818 2562 inter
845 2540 898 2570 ea,
926 2539 1016 2574 quae
1044 2528 1319 2561 committuntur
1346 2528 1380 2561 in
1408 2527 1633 2573 proximum3
1660 2537 1746 2572 ergo

192 2592 226 2618 et
252 2584 388 2618 odium.

263 2647 293 2671 2.
320 2637 555 2672 PRAETEREA.
582 2636 784 2670 Pessimum
808 2635 1001 2682 opponitur
1023 2635 1181 2680 optimo:
1205 2635 1266 2668 sed
1289 2635 1467 2681 optimum
1490 2645 1629 2675 eorum,
1656 2644 1746 2679 quae

192 2691 356 2736 proximo
380 2690 600 2732 exhibemus,
623 2697 675 2724 est
696 2700 813 2723 amor:
837 2689 960 2723 onmia
988 2688 1084 2722 enim
1112 2687 1179 2722 alia
1203 2689 1245 2722 ad
1268 2688 1500 2722 dilectionem
1527 2687 1745 2728 referuntur;

193 2755 279 2789 ergo
302 2752 336 2778 ct
357 2744 554 2790 pessimum
574 2751 627 2777 est
653 2742 788 2777 odium.

265 2797 338 2831 SED
362 2808 527 2832 CONTRA.
550 2796 688 2831 Malum
717 2796 856 2837 dicitur,
878 2795 960 2841 quia
982 2803 1100 2836 nocet,
1131 2796 1329 2829 secundum
1357 2795 1510 2840 August.
1537 2795 1573 2828 in
1600 2793 1744 2827 Enchir.

196 2850 279 2896 (cap.
304 2852 389 2896 12.):
410 2850 470 2885 sed
486 2850 564 2897 plus
586 2850 712 2896 aliquis
733 2856 840 2884 nocet
859 2849 1024 2895 proximo
1046 2859 1108 2894 per
1123 2848 1190 2882 alia
1213 2857 1372 2895 peccata,
1395 2860 1501 2894 quam
1521 2859 1583 2894 per
1601 2846 1745 2888 odium;

1855 592 1859 655 ’ᾗ
