1859 3122
493 189 713 225 QUAESTIO
746 189 865 220 XLIII.
898 189 1142 220 ARTICULUS
1175 189 1231 219 VI.
1553 189 1631 232 331

75 269 281 304 infirmitate
304 270 476 312 humana,
498 271 698 305 secundum
726 282 833 316 quarn
857 281 876 304 a
898 269 1119 316 perfectione
1142 270 1330 305 deficiunt:
1353 281 1426 304 non
1449 277 1572 304 tamen
1599 272 1635 303 in

75 332 215 358 tantum
237 323 419 365 deficiunt,
443 332 479 358 ut
498 324 653 358 multum
677 325 717 358 ab
741 324 866 358 ordine
889 324 1038 358 rationis
1060 325 1260 365 recedatur,
1287 323 1349 357 sed
1378 323 1576 365 modicum,
1604 331 1638 357 et

74 378 218 412 leviter:
243 379 338 423 quod
362 390 435 412 non
458 387 510 412 est
531 386 605 412 tam
627 389 815 423 magnum,
846 386 884 411 ut
915 389 957 411 ex
979 378 1049 411 hoc
1073 377 1332 412 rationabiliter
1361 377 1473 423 possit
1500 377 1541 410 ab
1564 376 1636 410 alio

75 432 169 466 sumi
191 432 364 477 peccandi
388 432 544 465 occasio.

144 485 204 519 AD
227 496 374 520 Primum
397 497 484 531 ergo
506 484 711 526 dicendum,
729 484 826 530 quod
845 484 1058 518 scandalum
1080 485 1263 530 passivum
1283 495 1424 529 semper
1447 484 1488 517 ab
1513 483 1635 529 aliquo

74 538 192 572 activo
207 547 383 581 causatur3
394 539 455 573 sed
466 550 539 572 non
554 550 695 584 semper
710 538 751 571 ab
767 538 888 584 aliquo
903 537 1074 572 scandalo
1091 538 1209 572 activo
1225 537 1380 579 alterius,
1397 537 1459 571 sed
1472 537 1633 582 ejusdcm

74 592 134 638 qui
154 591 432 634 scandalizatur3
454 593 536 638 quia
558 591 694 625 scilicet
714 591 791 637 ipse
814 592 972 637 seipsum
995 591 1224 626 scandalizat.

144 646 203 679 AD
230 656 436 680 SECUNDUM
466 645 669 687 dicendum,
691 645 788 690 quod
819 645 946 679 Petrus
967 646 1132 691 peccavit
1158 645 1317 691 quidem,
1345 653 1380 678 et
1410 644 1632 691 reprehensi-

72 698 152 732 bilis
178 698 243 733 fuit
272 700 471 734 secundum
497 698 713 733 sententiam
735 698 888 744 August.
918 700 1023 745 (epist.
1050 699 1104 733 28.
1126 709 1182 742 40.
1204 709 1252 744 71.
1275 698 1317 732 ιιΖ.
1333 698 1364 732 8.
1388 710 1419 744 9.
1443 703 1470 732 εἰ
1495 699 1578 744 19),
1602 705 1637 731 et

72 752 183 798 ipsius
205 752 318 794 Pauli,
341 752 551 787 subtrahens
573 763 610 786 se
629 763 648 786 a
665 751 852 793 Gentibus,
868 760 905 785 ut
918 752 1046 785 vitaret
1067 751 1279 785 scandalum
1290 751 1534 796 Judaeorum3
1553 751 1635 797 quia

73 805 143 839 hoc
165 806 308 840 incaute
331 805 532 852 aliqualiter
552 805 716 847 faciebat,
738 805 786 839 ita
809 805 905 851 quod
929 817 970 839 ex
992 805 1063 839 hoc
1088 804 1252 839 Gentiles
1275 804 1317 838 ad
1340 804 1449 838 fidem
1470 805 1637 838 conversi

73 859 425 894 scandalizabantur:
447 870 521 893 non
543 866 666 892 tamen
687 858 824 892 factum
847 858 943 892 Petri
971 866 1046 892 erat
1071 866 1147 892 tam
1173 869 1282 904 grave
1309 866 1511 903 peccatum,
1539 858 1635 904 quod

73 913 203 947 merito
222 921 368 959 possent
386 912 446 946 alii
463 912 718 954 scandalizari3
740 912 834 946 unde
857 912 1083 958 patiebantur
1104 910 1318 946 scandalum
1339 913 1541 957 passivum:
1560 922 1635 945 non

73 974 192 1000 autem
215 974 290 1000 erat
310 968 345 1000 in
365 966 472 1000 Petro
493 965 705 1000 scandalum
727 966 896 999 activum.

143 1020 202 1054 AD
225 1030 395 1055 TERTIUM
417 1019 622 1061 dicendum,
638 1019 734 1065 quod
750 1027 899 1065 peccata
913 1019 1068 1053 venialia
1082 1017 1326 1065 perfectorum
1346 1018 1537 1064 praecipue
1554 1029 1635 1052 con-

71 1072 199 1107 sistunt
220 1073 256 1107 in
277 1073 401 1107 subitis
423 1072 598 1114 motibu33
621 1073 682 1118 qui
704 1084 788 1106 cum
806 1072 875 1106 sint
894 1072 1040 1115 occulti,
1059 1073 1304 1106 scandalizare
1323 1083 1397 1106 non
1417 1079 1586 1118 possunt:
1605 1072 1634 1105 si

71 1137 141 1171 qua
159 1137 245 1160 vero
260 1126 368 1160 etiam
388 1126 425 1159 in
447 1126 680 1160 exterioribus
703 1126 818 1168 dictis,
839 1125 899 1160 vel
918 1125 1022 1160 factis
1044 1125 1199 1160 venialia
1220 1133 1370 1171 peccata
1393 1126 1634 1167 committant,

70 1187 146 1213 tam
167 1178 260 1214 levia
279 1187 372 1222 sunt,
393 1187 432 1213 ut
452 1179 496 1213 de
517 1190 555 1214 se
576 1178 842 1214 scandalizandi
863 1180 1033 1214 virtutem
1054 1191 1128 1213 non
1150 1179 1317 1213 habeant.

611 1341 957 1386 ARTICULUS
991 1341 1092 1384 VH.
1565 1360 1632 1397 239

69 1461 222 1492 UTRUM
249 1461 367 1492 BONA
393 1462 664 1491 SPIRITUALIA
691 1462 788 1492 SINT
816 1462 1013 1492 PROPTER
1037 1459 1302 1491 SCANDALUM
1335 1458 1630 1488 DIMITTENDA.

174 1561 282 1605 (Part.
301 1573 329 1607 3.
351 1573 381 1607 q.
403 1572 458 1605 42.
481 1565 544 1595 art.
562 1572 593 1596 2.
612 1566 640 1595 et
660 1572 692 1605 4.
714 1561 802 1595 Dist.
821 1561 871 1607 38.
894 1572 923 1606 q.
943 1571 974 1595 2.
997 1565 1061 1594 art.
1083 1570 1116 1603 4.
1138 1564 1166 1594 et
1186 1560 1282 1594 Rom.
1306 1569 1358 1603 14.
1380 1558 1450 1593 lect.
1474 1558 1532 1604 7.).

142 1662 202 1697 AD
225 1672 416 1697 SEPTIMUM
438 1664 487 1696 sic
510 1662 726 1708 proceditur.
748 1662 910 1704 Videtur,
932 1662 1029 1708 quod
1055 1661 1152 1695 bona
1173 1660 1372 1707 spiritualia
1397 1661 1467 1694 sint
1487 1667 1633 1706 propter

70 1715 283 1750 scandalum
294 1715 517 1750 dimittenda:
529 1716 683 1762 August.
699 1716 796 1750 enirn
810 1716 847 1749 in
861 1715 921 1749 lib.
940 1727 968 1761 3.
981 1723 1107 1749 contra
1123 1715 1223 1761 epist.
1239 1713 1470 1748 Parmeniani
1486 1713 1632 1760 (cap.2.)

70 1770 188 1811 docet,
209 1769 306 1815 quod
328 1769 387 1803 ubi
408 1769 613 1803 schismatis
640 1768 841 1814 periculum
866 1769 1024 1810 timetur,
1046 1780 1066 1802 a
1093 1767 1279 1814 punitione
1306 1775 1539 1813 peccatorum
1562 1777 1633 1800 ces-

69 1823 223 1856 sandum
245 1830 314 1856 est:
337 1822 399 1856 sed
421 1822 559 1868 punitio
582 1830 817 1868 peccatorum
839 1830 892 1856 est
914 1821 1098 1868 quoddam
1116 1820 1300 1867 spirituale
1317 1821 1467 1862 bonum,
1487 1832 1571 1854 cum
1589 1820 1632 1854 sit

70 1884 169 1910 actus
190 1876 364 1921 justitiae,
387 1887 472 1921 ergo
499 1876 636 1909 bonurn
659 1875 843 1921 spirituale
866 1883 919 1909 est
938 1883 1085 1920 propter
1107 1873 1318 1909 scandalum
1341 1874 1606 1908 dimittendum.

140 1939 171 1964 2.
194 1929 429 1964 PRAETEREA.
451 1929 560 1963 Sacra
583 1929 746 1962 doctrina
768 1929 926 1962 maxime
947 1929 1089 1962 videtur
1110 1939 1187 1962 esse
1210 1927 1421 1973 spiritualis:
1444 1928 1506 1962 sed
1529 1927 1570 1961 ab
1590 1938 1631 1961 ea

69 1991 123 2017 est
143 1982 358 2017 cessandum
379 1990 524 2028 propter
545 1982 770 2024 scandalum,
793 1983 992 2016 secundum
1015 1981 1102 2015 illud
1124 1981 1252 2015 Matth.
1275 1992 1326 2026 7.:
1349 1981 1461 2016 Nolite
1481 1986 1630 2016 sanctum

69 2036 147 2071 dare
165 2037 311 2078 canibus,
334 2048 433 2081 neque
458 2037 658 2081 margaritas
679 2041 802 2070 vestras
822 2037 984 2082 spargatis
1009 2041 1084 2070 anta
1106 2041 1239 2081 porcos,
1262 2047 1301 2069 ne
1319 2036 1468 2069 conversi
1494 2034 1633 2068 disrum-

65 2094 150 2136 pant
168 2101 244 2130 v05,·
269 2100 355 2135 ergo
376 2089 513 2123 bonum
535 2088 718 2134 spirituale
742 2096 795 2123 est
816 2088 1070 2123 dimittendum
1092 2097 1237 2135 propter
1258 2087 1481 2122 scandalum.

144 2154 172 2189 3.
195 2143 430 2177 PRAETEREA.
454 2142 645 2176 Correctio
666 2141 834 2184 fraterna,
857 2154 941 2176 curn
963 2142 1007 2176 sit
1030 2150 1129 2176 actus
1156 2142 1351 2183 charitatis,
1373 2149 1426 2175 est
1447 2141 1630 2187 quoddam

69 2196 252 2244 spirituale
273 2197 430 2232 bonum:
452 2196 514 2230 sed
536 2196 717 2230 interdum
739 2207 781 2230 ex
803 2196 977 2230 charitate
999 2195 1188 2230 dimittitur
1210 2195 1253 2228 ad
1275 2195 1462 2229 vitandum
1485 2194 1630 2228 scanda-

69 2252 144 2286 lum
168 2251 335 2292 aliorum,
356 2258 396 2284 ut
415 2251 569 2296 August.
592 2250 676 2284 dicit
699 2250 734 2283 in
761 2261 788 2283 1.
811 2250 854 2283 de
877 2249 957 2283 Civ.
975 2249 1046 2283 Dei
1069 2249 1154 2295 (cap.
1171 2250 1242 2295 9.);
1267 2259 1353 2294 ergo
1374 2248 1512 2282 bonurn
1534 2247 1631 2293 spiri-

68 2305 164 2340 tuale
187 2313 240 2339 est
260 2312 403 2350 propter
424 2303 638 2338 scandalum
659 2303 924 2337 dimittendum.

139 2369 172 2401 4.
193 2358 430 2392 PRAETEREA.
454 2357 601 2391 Hieron.
618 2357 704 2390 dicit
719 2356 810 2400 (hab.
831 2358 864 2390 in
884 2357 972 2391 Glos.
989 2357 1064 2391 Nic.
1084 2357 1120 2391 de
1138 2357 1231 2403 Lyra
1248 2362 1318 2402 sup.
1336 2355 1416 2390 illud
1430 2355 1548 2389 Manli.
1563 2366 1628 2400 15.:

68 2412 193 2446 Audito
208 2411 266 2445 hoc
283 2410 510 2455 scandalizati,
530 2412 603 2456 etc.)
621 2410 717 2456 quod
735 2423 752 2441 (ι
767 2410 1021 2443 dimittendum
1040 2418 1092 2444 est
1109 2418 1255 2456 propter
1275 2408 1487 2444 scandalum
1507 2418 1628 2448 omne,

68 2465 164 2511 quod
198 2472 317 2510 potest
348 2463 583 2510 praetermitti
608 2463 708 2497 salva
733 2463 866 2508 triplici
890 2463 1052 2505 veritate,
1085 2463 1241 2498 scilicet:
1263 2463 1370 2503 vitae,
1400 2460 1563 2506 justitiae,
1596 2467 1629 2492 et

68 2518 253 2552 doctrinae
275 2530 314 2551 »2
337 2517 399 2550 sed
421 2516 584 2562 impletio
607 2516 856 2558 consiliorum,
879 2525 913 2550 et
938 2516 1079 2558 largitio
1107 2516 1423 2562 eleemosynarum
1446 2512 1628 2546 multoties

68 2579 187 2617 potest
200 2570 435 2616 praetermitti
449 2569 547 2604 salva
561 2569 693 2615 triplici
706 2570 855 2604 veritate
870 2570 1069 2615 praedicta3
1092 2569 1252 2615 alioquin
1274 2579 1416 2613 semper
1436 2572 1629 2612 peccarent

69 2635 208 2665 omnes,
223 2623 283 2669 qui
297 2623 600 2669 praetermittunt:
621 2631 655 2656 et
668 2631 790 2657 tamen
804 2623 895 2656 haec
910 2631 992 2656 sunt
1006 2623 1165 2656 maxima
1179 2623 1271 2656 inter
1286 2619 1483 2666 spiritualia
1498 2630 1627 2664 opera;

69 2688 155 2723 ergo
177 2676 374 2722 spiritualia
396 2687 504 2722 opera
525 2676 656 2710 debent
675 2676 911 2722 praetermitti
931 2685 1077 2722 propter
1095 2675 1316 2710 scandalum.

144 2741 172 2775 5.
194 2730 430 2764 PRAETEREA.
452 2729 588 2763 Vitatio
615 2729 804 2774 cujuslibet
824 2730 964 2774 peccati
986 2737 1038 2763 est
1060 2728 1243 2774 quoddam
1265 2725 1446 2772 spirituale
1468 2725 1626 2766 bonum3

69 2783 152 2829 quia
173 2782 358 2829 quodlibet
378 2790 567 2828 peccatum
589 2781 691 2816 affert
711 2783 874 2828 peccanti
896 2782 1042 2828 aliquod
1064 2780 1244 2826 spirituale
1267 2779 1540 2812 detrimentum:
1563 2778 1626 2812 sed

69 2837 219 2878 videtur,
235 2835 331 2882 quod
353 2847 418 2881 pro
432 2835 603 2869 scandalo
619 2836 773 2881 proximi
786 2836 933 2869 vitando
949 2835 1076 2869 debeat
1097 2834 1224 2878 aliquis
1243 2832 1459 2878 quandoque
1474 2842 1625 2877 peccare

68 2889 274 2932 venialiter;
296 2897 380 2936 puta
402 2901 486 2924 cum
507 2890 692 2935 peccando
707 2890 895 2924 venialiter
912 2888 1062 2934 impedit
1079 2894 1268 2932 peccatum
1288 2884 1440 2919 mortale
1460 2884 1623 2919 alterius:
