1859 3122
209 151 292 204 762
625 159 845 194 QUAESTIO
880 159 998 188 CVIII.
1024 159 1267 189 ARTICULUS
1299 159 1355 189 IV.

280 242 339 275 AD
367 251 539 275 TERTIUM
559 240 763 281 dicendum,
783 239 879 285 quod
901 239 1037 284 parvuli
1060 239 1181 273 divino
1196 239 1329 284 judicio
1349 240 1454 274 simul
1469 241 1663 286 puniuntur
1676 249 1763 276 tem-

208 294 378 342 poraliter
399 305 481 327 cum
505 293 726 339 parentibus:
755 301 831 326 tum
860 293 942 338 quia
969 301 1049 326 sunt
1075 303 1130 326 res
1157 300 1361 338 parentum,
1387 300 1421 327 et
1442 293 1477 327 in
1500 294 1549 328 eis
1571 295 1680 328 etiam
1705 306 1763 340 pa-

209 356 325 382 rentes
349 349 560 392 puniuntur:
583 354 660 379 tum
680 346 789 379 etiam
804 345 886 391 quia
908 345 978 379 hoc
1001 345 1036 378 in
1061 357 1186 379 eorum
1203 346 1342 379 bonum
1366 346 1469 388 cedit,
1490 358 1534 380 ne
1556 347 1585 381 si
1606 358 1763 382 reserva-

209 409 340 441 rentur,
351 407 468 434 essent
482 399 679 432 imitatores
696 406 865 444 paternae
881 398 1050 440 malitiae,
1067 406 1100 433 et
1111 399 1161 432 sic
1173 399 1357 444 graviores
1372 410 1507 445 poenas
1522 409 1761 434 mererentur:

209 454 245 487 in
268 454 367 487 bruta
389 464 475 486 vero
499 451 679 493 animalia,
703 459 736 486 et
762 463 1009 497 quascumque
1036 451 1123 485 alias
1149 451 1374 486 irrationales
1401 460 1580 486 creaturas
1606 453 1763 487 vindicta

210 514 404 547 exercetur,
427 505 509 551 quia
532 516 594 550 per
615 505 686 538 hoc
708 505 902 550 puniuntur
922 504 984 546 illi,
1007 516 1162 550 quorum
1184 512 1284 547 sunt;
1307 512 1342 539 et
1362 505 1492 539 iterum
1510 513 1654 551 propter
1672 505 1764 540 dete-

210 559 403 594 stationem
425 558 574 604 peccati.

280 612 339 646 AD
355 621 541 650 QUARTUM
565 611 770 652 dicendum,
793 610 889 656 quod
909 610 1050 644 coactio
1071 610 1214 645 timoris
1231 622 1308 645 non
1330 610 1415 645 facit
1435 610 1645 657 simpliciter
1665 611 1764 645 invo-

210 664 418 705 luntarium,
445 664 506 698 sed
534 664 642 698 habet
667 663 912 698 voluntarium
938 665 1101 706 mixtum,
1123 672 1161 698 ut
1182 675 1288 710 supra
1309 664 1472 698 habitum
1500 672 1552 699 est
1572 665 1651 710 (1-2.
1673 676 1702 710 q.
1729 665 1762 700 6.

211 724 274 753 art.
294 730 321 764 5.
345 723 374 752 et
396 718 458 762 6.).

282 771 340 805 AD
363 781 543 809 QUINTUM
565 770 770 811 dicendum,
791 769 886 816 quod
908 769 979 804 hoc
1002 769 1116 804 modo
1138 781 1203 815 pro
1225 777 1375 816 peccato
1393 770 1504 815 Judae
1519 770 1651 804 caeteri
1667 770 1764 816 Apo-

211 824 294 859 stoli
318 824 561 865 turbabantur,
584 824 675 857 sicut
701 835 765 869 pro
796 831 947 870 peccato
974 824 1077 857 unius
1104 824 1248 869 punitur
1277 822 1481 865 multitudo,
1516 823 1558 857 ad
1589 824 1762 858 unitatem

213 877 554 918 commendandam,
576 885 614 911 ut
635 876 771 911 dictum
794 885 846 911 est
869 876 918 920 (in
939 883 1020 922 resp.
1043 876 1085 910 acl
1110 886 1138 909 Ι.
1161 881 1188 910 et
1210 877 1271 922 2.)-

729 1144 1083 1205 QUAESTIO
1125 1143 1255 1190 cix.

410 1267 473 1297 DE
499 1266 748 1305 VERITATE,
779 1267 829 1297 IN
857 1266 1084 1306 QUATUOR
1110 1266 1370 1297 ARTICULOS
1396 1266 1569 1297 DIVISA.

285 1407 426 1441 Deinde
448 1407 751 1442 considerandum
773 1415 825 1441 est
847 1408 889 1441 de
910 1407 1072 1448 veritate,
1091 1415 1125 1441 et
1145 1407 1239 1441 vitiis
1261 1406 1446 1452 oppositis.

587 1496 689 1531 Circa
709 1498 882 1531 veritatem
903 1502 1011 1531 autem
1032 1501 1235 1542 quaeruntur
1253 1502 1406 1542 quatuor.

285 1567 420 1602 Primo.
443 1567 574 1602 Utrum
597 1569 727 1602 veritas
749 1568 793 1602 sit
809 1568 932 1602 virtus.

287 1620 467 1655 Secundo.
491 1621 622 1655 Utrum
644 1621 688 1655 sit
709 1621 875 1667 specialis
893 1622 1016 1656 virtus.

288 1672 424 1708 Tertio.
448 1674 579 1708 Utrum
602 1674 646 1708 sit
666 1686 746 1720 pars
768 1675 932 1719 justitiae.

289 1726 442 1768 Quarto.
466 1727 597 1761 Utrum
620 1727 736 1773 magis
758 1727 914 1762 declinet
934 1728 970 1762 in
998 1728 1128 1762 minus.

782 1869 1126 1914 ARTICULUS
1160 1869 1192 1912 Ι.
1705 1878 1768 1924 568

659 1977 811 2007 UTRUM
842 1977 1023 2007 VERITAS
1057 1977 1123 2006 SIT
1157 1977 1327 2007 VIRTUS.

221 2059 330 2104 (Part.
350 2072 376 2095 Ι.
399 2072 428 2106 q.
446 2061 498 2096 16.
517 2067 579 2096 art.
602 2074 634 2107 4.
656 2062 698 2096 ad
710 2074 743 2107 4.
765 2068 795 2098 et
816 2075 844 2109 q.
868 2075 916 2110 17.
940 2069 1002 2098 art.
1025 2064 1057 2099 8.
1080 2070 1170 2110 corp.
1190 2068 1221 2098 et
1238 2075 1262 2108 3.
1286 2063 1374 2097 Dist.
1393 2073 1445 2108 34.
1468 2073 1497 2108 q.
1511 2074 1538 2096 1.
1553 2067 1618 2096 art.
1633 2073 1664 2096 2.
1679 2067 1768 2108 corp.

727 2121 756 2151 at
783 2117 869 2150 Veri.
895 2129 924 2163 q.
946 2130 973 2152 ι.
995 2121 1059 2153 art.
1075 2129 1104 2163 3.
1127 2117 1168 2151 ad
1189 2117 1266 2161 12).

289 2204 349 2238 AD
375 2214 523 2238 PRIMUM
550 2205 598 2239 sic
622 2206 837 2251 proceditur.
860 2207 1024 2249 Videtur,
1051 2207 1147 2253 quod
1176 2206 1306 2240 veritas
1332 2217 1405 2240 non
1428 2206 1474 2240 sit
1499 2205 1626 2240 virtus:
1654 2207 1769 2252 prima

219 2257 315 2290 enim
336 2257 507 2291 virtutum
530 2266 582 2292 est
602 2258 701 2300 fides,
724 2261 824 2305 cujus
842 2260 1024 2305 objectum
1047 2268 1099 2294 est
1119 2260 1272 2303 veritas;
1301 2271 1383 2294 cum
1411 2270 1496 2305 ergo
1519 2259 1701 2304 objectum
1728 2259 1771 2293 sit

218 2310 313 2356 prius
334 2310 469 2353 habim,
492 2318 526 2345 et
547 2319 640 2354 actu,
661 2313 801 2346 videtur
826 2314 922 2359 quod
944 2314 1074 2348 veritas
1099 2324 1174 2347 non
1207 2313 1252 2347 sit
1276 2313 1399 2355 virtus,
1426 2312 1487 2347 sed
1515 2311 1647 2358 aliquid
1674 2312 1771 2358 prius

218 2371 357 2398 virtute.

289 2427 320 2451 2.
343 2417 577 2452 PRAETEREA.
602 2418 703 2453 Sicut
723 2419 859 2454 Philos.
882 2419 967 2455 dicit
987 2420 1023 2454 in
1045 2429 1077 2463 4.
1100 2420 1215 2454 Ethic.
1240 2419 1326 2466 (cap.
1344 2419 1404 2466 7.),
1428 2419 1471 2453 ad
1493 2419 1681 2453 veritatem
1697 2429 1772 2465 per-

217 2470 317 2512 tinet,
338 2472 433 2516 quod
457 2471 583 2517 aliquis
604 2472 816 2506 confiteatur
837 2474 1023 2508 existentia
1045 2474 1140 2508 circa
1161 2473 1331 2519 seipsum,
1353 2480 1387 2506 et
1408 2483 1526 2518 neque
1546 2473 1696 2517 majora,
1714 2482 1772 2506 ne-

219 2534 286 2568 que
308 2524 464 2558 minora:
489 2525 550 2559 sed
572 2525 643 2559 hoc
665 2537 740 2560 non
761 2537 904 2572 semper
925 2535 977 2560 est
998 2526 1195 2560 laudabile:
1217 2537 1334 2572 neque
1357 2526 1392 2559 in
1413 2525 1539 2567 bonis3
1561 2526 1654 2571 quia,
1670 2533 1708 2559 ut
1725 2525 1772 2559 di-

219 2576 308 2610 citur
329 2577 435 2613 Prov.
458 2588 532 2623 27.:
556 2578 682 2613 Laudat
703 2584 730 2613 tu
752 2579 886 2621 alienus,
910 2585 938 2613 et
958 2591 1023 2613 non
1045 2592 1077 2614 ος
1099 2585 1215 2614 tuum:
1242 2590 1309 2613 nec
1340 2579 1449 2613 etiam
1475 2578 1511 2612 in
1538 2578 1661 2620 malis;
1689 2578 1772 2624 quia

219 2638 344 2664 contra
366 2632 542 2676 quosdam
565 2632 692 2666 dicitur
710 2632 776 2666 Isa.
803 2643 843 2678 3.:
872 2633 1043 2667 Peccatum
1070 2645 1164 2667 snum
1193 2633 1288 2678 quasi
1316 2632 1459 2666 Sodoma
1475 2631 1770 2678 praedicaverunt,

219 2694 274 2717 nec
292 2684 547 2725 abscondarunt;
571 2696 658 2729 ergo
684 2685 814 2719 veritas
836 2696 909 2718 non
933 2693 985 2719 est
1005 2687 1126 2719 virtus.

293 2747 320 2781 3.
340 2737 575 2772 PRAETEREA.
601 2738 732 2773 Omnis
748 2738 858 2772 virtus
878 2746 937 2771 aut
959 2746 1011 2772 est
1031 2738 1252 2783 theologica,
1268 2746 1328 2772 aut
1342 2736 1607 2779 intellectualis,
1624 2744 1684 2771 aut
1697 2747 1772 2771 mo-

220 2789 320 2824 ralis:
343 2790 405 2825 sed
427 2791 556 2826 veritas
578 2803 651 2825 non
674 2800 726 2825 est
746 2791 856 2825 virtus
878 2790 1098 2835 theologica,
1121 2792 1202 2837 quia
1224 2802 1297 2825 non
1320 2791 1427 2824 habet
1448 2791 1567 2824 Deum
1591 2801 1654 2835 pro
1679 2790 1772 2836 obje-

221 2850 291 2883 cto,
313 2843 374 2877 sed
397 2855 452 2879 res
474 2844 711 2890 temporales:
735 2844 820 2878 dicit
842 2844 937 2878 enim
962 2843 1103 2878 Tullius
1128 2844 1199 2888 (lib.
1222 2856 1252 2879 2.
1275 2844 1310 2878 cle
1336 2843 1479 2888 Invant.)
1497 2843 1592 2888 quod
1614 2844 1771 2877 «veritas
