<?xml version="1.0" encoding="UTF-8"?>
<!DOCTYPE html PUBLIC "-//W3C//DTD XHTML 1.0 Transitional//EN"
    "http://www.w3.org/TR/xhtml1/DTD/xhtml1-transitional.dtd">
<html xmlns="http://www.w3.org/1999/xhtml" xml:lang="en" lang="en">
 <head>
  <title>
</title>
<meta http-equiv="Content-Type" content="text/html;charset=utf-8" />
  <meta name='ocr-system' content='tesseract 3.04.00' />
  <meta name='ocr-capabilities' content='ocr_page ocr_carea ocr_par ocr_line ocrx_word'/>
</head>
<body>
  <div class='ocr_page' id='page_1' title='image "./divithomaeaquina03thomuoft_1002.png"; bbox 0 0 1859 3122; ppageno 0'>
   <div class='ocr_carea' id='block_1_1' title="bbox 164 180 1287 227">
    <p class='ocr_par' dir='ltr' id='par_1_1' title="bbox 164 180 1287 227">
     <span class='ocr_line' id='line_1_1' title="bbox 164 180 1287 227; baseline -0.002 -15"><span class='ocrx_word' id='word_1_1' title='bbox 164 184 251 227; x_wconf 87' lang='lat'>994</span> <span class='ocrx_word' id='word_1_2' title='bbox 591 181 809 217; x_wconf 84' lang='lat' dir='ltr'><strong>QUAESTIO</strong></span> <span class='ocrx_word' id='word_1_3' title='bbox 842 181 956 212; x_wconf 75' lang='lat' dir='ltr'>cmv.</span> <span class='ocrx_word' id='word_1_4' title='bbox 983 180 1226 211; x_wconf 80' lang='lat' dir='ltr'>ART1cULus</span> <span class='ocrx_word' id='word_1_5' title='bbox 1258 181 1287 210; x_wconf 91' lang='lat'>1.</span> 
     </span>
    </p>
   </div>
   <div class='ocr_carea' id='block_1_2' title="bbox 162 262 1743 2823">
    <p class='ocr_par' dir='ltr' id='par_1_2' title="bbox 164 262 1721 407">
     <span class='ocr_line' id='line_1_2' title="bbox 165 262 1721 310; baseline -0.002 -10"><span class='ocrx_word' id='word_1_6' title='bbox 165 266 425 301; x_wconf 83' lang='lat' dir='ltr'><strong>commiscetur</strong></span> <span class='ocrx_word' id='word_1_7' title='bbox 445 265 600 307; x_wconf 88' lang='lat' dir='ltr'>mulieri,</span> <span class='ocrx_word' id='word_1_8' title='bbox 623 275 714 310; x_wconf 88' lang='lat' dir='ltr'>quae</span> <span class='ocrx_word' id='word_1_9' title='bbox 736 272 790 299; x_wconf 89' lang='lat' dir='ltr'>est</span> <span class='ocrx_word' id='word_1_10' title='bbox 811 263 971 310; x_wconf 88' lang='lat' dir='ltr'>obligata</span> <span class='ocrx_word' id='word_1_11' title='bbox 990 263 1072 297; x_wconf 92' lang='lat' dir='ltr'>Deo</span> <span class='ocrx_word' id='word_1_12' title='bbox 1093 275 1158 310; x_wconf 91' lang='lat' dir='ltr'>per</span> <span class='ocrx_word' id='word_1_13' title='bbox 1180 270 1327 307; x_wconf 89' lang='lat' dir='ltr'>votum;</span> <span class='ocrx_word' id='word_1_14' title='bbox 1353 263 1446 298; x_wconf 89' lang='lat' dir='ltr'>sicut</span> <span class='ocrx_word' id='word_1_15' title='bbox 1471 274 1559 310; x_wconf 86' lang='lat' dir='ltr'>ergo</span> <span class='ocrx_word' id='word_1_16' title='bbox 1586 262 1721 298; x_wconf 88' lang='lat' dir='ltr'>adulte-</span> 
     </span>
     <span class='ocr_line' id='line_1_3' title="bbox 164 316 1721 365; baseline -0.001 -12"><span class='ocrx_word' id='word_1_17' title='bbox 164 320 260 353; x_wconf 98' lang='lat' dir='ltr'>rium</span> <span class='ocrx_word' id='word_1_18' title='bbox 288 319 433 364; x_wconf 89' lang='lat' dir='ltr'>ponitur</span> <span class='ocrx_word' id='word_1_19' title='bbox 456 319 594 365; x_wconf 91' lang='lat' dir='ltr'>species</span> <span class='ocrx_word' id='word_1_20' title='bbox 621 317 798 360; x_wconf 77' lang='lat' dir='ltr'>luxuriae,</span> <span class='ocrx_word' id='word_1_21' title='bbox 818 317 867 352; x_wconf 87' lang='lat' dir='ltr'>ita</span> <span class='ocrx_word' id='word_1_22' title='bbox 891 317 1000 352; x_wconf 87' lang='lat' dir='ltr'>etiam</span> <span class='ocrx_word' id='word_1_23' title='bbox 1026 316 1257 363; x_wconf 86' lang='lat' dir='ltr'>sacrilegium</span> <span class='ocrx_word' id='word_1_24' title='bbox 1288 318 1426 363; x_wconf 90' lang='lat' dir='ltr'>species</span> <span class='ocrx_word' id='word_1_25' title='bbox 1447 317 1609 352; x_wconf 82' lang='lat' dir='ltr'>luxuriae</span> <span class='ocrx_word' id='word_1_26' title='bbox 1635 316 1721 363; x_wconf 90' lang='lat' dir='ltr'>poni</span> 
     </span>
     <span class='ocr_line' id='line_1_4' title="bbox 167 373 282 407; baseline 0 0"><span class='ocrx_word' id='word_1_27' title='bbox 167 373 282 407; x_wconf 55' lang='lat' dir='ltr'>debet</span> 
     </span>
    </p>

    <p class='ocr_par' dir='ltr' id='par_1_3' title="bbox 166 422 1726 578">
     <span class='ocr_line' id='line_1_5' title="bbox 236 422 1723 471; baseline -0.001 -11"><span class='ocrx_word' id='word_1_28' title='bbox 236 435 269 468; x_wconf 82' lang='lat'>4.</span> <span class='ocrx_word' id='word_1_29' title='bbox 292 426 528 460; x_wconf 78' lang='lat' dir='ltr'>PRAETEREA.</span> <span class='ocrx_word' id='word_1_30' title='bbox 551 424 616 459; x_wconf 91' lang='lat' dir='ltr'>Ille</span> <span class='ocrx_word' id='word_1_31' title='bbox 637 425 699 471; x_wconf 89' lang='lat' dir='ltr'>qui</span> <span class='ocrx_word' id='word_1_32' title='bbox 720 432 773 459; x_wconf 88' lang='lat' dir='ltr'>est</span> <span class='ocrx_word' id='word_1_33' title='bbox 793 423 1027 458; x_wconf 89' lang='lat' dir='ltr'>matrimonio</span> <span class='ocrx_word' id='word_1_34' title='bbox 1054 424 1208 469; x_wconf 80' lang='lat' dir='ltr'>junctus,</span> <span class='ocrx_word' id='word_1_35' title='bbox 1229 434 1303 457; x_wconf 92' lang='lat' dir='ltr'>non</span> <span class='ocrx_word' id='word_1_36' title='bbox 1324 422 1444 457; x_wconf 90' lang='lat' dir='ltr'>solum</span> <span class='ocrx_word' id='word_1_37' title='bbox 1470 431 1608 470; x_wconf 90' lang='lat' dir='ltr'>peccat,</span> <span class='ocrx_word' id='word_1_38' title='bbox 1629 423 1656 458; x_wconf 87' lang='lat' dir='ltr'>si</span> <span class='ocrx_word' id='word_1_39' title='bbox 1679 422 1723 458; x_wconf 88' lang='lat' dir='ltr'>ad</span> 
     </span>
     <span class='ocr_line' id='line_1_6' title="bbox 168 476 1724 523; baseline -0.001 -11"><span class='ocrx_word' id='word_1_40' title='bbox 168 478 276 512; x_wconf 77' lang='lat' dir='ltr'>aliam</span> <span class='ocrx_word' id='word_1_41' title='bbox 299 478 490 512; x_wconf 89' lang='lat' dir='ltr'>mulierem</span> <span class='ocrx_word' id='word_1_42' title='bbox 507 478 665 521; x_wconf 83' lang='lat' dir='ltr'>accedat,</span> <span class='ocrx_word' id='word_1_43' title='bbox 687 478 749 512; x_wconf 90' lang='lat' dir='ltr'>sed</span> <span class='ocrx_word' id='word_1_44' title='bbox 768 479 876 512; x_wconf 86' lang='lat' dir='ltr'>etiam</span> <span class='ocrx_word' id='word_1_45' title='bbox 895 477 924 511; x_wconf 89' lang='lat' dir='ltr'>si</span> <span class='ocrx_word' id='word_1_46' title='bbox 941 489 1005 511; x_wconf 89' lang='lat' dir='ltr'>sua</span> <span class='ocrx_word' id='word_1_47' title='bbox 1024 478 1180 523; x_wconf 87' lang='lat' dir='ltr'>conjuge</span> <span class='ocrx_word' id='word_1_48' title='bbox 1198 476 1400 511; x_wconf 88' lang='lat' dir='ltr'>inordinate</span> <span class='ocrx_word' id='word_1_49' title='bbox 1419 484 1553 511; x_wconf 87' lang='lat' dir='ltr'>utatur:</span> <span class='ocrx_word' id='word_1_50' title='bbox 1573 477 1635 511; x_wconf 92' lang='lat' dir='ltr'>sed</span> <span class='ocrx_word' id='word_1_51' title='bbox 1651 476 1724 511; x_wconf 91' lang='lat' dir='ltr'>hoc</span> 
     </span>
     <span class='ocr_line' id='line_1_7' title="bbox 166 529 1726 578; baseline -0.001 -12"><span class='ocrx_word' id='word_1_52' title='bbox 166 541 355 578; x_wconf 89' lang='lat' dir='ltr'>peccatum</span> <span class='ocrx_word' id='word_1_53' title='bbox 372 532 434 566; x_wconf 92' lang='lat' dir='ltr'>sub</span> <span class='ocrx_word' id='word_1_54' title='bbox 450 531 588 566; x_wconf 88' lang='lat' dir='ltr'>luxuria</span> <span class='ocrx_word' id='word_1_55' title='bbox 606 531 825 574; x_wconf 87' lang='lat' dir='ltr'>continetur;</span> <span class='ocrx_word' id='word_1_56' title='bbox 849 542 935 577; x_wconf 83' lang='lat' dir='ltr'>ergo</span> <span class='ocrx_word' id='word_1_57' title='bbox 955 531 1060 565; x_wconf 86' lang='lat' dir='ltr'>debet</span> <span class='ocrx_word' id='word_1_58' title='bbox 1073 531 1164 564; x_wconf 88' lang='lat' dir='ltr'>inter</span> <span class='ocrx_word' id='word_1_59' title='bbox 1177 530 1314 576; x_wconf 87' lang='lat' dir='ltr'>species</span> <span class='ocrx_word' id='word_1_60' title='bbox 1332 529 1492 564; x_wconf 80' lang='lat' dir='ltr'>luxuriae</span> <span class='ocrx_word' id='word_1_61' title='bbox 1512 529 1726 576; x_wconf 89' lang='lat' dir='ltr'>computari.</span> 
     </span>
    </p>

    <p class='ocr_par' dir='ltr' id='par_1_4' title="bbox 162 583 1728 841">
     <span class='ocr_line' id='line_1_8' title="bbox 240 583 1728 632; baseline -0.002 -12"><span class='ocrx_word' id='word_1_62' title='bbox 240 585 796 632; x_wconf 58' lang='lat' dir='ltr'>5.PRAETEREA.Ap0ffi.2.ad</span> <span class='ocrx_word' id='word_1_63' title='bbox 820 583 1728 626; x_wconf 55' lang='lat' dir='ltr'>Cor.12.fflcst:hkiaemnn‚mmntenmv,humssoet</span> 
     </span>
     <span class='ocr_line' id='line_1_9' title="bbox 168 639 1726 686; baseline -0.002 -12"><span class='ocrx_word' id='word_1_64' title='bbox 168 652 215 674; x_wconf 61' lang='lat' dir='ltr'>ma</span> <span class='ocrx_word' id='word_1_65' title='bbox 234 640 325 674; x_wconf 55' lang='lat' dir='ltr'>Deus</span> <span class='ocrx_word' id='word_1_66' title='bbox 345 639 435 686; x_wconf 82' lang='lat' dir='ltr'>apud</span> <span class='ocrx_word' id='word_1_67' title='bbox 455 651 525 682; x_wconf 75' lang='lat' dir='ltr'>vos,</span> <span class='ocrx_word' id='word_1_68' title='bbox 548 645 577 674; x_wconf 74' lang='lat' dir='ltr'>et</span> <span class='ocrx_word' id='word_1_69' title='bbox 598 639 723 685; x_wconf 72' lang='lat' dir='ltr'>lugeam</span> <span class='ocrx_word' id='word_1_70' title='bbox 748 639 865 673; x_wconf 74' lang='lat' dir='ltr'>multos</span> <span class='ocrx_word' id='word_1_71' title='bbox 886 650 925 672; x_wconf 71' lang='lat' dir='ltr'>ex</span> <span class='ocrx_word' id='word_1_72' title='bbox 946 639 1005 679; x_wconf 73' lang='lat' dir='ltr'>his,</span> <span class='ocrx_word' id='word_1_73' title='bbox 1028 639 1084 683; x_wconf 82' lang='lat' dir='ltr'>qui</span> <span class='ocrx_word' id='word_1_74' title='bbox 1106 642 1178 671; x_wconf 64' lang='lat' dir='ltr'>ante</span> <span class='ocrx_word' id='word_1_75' title='bbox 1196 642 1432 684; x_wconf 76' lang='lat' dir='ltr'>peccaverunt,</span> <span class='ocrx_word' id='word_1_76' title='bbox 1454 642 1482 671; x_wconf 84' lang='lat' dir='ltr'>et</span> <span class='ocrx_word' id='word_1_77' title='bbox 1502 649 1568 671; x_wconf 85' lang='lat' dir='ltr'>non</span> <span class='ocrx_word' id='word_1_78' title='bbox 1594 641 1726 683; x_wconf 81' lang='lat' dir='ltr'>egerunt</span> 
     </span>
     <span class='ocr_line' id='line_1_10' title="bbox 162 690 1726 740; baseline -0.002 -13"><span class='ocrx_word' id='word_1_79' title='bbox 162 694 399 740; x_wconf 66' lang='lat' dir='ltr'>poenitentiam</span> <span class='ocrx_word' id='word_1_80' title='bbox 425 699 521 739; x_wconf 68' lang='lat' dir='ltr'>super</span> <span class='ocrx_word' id='word_1_81' title='bbox 545 692 772 734; x_wconf 73' lang='lat' dir='ltr'><em>immunditia,</em></span> <span class='ocrx_word' id='word_1_82' title='bbox 801 697 832 727; x_wconf 77' lang='lat' dir='ltr'>ct</span> <span class='ocrx_word' id='word_1_83' title='bbox 849 692 1090 738; x_wconf 78' lang='lat' dir='ltr'><em>fornicatione,</em></span> <span class='ocrx_word' id='word_1_84' title='bbox 1117 695 1145 725; x_wconf 75' lang='lat' dir='ltr'>et</span> <span class='ocrx_word' id='word_1_85' title='bbox 1172 690 1391 737; x_wconf 79' lang='lat' dir='ltr'>impudicitia,</span> <span class='ocrx_word' id='word_1_86' title='bbox 1419 702 1518 736; x_wconf 85' lang='lat' dir='ltr'>quam</span> <span class='ocrx_word' id='word_1_87' title='bbox 1540 694 1726 736; x_wconf 78' lang='lat' dir='ltr'>gesserunt;</span> 
     </span>
     <span class='ocr_line' id='line_1_11' title="bbox 167 742 1728 792; baseline -0.002 -12"><span class='ocrx_word' id='word_1_88' title='bbox 167 757 255 792; x_wconf 86' lang='lat' dir='ltr'>ergo</span> <span class='ocrx_word' id='word_1_89' title='bbox 282 746 433 788; x_wconf 82' lang='lat' dir='ltr'>videtur,</span> <span class='ocrx_word' id='word_1_90' title='bbox 461 746 557 792; x_wconf 91' lang='lat' dir='ltr'>quod</span> <span class='ocrx_word' id='word_1_91' title='bbox 585 745 694 780; x_wconf 89' lang='lat' dir='ltr'>etiam</span> <span class='ocrx_word' id='word_1_92' title='bbox 721 745 962 787; x_wconf 81' lang='lat' dir='ltr'>immunditia,</span> <span class='ocrx_word' id='word_1_93' title='bbox 990 752 1024 779; x_wconf 92' lang='lat' dir='ltr'>et</span> <span class='ocrx_word' id='word_1_94' title='bbox 1050 744 1273 790; x_wconf 87' lang='lat' dir='ltr'>impudicitia</span> <span class='ocrx_word' id='word_1_95' title='bbox 1299 743 1454 778; x_wconf 89' lang='lat' dir='ltr'>debeant</span> <span class='ocrx_word' id='word_1_96' title='bbox 1478 743 1565 790; x_wconf 89' lang='lat' dir='ltr'>poni</span> <span class='ocrx_word' id='word_1_97' title='bbox 1590 742 1728 790; x_wconf 85' lang='lat' dir='ltr'>species</span> 
     </span>
     <span class='ocr_line' id='line_1_12' title="bbox 168 799 732 841; baseline -0.002 -7"><span class='ocrx_word' id='word_1_98' title='bbox 168 799 339 841; x_wconf 78' lang='lat' dir='ltr'>luxuriae,</span> <span class='ocrx_word' id='word_1_99' title='bbox 362 801 454 833; x_wconf 90' lang='lat' dir='ltr'>sicut</span> <span class='ocrx_word' id='word_1_100' title='bbox 475 807 509 834; x_wconf 88' lang='lat' dir='ltr'>et</span> <span class='ocrx_word' id='word_1_101' title='bbox 529 799 732 833; x_wconf 81' lang='lat' dir='ltr'>fornicatio.</span> 
     </span>
    </p>

    <p class='ocr_par' dir='ltr' id='par_1_5' title="bbox 168 849 1731 1060">
     <span class='ocr_line' id='line_1_13' title="bbox 241 849 1730 887; baseline -0.003 0"><span class='ocrx_word' id='word_1_102' title='bbox 241 851 822 887; x_wconf 56' lang='lat' dir='ltr'>6.PRAETEREA.I)hdsun1n0n</span> <span class='ocrx_word' id='word_1_103' title='bbox 845 851 1086 886; x_wconf 63' lang='lat' dir='ltr'>condhddstur</span> <span class='ocrx_word' id='word_1_104' title='bbox 1112 849 1620 885; x_wconf 59' lang='lat' dir='ltr'>dhddenubuszsedluxufia</span> <span class='ocrx_word' id='word_1_105' title='bbox 1647 860 1730 884; x_wconf 89' lang='lat' dir='ltr'>con-</span> 
     </span>
     <span class='ocr_line' id='line_1_14' title="bbox 172 905 1728 953; baseline -0.001 -13"><span class='ocrx_word' id='word_1_106' title='bbox 172 906 340 941; x_wconf 79' lang='lat' dir='ltr'>dividitur</span> <span class='ocrx_word' id='word_1_107' title='bbox 362 907 570 953; x_wconf 84' lang='lat' dir='ltr'>praedictis:</span> <span class='ocrx_word' id='word_1_108' title='bbox 591 906 719 940; x_wconf 87' lang='lat' dir='ltr'>dicitur</span> <span class='ocrx_word' id='word_1_109' title='bbox 735 906 832 940; x_wconf 89' lang='lat' dir='ltr'>enim</span> <span class='ocrx_word' id='word_1_110' title='bbox 848 905 929 940; x_wconf 90' lang='lat' dir='ltr'>Gal.</span> <span class='ocrx_word' id='word_1_111' title='bbox 948 916 988 949; x_wconf 77' lang='lat'>5.:</span> <span class='ocrx_word' id='word_1_112' title='bbox 1012 905 1192 951; x_wconf 74' lang='lat' dir='ltr'>Manifesta</span> <span class='ocrx_word' id='word_1_113' title='bbox 1206 909 1279 938; x_wconf 80' lang='lat' dir='ltr'>sunt</span> <span class='ocrx_word' id='word_1_114' title='bbox 1293 910 1390 951; x_wconf 77' lang='lat' dir='ltr'>opera</span> <span class='ocrx_word' id='word_1_115' title='bbox 1404 905 1526 946; x_wconf 82' lang='lat' dir='ltr'>carnis,</span> <span class='ocrx_word' id='word_1_116' title='bbox 1541 914 1622 950; x_wconf 82' lang='lat' dir='ltr'>quae</span> <span class='ocrx_word' id='word_1_117' title='bbox 1633 907 1728 938; x_wconf 81' lang='lat' dir='ltr'>sunt:</span> 
     </span>
     <span class='ocr_line' id='line_1_15' title="bbox 168 956 1731 1006; baseline -0.003 -12"><span class='ocrx_word' id='word_1_118' title='bbox 168 961 360 1005; x_wconf 73' lang='lat' dir='ltr'>fornicatio,</span> <span class='ocrx_word' id='word_1_119' title='bbox 383 960 607 1002; x_wconf 74' lang='lat' dir='ltr'>immunditia,</span> <span class='ocrx_word' id='word_1_120' title='bbox 630 960 850 1006; x_wconf 73' lang='lat' dir='ltr'>impudicitia,</span> <span class='ocrx_word' id='word_1_121' title='bbox 875 959 1030 1002; x_wconf 74' lang='lat' dir='ltr'>luxuria,</span> <span class='ocrx_word' id='word_1_122' title='bbox 1049 969 1136 1004; x_wconf 84' lang='lat' dir='ltr'>ergo</span> <span class='ocrx_word' id='word_1_123' title='bbox 1154 958 1305 1000; x_wconf 85' lang='lat' dir='ltr'>videtur,</span> <span class='ocrx_word' id='word_1_124' title='bbox 1321 957 1417 1004; x_wconf 90' lang='lat' dir='ltr'>quod</span> <span class='ocrx_word' id='word_1_125' title='bbox 1434 956 1731 991; x_wconf 77' lang='lat' dir='ltr'>inconvenienter</span> 
     </span>
     <span class='ocr_line' id='line_1_16' title="bbox 168 1013 891 1060; baseline -0.001 -12"><span class='ocrx_word' id='word_1_126' title='bbox 168 1013 362 1048; x_wconf 86' lang='lat' dir='ltr'>fornicatio</span> <span class='ocrx_word' id='word_1_127' title='bbox 385 1022 540 1060; x_wconf 87' lang='lat' dir='ltr'>ponatur</span> <span class='ocrx_word' id='word_1_128' title='bbox 561 1014 697 1060; x_wconf 89' lang='lat' dir='ltr'>species</span> <span class='ocrx_word' id='word_1_129' title='bbox 718 1013 891 1047; x_wconf 80' lang='lat' dir='ltr'>luxuriae.</span> 
     </span>
    </p>

    <p class='ocr_par' dir='ltr' id='par_1_6' title="bbox 168 1062 1728 1168">
     <span class='ocr_line' id='line_1_17' title="bbox 237 1062 1728 1113; baseline -0.003 -12"><span class='ocrx_word' id='word_1_130' title='bbox 237 1067 311 1101; x_wconf 77' lang='lat' dir='ltr'>SED</span> <span class='ocrx_word' id='word_1_131' title='bbox 335 1077 489 1102; x_wconf 71' lang='lat' dir='ltr'>CONTRA</span> <span class='ocrx_word' id='word_1_132' title='bbox 517 1075 580 1109; x_wconf 88' lang='lat' dir='ltr'>est,</span> <span class='ocrx_word' id='word_1_133' title='bbox 608 1067 705 1113; x_wconf 87' lang='lat' dir='ltr'>quod</span> <span class='ocrx_word' id='word_1_134' title='bbox 732 1066 916 1112; x_wconf 86' lang='lat' dir='ltr'>praedicta</span> <span class='ocrx_word' id='word_1_135' title='bbox 943 1064 1072 1100; x_wconf 86' lang='lat' dir='ltr'>divisio</span> <span class='ocrx_word' id='word_1_136' title='bbox 1100 1064 1244 1111; x_wconf 89' lang='lat' dir='ltr'>ponitur</span> <span class='ocrx_word' id='word_1_137' title='bbox 1265 1064 1301 1098; x_wconf 84' lang='lat' dir='ltr'>in</span> <span class='ocrx_word' id='word_1_138' title='bbox 1322 1063 1466 1099; x_wconf 89' lang='lat' dir='ltr'>Decret.</span> <span class='ocrx_word' id='word_1_139' title='bbox 1492 1062 1543 1110; x_wconf 82' lang='lat'>36.</span> <span class='ocrx_word' id='word_1_140' title='bbox 1566 1075 1599 1110; x_wconf 87' lang='lat' dir='ltr'>q.</span> <span class='ocrx_word' id='word_1_141' title='bbox 1626 1073 1654 1098; x_wconf 90' lang='lat'>1.</span> <span class='ocrx_word' id='word_1_142' title='bbox 1677 1062 1728 1108; x_wconf 85' lang='lat' dir='ltr'>(in</span> 
     </span>
     <span class='ocr_line' id='line_1_18' title="bbox 168 1120 805 1168; baseline -0.003 -12"><span class='ocrx_word' id='word_1_143' title='bbox 168 1121 426 1168; x_wconf 54' lang='lat' dir='ltr'>append.(3raa</span> <span class='ocrx_word' id='word_1_144' title='bbox 450 1120 492 1155; x_wconf 80' lang='lat' dir='ltr'>ad</span> <span class='ocrx_word' id='word_1_145' title='bbox 513 1121 697 1167; x_wconf 77' lang='lat' dir='ltr'>cap.:.Lex</span> <span class='ocrx_word' id='word_1_146' title='bbox 718 1120 805 1165; x_wconf 78' lang='lat' dir='ltr'>iHa).</span> 
     </span>
    </p>

    <p class='ocr_par' dir='ltr' id='par_1_7' title="bbox 168 1170 1743 2448">
     <span class='ocr_line' id='line_1_19' title="bbox 240 1170 1719 1220; baseline -0.003 -11"><span class='ocrx_word' id='word_1_147' title='bbox 240 1175 469 1209; x_wconf 80' lang='lat' dir='ltr'>RESPONDEO</span> <span class='ocrx_word' id='word_1_148' title='bbox 492 1174 698 1216; x_wconf 86' lang='lat' dir='ltr'>dicendum,</span> <span class='ocrx_word' id='word_1_149' title='bbox 722 1173 830 1220; x_wconf 87' lang='lat' dir='ltr'>quod,</span> <span class='ocrx_word' id='word_1_150' title='bbox 852 1173 943 1208; x_wconf 87' lang='lat' dir='ltr'>sicut</span> <span class='ocrx_word' id='word_1_151' title='bbox 964 1172 1101 1206; x_wconf 85' lang='lat' dir='ltr'>dictum</span> <span class='ocrx_word' id='word_1_152' title='bbox 1119 1179 1173 1206; x_wconf 90' lang='lat' dir='ltr'>est</span> <span class='ocrx_word' id='word_1_153' title='bbox 1195 1171 1241 1217; x_wconf 78' lang='lat' dir='ltr'>(q.</span> <span class='ocrx_word' id='word_1_154' title='bbox 1258 1178 1370 1218; x_wconf 77' lang='lat' dir='ltr'>praec.</span> <span class='ocrx_word' id='word_1_155' title='bbox 1393 1176 1458 1206; x_wconf 82' lang='lat' dir='ltr'>art.</span> <span class='ocrx_word' id='word_1_156' title='bbox 1479 1182 1510 1206; x_wconf 92' lang='lat'>2.</span> <span class='ocrx_word' id='word_1_157' title='bbox 1525 1175 1556 1206; x_wconf 81' lang='lat' dir='ltr'>et</span> <span class='ocrx_word' id='word_1_158' title='bbox 1571 1170 1630 1217; x_wconf 81' lang='lat'>3.),</span> <span class='ocrx_word' id='word_1_159' title='bbox 1653 1180 1719 1216; x_wconf 89' lang='lat' dir='ltr'>pec</span> 
     </span>
     <span class='ocr_line' id='line_1_20' title="bbox 169 1224 1733 1273; baseline -0.003 -11"><span class='ocrx_word' id='word_1_160' title='bbox 169 1236 289 1263; x_wconf 81' lang='lat' dir='ltr'>catum</span> <span class='ocrx_word' id='word_1_161' title='bbox 311 1227 472 1262; x_wconf 75' lang='lat' dir='ltr'>luxuriae</span> <span class='ocrx_word' id='word_1_162' title='bbox 495 1227 658 1262; x_wconf 82' lang='lat' dir='ltr'>consistit</span> <span class='ocrx_word' id='word_1_163' title='bbox 675 1228 709 1261; x_wconf 91' lang='lat' dir='ltr'>in</span> <span class='ocrx_word' id='word_1_164' title='bbox 731 1228 815 1269; x_wconf 88' lang='lat' dir='ltr'>hoc,</span> <span class='ocrx_word' id='word_1_165' title='bbox 837 1226 934 1273; x_wconf 89' lang='lat' dir='ltr'>quod</span> <span class='ocrx_word' id='word_1_166' title='bbox 949 1225 1076 1272; x_wconf 87' lang='lat' dir='ltr'>aliquis</span> <span class='ocrx_word' id='word_1_167' title='bbox 1090 1236 1164 1259; x_wconf 90' lang='lat' dir='ltr'>non</span> <span class='ocrx_word' id='word_1_168' title='bbox 1178 1225 1378 1260; x_wconf 88' lang='lat' dir='ltr'>secundum</span> <span class='ocrx_word' id='word_1_169' title='bbox 1399 1231 1536 1259; x_wconf 82' lang='lat' dir='ltr'>rectam</span> <span class='ocrx_word' id='word_1_170' title='bbox 1554 1224 1733 1258; x_wconf 87' lang='lat' dir='ltr'>rationem</span> 
     </span>
     <span class='ocr_line' id='line_1_21' title="bbox 168 1276 1733 1326; baseline -0.002 -11"><span class='ocrx_word' id='word_1_171' title='bbox 168 1280 410 1316; x_wconf 83' lang='lat' dir='ltr'>delectatione</span> <span class='ocrx_word' id='word_1_172' title='bbox 436 1292 591 1315; x_wconf 88' lang='lat' dir='ltr'>venerea</span> <span class='ocrx_word' id='word_1_173' title='bbox 616 1282 744 1322; x_wconf 75' lang='lat' dir='ltr'>utitur,</span> <span class='ocrx_word' id='word_1_174' title='bbox 767 1280 863 1326; x_wconf 90' lang='lat' dir='ltr'>quod</span> <span class='ocrx_word' id='word_1_175' title='bbox 890 1279 1034 1326; x_wconf 87' lang='lat' dir='ltr'>quidem</span> <span class='ocrx_word' id='word_1_176' title='bbox 1059 1279 1234 1325; x_wconf 84' lang='lat' dir='ltr'>contingit</span> <span class='ocrx_word' id='word_1_177' title='bbox 1255 1278 1452 1325; x_wconf 74' lang='lat' dir='ltr'>dupliciter:</span> <span class='ocrx_word' id='word_1_178' title='bbox 1473 1290 1538 1312; x_wconf 82' lang='lat' dir='ltr'>uno</span> <span class='ocrx_word' id='word_1_179' title='bbox 1559 1276 1655 1312; x_wconf 88' lang='lat' dir='ltr'>modo</span> <span class='ocrx_word' id='word_1_180' title='bbox 1682 1287 1733 1311; x_wconf 86' lang='lat' dir='ltr'>se-</span> 
     </span>
     <span class='ocr_line' id='line_1_22' title="bbox 170 1331 1736 1380; baseline -0.002 -12"><span class='ocrx_word' id='word_1_181' title='bbox 170 1334 329 1368; x_wconf 88' lang='lat' dir='ltr'>cundum</span> <span class='ocrx_word' id='word_1_182' title='bbox 351 1335 552 1376; x_wconf 78' lang='lat' dir='ltr'>materiam,</span> <span class='ocrx_word' id='word_1_183' title='bbox 579 1334 615 1367; x_wconf 89' lang='lat' dir='ltr'>in</span> <span class='ocrx_word' id='word_1_184' title='bbox 642 1345 713 1380; x_wconf 88' lang='lat' dir='ltr'>qua</span> <span class='ocrx_word' id='word_1_185' title='bbox 737 1333 948 1379; x_wconf 87' lang='lat' dir='ltr'>hujusmodi</span> <span class='ocrx_word' id='word_1_186' title='bbox 974 1332 1254 1367; x_wconf 85' lang='lat' dir='ltr'>delectationem</span> <span class='ocrx_word' id='word_1_187' title='bbox 1286 1332 1441 1378; x_wconf 88' lang='lat' dir='ltr'>quaerit:</span> <span class='ocrx_word' id='word_1_188' title='bbox 1469 1332 1535 1366; x_wconf 85' lang='lat' dir='ltr'>alio</span> <span class='ocrx_word' id='word_1_189' title='bbox 1561 1331 1661 1371; x_wconf 43' lang='lat' dir='ltr'>modo.</span> <span class='ocrx_word' id='word_1_190' title='bbox 1684 1341 1736 1365; x_wconf 85' lang='lat' dir='ltr'>se-</span> 
     </span>
     <span class='ocr_line' id='line_1_23' title="bbox 170 1383 1736 1433; baseline -0.003 -12"><span class='ocrx_word' id='word_1_191' title='bbox 170 1388 326 1422; x_wconf 88' lang='lat' dir='ltr'>cundum</span> <span class='ocrx_word' id='word_1_192' title='bbox 351 1387 446 1433; x_wconf 91' lang='lat' dir='ltr'>quod</span> <span class='ocrx_word' id='word_1_193' title='bbox 469 1387 620 1421; x_wconf 83' lang='lat' dir='ltr'>materia</span> <span class='ocrx_word' id='word_1_194' title='bbox 642 1387 760 1421; x_wconf 90' lang='lat' dir='ltr'>debita</span> <span class='ocrx_word' id='word_1_195' title='bbox 783 1388 967 1428; x_wconf 76' lang='lat' dir='ltr'>existente,</span> <span class='ocrx_word' id='word_1_196' title='bbox 988 1397 1063 1420; x_wconf 90' lang='lat' dir='ltr'>non</span> <span class='ocrx_word' id='word_1_197' title='bbox 1085 1386 1320 1419; x_wconf 84' lang='lat' dir='ltr'>observantur</span> <span class='ocrx_word' id='word_1_198' title='bbox 1342 1385 1433 1420; x_wconf 87' lang='lat' dir='ltr'>aliae</span> <span class='ocrx_word' id='word_1_199' title='bbox 1455 1385 1596 1420; x_wconf 88' lang='lat' dir='ltr'>debitae</span> <span class='ocrx_word' id='word_1_200' title='bbox 1614 1383 1736 1419; x_wconf 90' lang='lat' dir='ltr'>condi·</span> 
     </span>
     <span class='ocr_line' id='line_1_24' title="bbox 169 1438 1734 1487; baseline -0.003 -12"><span class='ocrx_word' id='word_1_201' title='bbox 169 1443 304 1476; x_wconf 69' lang='lat' dir='ltr'>tiones:</span> <span class='ocrx_word' id='word_1_202' title='bbox 328 1449 362 1475; x_wconf 88' lang='lat' dir='ltr'>et</span> <span class='ocrx_word' id='word_1_203' title='bbox 383 1441 465 1487; x_wconf 81' lang='lat' dir='ltr'>quia</span> <span class='ocrx_word' id='word_1_204' title='bbox 489 1441 768 1482; x_wconf 83' lang='lat' dir='ltr'>circumstantia,</span> <span class='ocrx_word' id='word_1_205' title='bbox 790 1440 1005 1486; x_wconf 84' lang='lat' dir='ltr'>inquantum</span> <span class='ocrx_word' id='word_1_206' title='bbox 1027 1439 1248 1485; x_wconf 87' lang='lat' dir='ltr'>hujusmodi,</span> <span class='ocrx_word' id='word_1_207' title='bbox 1274 1450 1348 1473; x_wconf 90' lang='lat' dir='ltr'>non</span> <span class='ocrx_word' id='word_1_208' title='bbox 1375 1439 1435 1473; x_wconf 90' lang='lat' dir='ltr'>dat</span> <span class='ocrx_word' id='word_1_209' title='bbox 1457 1440 1615 1485; x_wconf 88' lang='lat' dir='ltr'>speciem</span> <span class='ocrx_word' id='word_1_210' title='bbox 1639 1438 1734 1472; x_wconf 89' lang='lat' dir='ltr'>actui</span> 
     </span>
     <span class='ocr_line' id='line_1_25' title="bbox 169 1491 1734 1540; baseline -0.003 -11"><span class='ocrx_word' id='word_1_211' title='bbox 169 1494 312 1537; x_wconf 88' lang='lat' dir='ltr'>morali,</span> <span class='ocrx_word' id='word_1_212' title='bbox 339 1494 400 1528; x_wconf 89' lang='lat' dir='ltr'>sed</span> <span class='ocrx_word' id='word_1_213' title='bbox 428 1495 503 1539; x_wconf 80' lang='lat' dir='ltr'>ejus</span> <span class='ocrx_word' id='word_1_214' title='bbox 530 1495 668 1540; x_wconf 88' lang='lat' dir='ltr'>species</span> <span class='ocrx_word' id='word_1_215' title='bbox 695 1494 847 1528; x_wconf 86' lang='lat' dir='ltr'>sumitur</span> <span class='ocrx_word' id='word_1_216' title='bbox 874 1494 916 1527; x_wconf 90' lang='lat' dir='ltr'>ab</span> <span class='ocrx_word' id='word_1_217' title='bbox 944 1493 1098 1538; x_wconf 84' lang='lat' dir='ltr'>objecto,</span> <span class='ocrx_word' id='word_1_218' title='bbox 1126 1493 1222 1539; x_wconf 86' lang='lat' dir='ltr'>quod</span> <span class='ocrx_word' id='word_1_219' title='bbox 1249 1500 1301 1527; x_wconf 88' lang='lat' dir='ltr'>est</span> <span class='ocrx_word' id='word_1_220' title='bbox 1328 1493 1478 1526; x_wconf 85' lang='lat' dir='ltr'>materia</span> <span class='ocrx_word' id='word_1_221' title='bbox 1508 1499 1620 1534; x_wconf 89' lang='lat' dir='ltr'>actus,</span> <span class='ocrx_word' id='word_1_222' title='bbox 1650 1491 1734 1526; x_wconf 84' lang='lat' dir='ltr'>ideo</span> 
     </span>
     <span class='ocr_line' id='line_1_26' title="bbox 170 1544 1735 1595; baseline -0.002 -13"><span class='ocrx_word' id='word_1_223' title='bbox 170 1548 329 1595; x_wconf 86' lang='lat' dir='ltr'>oportuit</span> <span class='ocrx_word' id='word_1_224' title='bbox 342 1548 479 1593; x_wconf 86' lang='lat' dir='ltr'>species</span> <span class='ocrx_word' id='word_1_225' title='bbox 494 1547 654 1582; x_wconf 79' lang='lat' dir='ltr'>luxuriae</span> <span class='ocrx_word' id='word_1_226' title='bbox 673 1547 847 1594; x_wconf 80' lang='lat' dir='ltr'>assignari</span> <span class='ocrx_word' id='word_1_227' title='bbox 863 1559 905 1581; x_wconf 85' lang='lat' dir='ltr'>ex</span> <span class='ocrx_word' id='word_1_228' title='bbox 919 1555 1017 1593; x_wconf 86' lang='lat' dir='ltr'>parte</span> <span class='ocrx_word' id='word_1_229' title='bbox 1037 1547 1220 1588; x_wconf 86' lang='lat' dir='ltr'>materiae,</span> <span class='ocrx_word' id='word_1_230' title='bbox 1238 1545 1296 1580; x_wconf 90' lang='lat' dir='ltr'>vel</span> <span class='ocrx_word' id='word_1_231' title='bbox 1315 1546 1462 1591; x_wconf 83' lang='lat' dir='ltr'>objecti3</span> <span class='ocrx_word' id='word_1_232' title='bbox 1482 1557 1574 1592; x_wconf 90' lang='lat' dir='ltr'>quae</span> <span class='ocrx_word' id='word_1_233' title='bbox 1589 1544 1735 1592; x_wconf 89' lang='lat' dir='ltr'>quidem</span> 
     </span>
     <span class='ocr_line' id='line_1_27' title="bbox 171 1599 1734 1649; baseline -0.002 -13"><span class='ocrx_word' id='word_1_234' title='bbox 171 1609 284 1649; x_wconf 65' lang='lat' dir='ltr'>potem</span> <span class='ocrx_word' id='word_1_235' title='bbox 306 1613 380 1635; x_wconf 88' lang='lat' dir='ltr'>non</span> <span class='ocrx_word' id='word_1_236' title='bbox 401 1600 1293 1647; x_wconf 50' lang='lat' dir='ltr'>convenueraffionirectae&lt;hffduffaer:un07nodm</span> <span class='ocrx_word' id='word_1_237' title='bbox 1313 1599 1734 1646; x_wconf 59' lang='lat' dir='ltr'>quhihabetrepugnan-</span> 
     </span>
     <span class='ocr_line' id='line_1_28' title="bbox 170 1652 1735 1700; baseline -0.002 -11"><span class='ocrx_word' id='word_1_238' title='bbox 170 1657 258 1690; x_wconf 67' lang='lat' dir='ltr'>fian]</span> <span class='ocrx_word' id='word_1_239' title='bbox 280 1654 323 1688; x_wconf 89' lang='lat' dir='ltr'>ad</span> <span class='ocrx_word' id='word_1_240' title='bbox 346 1655 455 1688; x_wconf 78' lang='lat' dir='ltr'>finern</span> <span class='ocrx_word' id='word_1_241' title='bbox 476 1653 1314 1700; x_wconf 66' lang='lat' dir='ltr'>venereiactus:etsicinquantunainipedstur</span> <span class='ocrx_word' id='word_1_242' title='bbox 1336 1653 1522 1699; x_wconf 68' lang='lat' dir='ltr'>generau0</span> <span class='ocrx_word' id='word_1_243' title='bbox 1544 1652 1735 1699; x_wconf 79' lang='lat' dir='ltr'>profis,est</span> 
     </span>
     <span class='ocr_line' id='line_1_29' title="bbox 169 1705 1736 1754; baseline -0.001 -13"><span class='ocrx_word' id='word_1_244' title='bbox 169 1709 290 1742; x_wconf 80' lang='lat' dir='ltr'>vitium</span> <span class='ocrx_word' id='word_1_245' title='bbox 313 1713 427 1742; x_wconf 73' lang='lat' dir='ltr'>contra</span> <span class='ocrx_word' id='word_1_246' title='bbox 449 1714 618 1750; x_wconf 70' lang='lat' dir='ltr'>naturam,</span> <span class='ocrx_word' id='word_1_247' title='bbox 636 1709 732 1754; x_wconf 90' lang='lat' dir='ltr'>quod</span> <span class='ocrx_word' id='word_1_248' title='bbox 749 1716 801 1742; x_wconf 91' lang='lat' dir='ltr'>est</span> <span class='ocrx_word' id='word_1_249' title='bbox 818 1708 855 1742; x_wconf 91' lang='lat' dir='ltr'>in</span> <span class='ocrx_word' id='word_1_250' title='bbox 875 1708 975 1742; x_wconf 90' lang='lat' dir='ltr'>omni</span> <span class='ocrx_word' id='word_1_251' title='bbox 998 1715 1079 1741; x_wconf 91' lang='lat' dir='ltr'>actu</span> <span class='ocrx_word' id='word_1_252' title='bbox 1100 1718 1268 1749; x_wconf 87' lang='lat' dir='ltr'>venereo,</span> <span class='ocrx_word' id='word_1_253' title='bbox 1288 1718 1331 1740; x_wconf 89' lang='lat' dir='ltr'>ex</span> <span class='ocrx_word' id='word_1_254' title='bbox 1345 1718 1416 1753; x_wconf 89' lang='lat' dir='ltr'>quo</span> <span class='ocrx_word' id='word_1_255' title='bbox 1436 1706 1621 1753; x_wconf 87' lang='lat' dir='ltr'>generatio</span> <span class='ocrx_word' id='word_1_256' title='bbox 1636 1705 1736 1752; x_wconf 89' lang='lat' dir='ltr'>sequi</span> 
     </span>
     <span class='ocr_line' id='line_1_30' title="bbox 170 1758 1736 1808; baseline -0.001 -13"><span class='ocrx_word' id='word_1_257' title='bbox 170 1773 244 1796; x_wconf 86' lang='lat' dir='ltr'>non</span> <span class='ocrx_word' id='word_1_258' title='bbox 266 1770 403 1808; x_wconf 89' lang='lat' dir='ltr'>potest;</span> <span class='ocrx_word' id='word_1_259' title='bbox 426 1762 641 1808; x_wconf 86' lang='lat' dir='ltr'>inquantum</span> <span class='ocrx_word' id='word_1_260' title='bbox 664 1770 787 1797; x_wconf 89' lang='lat' dir='ltr'>autem</span> <span class='ocrx_word' id='word_1_261' title='bbox 807 1762 1002 1808; x_wconf 85' lang='lat' dir='ltr'>impeditur</span> <span class='ocrx_word' id='word_1_262' title='bbox 1024 1761 1143 1795; x_wconf 88' lang='lat' dir='ltr'>debita</span> <span class='ocrx_word' id='word_1_263' title='bbox 1165 1761 1342 1803; x_wconf 86' lang='lat' dir='ltr'>educatio,</span> <span class='ocrx_word' id='word_1_264' title='bbox 1365 1769 1400 1795; x_wconf 89' lang='lat' dir='ltr'>et</span> <span class='ocrx_word' id='word_1_265' title='bbox 1420 1761 1603 1807; x_wconf 89' lang='lat' dir='ltr'>promotio</span> <span class='ocrx_word' id='word_1_266' title='bbox 1625 1758 1736 1806; x_wconf 89' lang='lat' dir='ltr'>prolis</span> 
     </span>
     <span class='ocr_line' id='line_1_31' title="bbox 172 1812 1737 1862; baseline -0.001 -14"><span class='ocrx_word' id='word_1_267' title='bbox 172 1823 290 1857; x_wconf 86' lang='lat' dir='ltr'>natae,</span> <span class='ocrx_word' id='word_1_268' title='bbox 314 1823 366 1850; x_wconf 89' lang='lat' dir='ltr'>est</span> <span class='ocrx_word' id='word_1_269' title='bbox 379 1816 564 1862; x_wconf 61' lang='lat' dir='ltr'>fornicatio</span> <span class='ocrx_word' id='word_1_270' title='bbox 586 1816 735 1862; x_wconf 56' lang='lat' dir='ltr'>simplat,</span> <span class='ocrx_word' id='word_1_271' title='bbox 764 1827 854 1862; x_wconf 86' lang='lat' dir='ltr'>quae</span> <span class='ocrx_word' id='word_1_272' title='bbox 871 1823 923 1849; x_wconf 86' lang='lat' dir='ltr'>est</span> <span class='ocrx_word' id='word_1_273' title='bbox 937 1815 1045 1850; x_wconf 92' lang='lat' dir='ltr'>soluti</span> <span class='ocrx_word' id='word_1_274' title='bbox 1069 1827 1150 1849; x_wconf 89' lang='lat' dir='ltr'>curn</span> <span class='ocrx_word' id='word_1_275' title='bbox 1166 1814 1303 1849; x_wconf 85' lang='lat' dir='ltr'>soluta:</span> <span class='ocrx_word' id='word_1_276' title='bbox 1326 1814 1392 1848; x_wconf 81' lang='lat' dir='ltr'>alio</span> <span class='ocrx_word' id='word_1_277' title='bbox 1408 1814 1501 1848; x_wconf 86' lang='lat' dir='ltr'>modo</span> <span class='ocrx_word' id='word_1_278' title='bbox 1523 1813 1686 1855; x_wconf 86' lang='lat' dir='ltr'>materia,</span> <span class='ocrx_word' id='word_1_279' title='bbox 1700 1812 1737 1846; x_wconf 90' lang='lat' dir='ltr'>in</span> 
     </span>
     <span class='ocr_line' id='line_1_32' title="bbox 172 1867 1738 1915; baseline -0.001 -13"><span class='ocrx_word' id='word_1_280' title='bbox 172 1880 241 1915; x_wconf 85' lang='lat' dir='ltr'>qua</span> <span class='ocrx_word' id='word_1_281' title='bbox 265 1877 449 1903; x_wconf 84' lang='lat' dir='ltr'>exercetur</span> <span class='ocrx_word' id='word_1_282' title='bbox 476 1877 576 1904; x_wconf 89' lang='lat' dir='ltr'>actus</span> <span class='ocrx_word' id='word_1_283' title='bbox 597 1881 785 1911; x_wconf 85' lang='lat' dir='ltr'>venereus,</span> <span class='ocrx_word' id='word_1_284' title='bbox 808 1877 926 1915; x_wconf 90' lang='lat' dir='ltr'>potest</span> <span class='ocrx_word' id='word_1_285' title='bbox 944 1880 1021 1903; x_wconf 88' lang='lat' dir='ltr'>esse</span> <span class='ocrx_word' id='word_1_286' title='bbox 1043 1879 1117 1903; x_wconf 90' lang='lat' dir='ltr'>non</span> <span class='ocrx_word' id='word_1_287' title='bbox 1140 1869 1360 1902; x_wconf 84' lang='lat' dir='ltr'>conveniens</span> <span class='ocrx_word' id='word_1_288' title='bbox 1382 1867 1514 1902; x_wconf 90' lang='lat' dir='ltr'>rationi</span> <span class='ocrx_word' id='word_1_289' title='bbox 1534 1875 1653 1901; x_wconf 87' lang='lat' dir='ltr'>rectae</span> <span class='ocrx_word' id='word_1_290' title='bbox 1673 1877 1738 1913; x_wconf 93' lang='lat' dir='ltr'>per</span> 
     </span>
     <span class='ocr_line' id='line_1_33' title="bbox 173 1921 1738 1969; baseline -0.003 -12"><span class='ocrx_word' id='word_1_291' title='bbox 173 1924 489 1969; x_wconf 82' lang='lat' dir='ltr'>comparationem</span> <span class='ocrx_word' id='word_1_292' title='bbox 512 1924 554 1957; x_wconf 86' lang='lat' dir='ltr'>ad</span> <span class='ocrx_word' id='word_1_293' title='bbox 576 1923 666 1957; x_wconf 84' lang='lat' dir='ltr'>alios</span> <span class='ocrx_word' id='word_1_294' title='bbox 693 1923 873 1956; x_wconf 83' lang='lat' dir='ltr'>homines.</span> <span class='ocrx_word' id='word_1_295' title='bbox 897 1922 940 1956; x_wconf 81' lang='lat' dir='ltr'>Et</span> <span class='ocrx_word' id='word_1_296' title='bbox 960 1923 1032 1956; x_wconf 90' lang='lat' dir='ltr'>hoc</span> <span class='ocrx_word' id='word_1_297' title='bbox 1054 1922 1249 1968; x_wconf 56' lang='lat' dir='ltr'>dupliciter:</span> <span class='ocrx_word' id='word_1_298' title='bbox 1271 1923 1384 1967; x_wconf 77' lang='lat' dir='ltr'>primo</span> <span class='ocrx_word' id='word_1_299' title='bbox 1406 1921 1552 1967; x_wconf 90' lang='lat' dir='ltr'>quidem</span> <span class='ocrx_word' id='word_1_300' title='bbox 1575 1931 1617 1954; x_wconf 88' lang='lat' dir='ltr'>ex</span> <span class='ocrx_word' id='word_1_301' title='bbox 1638 1927 1738 1966; x_wconf 90' lang='lat' dir='ltr'>parte</span> 
     </span>
     <span class='ocr_line' id='line_1_34' title="bbox 172 1974 1738 2022; baseline -0.002 -12"><span class='ocrx_word' id='word_1_302' title='bbox 172 1976 281 2022; x_wconf 82' lang='lat' dir='ltr'>ipsius</span> <span class='ocrx_word' id='word_1_303' title='bbox 303 1976 496 2018; x_wconf 84' lang='lat' dir='ltr'>foeminae,</span> <span class='ocrx_word' id='word_1_304' title='bbox 513 1977 570 2010; x_wconf 91' lang='lat' dir='ltr'>cui</span> <span class='ocrx_word' id='word_1_305' title='bbox 585 1976 713 2022; x_wconf 87' lang='lat' dir='ltr'>aliquis</span> <span class='ocrx_word' id='word_1_306' title='bbox 734 1977 1002 2017; x_wconf 84' lang='lat' dir='ltr'>commiscetur,</span> <span class='ocrx_word' id='word_1_307' title='bbox 1024 1975 1107 2021; x_wconf 91' lang='lat' dir='ltr'>quia</span> <span class='ocrx_word' id='word_1_308' title='bbox 1122 1975 1155 2009; x_wconf 87' lang='lat' dir='ltr'>ei</span> <span class='ocrx_word' id='word_1_309' title='bbox 1168 1975 1307 2009; x_wconf 87' lang='lat' dir='ltr'>debitus</span> <span class='ocrx_word' id='word_1_310' title='bbox 1329 1974 1449 2008; x_wconf 89' lang='lat' dir='ltr'>honor</span> <span class='ocrx_word' id='word_1_311' title='bbox 1465 1985 1540 2008; x_wconf 91' lang='lat' dir='ltr'>non</span> <span class='ocrx_word' id='word_1_312' title='bbox 1561 1981 1738 2015; x_wconf 70' lang='lat' dir='ltr'>servatur,</span> 
     </span>
     <span class='ocr_line' id='line_1_35' title="bbox 174 2026 1739 2076; baseline -0.001 -14"><span class='ocrx_word' id='word_1_313' title='bbox 174 2037 209 2063; x_wconf 90' lang='lat' dir='ltr'>et</span> <span class='ocrx_word' id='word_1_314' title='bbox 223 2029 272 2063; x_wconf 87' lang='lat' dir='ltr'>sic</span> <span class='ocrx_word' id='word_1_315' title='bbox 289 2037 342 2063; x_wconf 90' lang='lat' dir='ltr'>est</span> <span class='ocrx_word' id='word_1_316' title='bbox 357 2031 504 2071; x_wconf 67' lang='lat' dir='ltr'>incastus,</span> <span class='ocrx_word' id='word_1_317' title='bbox 520 2030 581 2076; x_wconf 88' lang='lat' dir='ltr'>qui</span> <span class='ocrx_word' id='word_1_318' title='bbox 596 2030 758 2064; x_wconf 83' lang='lat' dir='ltr'>consistit</span> <span class='ocrx_word' id='word_1_319' title='bbox 772 2030 808 2062; x_wconf 87' lang='lat' dir='ltr'>in</span> <span class='ocrx_word' id='word_1_320' title='bbox 824 2029 935 2063; x_wconf 87' lang='lat' dir='ltr'>abusu</span> <span class='ocrx_word' id='word_1_321' title='bbox 951 2028 1142 2063; x_wconf 87' lang='lat' dir='ltr'>mulierum</span> <span class='ocrx_word' id='word_1_322' title='bbox 1159 2028 1482 2073; x_wconf 82' lang='lat' dir='ltr'>consanguinitate,</span> <span class='ocrx_word' id='word_1_323' title='bbox 1496 2026 1555 2061; x_wconf 75' lang='lat' dir='ltr'>vel</span> <span class='ocrx_word' id='word_1_324' title='bbox 1569 2026 1739 2061; x_wconf 88' lang='lat' dir='ltr'>affinitate</span> 
     </span>
     <span class='ocr_line' id='line_1_36' title="bbox 173 2080 1741 2129; baseline -0.001 -14"><span class='ocrx_word' id='word_1_325' title='bbox 173 2084 401 2127; x_wconf 76' lang='lat' dir='ltr'>junctarum:</span> <span class='ocrx_word' id='word_1_326' title='bbox 420 2084 555 2117; x_wconf 59' lang='lat' dir='ltr'>secundo</span> <span class='ocrx_word' id='word_1_327' title='bbox 578 2094 618 2117; x_wconf 81' lang='lat' dir='ltr'>ex</span> <span class='ocrx_word' id='word_1_328' title='bbox 641 2092 739 2129; x_wconf 82' lang='lat' dir='ltr'>parte</span> <span class='ocrx_word' id='word_1_329' title='bbox 762 2084 849 2127; x_wconf 86' lang='lat' dir='ltr'>ejus,</span> <span class='ocrx_word' id='word_1_330' title='bbox 870 2083 907 2116; x_wconf 86' lang='lat' dir='ltr'>in</span> <span class='ocrx_word' id='word_1_331' title='bbox 930 2083 1030 2127; x_wconf 82' lang='lat' dir='ltr'>cujus</span> <span class='ocrx_word' id='word_1_332' title='bbox 1052 2090 1227 2128; x_wconf 87' lang='lat' dir='ltr'>potestate</span> <span class='ocrx_word' id='word_1_333' title='bbox 1250 2090 1302 2115; x_wconf 93' lang='lat' dir='ltr'>est</span> <span class='ocrx_word' id='word_1_334' title='bbox 1322 2081 1502 2123; x_wconf 77' lang='lat' dir='ltr'>foemina3</span> <span class='ocrx_word' id='word_1_335' title='bbox 1525 2092 1615 2126; x_wconf 91' lang='lat' dir='ltr'>quae</span> <span class='ocrx_word' id='word_1_336' title='bbox 1637 2080 1666 2115; x_wconf 91' lang='lat' dir='ltr'>si</span> <span class='ocrx_word' id='word_1_337' title='bbox 1687 2088 1741 2114; x_wconf 88' lang='lat' dir='ltr'>est</span> 
     </span>
     <span class='ocr_line' id='line_1_37' title="bbox 174 2134 1737 2182; baseline -0.002 -12"><span class='ocrx_word' id='word_1_338' title='bbox 174 2136 210 2169; x_wconf 85' lang='lat' dir='ltr'>in</span> <span class='ocrx_word' id='word_1_339' title='bbox 232 2144 410 2182; x_wconf 86' lang='lat' dir='ltr'>potestate</span> <span class='ocrx_word' id='word_1_340' title='bbox 431 2136 509 2178; x_wconf 78' lang='lat' dir='ltr'>viri,</span> <span class='ocrx_word' id='word_1_341' title='bbox 532 2144 585 2170; x_wconf 89' lang='lat' dir='ltr'>est</span> <span class='ocrx_word' id='word_1_342' title='bbox 605 2137 819 2176; x_wconf 54' lang='lat' dir='ltr'>adulteritum·</span> <span class='ocrx_word' id='word_1_343' title='bbox 843 2136 872 2170; x_wconf 88' lang='lat' dir='ltr'>si</span> <span class='ocrx_word' id='word_1_344' title='bbox 895 2144 1015 2170; x_wconf 89' lang='lat' dir='ltr'>autem</span> <span class='ocrx_word' id='word_1_345' title='bbox 1038 2144 1090 2170; x_wconf 83' lang='lat' dir='ltr'>est</span> <span class='ocrx_word' id='word_1_346' title='bbox 1111 2136 1145 2169; x_wconf 92' lang='lat' dir='ltr'>in</span> <span class='ocrx_word' id='word_1_347' title='bbox 1169 2143 1344 2181; x_wconf 84' lang='lat' dir='ltr'>potestate</span> <span class='ocrx_word' id='word_1_348' title='bbox 1359 2134 1480 2181; x_wconf 80' lang='lat' dir='ltr'>patris,</span> <span class='ocrx_word' id='word_1_349' title='bbox 1502 2142 1555 2168; x_wconf 90' lang='lat' dir='ltr'>est</span> <span class='ocrx_word' id='word_1_350' title='bbox 1574 2139 1737 2181; x_wconf 82' lang='lat' dir='ltr'>stuprum,</span> 
     </span>
     <span class='ocr_line' id='line_1_38' title="bbox 175 2187 1739 2236; baseline -0.001 -14"><span class='ocrx_word' id='word_1_351' title='bbox 175 2189 204 2223; x_wconf 87' lang='lat' dir='ltr'>si</span> <span class='ocrx_word' id='word_1_352' title='bbox 225 2200 299 2223; x_wconf 89' lang='lat' dir='ltr'>non</span> <span class='ocrx_word' id='word_1_353' title='bbox 321 2189 493 2224; x_wconf 88' lang='lat' dir='ltr'>inferatur</span> <span class='ocrx_word' id='word_1_354' title='bbox 513 2189 704 2232; x_wconf 79' lang='lat' dir='ltr'>violentia3</span> <span class='ocrx_word' id='word_1_355' title='bbox 731 2195 845 2236; x_wconf 63' lang='lat' dir='ltr'>raptus</span> <span class='ocrx_word' id='word_1_356' title='bbox 873 2198 1007 2231; x_wconf 89' lang='lat' dir='ltr'>autern,</span> <span class='ocrx_word' id='word_1_357' title='bbox 1034 2189 1063 2223; x_wconf 88' lang='lat' dir='ltr'>si</span> <span class='ocrx_word' id='word_1_358' title='bbox 1088 2189 1280 2223; x_wconf 76' lang='lat' dir='ltr'>inferatur:</span> <span class='ocrx_word' id='word_1_359' title='bbox 1309 2187 1593 2222; x_wconf 88' lang='lat' dir='ltr'>diversificantur</span> <span class='ocrx_word' id='word_1_360' title='bbox 1619 2195 1739 2222; x_wconf 90' lang='lat' dir='ltr'>autem</span> 
     </span>
     <span class='ocr_line' id='line_1_39' title="bbox 175 2239 1740 2288; baseline -0.001 -12"><span class='ocrx_word' id='word_1_361' title='bbox 175 2243 263 2276; x_wconf 75' lang='lat' dir='ltr'>istae</span> <span class='ocrx_word' id='word_1_362' title='bbox 286 2243 422 2288; x_wconf 90' lang='lat' dir='ltr'>species</span> <span class='ocrx_word' id='word_1_363' title='bbox 445 2243 561 2288; x_wconf 82' lang='lat' dir='ltr'>magis</span> <span class='ocrx_word' id='word_1_364' title='bbox 584 2254 626 2276; x_wconf 79' lang='lat' dir='ltr'>ex</span> <span class='ocrx_word' id='word_1_365' title='bbox 648 2251 746 2288; x_wconf 86' lang='lat' dir='ltr'>parte</span> <span class='ocrx_word' id='word_1_366' title='bbox 768 2242 964 2284; x_wconf 88' lang='lat' dir='ltr'>foeminae,</span> <span class='ocrx_word' id='word_1_367' title='bbox 986 2254 1094 2288; x_wconf 87' lang='lat' dir='ltr'>quam</span> <span class='ocrx_word' id='word_1_368' title='bbox 1117 2242 1204 2275; x_wconf 78' lang='lat' dir='ltr'>viri:</span> <span class='ocrx_word' id='word_1_369' title='bbox 1229 2241 1311 2287; x_wconf 90' lang='lat' dir='ltr'>quia</span> <span class='ocrx_word' id='word_1_370' title='bbox 1333 2242 1369 2275; x_wconf 87' lang='lat' dir='ltr'>in</span> <span class='ocrx_word' id='word_1_371' title='bbox 1392 2249 1472 2275; x_wconf 88' lang='lat' dir='ltr'>actu</span> <span class='ocrx_word' id='word_1_372' title='bbox 1490 2251 1646 2275; x_wconf 89' lang='lat' dir='ltr'>venereo</span> <span class='ocrx_word' id='word_1_373' title='bbox 1668 2239 1740 2274; x_wconf 89' lang='lat' dir='ltr'>foe-</span> 
     </span>
     <span class='ocr_line' id='line_1_40' title="bbox 176 2294 1742 2342; baseline -0.002 -12"><span class='ocrx_word' id='word_1_374' title='bbox 176 2296 273 2329; x_wconf 84' lang='lat' dir='ltr'>mina</span> <span class='ocrx_word' id='word_1_375' title='bbox 296 2307 333 2330; x_wconf 90' lang='lat' dir='ltr'>se</span> <span class='ocrx_word' id='word_1_376' title='bbox 354 2296 463 2330; x_wconf 85' lang='lat' dir='ltr'>habet</span> <span class='ocrx_word' id='word_1_377' title='bbox 484 2296 576 2330; x_wconf 89' lang='lat' dir='ltr'>sicut</span> <span class='ocrx_word' id='word_1_378' title='bbox 597 2297 748 2342; x_wconf 85' lang='lat' dir='ltr'>patiens,</span> <span class='ocrx_word' id='word_1_379' title='bbox 771 2304 805 2330; x_wconf 90' lang='lat' dir='ltr'>et</span> <span class='ocrx_word' id='word_1_380' title='bbox 826 2307 888 2342; x_wconf 90' lang='lat' dir='ltr'>per</span> <span class='ocrx_word' id='word_1_381' title='bbox 907 2296 1059 2329; x_wconf 88' lang='lat' dir='ltr'>modum</span> <span class='ocrx_word' id='word_1_382' title='bbox 1083 2295 1266 2336; x_wconf 82' lang='lat' dir='ltr'>materiae,</span> <span class='ocrx_word' id='word_1_383' title='bbox 1288 2295 1342 2328; x_wconf 90' lang='lat' dir='ltr'>vir</span> <span class='ocrx_word' id='word_1_384' title='bbox 1363 2302 1483 2328; x_wconf 85' lang='lat' dir='ltr'>autem</span> <span class='ocrx_word' id='word_1_385' title='bbox 1505 2304 1568 2340; x_wconf 88' lang='lat' dir='ltr'>per</span> <span class='ocrx_word' id='word_1_386' title='bbox 1589 2294 1742 2328; x_wconf 88' lang='lat' dir='ltr'>modum</span> 
     </span>
     <span class='ocr_line' id='line_1_41' title="bbox 177 2345 1743 2395; baseline -0.001 -13"><span class='ocrx_word' id='word_1_387' title='bbox 177 2349 334 2395; x_wconf 77' lang='lat' dir='ltr'>agentis:</span> <span class='ocrx_word' id='word_1_388' title='bbox 358 2350 494 2383; x_wconf 85' lang='lat' dir='ltr'>dictum</span> <span class='ocrx_word' id='word_1_389' title='bbox 513 2357 566 2383; x_wconf 88' lang='lat' dir='ltr'>est</span> <span class='ocrx_word' id='word_1_390' title='bbox 585 2357 706 2383; x_wconf 84' lang='lat' dir='ltr'>autem</span> <span class='ocrx_word' id='word_1_391' title='bbox 731 2349 780 2393; x_wconf 84' lang='lat' dir='ltr'>(in</span> <span class='ocrx_word' id='word_1_392' title='bbox 800 2361 870 2394; x_wconf 68' lang='lat' dir='ltr'>arg.</span> <span class='ocrx_word' id='word_1_393' title='bbox 890 2348 949 2393; x_wconf 74' lang='lat' dir='ltr'>L),</span> <span class='ocrx_word' id='word_1_394' title='bbox 973 2348 1068 2394; x_wconf 89' lang='lat' dir='ltr'>quod</span> <span class='ocrx_word' id='word_1_395' title='bbox 1091 2348 1294 2394; x_wconf 85' lang='lat' dir='ltr'>praedictae</span> <span class='ocrx_word' id='word_1_396' title='bbox 1309 2347 1446 2393; x_wconf 89' lang='lat' dir='ltr'>species</span> <span class='ocrx_word' id='word_1_397' title='bbox 1465 2347 1664 2382; x_wconf 89' lang='lat' dir='ltr'>secundum</span> <span class='ocrx_word' id='word_1_398' title='bbox 1681 2345 1743 2381; x_wconf 88' lang='lat' dir='ltr'>dif-</span> 
     </span>
     <span class='ocr_line' id='line_1_42' title="bbox 176 2402 822 2448; baseline -0.002 -12"><span class='ocrx_word' id='word_1_399' title='bbox 176 2402 367 2437; x_wconf 87' lang='lat' dir='ltr'>ferentiam</span> <span class='ocrx_word' id='word_1_400' title='bbox 390 2403 563 2437; x_wconf 87' lang='lat' dir='ltr'>materiae</span> <span class='ocrx_word' id='word_1_401' title='bbox 585 2402 822 2448; x_wconf 84' lang='lat' dir='ltr'>assignantur.</span> 
     </span>
    </p>

    <p class='ocr_par' dir='ltr' id='par_1_8' title="bbox 179 2453 1743 2608">
     <span class='ocr_line' id='line_1_43' title="bbox 248 2453 1743 2502; baseline -0.003 -11"><span class='ocrx_word' id='word_1_402' title='bbox 248 2456 308 2490; x_wconf 85' lang='lat' dir='ltr'>AD</span> <span class='ocrx_word' id='word_1_403' title='bbox 323 2467 472 2491; x_wconf 83' lang='lat' dir='ltr'>PRIMUM</span> <span class='ocrx_word' id='word_1_404' title='bbox 495 2468 582 2502; x_wconf 86' lang='lat' dir='ltr'>ergo</span> <span class='ocrx_word' id='word_1_405' title='bbox 605 2455 810 2497; x_wconf 88' lang='lat' dir='ltr'>dicendum,</span> <span class='ocrx_word' id='word_1_406' title='bbox 831 2455 926 2501; x_wconf 87' lang='lat' dir='ltr'>quod</span> <span class='ocrx_word' id='word_1_407' title='bbox 949 2454 1131 2501; x_wconf 86' lang='lat' dir='ltr'>praedicta</span> <span class='ocrx_word' id='word_1_408' title='bbox 1154 2454 1339 2488; x_wconf 83' lang='lat' dir='ltr'>diversitas</span> <span class='ocrx_word' id='word_1_409' title='bbox 1362 2453 1534 2488; x_wconf 87' lang='lat' dir='ltr'>materiae</span> <span class='ocrx_word' id='word_1_410' title='bbox 1556 2453 1664 2488; x_wconf 91' lang='lat' dir='ltr'>habet</span> <span class='ocrx_word' id='word_1_411' title='bbox 1685 2464 1743 2487; x_wconf 90' lang='lat' dir='ltr'>an-</span> 
     </span>
     <span class='ocr_line' id='line_1_44' title="bbox 179 2507 1742 2554; baseline -0.001 -12"><span class='ocrx_word' id='word_1_412' title='bbox 179 2521 309 2543; x_wconf 82' lang='lat' dir='ltr'>nexam</span> <span class='ocrx_word' id='word_1_413' title='bbox 343 2510 587 2544; x_wconf 84' lang='lat' dir='ltr'>diversitatem</span> <span class='ocrx_word' id='word_1_414' title='bbox 621 2508 814 2544; x_wconf 73' lang='lat' dir='ltr'>formalem</span> <span class='ocrx_word' id='word_1_415' title='bbox 849 2509 990 2553; x_wconf 85' lang='lat' dir='ltr'>objecti,</span> <span class='ocrx_word' id='word_1_416' title='bbox 1025 2519 1116 2554; x_wconf 82' lang='lat' dir='ltr'>quae</span> <span class='ocrx_word' id='word_1_417' title='bbox 1145 2507 1316 2552; x_wconf 88' lang='lat' dir='ltr'>accipitur</span> <span class='ocrx_word' id='word_1_418' title='bbox 1349 2507 1548 2541; x_wconf 88' lang='lat' dir='ltr'>secundum</span> <span class='ocrx_word' id='word_1_419' title='bbox 1583 2507 1742 2541; x_wconf 88' lang='lat' dir='ltr'>diversos</span> 
     </span>
     <span class='ocr_line' id='line_1_45' title="bbox 185 2560 1622 2608; baseline -0.003 -11"><span class='ocrx_word' id='word_1_420' title='bbox 185 2564 314 2597; x_wconf 86' lang='lat' dir='ltr'>modos</span> <span class='ocrx_word' id='word_1_421' title='bbox 336 2563 594 2608; x_wconf 79' lang='lat' dir='ltr'>repugnantiae</span> <span class='ocrx_word' id='word_1_422' title='bbox 618 2563 660 2596; x_wconf 90' lang='lat' dir='ltr'>ad</span> <span class='ocrx_word' id='word_1_423' title='bbox 682 2563 860 2596; x_wconf 86' lang='lat' dir='ltr'>rationem</span> <span class='ocrx_word' id='word_1_424' title='bbox 884 2570 1030 2603; x_wconf 83' lang='lat' dir='ltr'>rectam,</span> <span class='ocrx_word' id='word_1_425' title='bbox 1054 2570 1091 2595; x_wconf 88' lang='lat' dir='ltr'>ut</span> <span class='ocrx_word' id='word_1_426' title='bbox 1113 2561 1248 2594; x_wconf 85' lang='lat' dir='ltr'>dictum</span> <span class='ocrx_word' id='word_1_427' title='bbox 1272 2569 1324 2595; x_wconf 90' lang='lat' dir='ltr'>est</span> <span class='ocrx_word' id='word_1_428' title='bbox 1343 2562 1394 2606; x_wconf 78' lang='lat' dir='ltr'>(in</span> <span class='ocrx_word' id='word_1_429' title='bbox 1417 2567 1506 2607; x_wconf 80' lang='lat' dir='ltr'>corp.</span> <span class='ocrx_word' id='word_1_430' title='bbox 1530 2560 1622 2605; x_wconf 71' lang='lat' dir='ltr'>art).</span> 
     </span>
    </p>

    <p class='ocr_par' dir='ltr' id='par_1_9' title="bbox 178 2614 1743 2823">
     <span class='ocr_line' id='line_1_46' title="bbox 250 2614 1743 2661; baseline -0.003 -10"><span class='ocrx_word' id='word_1_431' title='bbox 250 2616 309 2650; x_wconf 87' lang='lat' dir='ltr'>AD</span> <span class='ocrx_word' id='word_1_432' title='bbox 325 2627 531 2651; x_wconf 76' lang='lat' dir='ltr'><strong>SECUNDUM</strong></span> <span class='ocrx_word' id='word_1_433' title='bbox 551 2616 756 2657; x_wconf 87' lang='lat' dir='ltr'>dicendum,</span> <span class='ocrx_word' id='word_1_434' title='bbox 779 2615 874 2661; x_wconf 85' lang='lat' dir='ltr'>quod</span> <span class='ocrx_word' id='word_1_435' title='bbox 894 2614 983 2648; x_wconf 74' lang='lat' dir='ltr'>nihil</span> <span class='ocrx_word' id='word_1_436' title='bbox 1006 2615 1181 2660; x_wconf 83' lang='lat' dir='ltr'>prohibet,</span> <span class='ocrx_word' id='word_1_437' title='bbox 1202 2615 1237 2648; x_wconf 86' lang='lat' dir='ltr'>in</span> <span class='ocrx_word' id='word_1_438' title='bbox 1261 2614 1389 2649; x_wconf 81' lang='lat' dir='ltr'>eodem</span> <span class='ocrx_word' id='word_1_439' title='bbox 1414 2622 1494 2648; x_wconf 88' lang='lat' dir='ltr'>actu</span> <span class='ocrx_word' id='word_1_440' title='bbox 1517 2614 1743 2648; x_wconf 88' lang='lat' dir='ltr'>diversorum</span> 
     </span>
     <span class='ocr_line' id='line_1_47' title="bbox 179 2666 1743 2714; baseline -0.002 -10"><span class='ocrx_word' id='word_1_441' title='bbox 179 2670 350 2704; x_wconf 77' lang='lat' dir='ltr'>vitiorum</span> <span class='ocrx_word' id='word_1_442' title='bbox 377 2669 623 2704; x_wconf 85' lang='lat' dir='ltr'>deformitates</span> <span class='ocrx_word' id='word_1_443' title='bbox 646 2680 872 2710; x_wconf 84' lang='lat' dir='ltr'>concurrere,</span> <span class='ocrx_word' id='word_1_444' title='bbox 900 2676 937 2702; x_wconf 89' lang='lat' dir='ltr'>ut</span> <span class='ocrx_word' id='word_1_445' title='bbox 963 2679 1067 2714; x_wconf 84' lang='lat' dir='ltr'>supra</span> <span class='ocrx_word' id='word_1_446' title='bbox 1090 2668 1226 2702; x_wconf 89' lang='lat' dir='ltr'>dictum</span> <span class='ocrx_word' id='word_1_447' title='bbox 1249 2676 1301 2701; x_wconf 88' lang='lat' dir='ltr'>est</span> <span class='ocrx_word' id='word_1_448' title='bbox 1323 2668 1405 2712; x_wconf 84' lang='lat'><em>(1-2.</em></span> <span class='ocrx_word' id='word_1_449' title='bbox 1421 2679 1450 2713; x_wconf 83' lang='lat' dir='ltr'>q.</span> <span class='ocrx_word' id='word_1_450' title='bbox 1465 2668 1515 2702; x_wconf 73' lang='lat'>18.</span> <span class='ocrx_word' id='word_1_451' title='bbox 1535 2672 1599 2701; x_wconf 82' lang='lat' dir='ltr'>art.</span> <span class='ocrx_word' id='word_1_452' title='bbox 1622 2666 1684 2712; x_wconf 89' lang='lat'><strong><em>7.);</em></strong></span> <span class='ocrx_word' id='word_1_453' title='bbox 1709 2673 1743 2700; x_wconf 89' lang='lat' dir='ltr'>et</span> 
     </span>
     <span class='ocr_line' id='line_1_48' title="bbox 178 2718 1742 2766; baseline -0.002 -10"><span class='ocrx_word' id='word_1_454' title='bbox 178 2718 1742 2766; x_wconf 50' lang='lat' dir='ltr'>hocrnodoaduhenunaconnneun·subluxuffia,etsubinfiwunaznecdestnnfinm</span> 
     </span>
     <span class='ocr_line' id='line_1_49' title="bbox 179 2772 1743 2823; baseline -0.003 -13"><span class='ocrx_word' id='word_1_455' title='bbox 179 2776 372 2821; x_wconf 84' lang='lat' dir='ltr'>injustitiae</span> <span class='ocrx_word' id='word_1_456' title='bbox 392 2777 542 2811; x_wconf 87' lang='lat' dir='ltr'>omnino</span> <span class='ocrx_word' id='word_1_457' title='bbox 562 2787 624 2823; x_wconf 91' lang='lat' dir='ltr'>per</span> <span class='ocrx_word' id='word_1_458' title='bbox 645 2776 812 2810; x_wconf 87' lang='lat' dir='ltr'>accidens</span> <span class='ocrx_word' id='word_1_459' title='bbox 830 2786 867 2809; x_wconf 89' lang='lat' dir='ltr'>se</span> <span class='ocrx_word' id='word_1_460' title='bbox 882 2775 990 2809; x_wconf 86' lang='lat' dir='ltr'>habet</span> <span class='ocrx_word' id='word_1_461' title='bbox 1005 2775 1047 2808; x_wconf 87' lang='lat' dir='ltr'>ad</span> <span class='ocrx_word' id='word_1_462' title='bbox 1064 2774 1253 2816; x_wconf 84' lang='lat' dir='ltr'>luxuriam,</span> <span class='ocrx_word' id='word_1_463' title='bbox 1273 2774 1473 2808; x_wconf 88' lang='lat' dir='ltr'>ostenditur</span> <span class='ocrx_word' id='word_1_464' title='bbox 1491 2773 1587 2807; x_wconf 90' lang='lat' dir='ltr'>enim</span> <span class='ocrx_word' id='word_1_465' title='bbox 1605 2772 1743 2806; x_wconf 88' lang='lat' dir='ltr'>luxuria</span> 
     </span>
    </p>
   </div>
   <div class='ocr_carea' id='block_1_3' title="bbox 180 2825 1742 2918">
    <p class='ocr_par' dir='ltr' id='par_1_10' title="bbox 180 2825 1742 2918">
     <span class='ocr_line' id='line_1_50' title="bbox 180 2825 1742 2876; baseline -0.001 -14"><span class='ocrx_word' id='word_1_466' title='bbox 180 2830 335 2875; x_wconf 86' lang='lat' dir='ltr'>gravior,</span> <span class='ocrx_word' id='word_1_467' title='bbox 357 2841 448 2876; x_wconf 89' lang='lat' dir='ltr'>quae</span> <span class='ocrx_word' id='word_1_468' title='bbox 472 2831 649 2864; x_wconf 85' lang='lat' dir='ltr'>intantum</span> <span class='ocrx_word' id='word_1_469' title='bbox 672 2828 1007 2875; x_wconf 88' lang='lat' dir='ltr'>concupiscentiam</span> <span class='ocrx_word' id='word_1_470' title='bbox 1031 2828 1201 2874; x_wconf 87' lang='lat' dir='ltr'>sequitur,</span> <span class='ocrx_word' id='word_1_471' title='bbox 1225 2827 1322 2873; x_wconf 93' lang='lat' dir='ltr'>quod</span> <span class='ocrx_word' id='word_1_472' title='bbox 1343 2827 1452 2861; x_wconf 88' lang='lat' dir='ltr'>etiam</span> <span class='ocrx_word' id='word_1_473' title='bbox 1474 2828 1510 2861; x_wconf 87' lang='lat' dir='ltr'>in</span> <span class='ocrx_word' id='word_1_474' title='bbox 1531 2825 1742 2873; x_wconf 87' lang='lat' dir='ltr'>injustitiam</span> 
     </span>
     <span class='ocr_line' id='line_1_51' title="bbox 181 2883 300 2918; baseline 0.017 -2"><span class='ocrx_word' id='word_1_475' title='bbox 181 2883 300 2918; x_wconf 56' lang='lat' dir='ltr'>ducat</span> 
     </span>
    </p>
   </div>
   <div class='ocr_carea' id='block_1_4' title="bbox 1784 0 1859 3053">
    <p class='ocr_par' dir='ltr' id='par_1_11' title="bbox 1784 0 1859 3053">
     <span class='ocr_line' id='line_1_52' title="bbox 1784 0 1859 3053; baseline 0 0"><span class='ocrx_word' id='word_1_476' title='bbox 1784 0 1859 3053; x_wconf 95' lang='lat' dir='ltr'> </span> 
     </span>
    </p>
   </div>
  </div>
 </body>
</html>
