1859 3122
512 177 732 213 QUAESTIO
769 176 857 207 ειν.
892 176 1136 207 Ani-tentus
1170 177 1209 206 v.
1557 179 1639 220 739

81 260 297 308 quandoque
315 259 499 304 subjicitur
515 259 648 294 actioni
663 258 794 293 caloris
809 266 983 305 quantum
999 259 1041 292 ad
1058 257 1226 300 calefieri,
1240 270 1314 293 non
1329 267 1451 293 tamen
1466 267 1641 305 quantum

82 314 125 349 ad
139 313 323 356 exsiccari,
337 313 411 347 sive
426 313 604 347 consumi.
622 312 795 347 Similiter
810 323 852 346 ex
866 312 988 347 duobus
1002 320 1120 358 potest
1133 312 1354 357 contingere,
1370 312 1467 358 quod
1481 313 1641 347 subditus

79 378 144 402 suo
159 367 337 413 superiori
354 377 427 400 non
447 374 610 400 teneatur
625 366 660 399 in
679 366 846 400 omnibus
865 361 1030 400 obedire:
1053 377 1118 399 uno
1138 365 1232 399 modo
1247 373 1391 411 propter
1408 374 1639 412 praeceptum

81 421 228 466 majoris
250 420 453 465 potestatis:
479 427 516 453 ut
538 419 634 453 enim
658 419 765 453 Rom.
793 430 842 464 13.
867 431 971 465 super
992 418 1097 452 illud:
1123 419 1193 463 Qui
1213 421 1365 464 potestati
1390 420 1553 462 resistunt,
1579 421 1642 466 ipsi

78 475 141 509 sibi
170 473 415 508 damnationem
451 474 642 518 inquirunt,
673 473 759 506 dicit
787 472 907 507 Gloss.
940 472 1025 516 (ord.
1049 473 1136 517 Aug.
1166 484 1262 506 serm.
1290 472 1322 507 6.
1349 472 1385 507 da
1417 473 1511 507 Vcrb.
1539 474 1640 507 Dom.

79 534 151 574 cap.
173 527 238 572 8..·)
268 540 285 559 «
306 527 342 561 Si
366 526 450 572 quid
473 526 613 571 jusserit
629 534 783 567 curator,
799 526 973 572 numquid
993 534 1046 560 est
1065 526 1126 560 tibi
1142 525 1359 567 faciendum,
1379 527 1407 560 si
1423 534 1547 560 contra
1565 538 1642 573 pro-

80 580 269 615 consulem
290 580 439 626 jubeat?
463 580 619 613 Rursum
639 580 666 614 si
687 580 769 625 quid
788 578 984 625 proconsul
1001 579 1132 624 jubeat,
1154 587 1188 613 et
1209 579 1305 613 aliud
1320 580 1526 625 imperator,
1540 591 1642 614 num-

79 634 163 681 quid
183 634 373 675 dubitatur,
389 633 452 667 illo
473 642 695 679 contempto,
715 634 771 668 isti
790 645 867 667 esse
882 633 1111 667 serviendum
1127 633 1141 666 ?
1164 633 1260 679 Ergo
1275 634 1304 667 si
1323 633 1417 667 aliud
1432 634 1640 679 imperator,

80 687 174 722 aliud
196 687 296 722 Deus
317 688 449 732 jubeat,
471 695 682 733 contempto
704 686 779 729 illo,
795 686 1119 732 obtemperandum
1138 694 1191 720 est
1208 687 1288 721 Deo
1308 701 1340 720 )).
1356 687 1434 722 Alio
1452 687 1547 722 modo
1565 699 1639 721 non

78 749 219 776 tenetur
239 740 388 775 inferior
409 752 474 775 suo
498 741 674 787 superiori
693 740 850 782 obedire,
873 740 902 773 si
924 740 955 773 ei
978 740 1111 785 aliquid
1134 741 1340 786 praecipiat,
1362 741 1398 774 in
1420 752 1492 787 quo
1515 741 1548 775 ei
1565 752 1639 775 non

78 794 266 830 subdatur:
293 795 378 829 dicit
405 795 502 829 enim
530 795 670 828 Seneca
696 794 731 827 in
762 805 790 839 3.
818 793 862 827 de
884 793 1074 827 Beneficiis
1097 793 1184 840 (cap.
1214 795 1301 838 20.):
1327 807 1344 825 «
1363 794 1476 836 Errat,
1506 796 1534 829 si
1561 795 1639 841 quis

78 848 258 884 existimat
270 849 480 882 servitutem
494 848 529 882 in
543 856 661 882 totum
678 847 866 881 hominem
882 846 1116 881 descendere:
1136 858 1217 892 pars
1236 847 1333 881 enim
1347 847 1477 881 melior
1491 856 1639 894 excepta

78 908 147 936 est:
171 912 325 947 corpora
347 901 504 935 obnoxia
525 909 618 943 sunt,
637 909 671 934 et
693 900 870 946 adscripta
890 899 1058 941 dominis,
1074 911 1176 934 mens
1195 900 1341 946 quidem
1360 909 1412 935 est
1430 901 1485 935 sui
1501 901 1586 946 juris
1605 915 1636 934 >›.

78 954 121 988 Et
142 955 224 989 ideo
246 955 283 988 in
305 955 372 996 his,
395 966 486 1000 quae
514 955 692 1000 pertinent
719 954 761 987 ad
788 953 998 987 interiorem
1025 960 1167 987 motum
1188 953 1396 995 voluntatis,
1422 954 1537 988 homo
1563 966 1638 988 non

76 1016 217 1042 tenetur
237 1008 380 1042 homini
401 1008 557 1049 obedire,
580 1007 641 1041 sed
663 1006 781 1041 solum
803 1006 908 1040 Deo:
935 1014 1076 1040 tenetur
1102 1014 1223 1040 autem
1249 1007 1363 1041 homo
1390 1007 1532 1041 homini
1559 1008 1639 1041 obe-

76 1061 150 1096 dire
171 1062 208 1095 in
227 1062 293 1103 his,
315 1072 407 1108 quae
429 1061 581 1095 exterius
599 1072 661 1106 per
679 1071 809 1106 corpus
824 1068 905 1094 sunt
921 1061 1079 1105 agenda3
1102 1060 1138 1093 in
1159 1060 1286 1106 quibus
1300 1068 1423 1095 tamen
1437 1061 1638 1096 secundum

77 1126 130 1156 ea,
153 1126 244 1161 quae
267 1115 310 1149 ad
331 1123 498 1148 naturam
521 1113 683 1159 corporis
705 1115 895 1159 pertinent,
916 1113 1032 1147 homo
1053 1113 1195 1147 homini
1222 1114 1369 1148 obedire
1389 1125 1464 1148 non
1485 1122 1637 1157 tenetur,

76 1167 137 1202 sed
159 1167 279 1202 solum
301 1168 402 1209 Deo;
424 1167 508 1213 quia
534 1178 662 1201 omnes
688 1167 856 1201 homines
882 1174 1010 1201 natura
1036 1175 1117 1201 sunt
1142 1178 1264 1213 pares;
1291 1175 1376 1214 puta
1402 1167 1438 1201 in
1464 1168 1520 1202 his
1546 1179 1637 1214 quae

75 1221 253 1266 pertinent
274 1221 318 1254 ad
340 1221 501 1266 corporis
523 1220 836 1261 sustentationem,
859 1228 893 1254 et
914 1219 1026 1266 prolis
1053 1220 1344 1265 generationem3
1371 1221 1465 1255 unde
1491 1233 1566 1256 non
1591 1229 1637 1256 te-

74 1282 204 1308 nentur
224 1285 290 1308 nec
313 1274 405 1308 servi
432 1268 601 1315 dominis,
627 1284 694 1307 nec
721 1273 784 1307 filii
810 1273 1016 1319 parentibus
1039 1274 1184 1308 obedire
1216 1275 1258 1308 de
1289 1274 1524 1309 matrimonio
1555 1286 1638 1309 con-

73 1327 262 1370 trahendo,
280 1327 339 1362 vel
356 1327 560 1374 virginitate
578 1327 765 1369 servanda,
781 1334 840 1361 aut
855 1326 975 1373 aliquo
991 1327 1062 1361 alio
1077 1327 1304 1373 hujusmodi:
1327 1329 1389 1362 sed
1408 1329 1444 1362 in
1458 1329 1525 1371 his,
1545 1341 1636 1375 quae

73 1381 250 1426 pertinent
268 1381 311 1414 ad
335 1378 609 1427 dispositionem
636 1388 794 1422 actuum,
822 1389 855 1414 et
881 1392 1001 1414 rerum
1028 1381 1283 1424 humanarum,
1309 1390 1450 1416 tenetur
1475 1383 1635 1417 subditus

72 1445 139 1468 suo
157 1434 333 1479 superiori
348 1434 494 1468 obedire
508 1434 710 1468 secundum
725 1434 903 1468 rationem
919 1434 1177 1480 superioritatis
1192 1447 1200 1477 3
1219 1435 1311 1469 sicut
1324 1435 1429 1469 miles
1444 1436 1526 1469 duci
1541 1447 1636 1470 exer-

74 1488 163 1522 citus
185 1488 221 1521 in
242 1487 297 1522 his
319 1499 410 1533 quae
431 1487 611 1534 pertinent
632 1487 676 1521 ad
697 1487 853 1529 bellum3
877 1498 1000 1521 servus
1022 1488 1172 1522 domino
1199 1488 1235 1522 in
1261 1489 1316 1523 his
1344 1500 1435 1534 quae
1457 1489 1635 1535 pertinent

74 1541 118 1574 ad
139 1540 281 1575 servilia
302 1552 412 1586 opera
433 1541 657 1586 exequenda3
680 1540 773 1574 filius
791 1541 882 1586 patri
899 1541 936 1574 in
953 1541 1009 1574 his
1024 1552 1116 1587 quae
1138 1542 1317 1587 pertinent
1339 1542 1382 1576 ad
1404 1542 1633 1589 disciplinam

73 1593 178 1635 vitae,
200 1602 235 1628 et
256 1605 381 1628 curam
403 1594 661 1636 domesticam3
684 1602 719 1628 et
740 1594 790 1628 sic
813 1594 856 1628 de
879 1593 967 1630 aliis.

143 1649 204 1683 AD
223 1659 372 1683 PRIMUM
391 1659 477 1693 ergo
501 1648 705 1689 dicendum,
728 1648 824 1693 quod
846 1648 929 1690 hoc,
956 1648 1053 1694 quod
1079 1649 1207 1694 Apost.
1234 1649 1330 1691 dicit,
1356 1648 1633 1694 intelligendum

73 1710 126 1736 est
142 1708 205 1748 per
226 1703 338 1736 omnia
357 1710 531 1748 quantum
551 1701 595 1735 ad
611 1701 684 1744 illa',
703 1713 794 1747 quae
815 1702 995 1748 pertinent
1015 1701 1059 1735 ad
1080 1703 1134 1747 jus
1153 1703 1300 1748 patriae,
1317 1702 1375 1737 vel
1389 1703 1633 1738 doniinativae

73 1755 270 1800 potestatis.

143 1809 204 1843 AD
231 1819 438 1843 SECUNDUM
459 1808 664 1850 dicendum,
686 1809 782 1854 quod
803 1809 885 1842 Deo
907 1809 1091 1854 subjicitur
1104 1809 1218 1843 homo
1233 1808 1444 1855 simpliciter
1459 1818 1631 1856 quantun]

73 1861 117 1895 ad
139 1861 275 1903 omnia,
297 1870 332 1896 et
352 1862 535 1903 interiora,
558 1869 592 1895 et
613 1861 812 1903 exteriora3
836 1869 871 1896 et
891 1862 973 1895 ideo
1000 1862 1036 1895 in
1064 1862 1230 1896 omnibus
1254 1863 1285 1896 ei
1307 1863 1451 1897 obedire
1472 1871 1631 1897 tenetur:

71 1915 203 1949 subditi
224 1923 345 1950 autem
359 1926 435 1949 non
454 1915 689 1960 subjiciuntur
702 1916 774 1949 suis
788 1915 1031 1961 superioribus
1047 1923 1220 1961 quantum
1237 1916 1280 1949 ad
1295 1917 1430 1958 omnia,
1445 1916 1506 1950 sed
1526 1928 1634 1962 quan-

70 1976 149 2002 tum
170 1968 213 2002 ad
241 1967 360 2014 aliqua
387 1968 639 2002 determinate:
668 1976 703 2002 et
728 1977 903 2014 quantum
931 1969 974 2002 ad
1000 1968 1062 2002 illa
1088 1970 1195 2003 medii
1218 1977 1299 2003 sunt
1326 1970 1418 2004 inter
1442 1970 1576 2012 Deum,
1599 1979 1633 2004 et

71 2021 251 2055 subditos:
275 2030 449 2067 quantum
472 2022 516 2055 ad
538 2021 608 2056 alia
629 2033 716 2056 vero
737 2022 947 2056 immediate
970 2022 1167 2057 subduntur
1181 2023 1274 2065 Deo,
1290 2035 1310 2057 a
1325 2035 1395 2069 quo
1410 2024 1632 2058 instruuntur

71 2085 135 2120 per
155 2074 278 2121 legem
299 2074 513 2116 naturalem,
534 2074 593 2109 vel
613 2075 794 2121 scriptam.

141 2127 201 2161 AD
224 2138 395 2162 TERTIUM
421 2129 626 2170 dicendum,
649 2129 745 2174 quod
769 2128 927 2173 religiosi
949 2129 1192 2164 obedientiam
1219 2129 1430 2175 profitentur
1456 2138 1630 2176 quantum

72 2180 116 2214 ad
137 2180 342 2226 regularem
364 2182 690 2224 conversationem,
712 2182 911 2216 secundum
934 2194 1043 2229 quarn
1070 2183 1141 2217 suis
1168 2182 1335 2229 praelatis
1361 2183 1577 2226 subduntur;
1597 2191 1631 2218 et

70 2234 153 2268 ideo
175 2242 351 2279 quantum
373 2234 416 2268 ad
438 2234 498 2268 illa
521 2234 599 2269 sola
620 2235 766 2270 obedire
787 2244 963 2278 tenentur,
983 2247 1073 2282 quae
1095 2244 1246 2282 possunt
1267 2237 1310 2270 ad
1329 2236 1533 2282 regularem
1548 2248 1631 2271 con-

70 2287 314 2321 versationem
336 2287 536 2333 pertinere3
559 2296 594 2322 et
613 2288 703 2322 haec
719 2297 772 2323 est
786 2289 990 2324 obedientia
1011 2289 1190 2324 sufficiens
1210 2290 1253 2324 ad
1275 2289 1448 2324 salutem:
1464 2290 1493 2324 si
1508 2298 1629 2324 autem

71 2340 180 2374 etiam
194 2340 232 2374 in
246 2339 324 2374 aliis
339 2341 485 2375 obedire
499 2340 690 2384 voluerint,
704 2342 774 2376 hoc
789 2342 979 2388 pertinebit
1000 2343 1044 2377 ad
1066 2343 1253 2377 cumulum
1274 2343 1504 2390 perfectionis
1519 2355 1526 2376 ε
1542 2343 1628 2377 dum

69 2401 192 2427 tamen
214 2392 275 2427 illa
296 2404 371 2427 non
392 2394 462 2428 sint
476 2402 601 2428 contra
612 2395 745 2437 Deum,
767 2403 828 2430 aut
849 2404 974 2430 contra
988 2395 1252 2442 professionem
1267 2396 1431 2442 regulae3
1448 2397 1531 2443 quia
1547 2396 1628 2430 talis

71 2446 275 2480 obedientia
297 2454 391 2480 esset
411 2446 556 2489 illicita3
578 2447 628 2482 sic
652 2459 738 2494 ergo
760 2457 879 2495 potest
901 2449 1020 2496 triplex
1042 2449 1247 2484 obedientia
1269 2450 1456 2494 distingui:
1480 2461 1546 2483 una
1561 2448 1630 2483 suf-

70 2498 194 2533 ficiens
217 2499 260 2533 ad
283 2499 450 2542 salutem,
473 2512 564 2546 quae
586 2500 725 2536 scilicet
745 2502 866 2536 obedit
886 2503 922 2536 in
944 2503 1012 2545 his,
1033 2503 1077 2536 ad
1099 2514 1191 2549 quae
1213 2503 1410 2549 obligatur:
1429 2503 1498 2537 alia
1519 2502 1628 2548 perfe-

71 2559 139 2594 cta,
161 2564 252 2598 quae
275 2553 395 2587 obedit
420 2553 456 2587 in
486 2554 653 2589 omnibus
686 2554 812 2590 licitis:
847 2556 915 2590 alia
947 2556 1150 2598 indiscreta,
1181 2568 1271 2602 quae
1299 2556 1407 2590 etiam
1434 2556 1468 2589 in
1495 2555 1627 2590 illicitis

71 2605 201 2639 obedit.
