1859 3122
208 171 319 225 1164
587 179 806 215 QUAEsrro
840 179 998 209 crxxx.
1032 179 1275 209 ARthULUs
1309 180 1365 209 Ν.

760 330 1103 375 ARTICULUS
1136 330 1213 373 IV.
1696 344 1758 388 851

635 438 788 469 UTRUM
820 440 924 468 VITA
957 438 1329 469 CONTEMPLATIVA

455 505 601 533 SOLUM
635 504 880 534 CONSISTAT
914 505 958 534 IN
993 504 1393 534 CONTEMPLATIONE
1426 505 1513 543 DEI,

306 570 362 599 AN
396 570 532 599 ETIAM
565 570 609 599 IN
639 570 1026 600 CONSIDERATIONE
1060 569 1378 611 CUJUSCUMQUE
1411 570 1656 600 VERITATIS.

474 651 575 698 (Infr.
595 656 658 686 art.
681 662 712 697 7.
730 656 758 685 et
779 663 808 697 q.
831 652 898 686 131.
921 656 987 686 art.
1007 662 1040 695 4.
1063 650 1105 685 ad
1125 663 1156 686 2.
1183 655 1212 685 et
1232 662 1261 696 q.
1283 651 1355 686 182.
1382 655 1446 686 art.
1464 662 1497 686 2.

678 710 706 740 et
723 717 751 751 3.
774 705 861 739 Dist.
880 716 926 751 35.
949 717 977 750 q.
1004 717 1031 739 1.
1054 709 1118 739 art.
1137 716 1168 739 2.
1187 716 1217 750 q.
1236 705 1294 751 3.).

275 793 335 827 AD
350 802 538 832 QUARTUM
561 794 610 827 sic
633 793 850 839 proceditur.
865 793 1028 834 Videtur,
1048 793 1143 839 quod
1162 795 1234 827 vita
1254 792 1536 840 contemplativa
1556 804 1630 828 non
1644 793 1764 828 solum

207 848 379 881 consistat
402 847 437 880 in
461 847 767 893 contemplatione
789 847 868 891 Dei,
903 847 964 881 sed
992 847 1100 881 etiam
1131 847 1166 880 in
1193 847 1481 881 consideratione
1508 848 1766 893 cujuscumque

205 901 383 935 veritatis:
407 900 536 934 dicitur
558 901 654 934 enim
677 901 711 934 in
734 901 790 934 Ps.
818 901 912 946 138.:
937 901 1114 935 Mirabilia
1133 907 1233 947 opera
1249 905 1316 943 tna,
1341 906 1370 935 et
1387 902 1503 935 anima
1520 913 1593 935 mea
1607 901 1768 947 cognoscit

204 955 323 988 nimis:
348 954 410 988 sed
434 954 595 999 cognitio
620 954 824 988 divinorum
848 966 999 1000 operum
1017 954 1055 988 fit
1077 966 1139 1000 per
1161 954 1319 1000 aliquam
1343 954 1690 1000 contemplationem
1711 965 1768 988 ve-

205 1008 334 1049 ritatis;
358 1019 444 1053 ergo
467 1008 617 1050 videtur,
649 1008 745 1054 quod
769 1008 811 1041 ad
834 1008 945 1042 vitam
973 1008 1294 1054 contemplativam
1321 1008 1507 1054 pertineat,
1540 1019 1614 1042 non
1647 1007 1767 1042 solum

205 1061 365 1094 divinam
387 1061 588 1103 veritatem,
611 1062 673 1096 sed
693 1062 799 1096 etiam
824 1061 1022 1105 quamlibet
1041 1062 1148 1095 aliam
1173 1061 1423 1108 contemplari.

277 1126 308 1149 2.
330 1115 566 1149 PRAETEREA.
596 1115 798 1149 Bernardus
820 1116 856 1148 in
879 1115 938 1149 lib.
966 1127 992 1160 5.
1016 1116 1059 1149 de
1081 1115 1310 1150 Considerat.
1333 1116 1424 1161 (cap.
1454 1115 1528 1160 ult.)
1553 1115 1648 1157 dicit,
1671 1113 1768 1160 quod

208 1181 226 1200 «
247 1168 363 1213 prima
383 1168 644 1215 contemplatio
665 1177 717 1203 est
739 1169 930 1203 admiratio
953 1170 1171 1215 majestatis:
1194 1169 1352 1203 secunda
1375 1177 1427 1203 est
1447 1168 1666 1214 judiciorum
1686 1168 1767 1202 Dei:

204 1223 307 1257 tertia
335 1231 387 1257 est
411 1223 672 1257 beneficiorum
706 1223 835 1269 ipsius:
860 1231 985 1269 quarta
1016 1231 1068 1257 est
1099 1223 1363 1269 promissorum
1394 1234 1431 1256 »ε
1468 1223 1530 1256 sed
1559 1222 1652 1256 inter
1676 1221 1768 1255 haec

205 1281 347 1322 quatuor
365 1276 483 1310 solum
498 1278 648 1323 primum
663 1277 816 1322 pertinet
838 1277 881 1310 ad
903 1276 1063 1310 divinam
1076 1276 1279 1318 veritatem,
1302 1275 1371 1310 alia
1392 1285 1480 1310 vero
1503 1277 1569 1310 tria
1590 1275 1769 1321 pertinent

205 1329 248 1363 ad
271 1328 419 1364 effectus
439 1330 569 1375 ipsius3
593 1340 679 1375 ergo
701 1330 774 1363 vita
802 1328 1083 1375 contemplativa
1104 1341 1178 1363 non
1205 1329 1326 1363 solum
1353 1328 1517 1363 consistit
1543 1329 1579 1362 in
1607 1327 1770 1362 conside-

202 1382 342 1417 ratione
364 1382 505 1417 divinae
527 1383 697 1425 veritatis,
724 1382 785 1417 sed
808 1383 917 1416 etiam
946 1382 983 1416 in
1005 1382 1295 1416 consideratione
1316 1382 1475 1416 veritatis
1503 1382 1598 1416 circa
1625 1381 1766 1415 divinos

206 1435 365 1470 effectus.

279 1501 307 1536 3.
330 1490 565 1525 PRAETEREA.
587 1490 693 1525 Rich.
715 1490 758 1524 de
781 1490 817 1524 S.
839 1490 933 1525 Vict.
954 1490 1030 1535 (lib.
1049 1502 1075 1525 Ι.
1092 1489 1127 1524 de
1144 1489 1332 1536 Contempl.
1346 1496 1419 1537 cap.
1439 1488 1487 1535 6.)
1505 1488 1690 1534 distinguit
1714 1498 1770 1522 sex

205 1544 344 1590 species
361 1543 730 1590 contemplationum:
744 1555 899 1590 quarum
908 1545 1025 1591 prima
1041 1552 1093 1578 est
1107 1544 1307 1578 secundum
1320 1543 1439 1577 solam
1456 1543 1768 1590 imaginationem:

207 1598 292 1631 dum
315 1597 532 1632 attendimus
559 1609 615 1632 res
643 1597 869 1644 corporales:
897 1597 1035 1632 secunda
1064 1606 1184 1632 autem
1212 1606 1264 1631 est
1290 1598 1325 1631 in
1353 1597 1615 1643 imaginatione
1642 1605 1769 1631 secun-

207 1651 293 1685 dum
316 1651 514 1686 rationem:
535 1660 643 1698 prout
663 1651 803 1686 scilicet
824 1651 1048 1686 sensibilium
1069 1651 1245 1693 ordinem,
1261 1659 1295 1685 et
1314 1651 1590 1697 dispositionem
1609 1649 1771 1684 conside-

207 1716 344 1738 ramus:
368 1706 466 1740 tartia
488 1713 541 1739 est
569 1705 605 1738 in
628 1705 766 1740 ratione
789 1705 989 1739 secundum
1023 1705 1342 1751 imaginationem:
1365 1704 1509 1751 quando
1539 1704 1678 1739 scilicet
1709 1715 1771 1750 per

206 1758 470 1804 inspectionem
491 1769 611 1792 rerum
632 1758 827 1793 visibilium
851 1759 895 1793 ad
915 1758 1107 1792 invisibilia
1122 1758 1370 1792 sublevamur:
1394 1763 1513 1804 quarta
1533 1766 1653 1792 autern
1668 1765 1721 1792 est
1734 1757 1769 1791 in

207 1812 346 1846 ratione
379 1813 579 1846 secundum
613 1812 808 1846 rationem:
843 1812 988 1859 quando
1016 1811 1153 1846 scilicet
1180 1812 1321 1846 animus
1346 1812 1499 1846 intendit
1524 1810 1770 1852 invisibilibus,

208 1877 299 1912 quae
328 1866 542 1912 imaginatio
569 1877 643 1900 non
673 1868 789 1900 novit:
827 1867 942 1912 quinta
965 1874 1086 1900 autem
1114 1873 1168 1900 est
1198 1877 1305 1912 supra
1334 1866 1524 1907 rationem,
1549 1876 1624 1899 non
1649 1873 1771 1899 tamen

207 1927 346 1966 praeter
361 1919 551 1961 rationem,
568 1919 712 1965 quando
728 1931 768 1953 ex
784 1920 905 1953 divina
922 1919 1142 1953 revelatione
1163 1919 1419 1965 cognoscimus
1435 1930 1488 1961 ea,
1505 1929 1597 1965 quae
1611 1918 1772 1952 humana

207 1973 347 2007 ratione
363 1973 623 2019 comprehendi
644 1984 718 2007 non
738 1981 898 2019 possunt:
919 1978 1009 2008 sexta
1032 1981 1150 2007 autem
1174 1981 1227 2007 est
1247 1984 1353 2018 supra
1371 1973 1561 2014 rationem,
1577 1980 1611 2006 et
1632 1980 1772 2017 praeter

208 2028 406 2069 rationem3
437 2027 582 2073 quando
613 2026 750 2061 scilicet
788 2038 829 2061 ex
863 2027 982 2061 divina
1013 2026 1279 2061 illuminatione
1315 2028 1572 2073 cognoscimus
1599 2037 1652 2068 ea,
1679 2037 1771 2072 quae

207 2080 390 2114 humanae
420 2080 551 2114 rationi
580 2091 780 2125 repugnare
807 2081 991 2115 videntur:
1020 2081 1111 2115 sicut
1145 2092 1186 2114 ea
1213 2092 1304 2126 quae
1332 2080 1499 2114 dicuntur
1525 2080 1567 2114 de
1598 2081 1770 2126 mysterio

211 2132 415 2168 Trinitatis:
438 2133 500 2167 sed
522 2133 642 2167 solum
662 2134 831 2167 ultimum
852 2134 993 2168 videtur
1015 2134 1058 2168 ad
1081 2134 1240 2168 divinam
1259 2135 1448 2168 veritatem
1470 2133 1662 2180 pertinere3
1684 2144 1771 2179 ergo

209 2187 469 2233 contemplatio
488 2187 646 2221 veritatis
665 2198 739 2221 non
762 2187 881 2222 solum
904 2188 1048 2234 respicit
1070 2188 1229 2221 divinam
1252 2187 1452 2229 veritatem,
1469 2187 1531 2222 sed
1547 2187 1655 2222 etiam
1678 2198 1771 2229 eam,

210 2252 300 2286 quae
321 2241 358 2274 in
381 2241 551 2274 creaturis
574 2241 831 2275 consideratur.

282 2304 314 2337 4.
336 2294 572 2329 PRAETEREA.
600 2294 640 2328 In
655 2295 728 2328 vita
751 2294 1033 2340 contemplativa
1052 2295 1234 2340 quaeritur
1256 2293 1516 2340 contemplatio
1534 2293 1706 2335 veritatis,
1723 2294 1773 2328 in-

211 2356 385 2393 quantum
409 2357 462 2382 est
491 2347 663 2394 perfectio
690 2348 869 2390 hominis;
897 2348 958 2382 sed
986 2348 1165 2393 quaelibet
1189 2349 1319 2382 veritas
1345 2356 1397 2381 est
1422 2347 1594 2394 perfectio
1621 2347 1773 2381 humani

211 2400 433 2443 intellectus;
456 2412 542 2447 ergo
569 2402 605 2435 in
628 2401 786 2447 qualibet
812 2402 1122 2448 contemplatione
1145 2402 1303 2436 veritatis
1332 2402 1496 2436 consistit
1514 2401 1588 2436 vita
1615 2410 1774 2435 contem-

211 2454 354 2500 plativa.

284 2508 357 2543 SED
381 2519 535 2543 CONTRA
555 2517 617 2551 est,
632 2509 727 2555 quod
750 2509 857 2555 Greg.
882 2509 966 2543 dicit
988 2509 1022 2542 in
1039 2508 1070 2543 6.
1094 2509 1222 2543 Moral.
1245 2509 1329 2556 (cap.
1348 2510 1426 2553 η),
1444 2509 1540 2556 quod
1562 2509 1597 2543 in
1613 2515 1773 2543 contem—

211 2561 369 2607 platione
393 2563 620 2608 principium,
641 2562 738 2608 quod
761 2571 814 2597 est
835 2563 945 2604 Deus,
969 2563 1164 2608 quaeritur.

283 2615 512 2650 RESPONDEO
528 2616 733 2657 dicendum,
750 2616 857 2661 quod,
880 2616 1051 2661 sicutjam
1069 2616 1204 2650 dictum
1220 2624 1273 2650 est
1289 2616 1368 2660 (art.
1385 2629 1414 2651 2.
1435 2617 1502 2662 huj.
1519 2617 1579 2662 q.)‚
1596 2616 1639 2650 ad
1660 2616 1772 2650 vitam

214 2670 534 2715 contemplativam
556 2670 709 2716 pertinet
731 2670 863 2716 aliquid
885 2670 1081 2715 dupliciter:
1104 2682 1167 2704 uno
1192 2670 1284 2704 modo
1307 2669 1569 2716 principaliter:
1593 2669 1658 2703 alio
1677 2669 1771 2703 modo

213 2723 438 2765 secundario,
464 2723 521 2757 vel
549 2724 773 2769 dispositive:
802 2723 1043 2769 principaliter
1070 2724 1215 2769 quidem
1243 2724 1286 2757 ad
1313 2724 1423 2757 vitam
1453 2723 1773 2769 contemplativam

212 2778 364 2820 pertinet
386 2776 645 2822 contemplatio
661 2777 801 2810 divinae
824 2776 1001 2810 veritatis:
1019 2777 1101 2822 quia
1117 2777 1326 2822 hujusmodi
1342 2776 1602 2823 contemplatio
1626 2784 1678 2810 est
1692 2775 1772 2810 finis

213 2830 322 2863 totius
355 2830 536 2864 humanae
566 2830 680 2872 vitae3
710 2830 803 2864 unde
835 2830 989 2875 August.
1019 2830 1104 2864 dicit
1133 2830 1168 2863 in
1199 2840 1226 2863 1.
1255 2830 1297 2864 de
1326 2829 1455 2863 Trinit.
1483 2830 1572 2875 (cap.
1591 2829 1653 2874 8.),
1675 2829 1771 2874 quod

218 2896 234 2913 α
258 2883 517 2929 contemplatio
540 2884 608 2917 Dei
630 2883 851 2929 promittitur
873 2883 975 2917 nob1s
999 2891 1035 2916 ut
1063 2883 1247 2917 actionum
1275 2883 1439 2916 omnium
1472 2882 1562 2924 finis,
1585 2891 1691 2927 atque
1719 2893 1774 2915 ae-
