1859 3122
177 154 263 196 430
590 152 810 188 QUAESTIO
843 152 960 182 LVIII.
994 152 1237 183 ARTICULUS
1269 154 1325 182 VI.

248 234 307 268 AD
330 243 517 272 QUARTUM
538 233 743 276 dicendum,
764 233 861 279 quod
883 233 1063 280 quaelibet
1079 233 1191 268 virtus
1209 233 1409 268 secundum
1425 233 1610 281 propriam
1626 235 1732 270 ratio-

176 298 261 321 nem
283 287 426 321 ordinat
447 295 569 320 actum
590 298 697 321 suurn
719 287 762 321 ad
784 287 970 333 proprium
989 287 1099 321 finem
1119 286 1215 321 illius
1236 287 1390 322 virtutis:
1414 288 1511 333 quod
1536 296 1658 322 autem
1678 299 1732 322 or-

177 341 316 374 dinetur
338 341 381 373 ad
403 339 613 373 ulteriorem
633 339 755 382 finem,
778 341 852 374 sive
874 351 1027 386 semper,
1046 341 1120 374 sive
1143 340 1350 386 aliquando,
1371 341 1443 375 hoc
1465 352 1539 375 non
1560 341 1669 376 habet
1688 352 1730 376 ex

175 393 319 439 propria
340 393 497 435 ratione3
518 394 580 427 sed
603 401 745 439 oportet
767 405 844 428 esse
867 393 976 427 aliam
998 394 1222 439 superiorem
1243 394 1423 436 virtutem,
1445 405 1466 428 a
1485 405 1556 440 qua
1572 395 1609 428 in
1626 394 1731 429 illum

174 447 284 480 finem
307 447 507 481 ordinetur:
531 455 564 480 et
585 447 635 480 sic
659 455 803 492 oportet
823 458 900 481 esse
922 458 1032 481 unam
1045 447 1214 480 virtutem
1229 447 1465 493 superiorem,
1479 459 1571 493 quae
1589 448 1730 482 ordinet

175 511 302 534 omnes
323 500 470 534 virtutes
492 500 528 533 in
549 500 687 533 bonurn
709 511 915 542 commune,
939 511 1030 546 quae
1053 508 1106 535 est
1125 500 1258 546 justitia
1279 500 1417 546 legalis,
1444 508 1557 542 etest
1577 501 1647 536 alia
1667 512 1730 547 per

175 553 368 588 essentiam
392 554 433 587 ab
458 554 559 588 omni
579 554 720 588 virtute.

715 706 1058 752 ARTICULUS
1092 707 1193 750 VH.
1661 729 1728 766 324

442 820 595 850 UTRUM
627 821 694 850 SIT
726 821 892 857 ALIQUA
919 821 1118 863 JUSTITIA
1149 821 1462 852 PARTICULARIS

579 886 773 917 PRAETER
794 887 1025 928 JUSTITIAM
1049 886 1320 917 GENERALEM.

777 986 893 1033 (Supr.
916 991 980 1022 art.
998 998 1027 1032 5.
1047 991 1074 1020 et
1095 986 1128 1021 6.

287 1044 315 1074 et
336 1040 416 1086 infr.
439 1051 468 1085 q.
483 1051 537 1086 59.
559 1045 622 1075 art.
644 1052 672 1075 r.
691 1045 719 1075 et
738 1052 800 1075 1-2.
822 1052 852 1087 q.
872 1040 928 1076 60.
950 1046 1015 1075 art.
1034 1052 1062 1087 3.
1082 1046 1112 1075 et
1127 1052 1155 1086 5.
1174 1040 1284 1075 Ethic.
1306 1040 1376 1075 lect.
1399 1052 1426 1075 r.
1448 1051 1479 1075 2.
1501 1045 1532 1076 et
1548 1041 1607 1087 3.).

241 1140 300 1174 AD
323 1151 515 1175 SEPTIMUM
536 1141 586 1175 sic
608 1141 823 1187 proceditur.
845 1140 1008 1183 Videtur,
1035 1141 1131 1187 quod
1152 1153 1227 1176 non
1253 1143 1297 1176 sit
1323 1141 1442 1187 aliqua
1466 1141 1600 1187 justitia
1624 1141 1728 1187 parti-

171 1193 300 1228 cularis
322 1202 461 1240 praeter
481 1195 651 1240 justitiam
675 1195 900 1240 generalem:
923 1195 959 1228 in
979 1195 1167 1229 virtutibus
1189 1195 1286 1229 enim
1306 1195 1397 1229 nihil
1418 1203 1472 1230 est
1491 1195 1724 1241 superfluum,

169 1247 261 1281 sicut
281 1259 348 1281 nec
370 1248 406 1281 in
427 1256 570 1282 natura:
593 1249 655 1282 sed
676 1249 809 1294 justitia
828 1248 1005 1294 generalis
1027 1248 1245 1282 sufficienter
1266 1249 1407 1282 ordinat
1423 1249 1613 1283 hominem
1631 1250 1726 1284 circa

170 1301 305 1343 omnia,
328 1312 419 1347 quae
442 1302 485 1335 ad
507 1301 660 1336 alterum
686 1310 786 1344 sunt3
814 1313 900 1348 ergo
922 1313 996 1336 non
1019 1310 1071 1336 est
1091 1302 1295 1336 necessaria
1322 1302 1441 1348 aliqua
1465 1303 1599 1348 justitia
1624 1303 1728 1349 parti-

171 1354 312 1388 cularis.

241 1418 271 1441 2.
299 1408 534 1443 PRAETEREA.
568 1409 691 1451 Unum,
721 1417 755 1442 et
785 1409 889 1443 multa
917 1420 992 1442 non
1020 1409 1262 1443 diversificant
1290 1409 1449 1455 speciem
1476 1409 1637 1444 virtutis:
1663 1410 1724 1444 sed

169 1461 303 1505 justitia
321 1460 447 1506 legalis
470 1461 611 1495 ordinat
631 1462 822 1496 hominem
845 1462 888 1496 ad
911 1461 1076 1504 alterum,
1098 1463 1297 1496 secundum
1324 1473 1365 1496 ea
1392 1474 1483 1508 quae
1506 1463 1549 1496 ad
1570 1462 1728 1497 multitu-

168 1514 289 1548 dinem
310 1515 498 1560 pertinent,
520 1523 557 1548 ut
576 1526 618 1549 ex
639 1516 830 1561 praedictis
853 1523 950 1560 patet
972 1516 1052 1560 (art.
1071 1528 1099 1561 5.
1122 1521 1150 1550 et
1171 1516 1203 1550 6.
1219 1516 1287 1562 huj.
1307 1517 1375 1562 q.);
1399 1528 1485 1562 ergo
1499 1528 1574 1550 non
1592 1524 1645 1551 est
1656 1516 1726 1550 alia

166 1568 303 1613 species
325 1568 491 1613 justitiae,
514 1579 605 1614 quae
627 1569 768 1602 ordinet
787 1569 977 1603 hominem
999 1570 1042 1603 ad
1066 1568 1230 1611 alterum,
1245 1569 1281 1602 in
1299 1569 1353 1603 his
1377 1581 1468 1615 quae
1489 1570 1668 1616 pertinent
1681 1570 1724 1604 ad

167 1632 278 1654 unam
299 1621 519 1667 singularem
541 1633 746 1667 personam.

239 1686 268 1720 3.
290 1675 525 1709 PRAETEREA.
547 1675 644 1709 Inter
657 1686 768 1709 unam
782 1676 1004 1722 singularem
1022 1687 1226 1722 personam,
1242 1684 1276 1710 et
1289 1676 1558 1710 multitudinem
1572 1677 1724 1711 civitatis

164 1728 283 1762 media
305 1735 357 1762 est
378 1728 570 1762 multitudo
593 1729 812 1763 domestica:
836 1730 866 1763 si
887 1741 975 1775 ergo
998 1738 1050 1764 est
1071 1730 1203 1775 justitia
1221 1729 1290 1764 alia
1308 1729 1532 1776 particularis
1551 1741 1614 1775 per
1628 1741 1726 1764 corn-

164 1781 390 1827 parationem
405 1782 448 1815 ad
463 1793 573 1815 unam
592 1793 788 1828 personam
804 1791 944 1829 praeter
958 1783 1129 1828 justitiam
1145 1783 1363 1829 generalem,
1378 1783 1455 1829 pari
1467 1785 1605 1818 ratione
1620 1784 1725 1818 debet

165 1845 241 1868 esse
264 1834 333 1868 alia
354 1835 488 1880 justitia
515 1836 768 1877 oeconomica,
795 1847 887 1882 quae
914 1837 1055 1870 ordinet
1079 1837 1268 1871 hominem
1295 1837 1338 1870 ad
1364 1837 1500 1871 bonum
1528 1848 1724 1872 commune

163 1887 268 1921 unius
286 1887 464 1922 familiae:
484 1889 580 1934 quod
599 1890 745 1935 quidem
762 1901 837 1924 non
856 1890 1002 1932 dicitur;
1022 1901 1109 1936 ergo
1128 1901 1195 1925 nec
1214 1890 1332 1937 aliqua
1350 1890 1573 1937 particularis
1590 1891 1723 1938 justitia

165 1949 217 1975 est
237 1949 379 1987 praeter
399 1942 573 1987 justitiam
594 1942 764 1989 legalem.

238 1995 312 2030 SED
335 2006 491 2030 CONTRA
512 2004 576 2038 est,
599 1998 695 2042 quod
718 1997 848 2043 Chrys.
871 2008 977 2043 super
997 1997 1084 2032 illud
1107 1998 1233 2032 Matth.
1260 2009 1306 2043 5.:
1328 1999 1433 2040 Beati,
1453 2000 1509 2045 qui
1522 2000 1681 2042 esuriunt,
1695 2004 1724 2034 et

163 2049 279 2084 sitiunt
295 2051 473 2095 justitiam,
497 2049 581 2084 dicit
603 2050 706 2095 (hom.
728 2052 788 2096 15.)
802 2064 812 2085 :
837 2051 1045 2096 «Justitiam
1068 2059 1188 2085 autem
1209 2051 1306 2094 dicit,
1319 2051 1378 2087 ‚vel
1398 2052 1641 2087 universalem
1657 2053 1723 2087 vir-

162 2110 288 2144 tutem,
309 2102 367 2136 vel
389 2103 653 2148 particularem,
677 2104 847 2139 avaritiae
872 2105 1091 2138 contrariam
1109 2119 1141 2139 )).

234 2155 464 2191 ΗΕΞΡΟΝΒΕΟ
483 2157 689 2198 dicendum,
712 2158 820 2203 quod,
843 2158 935 2192 sicut
956 2158 1091 2192 dictum
1115 2167 1168 2193 est
1189 2160 1269 2203 (art.
1285 2160 1429 2205 praec),
1444 2160 1578 2205 justitia
1595 2159 1721 2206 legalis

162 2220 237 2243 non
259 2217 312 2243 est
333 2209 569 2244 essentialiter
588 2211 706 2245 omnis
727 2211 850 2253 virtus,
865 2210 927 2245 sed
947 2219 1089 2257 oportet
1106 2220 1244 2258 praeter
1262 2213 1434 2257 justitiam
1448 2212 1615 2258 legalem,
1630 2224 1721 2260 quae

164 2262 306 2296 ordinat
326 2262 516 2296 hominem
537 2263 746 2298 immediate
769 2264 812 2297 ad
833 2264 972 2298 bonum
995 2276 1202 2307 commune,
1231 2276 1308 2300 esse
1335 2265 1422 2300 alias
1448 2266 1607 2308 virtutes,
1630 2277 1721 2313 quae

164 2315 372 2350 immediate
395 2316 562 2350 ordinant
582 2316 772 2350 hominem
795 2317 889 2351 circa
910 2317 1139 2363 particularia
1160 2319 1274 2361 bona3
1299 2331 1390 2365 quae
1409 2319 1552 2365 quidem
1571 2328 1722 2366 possunt

163 2380 239 2403 esse
261 2368 318 2402 vel
341 2370 384 2402 ad
406 2370 575 2415 seipsum,
589 2369 648 2403 vel
670 2370 713 2403 ad
736 2369 886 2404 alteram
900 2371 1120 2416 singularem
1139 2383 1351 2418 personam;
1369 2373 1463 2407 sicut
1477 2384 1564 2419 ergo
1581 2383 1721 2420 praeter

162 2423 335 2468 justitiam
361 2422 517 2469 legalem
547 2432 690 2468 oportet
716 2435 793 2458 esse
821 2424 958 2470 aliquas
984 2425 1130 2459 virtutes
1159 2425 1404 2471 particulares,
1434 2438 1525 2472 quae
1555 2427 1721 2462 ordinent

161 2476 352 2510 hominem
373 2477 408 2509 in
431 2477 561 2522 seipso,
585 2485 669 2522 puta
702 2478 979 2522 temperantiam
1013 2486 1047 2512 et
1075 2478 1343 2521 fortitudinem3
1371 2480 1420 2514 ita
1446 2480 1556 2514 etiam
1581 2489 1721 2526 praeter

160 2529 332 2574 justitiam
348 2529 501 2575 legalem
525 2538 668 2576 oportet
689 2542 766 2564 esse
785 2531 1037 2575 particularem
1053 2533 1247 2578 quamdam
1266 2533 1449 2577 justitiam,
1468 2545 1559 2580 quae
1579 2534 1719 2568 ordinet

159 2582 348 2616 hominem
371 2583 466 2616 circa
488 2594 541 2624 ea,
563 2595 654 2629 quae
676 2592 758 2617 sunt
780 2584 822 2617 ad
843 2584 991 2618 alteram
1014 2585 1233 2630 singularem
1256 2597 1460 2631 personam.

229 2636 287 2670 Ao
298 2647 444 2671 Parnon
461 2648 546 2679 ergo
561 2637 764 2678 dicendum,
776 2638 871 2683 quod
887 2639 1018 2682 justitia
1033 2638 1158 2683 legalis
1173 2639 1389 2674 sufficienter
1404 2640 1549 2685 quidem
1568 2641 1717 2675 ordinat

164 2688 352 2723 hominem
376 2690 410 2722 in
425 2690 479 2723 his
495 2701 585 2735 quae
601 2699 682 2724 sunt
697 2690 740 2724 ad
756 2690 924 2732 alterum,
941 2700 1113 2736 quantum
1133 2693 1175 2725 ad
1197 2704 1393 2726 commune
1407 2693 1553 2738 quidem
1570 2694 1718 2736 bonum,

162 2742 388 2784 immediate3
404 2752 578 2788 quantum
598 2752 719 2778 autem
738 2744 779 2777 ad
794 2744 931 2777 bonum
951 2745 1054 2778 unius
1074 2746 1265 2789 singularis
1283 2757 1470 2792 personae,
1490 2747 1665 2789 mediate3
1684 2755 1718 2781 et

161 2795 242 2829 ideo
261 2804 404 2841 oportet
430 2808 506 2830 esse
535 2797 693 2843 aliquam
719 2797 973 2843 particularem
1007 2799 1191 2843 justitiam,
1214 2810 1305 2845 quae
1336 2800 1544 2834 immediate
1575 2800 1716 2834 ordinet

162 2848 352 2883 hominem
375 2849 416 2883 ad
439 2850 575 2884 bonum
597 2850 741 2885 alterius
763 2850 954 2896 singularis
976 2862 1163 2897 personae.
