1859 3122
520 167 742 203 QUAESTIO
777 167 889 197 CLVI.
923 167 1167 197 ARTICULUS
1200 167 1226 196 Ι.
1549 167 1658 209 1019

99 247 134 281 in
158 247 445 289 melancholicis,
467 249 528 294 qui
550 256 695 294 propter
715 256 919 282 terrestrem
949 247 1243 294 complexionem
1270 246 1590 281 vehementissime
1611 247 1662 280 in-

99 300 348 343 flammantur3
370 302 461 336 sicut
477 314 494 336 e
510 303 690 336 contrario
714 303 901 346 contingit,
917 302 1012 347 quod
1033 302 1160 347 aliquis
1174 312 1248 334 non
1264 301 1428 346 persistat
1442 301 1477 333 in
1497 311 1541 334 eo
1561 300 1658 346 quod

98 354 326 388 consiliatum
338 364 401 396 est,
417 367 457 389 ex
474 367 530 397 co,
549 357 643 401 quod
664 356 825 390 debiliter
837 356 1154 400 inhaeretpropter
1175 353 1367 388 mollitiem
1380 353 1656 399 complexionis,

98 414 135 440 ut
149 407 191 441 de
208 407 417 442 mulieribus
433 409 569 442 dictum
585 417 637 443 est
653 409 701 452 (in
724 409 817 443 solut.
837 408 982 454 pratea),
1005 408 1101 453 quod
1122 408 1231 442 etiam
1253 407 1392 440 videtur
1413 407 1449 440 in
1471 406 1656 452 phlegma-

95 460 174 494 ticis
202 463 411 505 contingere
440 470 584 507 propter
612 462 779 496 eamdem
807 473 967 503 causam,
993 462 1086 495 sicut
1112 461 1220 495 etiam
1247 461 1283 494 in
1310 460 1539 494 mulieribus:
1566 460 1657 494 haec

97 522 218 547 autem
247 514 424 556 accidunt,
452 516 663 560 inquantum
691 526 733 549 ex
761 514 1014 560 complexione
1043 514 1205 560 corporis
1232 513 1335 547 datur
1362 512 1481 558 aliqua
1507 513 1660 547 inconti-

100 568 243 601 nentiae
266 568 423 610 occasio,
445 579 519 603 non
541 577 662 603 autem
685 580 793 603 causa
815 567 1008 609 sufficiens,
1030 576 1067 602 ut
1089 568 1225 601 dictum
1248 574 1299 601 est
1320 566 1370 610 (in
1391 573 1482 613 corp.
1505 568 1597 610 art).

165 620 226 655 AD
248 631 418 656 TERTIUM
441 622 646 664 dicendum,
669 623 765 668 quod
787 621 1081 667 concupiscentia
1108 621 1225 654 carnis
1246 620 1282 653 in
1305 631 1348 654 eo
1376 619 1436 665 qui
1459 627 1512 653 est
1534 619 1655 653 incon-

94 672 222 715 tinens,
244 682 388 721 superat
409 675 574 721 spiritum
595 686 669 709 non
692 686 735 709 ex
756 675 981 716 necessitate,
1008 674 1069 708 sed
1092 685 1154 719 per
1176 673 1372 720 quamdam
1394 672 1656 718 negligentiam

94 727 238 772 spiritus
259 739 334 762 non
355 728 551 763 resistentis
572 727 721 762 fortiter.

647 869 993 914 ARTICULUS
1029 870 1085 911 H.
1588 890 1655 926 759

417 977 570 1006 UTRUM
596 977 948 1007 INCONTINENTIA
980 977 1047 1005 SIT
1081 975 1332 1005 PECCATUM.

607 1063 727 1109 (Supr.
748 1075 778 1109 q.
803 1073 849 1110 15.
872 1068 936 1098 art.
960 1074 991 1098 2.
1013 1062 1133 1109 corp).

161 1152 220 1186 AD
242 1162 448 1187 SECUNDUM
469 1153 518 1186 sic
540 1152 757 1198 proceditur.
780 1151 944 1194 Videtur,
967 1152 1063 1198 quod
1082 1150 1345 1186 incontinentia
1366 1161 1440 1184 non
1462 1150 1507 1185 sit
1528 1162 1654 1197 pecca—

89 1212 188 1247 tum;
210 1205 304 1251 quia,
323 1213 361 1239 ut
382 1205 534 1251 August.
563 1205 648 1239 dicit
672 1205 709 1238 in
735 1204 794 1238 lib.
821 1216 849 1251 3.
873 1205 915 1239 de
932 1205 1008 1239 Lib.
1025 1205 1110 1238 Arb.
1129 1205 1219 1250 (cap.
1242 1204 1322 1248 18),
1354 1203 1505 1238 «nullus
1527 1212 1655 1250 peccat

88 1258 124 1291 in
146 1269 202 1301 eo,
225 1258 321 1304 quod
343 1258 455 1292 vitare
477 1269 551 1292 non
573 1266 691 1304 potest
702 1269 741 1291 »z
770 1258 831 1292 sed
857 1258 1159 1292 incontinentiam
1177 1257 1297 1291 nullus
1315 1264 1433 1303 potest
1459 1267 1502 1290 ex
1533 1257 1652 1303 seipso

87 1310 210 1353 vitare,
242 1311 442 1345 secundum
463 1311 551 1345 illud
575 1311 657 1357 Sap.
681 1311 732 1347 8.:
753 1311 841 1354 Scio,
856 1311 942 1357 quod
966 1323 1032 1345 non
1052 1318 1184 1358 possum
1199 1322 1259 1345 esse
1290 1311 1468 1353 continens,
1483 1311 1548 1345 nisi
1561 1311 1653 1345 Deus

87 1363 155 1405 chat,-
172 1375 258 1410 ergo
281 1365 540 1398 incontinentia
562 1375 636 1398 non
655 1372 708 1398 est
729 1373 930 1410 peccatum.

158 1427 189 1451 2.
211 1417 447 1452 PRAETEREA.
473 1418 595 1452 Omne
617 1426 808 1463 peccatum
829 1418 865 1451 in
886 1417 1026 1451 ratione
1052 1417 1192 1451 videtur
1219 1416 1434 1450 consistere:
1461 1416 1524 1450 sed
1545 1416 1582 1450 in
1605 1427 1648 1450 eo

87 1470 147 1516 qui
173 1478 226 1504 est
250 1471 490 1512 incontinens,
516 1471 671 1504 vincitur
696 1470 869 1515 judicium
896 1470 1063 1513 rationi53
1090 1481 1178 1516 ergo
1205 1469 1467 1504 incontinentia
1493 1480 1567 1503 non
1595 1478 1649 1504 est

87 1532 289 1569 peccatum.

162 1588 189 1623 3.
212 1577 449 1612 PRAETEREA.
476 1576 606 1611 Nullus
629 1584 754 1622 peccat
777 1588 818 1611 ex
841 1588 884 1611 eo
912 1577 1008 1622 quod
1034 1577 1156 1610 Deum
1182 1575 1417 1610 vehementer
1443 1584 1557 1610 amat:
1585 1576 1649 1610 sed

87 1640 128 1663 ex
149 1630 380 1664 vehementia
406 1630 517 1663 divini
543 1631 677 1664 amoris
705 1629 831 1676 aliquis
858 1630 897 1664 fit
922 1630 1173 1664 incontinens:
1204 1629 1290 1662 dicit
1316 1630 1413 1662 enim
1440 1628 1594 1674 Dionys.
1615 1638 1648 1671 4.

89 1694 167 1729 cap.
191 1683 234 1716 de
255 1683 338 1717 Div.
360 1683 470 1717 Nom.
494 1683 596 1729 (part.
624 1696 651 1718 ι.
679 1683 748 1718 lect.
768 1683 835 1726 10.)
857 1683 953 1729 quod
975 1682 1108 1716 Paulus
1129 1693 1193 1727 per
1214 1682 1515 1716 incontinentiam
1538 1682 1650 1715 divini

90 1736 224 1770 amoris
246 1737 351 1770 dixit:
381 1737 463 1771 Vivo
486 1748 555 1782 ego,
569 1739 643 1782 jam
663 1749 728 1771 non
747 1748 823 1782 eg0;
848 1748 934 1783 ergo
953 1736 1216 1771 incontinentia
1233 1747 1307 1769 non
1327 1743 1380 1770 est
1399 1743 1601 1781 peccatum.

157 1789 232 1823 SED
260 1799 415 1824 CONTRA
438 1798 500 1831 est,
523 1790 619 1836 quod
643 1798 926 1824 connumeratur
949 1789 1026 1824 aliis
1048 1790 1216 1836 peccatiS,
1237 1798 1268 1822 2.
1291 1788 1334 1822 ad
1352 1787 1515 1822 Timoth.
1534 1799 1575 1834 3„
1590 1789 1649 1823 ubi

85 1842 232 1877 dicitur:
257 1843 509 1884 Criminatores,
532 1844 775 1885 incontinentes,
802 1844 954 1886 immutes,
977 1851 1064 1885 etc.;
1091 1853 1179 1888 ergo
1205 1841 1466 1876 incontinentia
1493 1849 1546 1875 est
1570 1852 1650 1886 pec-

90 1903 222 1930 catum.

156 1948 386 1983 RESPONDEO
406 1948 615 1990 dicendum,
634 1949 730 1994 quod
749 1949 1010 1984 incontinentia
1031 1956 1149 1995 potest
1167 1948 1302 1982 attendi
1323 1947 1418 1981 circa
1440 1946 1573 1993 aliquid
1592 1949 1650 1982 tri-

79 2002 221 2048 pliciter.
243 2003 314 2036 Uno
331 2002 426 2036 modo
449 2002 602 2047 proprie,
626 2010 660 2036 et
681 2003 908 2048 simpliciter:
929 2011 963 2036 et
984 2002 1033 2036 sic
1056 2001 1318 2035 incontinentia
1333 2000 1527 2034 attenditur
1549 2000 1645 2035 circa

85 2055 397 2100 concupiscentias
420 2055 702 2088 delectationum
716 2064 843 2097 tactus,
859 2056 950 2090 sicut
964 2063 999 2089 et
1012 2055 1300 2100 intemperantia,
1322 2061 1361 2087 ut
1381 2065 1488 2098 supra
1509 2053 1646 2087 dictum

85 2116 138 2142 est
158 2108 202 2142 de
224 2108 446 2142 continentia
468 2108 515 2154 (q.
534 2115 648 2154 praec.
670 2114 734 2143 art.
749 2111 817 2152 2.);
840 2117 874 2143 et
895 2109 965 2142 hoc
981 2109 1092 2142 modo
1107 2107 1367 2142 incontinentia
1383 2114 1437 2140 est
1454 2114 1646 2152 peccatum

85 2172 126 2195 ex
148 2160 282 2207 duplici
302 2161 460 2195 ratione:
479 2173 543 2194 uno
562 2161 656 2195 modo
676 2173 717 2195 ex
740 2173 796 2203 eo,
816 2162 911 2207 quod
930 2162 1160 2195 incontinens
1179 2160 1312 2194 recedit
1333 2160 1374 2193 ab
1398 2170 1454 2201 eo,
1474 2159 1571 2205 quod
1593 2168 1647 2193 est

84 2215 283 2249 secundum
305 2214 504 2248 rationem:
528 2215 592 2248 alio
614 2214 709 2248 modo
732 2226 773 2248 ex
797 2226 852 2256 eo,
872 2215 968 2260 quod
983 2226 1021 2248 se
1042 2214 1228 2258 immergit
1248 2213 1463 2259 quibusdam
1484 2213 1646 2258 turpibus

84 2267 403 2309 delectationibu33
427 2275 461 2301 et
481 2267 562 2301 ideo
585 2267 721 2301 Philos.
744 2268 830 2302 dicit
841 2268 878 2301 in
898 2279 928 2313 7.
942 2267 1058 2302 Ethic.
1075 2267 1162 2313 (cap.
1181 2267 1245 2311 8.),
1269 2265 1365 2312 quod
1384 2265 1646 2299 incontinentia

82 2321 314 2367 vituperatur,
332 2331 406 2354 non
421 2319 541 2354 solum
556 2329 594 2354 ut
608 2329 809 2366 peccatum,
831 2321 928 2366 quod
950 2320 1089 2354 scilicet
1103 2328 1155 2354 est
1169 2331 1232 2365 per
1246 2330 1429 2353 recessum
1453 2329 1472 2351 a
1493 2318 1644 2368 ratione,

83 2374 144 2408 sed
165 2374 258 2408 sicut
279 2373 415 2407 malitia
437 2374 627 2419 quaedam,
649 2374 861 2419 inquantum
885 2385 1011 2420 pravas
1034 2372 1350 2418 concupiscentias
1372 2371 1541 2416 sequitur.
1564 2372 1644 2406 Alio

82 2427 177 2461 modo
193 2427 454 2461 incontinentia
476 2427 666 2461 attenditur
688 2427 783 2461 circa
805 2427 950 2473 aliquid,
964 2427 1107 2473 proprie
1130 2426 1275 2472 quidem
1295 2426 1509 2470 inquantum
1527 2424 1642 2458 homo

82 2480 219 2514 recedit
241 2480 282 2514 ab
306 2491 363 2521 eo,
386 2480 481 2525 quod
504 2488 557 2513 est
577 2480 776 2514 secundum
799 2481 989 2522 rationem,
1012 2480 1072 2514 sed
1095 2491 1169 2513 non
1196 2477 1422 2524 simpliciter:
1446 2484 1530 2523 puta
1557 2489 1640 2511 cum

83 2533 210 2579 aliquis
232 2544 306 2567 non
328 2541 446 2567 servat
468 2533 619 2566 modum
641 2534 789 2567 rationis
810 2534 846 2567 in
870 2533 1163 2578 concupiscentia
1185 2531 1350 2572 honoris,
1370 2530 1587 2572 divitiarum,
1610 2538 1645 2564 et

83 2586 237 2620 aliorum
258 2586 479 2631 hujusmodi,
506 2597 597 2631 quae
620 2587 818 2620 secundum
840 2598 878 2620 se
903 2587 1069 2620 videntur
1091 2596 1168 2619 esse
1190 2585 1304 2626 bona3
1333 2583 1428 2617 circa
1451 2594 1542 2628 quae
1567 2595 1642 2618 non

83 2647 135 2673 est
155 2639 417 2673 incontinentia
439 2638 660 2683 simpliciter,
682 2639 743 2673 sed
765 2640 966 2673 secundum
987 2639 1084 2685 quid,
1107 2638 1198 2672 sicut
1218 2649 1326 2683 supra
1352 2637 1396 2671 de
1419 2637 1642 2670 continentia

82 2692 219 2726 dictum
241 2700 294 2726 est
315 2692 362 2737 (q.
379 2698 491 2737 praec.
514 2697 578 2726 art.
598 2703 628 2726 2.
651 2692 693 2726 ad
710 2693 779 2738 3.);
800 2701 835 2726 et
852 2693 902 2727 sic
925 2691 1186 2726 incontinentia
1209 2698 1262 2725 est
1283 2697 1485 2736 peccatum,
1507 2701 1580 2723 non
1600 2701 1641 2723 ex

83 2756 126 2779 eo
149 2745 245 2790 quod
267 2745 394 2790 aliquis
416 2745 554 2790 ingerat
572 2756 609 2779 se
623 2746 740 2790 pravis
764 2745 1075 2792 concupiscentiis,
1098 2744 1160 2778 sed
1183 2755 1225 2778 ex
1247 2754 1303 2785 eo,
1319 2743 1416 2788 quod
1431 2753 1505 2776 non
1524 2751 1641 2777 servet

83 2798 233 2832 modum
248 2798 408 2832 debitum
422 2798 584 2840 rationis,
599 2799 707 2832 etiam
722 2798 757 2832 in
773 2798 1068 2844 concupiscentia
1083 2808 1203 2831 rerum
1216 2808 1279 2843 per
1293 2807 1330 2830 se
1345 2796 1640 2842 appetendarum.

89 2851 199 2886 Tertio
213 2851 307 2885 modo
322 2851 581 2886 incontinentia
603 2851 731 2885 dicitur
745 2863 823 2886 esse
839 2852 933 2886 circa
948 2850 1081 2897 aliquid
1096 2861 1170 2884 non
1185 2849 1340 2896 proprie,
1359 2849 1421 2883 sed
1439 2849 1639 2883 secundum
