1859 3122
448 217 667 254 QUAESTIO
702 219 888 250 CLXXXV.
922 219 1165 249 ARTICULUS
1198 219 1242 248 11.
1511 221 1619 264 1207

63 311 147 334 vam
167 299 279 334 vitam
302 299 472 345 prodesse
490 300 663 346 proximis
683 300 828 346 cupiens
851 300 972 342 Isaias,
992 299 1153 335 officium
1175 301 1452 347 praedicationis
1469 302 1624 348 appetit:

63 364 126 400 per
148 352 469 399 contemplativam
491 364 576 388 vero
594 353 768 399 jeremias
790 354 907 388 amori
929 354 1138 389 Conditoris
1165 353 1292 388 sedulo
1323 354 1511 388 inhaerere
1538 355 1625 389 desi-

65 407 204 448 derans,
226 417 270 441 ne
292 407 385 441 mitti
412 407 456 440 ad
478 407 758 453 praedicandum
781 408 919 450 debeat,
942 407 1156 442 contradicit
1169 417 1201 440 »ι
1216 407 1336 441 nullus
1355 415 1475 442 autem
1491 416 1626 453 peccat,

64 460 94 494 si
115 460 267 494 meliora
296 459 387 494 nolit
417 461 592 503 deserere,
619 468 655 494 ut
687 461 804 495 minus
835 461 937 495 bonis
965 461 1170 503 inhaereat3
1201 472 1284 494 cum
1314 472 1400 507 ergo
1429 472 1531 495 amor
1557 461 1626 495 Dei

64 515 311 560 praeemineat
325 513 508 548 dilectioni
520 514 686 560 proximi,
702 522 736 548 et
750 515 822 548 vita
837 514 1118 561 contemplativa
1133 513 1353 561 praeferatur
1366 515 1460 549 vitae
1477 515 1628 557 activae,

65 574 102 601 ut
123 578 165 601 ex
187 567 399 612 supradictis
421 575 518 612 patet
541 567 585 613 (q.
607 579 654 614 25.
677 573 740 602 art.
762 581 788 603 ι.
812 573 839 602 et
861 580 889 614 q.
912 568 968 603 26.
991 573 1053 602 art.
1073 580 1103 603 2.
1124 573 1153 602 et
1174 580 1203 614 t]-
1226 569 1298 603 182.
1316 573 1381 603 art.
1401 569 1458 614 1.),
1475 568 1626 611 videtur,

65 620 161 667 quod
184 631 257 654 non
276 628 402 666 peccet
422 620 494 662 ille,
517 622 576 667 qui
599 622 750 656 omnino
773 622 1023 668 episcopatum
1045 630 1195 656 recusat.

137 683 168 708 2.
191 673 426 708 PRAETEREA.
451 673 552 708 Sicut
575 674 727 719 Gregor.
751 675 836 709 dicit
855 676 906 720 (in
933 676 1103 710 Pastorali
1118 680 1209 722 part.
1233 688 1260 710 1.
1287 681 1358 722 cap.
1386 676 1446 721 7.)‚
1477 688 1494 707 «
1520 674 1625 709 valde

66 726 210 762 difficile
226 735 289 769 est,
305 735 341 761 ut
356 727 483 773 aliquis
504 739 542 762 se
564 737 756 774 purgatum
779 729 892 775 possit
914 739 1155 775 cognoscere:
1175 740 1243 763 nec
1266 729 1395 763 debeat
1415 729 1542 775 aliquis
1556 739 1630 762 non

67 789 239 827 purgatus
261 792 363 814 sacra
385 781 583 815 ministeria
606 782 702 816 adire
724 794 757 824 »3
776 782 805 816 si
827 793 912 828 ergo
936 782 1062 828 aliquis
1085 793 1159 816 non
1182 783 1312 816 sentiat
1332 794 1369 816 se
1397 794 1474 817 esse
1501 793 1629 828 purga-

67 841 156 876 tum,
179 841 513 880 quantumcumque
542 835 610 868 sibi
639 835 845 882 episcopale
876 837 1081 882 injungatur
1103 835 1276 878 officium,
1303 847 1377 870 non
1408 836 1514 870 debet
1538 835 1626 869 illud

66 888 257 934 suscipere.

143 952 171 987 3.
194 941 430 976 PRAETEREA.
453 941 508 975 De
531 942 569 976 B.
592 942 717 976 Marco
740 942 889 977 Hieron.
913 943 998 977 dicit
1019 943 1054 977 in
1076 942 1174 978 Prol.
1195 955 1302 989 super
1329 944 1505 985 Marcum,
1533 943 1630 989 quod

71 1002 312 1040 «amputasse
334 995 399 1028 sibi
422 1003 502 1041 post
524 995 631 1029 sidem
659 995 829 1040 pollicem
857 996 996 1038 dicitur,
1027 1005 1065 1030 ut
1090 997 1294 1030 sacerdotio
1324 997 1496 1042 reprobus
1521 997 1631 1030 habe-

66 1056 162 1082 retur
183 1061 200 1081 »
216 1061 223 1083 :
242 1048 406 1082 similiter
429 1048 538 1094 aliqui
552 1056 678 1082 votum
693 1048 870 1090 emittunt,
885 1057 923 1082 ut
941 1061 1141 1095 numquam
1157 1050 1407 1096 episcopatum
1423 1050 1602 1096 accipiant
1617 1060 1624 1083 :

67 1101 130 1136 sed
153 1101 314 1146 ejusdem
337 1102 485 1136 rationis
507 1110 559 1136 est
580 1113 715 1147 ponere
737 1102 1039 1148 impedimentum
1059 1103 1101 1136 ad
1121 1102 1266 1148 aliquid,
1294 1111 1328 1137 et
1354 1103 1505 1137 omnino
1533 1114 1631 1137 recu-

70 1166 148 1189 sare
165 1154 269 1197 illud;
290 1166 376 1200 ergo
398 1155 549 1196 videtur,
569 1155 664 1200 quod
687 1155 821 1201 absque
842 1163 993 1201 peccato
1021 1156 1133 1201 possit
1162 1156 1289 1202 aliquis
1320 1156 1471 1190 omnino
1494 1157 1630 1203 episco-

67 1217 192 1254 patum
218 1219 394 1242 recusare.

141 1261 216 1296 SED
239 1271 393 1296 CONTRA
415 1269 478 1303 est,
500 1261 596 1307 quod
618 1261 770 1306 August.
794 1261 878 1296 dicit
897 1262 940 1295 ad
963 1261 1167 1302 Eudpxium
1191 1262 1296 1308 (epist.
1317 1263 1372 1306 48.
1392 1262 1534 1307 al.81.).·
1556 1262 1629 1297 «Si

68 1326 177 1361 quam
201 1325 349 1361 operam
371 1322 528 1348 vestram
550 1323 665 1348 mater
686 1314 848 1349 Ecclesia
871 1315 1136 1357 desideraverit,
1164 1327 1231 1349 nec
1262 1315 1418 1350 elatione
1446 1316 1548 1350 avida
1575 1327 1629 1350 su-

67 1368 236 1415 scipiatis,
257 1379 324 1401 nec
345 1367 551 1402 blandiente
574 1368 708 1402 desidia
730 1368 905 1414 respuatis
927 1381 964 1410 »3
987 1376 1112 1414 postea
1142 1369 1278 1402 subdit:
1312 1382 1330 1400 ‹<
1358 1369 1486 1415 Neque
1514 1369 1628 1403 otium

69 1429 228 1456 vestrum
250 1421 522 1455 necessitatibus
544 1421 729 1455 Ecclesiae
750 1422 996 1468 praeponatis·,
1020 1423 1075 1456 cui
1095 1422 1304 1468 parturienti
1319 1422 1348 1456 si
1365 1422 1455 1456 nulli
1469 1422 1556 1456 boni
1566 1422 1630 1456 mi-

67 1475 218 1509 nistrare
239 1474 383 1516 vellent,
406 1475 592 1520 quomodo
611 1475 851 1509 nasceremini
869 1486 943 1509 non
964 1475 1172 1509 inveniretis
1194 1489 1225 1509 ³).

138 1528 368 1563 RESPONDEO
388 1528 592 1570 dicendum,
612 1528 707 1574 quod
727 1529 762 1562 in
785 1528 1031 1574 assumptione
1054 1529 1282 1575 episcopatus
1310 1530 1380 1563 duo
1407 1537 1488 1564 sunt
1514 1529 1629 1564 consi-

68 1581 243 1616 deranda:
260 1583 373 1628 primo
395 1581 540 1628 quidem
560 1582 644 1628 quid
663 1582 788 1616 deceat
807 1582 998 1616 hominem
1025 1590 1191 1628 appetere
1218 1583 1418 1617 secundum
1443 1583 1628 1629 propriam

68 1635 314 1670 voluntatem:
346 1635 482 1669 secundo
511 1635 595 1681 quid
621 1635 810 1669 hominem
837 1635 962 1670 deceat
988 1635 1107 1669 facere
1138 1636 1181 1669 ad
1206 1635 1431 1670 voluntatem
1459 1636 1629 1679 alterius;

70 1696 245 1735 quantum
268 1699 354 1734 ergo
378 1688 421 1722 ad
442 1688 625 1735 propriam
651 1688 890 1731 voluntatem,
918 1689 1087 1722 convenit
1112 1689 1254 1723 homini
1281 1689 1524 1735 principaliter
1549 1690 1632 1724 insi-

67 1750 159 1777 stere
181 1741 347 1788 propriae
370 1741 495 1776 saluti:
518 1742 580 1776 sed
603 1742 698 1788 quod
722 1742 875 1776 aliorum
894 1741 1001 1776 saluti
1019 1742 1190 1784 intendat,
1210 1742 1280 1776 hoc
1305 1744 1474 1777 convenit
1487 1743 1631 1778 homini

67 1807 110 1830 ex
131 1795 368 1842 dispositione
383 1794 527 1829 alterius
541 1803 759 1841 potestatem
777 1795 954 1837 habentis,
970 1804 1008 1829 ut
1023 1807 1064 1829 ex
1079 1807 1186 1842 supra
1201 1796 1304 1830 dictis
1317 1805 1415 1842 patet
1430 1800 1508 1840 (art.
1518 1804 1631 1843 praec.

66 1849 108 1884 ad
124 1850 169 1896 3.)
179 1861 192 1890 ,·
215 1848 309 1882 unde
331 1848 424 1882 sicut
445 1848 489 1882 ad
510 1848 813 1882 inordinationem
833 1848 1029 1883 voluntatis
1043 1844 1206 1895 pertinet,
1226 1850 1321 1895 quod
1339 1850 1465 1896 aliquis
1483 1850 1629 1896 proprio

66 1911 169 1937 motu
191 1901 324 1936 feratur
349 1902 386 1935 in
411 1902 495 1944 hoc,
522 1902 618 1948 quod
646 1902 800 1936 aliorum
828 1902 1079 1948 gubernationi
1105 1903 1349 1948 praeliciatur3
1375 1904 1423 1937 ita
1450 1905 1558 1938 etiam
1587 1904 1630 1938 ad

66 1956 375 1991 inordinationem
397 1954 592 1989 voluntatis
614 1955 777 2001 pertinet,
796 1956 891 2002 quod
908 1955 1035 2001 aliquis
1054 1956 1204 1990 omnino
1221 1964 1346 1990 contra
1366 1957 1560 2003 superioris
1578 1957 1631 1991 in-

68 2009 306 2056 junctionem,
327 2009 550 2055 praedictum
573 2009 842 2054 gubernationis
865 2008 1025 2043 officium
1047 2009 1201 2044 finaliter
1222 2018 1374 2051 recuset,
1396 2018 1542 2056 propter
1556 2010 1631 2044 duo.

67 2064 184 2098 Primo
220 2062 378 2108 quidem,
405 2062 488 2108 quia
514 2062 584 2095 hoc
612 2070 788 2108 repugnat
814 2062 978 2096 charitati
1003 2064 1266 2108 proximorum,
1299 2074 1453 2109 quorum
1489 2063 1633 2097 utilitati

71 2127 108 2151 se
131 2115 258 2162 aliquis
277 2115 382 2149 debet
403 2126 582 2161 exponere
604 2126 668 2161 pro
688 2115 784 2157 loco,
800 2123 835 2149 et
847 2124 1031 2161 tempore;
1053 2116 1147 2150 unde
1161 2117 1315 2161 August.
1335 2128 1386 2163 19.
1407 2117 1450 2151 de
1466 2117 1545 2151 Civ.
1561 2117 1633 2151 Dei

72 2169 158 2203 dicit
179 2170 268 2215 (cap.
290 2169 369 2215 19),
392 2168 488 2214 quod
514 2181 531 2199 «
552 2168 741 2213 negotium
762 2169 894 2214 justum
914 2169 1062 2215 suscipit
1088 2170 1284 2204 necessitas
1312 2170 1494 2204 charitatis
1521 2183 1552 2203 ».
1580 2170 1632 2204 Se-

71 2222 189 2264 cundo,
212 2222 295 2268 quia
315 2222 388 2256 hoc
410 2230 586 2268 repugnat
606 2221 812 2263 humilitati,
833 2233 896 2268 per
918 2234 1027 2267 quam
1049 2222 1175 2269 aliquis
1198 2223 1435 2269 Superiorum
1453 2223 1632 2257 mandatis

72 2287 110 2310 se
132 2275 292 2321 subjicit:
314 2275 408 2308 unde
432 2274 584 2320 Gregor.
608 2274 694 2309 dicit
712 2274 750 2308 in
771 2275 866 2310 Past.
894 2276 996 2321 (part.
1023 2288 1050 2310 1.
1079 2282 1148 2321 cap.
1177 2276 1248 2321 6.).·
1279 2289 1295 2308 α
1325 2275 1429 2310 Tunc
1453 2285 1534 2310 ante
1561 2276 1633 2310 Dei

14 2366 15 2369 Ἴ
70 2328 197 2363 oculos
217 2339 303 2362 vera
326 2336 379 2362 est
399 2327 597 2370 humilitas,
620 2339 703 2361 cum
723 2328 766 2362 ad
781 2329 1023 2374 respuendum
1041 2329 1124 2371 hoc,
1140 2329 1236 2375 quod
1251 2329 1383 2363 utiliter
1397 2330 1514 2363 subire
1529 2323 1632 2376 prae-

13 2376 16 2383 ’
71 2382 210 2428 cipitur,
232 2381 394 2427 pertinax
414 2392 489 2414 non
508 2388 561 2415 est
581 2394 612 2414 ».

20 2467 21 2470 ,
143 2435 203 2469 AD
217 2445 366 2469 PRIMUM
379 2445 464 2480 ergo
476 2434 682 2476 dicendum,
697 2435 793 2480 quod
808 2435 974 2480 quamvis
988 2435 1199 2481 simpliciter
1214 2443 1248 2469 et
1259 2434 1420 2469 absolute
1435 2435 1633 2482 loquendo,

19 2483 21 2485 ¹
68 2488 142 2522 vita
161 2487 443 2534 contemplativa
464 2487 583 2533 potior
605 2488 660 2530 sit,
681 2499 791 2533 quarn
814 2488 940 2530 activa,
960 2496 995 2522 et
1015 2499 1118 2522 amor
1138 2488 1220 2530 Dei,
1243 2500 1353 2534 quam
1380 2488 1525 2524 dilectio
1552 2501 1634 2536 pro-

18 2542 22 2571 ¹.
68 2541 173 2575 xirni:
197 2549 320 2575 tamen
338 2552 380 2575 ex
399 2540 467 2574 alia
484 2548 584 2587 parte
602 2541 741 2574 bonum
762 2541 1001 2575 multitudinis
1024 2540 1298 2587 praeferendum
1321 2549 1372 2576 est
1390 2541 1487 2576 bono
1507 2543 1634 2577 unius:

69 2595 164 2630 unde
182 2595 336 2641 August.
351 2595 437 2629 dicit
456 2595 492 2628 in
510 2595 627 2629 verbis
649 2595 874 2641 praemissis:
897 2595 1010 2640 Neque
1028 2596 1130 2629 otium
1151 2600 1295 2629 vestrum
1315 2597 1551 2630 necessitatibus
1568 2598 1632 2632 Ec-

22 2674 25 2678 »
69 2649 180 2683 clasiae
195 2649 408 2695 praeponatis
417 2660 429 2688 ‚·
446 2648 668 2694 praesertim,
684 2648 766 2693 quia
782 2655 815 2682 et
836 2648 907 2682 hoc
928 2648 1045 2692 ipsum
1065 2647 1108 2680 ad
1128 2647 1362 2681 dilectionem
1382 2649 1452 2682 Dei
1466 2649 1632 2695 pertinet,

24 2726 25 2729 η
71 2701 168 2747 quod
196 2701 322 2747 aliquis
349 2701 475 2735 ovibus
503 2700 638 2735 Christi
665 2712 790 2734 curam
816 2701 1037 2747 pastoralem
1062 2700 1266 2746 impendat,
1294 2701 1388 2735 unde
1414 2713 1520 2748 super
1545 2702 1633 2736 illud

25 2753 27 2759 ¹
66 2755 169 2800 Joan.
192 2753 272 2788 ult.:
294 2755 393 2789 Pasce
412 2766 486 2788 oves
506 2766 604 2795 meas,
628 2754 714 2787 dicit
735 2754 888 2799 August.
913 2755 1026 2799 (tract.
1049 2754 1155 2799 123.):
1182 2766 1200 2785 «
1229 2754 1281 2787 Sit
1312 2755 1446 2789 amoris
1473 2755 1633 2789 officium

28 2831 29 2851 ἶ
71 2818 218 2854 pascere
241 2807 465 2841 dominicum
487 2818 648 2852 gregem,
670 2807 762 2840 sicut
779 2806 845 2841 fuit
865 2806 1007 2841 timoris
1028 2806 1202 2840 indicium
1224 2818 1358 2853 negare
1385 2817 1569 2854 pastorem
1595 2821 1635 2851 »3

72 2859 236 2895 similiter
257 2860 366 2894 etiam
386 2859 536 2905 praelati
556 2871 631 2893 non
649 2860 698 2894 sic
720 2859 981 2894 transferuntur
1008 2859 1051 2893 ad
1077 2860 1189 2894 vitam
1217 2861 1384 2903 activam,
1412 2870 1450 2895 ut
1477 2870 1637 2896 contem-

72 2912 244 2960 plativam
266 2913 451 2955 deserant3
473 2912 567 2946 unde
588 2912 742 2958 August.
766 2913 851 2947 dicit
877 2924 929 2960 19.
950 2913 993 2947 de
1016 2913 1096 2947 Civ.
1118 2913 1188 2948 Dei
1211 2914 1297 2961 (cap.
1323 2917 1405 2961 19.),
1434 2916 1530 2961 quod
1560 2929 1578 2947 «
1605 2916 1635 2950 si
