1859 3122
155 135 239 189 892
545 142 766 178 QUAESTIO
800 141 977 171 CXXXIV.
1011 140 1255 171 ARTICULUS
1289 140 1333 170 II.

223 227 284 260 AD
311 234 518 260 SECUNDUM
539 222 744 265 dicendum,
765 222 862 269 quod
885 223 928 256 ad
949 221 1288 268 magnanimitatem
1309 221 1462 267 pertinet
1487 232 1563 255 non
1585 219 1707 255 solum

150 280 297 314 tendere
322 278 359 312 in
381 288 567 323 magnum,
589 277 652 311 sed
673 276 782 310 etiam
803 276 839 310 in
867 275 1034 310 omnibus
1055 275 1244 309 virtutibus
1270 285 1446 320 magnum
1469 275 1621 320 operari,
1647 273 1707 308 vel

154 331 337 374 faciendo,
353 330 412 364 vel
433 330 742 376 qualitercumque
766 329 919 375 agendo,
941 337 980 362 ut
1005 328 1134 362 dicitur
1159 327 1195 361 in
1221 337 1254 369 4.
1276 327 1436 361 Ethicor.
1460 327 1551 374 (cap.
1569 327 1638 373 3.):
1659 327 1709 361 ita

154 395 275 420 tamen
298 384 393 430 quod
416 383 696 429 magnanimitas
723 382 818 416 circa
845 383 916 416 hoc
939 381 1084 426 respicit
1105 380 1224 415 solum
1247 381 1426 414 rationem
1447 381 1589 426 magni;
1617 379 1709 414 aliae

156 447 275 472 autem
296 437 456 479 virtutes,
478 447 581 482 quae,
603 437 633 470 si
653 436 724 470 sint
745 434 936 482 perfectae,
958 446 1133 480 magnum
1156 441 1361 479 operantur,
1379 444 1453 467 non
1468 433 1710 479 principaliter

156 493 313 537 dirigunt
333 491 573 525 intentionem
595 501 699 524 suam
722 490 765 522 ad
793 500 979 534 magnum,
1002 487 1063 522 sed
1090 488 1133 521 ad
1160 488 1205 529 id,
1233 487 1329 533 quod
1357 495 1410 521 est
1434 486 1619 533 proprium
1637 487 1711 520 uni-

158 545 285 590 cuique
307 544 447 578 virtuti:
470 543 683 589 magnitudo
707 550 827 576 autem
851 541 1081 587 consequitur
1104 552 1145 575 ex
1167 540 1363 586 quantitate
1385 540 1541 575 virtutis:
1569 540 1612 574 ad
1638 551 1711 574 ma-

157 598 403 644 gnificentiam
423 608 509 632 vero
532 597 696 642 pertinet,
711 607 786 630 non
805 595 926 630 solum
938 595 1057 629 facere
1072 606 1260 640 magnum,
1277 594 1478 628 secundum
1494 593 1712 640 quodfacere

155 652 298 698 proprie
320 651 483 693 sumitur,
503 650 564 684 sed
587 650 696 684 etiam
717 650 759 683 ad
779 660 954 695 magnum
971 647 1178 682 faciendum
1192 647 1338 682 tendere
1358 647 1498 689 animo,
1516 647 1612 681 unde
1627 645 1712 680 Tul-

155 705 223 739 lius
245 705 330 739 dicit
351 705 387 738 in
409 715 473 738 sua
494 703 690 738 Rhetorica
709 703 783 748 (lib.
797 714 828 737 2.
847 702 883 737 da
901 702 1060 746 Inveni),
1081 702 1177 747 quod
1203 714 1221 733 c<
1238 700 1508 747 magnificentia
1526 708 1579 735 est
1591 711 1711 734 rerum

156 769 384 804 magnarum,
407 765 440 792 et
462 756 687 791 excelsarum
709 767 793 790 cum
819 755 930 789 animi
951 755 1109 801 quadam
1131 754 1262 801 ampla,
1284 761 1317 788 et
1343 753 1528 800 splendida
1553 753 1713 800 proposi-

155 813 253 846 tione
277 811 437 857 agitatio,
461 819 566 856 atque
585 809 848 844 administratio
870 822 903 851 »,
925 817 963 843 ut
985 808 1145 854 agitatio,
1171 807 1343 842 referatur
1365 807 1408 841 ad
1429 807 1641 842 interiorem
1661 806 1711 840 in-

155 865 368 906 tentionem,
395 863 658 898 administratio
681 871 802 897 autem
829 862 873 896 ad
901 862 1116 896 exteriorem
1149 861 1421 903 executionem3
1447 860 1543 895 unde
1569 867 1714 906 oportet

155 918 251 965 quod
273 918 366 952 sicut
386 917 667 964 magnanimitas
689 915 840 950 intendit
863 914 1009 961 aliquod
1031 926 1207 961 magnum
1228 915 1265 949 in
1287 914 1389 948 omni
1413 913 1576 956 materia,
1602 913 1652 948 ita
1678 921 1713 948 et

156 971 424 1017 magnificentia
446 971 482 1004 in
505 969 625 1016 aliquo
649 981 758 1015 opere
779 968 940 1003 factibili.

226 1025 286 1059 AD
306 1034 477 1059 TERTIUM
492 1023 697 1065 dicendum,
713 1022 809 1069 quod
824 1021 1095 1068 magnificentia
1109 1021 1261 1056 intendit
1278 1031 1369 1067 opus
1384 1031 1557 1066 magnum
1576 1018 1713 1062 facere;

160 1089 269 1125 opera
285 1086 405 1112 autem
419 1078 460 1111 ab
480 1077 688 1111 hominibus
709 1075 804 1110 facta
825 1076 868 1110 ad
891 1075 1049 1121 aliquem
1070 1074 1181 1110 finem
1202 1074 1430 1109 ordinantur:
1451 1073 1571 1108 nullus
1592 1081 1714 1107 autem

157 1131 237 1166 finis
258 1132 504 1165 humanorum
527 1141 679 1176 operum
695 1138 748 1164 est
769 1129 859 1163 adeo
876 1140 1042 1174 magnus,
1064 1129 1156 1163 sicut
1173 1128 1294 1162 honor
1307 1128 1396 1162 Dei:
1419 1135 1454 1162 et
1473 1128 1557 1162 ideo
1576 1126 1713 1172 magni-

155 1185 299 1219 ficentia
326 1184 517 1231 praecipue
545 1194 720 1229 magnum
755 1193 845 1228 opus
878 1181 964 1216 facit
989 1182 1027 1216 in
1061 1182 1186 1216 ordine
1217 1181 1260 1215 ad
1290 1181 1471 1215 honorem
1499 1180 1588 1223 Dei;
1618 1179 1714 1214 unde

156 1238 293 1272 Philos.
317 1238 402 1272 dicit
422 1237 458 1271 in
479 1247 511 1279 4.
535 1237 650 1270 Ethic.
675 1235 762 1282 (cap.
782 1237 844 1280 2),
861 1235 957 1281 quod
975 1234 1241 1269 «honorabiles
1259 1243 1423 1280 sumptus
1437 1242 1520 1269 sunt
1541 1233 1712 1275 maxime,

156 1291 217 1337 qui
238 1289 417 1337 pertinent
439 1290 482 1323 ad
505 1290 624 1323 divina
645 1288 822 1323 sacrificia
836 1300 876 1322 »z
900 1297 934 1323 et
955 1290 1050 1323 circa
1074 1288 1143 1322 hos
1163 1289 1320 1322 maxime
1341 1288 1460 1322 studet
1480 1286 1713 1333 magnificus:

158 1352 193 1378 et
213 1344 296 1378 ideo
319 1343 589 1389 magnificentia
611 1343 842 1388 conjungitur
863 1341 1063 1384 sanctitati3
1085 1341 1169 1388 quia
1190 1341 1383 1388 praecipue
1406 1342 1484 1387 ejus
1506 1339 1656 1375 effectus
1671 1339 1714 1374 ad

158 1397 374 1443 religionem
392 1396 467 1431 sive
490 1396 533 1430 ad
555 1396 783 1430 sanctitatem
810 1395 1006 1429 ordinatur.

691 1553 1035 1599 ARTICULUS
1064 1553 1143 1596 III.
1647 1562 1716 1606 664

284 1677 437 1707 UTRUM
469 1676 662 1706 MATERIA
687 1675 1062 1706 MAGNIFICENTIAE
1089 1675 1187 1704 SINT
1216 1673 1411 1704 SUMPTUS
1439 1672 1592 1704 MAGNI.

158 1776 261 1822 (Insr.
273 1788 303 1822 q.
315 1788 377 1822 151.
388 1781 452 1810 art.
463 1788 491 1822 3.
503 1781 592 1822 corp.
603 1780 633 1810 et
647 1787 676 1821 q.
695 1774 772 1810 160.
787 1780 851 1810 art.
864 1787 890 1810 I.
905 1779 933 1809 ct
943 1786 1004 1810 1-2.
1024 1787 1054 1821 q.
1074 1774 1130 1810 60.
1149 1779 1213 1809 art.
1233 1785 1262 1820 7.
1278 1780 1308 1810 et
1321 1786 1348 1821 3.
1363 1774 1510 1820 Dist.34.
1521 1785 1551 1820 q.
1562 1785 1590 1809 1.
1607 1777 1671 1808 art.
1685 1785 1717 1808 2.

513 1833 541 1864 et
562 1829 651 1863 Dist.
670 1841 714 1875 33.
735 1840 763 1874 q.
783 1841 810 1875 3.
834 1833 897 1862 art.
920 1840 950 1863 2.
973 1833 1002 1862 ct
1020 1839 1053 1873 4.
1076 1828 1185 1863 Etln'c.
1208 1828 1277 1863 lect.
1297 1828 1360 1873 6.).

229 1930 289 1964 AD
312 1939 483 1964 TERTHJM
509 1929 559 1962 sic
586 1928 802 1974 proceditur.
831 1927 993 1970 Videtur,
1020 1928 1117 1974 quod
1144 1927 1296 1963 materia
1322 1926 1614 1974 magnificentiae
1639 1937 1714 1961 non

159 1983 229 2017 sint
249 1990 412 2028 sumptus
435 1983 577 2027 magni:
601 1982 697 2016 circa
719 1980 886 2016 eamdem
909 1982 1006 2015 enim
1028 1981 1218 2016 materiam
1239 1992 1314 2016 non
1333 1989 1414 2016 sunt
1434 1981 1525 2015 duae
1545 1980 1713 2015 virtutes:

159 2036 221 2070 sed
243 2036 338 2069 circa
359 2043 520 2081 sumptus
545 2043 598 2069 est
618 2034 825 2076 liberalitas,
847 2043 886 2069 ut
906 2046 1012 2081 supra
1033 2035 1197 2069 habitum
1220 2043 1273 2070 est
1294 2035 1342 2081 (q.
1365 2046 1418 2081 97.
1444 2040 1508 2070 art.
1536 2035 1604 2080 2.);
1629 2044 1718 2080 ergo

160 2088 430 2135 magnificentia
451 2099 525 2122 non
548 2096 601 2122 est
623 2088 718 2122 circa
739 2096 913 2134 sumptus.

230 2152 261 2176 2.
284 2142 519 2176 PRAETERffl.
546 2142 709 2176 «Omnis
732 2141 946 2187 magnificus
971 2150 1024 2176 est
1044 2141 1243 2185 liberalis»,
1270 2149 1309 2176 ut
1330 2141 1458 2176 dicitur
1478 2140 1515 2175 in
1539 2150 1573 2184 4.
1602 2140 1718 2175 Ethic.

161 2196 248 2242 (cap.
263 2207 294 2230 2.
305 2197 478 2242 aprinc.):
494 2195 555 2229 sed
570 2194 763 2229 liberalitas
778 2203 831 2229 est
845 2195 961 2241 magis
973 2195 1068 2229 circa
1079 2195 1185 2237 dona,
1201 2206 1310 2241 quam
1326 2195 1420 2229 circa
1435 2202 1615 2241 sumptus;
1631 2205 1718 2240 ergo

161 2250 271 2284 etiam
293 2248 563 2294 magnificentia
584 2259 657 2282 non
680 2248 870 2294 praecipue
893 2256 945 2282 est
967 2248 1061 2282 circa
1083 2256 1258 2293 sumptus,
1280 2248 1342 2282 sed
1363 2248 1480 2293 magis
1500 2247 1594 2281 circa
1613 2247 1719 2281 dona.

237 2314 265 2348 3.
288 2302 524 2337 ΡΕΑΕΤΕΒΕΑ.
549 2301 605 2335 Ad
628 2301 936 2346 magnificentiam
958 2302 1111 2347 pertinet
1134 2301 1280 2347 aliquod
1303 2312 1392 2347 opus
1414 2301 1568 2335 exterius
1582 2300 1718 2335 sacere:

160 2367 234 2390 non
257 2364 379 2390 autem
401 2354 618 2401 quibuslibet
639 2354 838 2400 sumptibus
861 2354 899 2388 sit
921 2354 1066 2400 aliquod
1089 2354 1242 2388 exterius
1257 2365 1358 2400 opus,
1379 2354 1519 2388 etiamsi
1534 2354 1604 2388 sint
1624 2365 1719 2388 sum-

161 2418 241 2456 ptus
264 2409 409 2454 magni3
432 2417 516 2454 puta
539 2419 623 2442 cum
645 2407 773 2453 aliquis
796 2407 907 2441 multa
932 2408 1099 2453 expendit
1116 2408 1151 2441 in
1167 2408 1279 2442 xeniis
1302 2407 1501 2450 mittendis;
1525 2418 1614 2454 ergo
1627 2417 1722 2442 sum-

160 2471 240 2509 ptus
261 2474 335 2496 non
357 2470 438 2496 sunt
459 2461 603 2508 propria
625 2461 777 2495 materia
801 2460 1102 2506 magnificentiae.

232 2526 264 2559 4.
283 2516 519 2550 PRAETEREA.
536 2515 690 2561 Magnos
704 2522 867 2560 sumptus
882 2525 954 2548 non
970 2523 1119 2560 possunt
1134 2513 1252 2548 facere
1266 2514 1334 2548 nisi
1349 2514 1494 2548 divites:
1509 2513 1570 2548 sed
1591 2524 1718 2549 omnes

161 2570 310 2604 virtutes
329 2577 480 2615 possunt
501 2569 633 2602 habere
656 2568 764 2602 etiam
787 2579 979 2614 pauperes:
1004 2568 1086 2613 quia
1108 2568 1255 2602 virtutes
1276 2579 1350 2602 non
1372 2578 1414 2602 ex
1435 2567 1649 2602 necessitate
1671 2567 1721 2601 in-

165 2623 289 2668 digent
311 2622 478 2656 exteriori
495 2621 651 2663 fortuna,
673 2622 733 2656 sed
756 2621 822 2655 sibi
842 2621 925 2667 ipsis
947 2619 1139 2663 sufficiunt,
1162 2629 1200 2655 ut
1222 2621 1361 2655 Seneca
1382 2620 1468 2654 dicit
1487 2620 1523 2654 in
1540 2620 1599 2654 lib.
1626 2631 1654 2655 1.
1677 2621 1721 2655 de

163 2676 218 2710 Ira
241 2676 329 2722 (cap.
350 2688 381 2721 9.
404 2680 432 2710 et
453 2675 509 2709 lib.
532 2674 567 2709 de
593 2675 666 2709 Vita
688 2675 791 2709 Beata
817 2680 886 2720 cap.
916 2674 1010 2719 16.),·
1039 2685 1125 2721 ergo
1153 2673 1420 2720 magnificentia
1446 2684 1520 2708 non
1548 2681 1601 2708 est
1627 2673 1722 2708 circa

166 2740 319 2775 magnos
340 2736 515 2774 sumptus.

236 2782 310 2817 SED
329 2791 482 2817 CONTRA
502 2789 565 2823 est,
580 2781 676 2827 quod
690 2780 902 2827 Philosoph.
924 2779 1010 2815 dicit
1030 2780 1066 2814 in
1087 2790 1119 2824 4.
1150 2780 1310 2816 Ethicor.
1335 2779 1421 2827 (cap.
1443 2791 1474 2815 2.
1501 2784 1575 2815 ante
1606 2778 1721 2825 med),

165 2836 261 2881 quoti
285 2833 553 2881 magnificentia
580 2845 653 2869 non
682 2834 880 2869 extenditur
907 2834 1001 2868 circa
1032 2845 1158 2869 omnes
1192 2834 1432 2881 operationes,
1458 2843 1549 2880 quae
1576 2840 1658 2868 sunt
1683 2833 1718 2866 in
