1859 3122
182 193 268 235 514
609 191 829 226 QUAESTIO
863 191 962 221 LXX.
995 191 1238 221 ARTICULUS
1271 192 1314 221 ΙΙ.

180 273 238 307 vel
260 284 302 307 ex
323 271 586 306 favorabilitate
610 283 752 314 causae,
778 271 837 306 vel
864 283 907 306 ex
933 272 1140 306 conditione
1163 272 1312 318 negotii,
1339 280 1373 306 et
1394 272 1592 307 dictorum:
1619 273 1734 309 multo

181 335 302 360 autem
324 326 440 371 magis
462 326 714 360 testimonium
733 327 837 359 unius
864 325 1057 371 repellitur,
1079 326 1109 360 si
1130 326 1197 360 sibi
1217 327 1284 372 ipsi
1307 326 1477 360 dissideat
1495 326 1735 374 interrogatus

180 381 222 414 de
244 376 334 421 visu,
351 387 385 414 et
399 379 567 414 scientia:
588 391 662 413 non
678 387 799 413 autem
818 381 847 413 si
862 379 1031 413 dissideat
1048 380 1288 424 interrogatus
1308 380 1351 414 de
1366 379 1550 426 opinione,
1569 387 1605 414 et
1616 380 1734 415 fama:

180 433 263 479 quia
285 441 403 479 potest
424 433 625 467 secundum
648 433 788 466 diversa
809 434 896 474 visa,
919 441 953 466 et
975 432 1095 466 audita
1116 433 1359 467 diversimode
1381 441 1501 467 motus
1520 444 1597 468 esse
1619 434 1663 468 ad
1684 446 1736 468 re-

180 487 450 532 spondendum:
473 487 502 520 si
524 497 610 520 vero
633 487 677 520 sit
699 486 878 520 discordia
899 486 1098 520 testimonii
1118 487 1154 520 in
1177 486 1352 532 aliquibus
1372 487 1648 522 circumstantiis
1662 499 1737 522 non

180 539 436 585 pertinentibus
459 539 502 573 ad
525 540 763 573 substantiam
784 539 880 581 facti,
902 547 987 585 puta
1014 539 1043 573 si
1068 547 1210 585 tempus
1237 539 1342 574 fuerit
1366 539 1586 583 nubilosum,
1607 540 1666 575 vel
1683 552 1737 575 se-

181 604 320 635 renum,
345 592 403 626 vel
429 594 456 626 si
485 593 615 626 domus
642 593 748 627 fuerit
774 593 881 639 picta,
909 601 968 627 aut
993 604 1079 635 non,
1101 601 1161 627 aut
1184 593 1316 639 aliquid
1342 594 1562 638 hujusmodi,
1583 593 1664 628 talis
1691 594 1738 628 di-

181 647 323 680 scordia
345 657 418 680 non
446 647 668 691 praejudicat
694 647 919 682 testimonio:
947 646 1029 692 quia
1055 647 1224 681 homines
1249 658 1324 681 non
1352 655 1617 681 consueverunt
1641 647 1737 682 circa

183 700 269 733 talia
291 700 445 734 multum
468 699 656 734 solicitari:
681 700 774 734 unde
796 699 901 733 facile
925 711 943 733 a
965 700 1143 733 memoria
1165 700 1370 734 elabuntur:
1394 700 1596 746 quinimmo
1618 700 1736 747 aliqua

182 753 363 787 discordia
385 754 420 787 in
447 753 577 787 talibus
602 753 688 787 facit
716 753 966 787 testimonium
990 753 1203 795 credibilius,
1236 762 1274 787 ut
1302 753 1490 800 Chrysost.
1521 753 1606 788 dicit
1630 765 1737 800 super

182 806 309 840 Matth.
334 807 435 850 (hom.
463 808 524 852 L),
552 807 634 852 quia
657 807 685 840 si
707 807 743 840 in
766 807 933 840 omnibus
957 807 1231 849 concordarent,
1254 807 1361 840 etiam
1384 807 1419 840 in
1446 807 1618 849 minimis,
1643 807 1738 841 vide-

182 868 302 893 rentur
317 871 358 894 ex
370 860 539 894 condicto
552 860 721 894 eumdem
733 871 941 894 sermonem
951 860 1127 906 proferre:
1143 860 1240 907 quod
1251 868 1373 894 tamen
1387 860 1596 906 prudentiae
1608 860 1736 906 judicis

182 913 394 960 relinquitur
415 914 703 948 discernendum.

251 967 311 1001 AD
340 978 511 1002 TERTIUM
533 967 738 1009 dicendum,
761 967 857 1013 quod
878 967 963 1001 illud
986 967 1109 1001 locum
1130 968 1240 1002 habet
1257 967 1460 1014 specialiter
1479 968 1516 1002 in
1537 967 1736 1014 Episcopis‚

181 1021 412 1067 Presbyteris,
423 1021 610 1062 Diaconis,
626 1030 661 1055 et
676 1021 827 1056 Clericis
847 1020 1030 1055 Ecclesiae
1045 1021 1235 1056 Romanae
1249 1029 1395 1067 propter
1413 1022 1488 1067 ejus
1504 1021 1736 1067 dignitatem3

182 1082 216 1108 et
236 1074 307 1108 hoc
324 1075 450 1121 triplici
464 1074 618 1108 ratione:
637 1076 750 1121 primo
765 1074 921 1120 quidem,
941 1075 1024 1120 quia
1041 1074 1078 1108 in
1097 1085 1138 1108 ea
1152 1074 1241 1109 tales
1264 1074 1400 1109 institui
1422 1075 1563 1117 debent,
1581 1086 1736 1121 quorum

181 1127 362 1161 sanctitati
383 1128 462 1174 plus
484 1128 660 1170 credatur,
683 1140 791 1174 quam
814 1127 936 1161 multis
957 1128 1122 1162 testibus:
1144 1128 1294 1170 secundo,
1314 1128 1397 1174 quia
1411 1128 1580 1162 homines
1601 1128 1662 1174 qui
1678 1128 1738 1162 ha-

182 1181 266 1214 bent
287 1181 330 1215 de
358 1181 435 1215 aliis
463 1181 634 1227 judicare,
662 1193 768 1228 saepe
795 1189 940 1227 propter
966 1181 1137 1226 justitiam
1167 1181 1301 1216 multos
1331 1181 1555 1216 adversarios
1584 1181 1737 1224 habent3

183 1234 276 1268 unde
298 1246 372 1268 non
395 1243 447 1269 est
468 1235 601 1280 passim
625 1235 844 1269 credendum
865 1234 1013 1269 testibus
1042 1242 1166 1268 contra
1189 1246 1262 1276 eos,
1288 1235 1357 1268 nisi
1383 1246 1517 1280 magna
1543 1234 1735 1269 multitudo

182 1288 394 1322 conveniat:
418 1290 524 1329 tertio,
549 1289 630 1334 quia
654 1299 695 1322 ex
719 1288 1023 1322 condemnatione
1042 1288 1192 1333 alicujus
1215 1300 1342 1322 eorum
1362 1288 1595 1333 derogaretur
1611 1288 1648 1322 in
1666 1288 1738 1335 opi-

180 1341 289 1375 nione
303 1341 495 1375 hominum
515 1342 679 1387 dignitati
696 1341 791 1376 illius
806 1341 1001 1383 Ecclesiae,
1018 1350 1052 1375 et
1067 1342 1287 1376 auctoritati:
1311 1342 1407 1388 quod
1423 1350 1476 1376 est
1488 1341 1736 1388 periculosius,

181 1406 291 1439 quam
313 1395 349 1428 in
369 1406 409 1428 ea
423 1395 577 1429 tolerare
593 1395 751 1440 aliquem
767 1403 1008 1441 peccatorem,
1023 1395 1091 1429 nisi
1105 1395 1211 1429 valde
1226 1395 1422 1442 publicum,
1442 1403 1476 1429 et
1493 1394 1736 1437 manifestum,

184 1449 227 1483 de
250 1460 320 1495 quo
343 1460 452 1495 grave
474 1449 685 1483 scandalum
707 1449 869 1484 oriretur.

730 1565 1073 1611 ARTICULUS
1110 1567 1188 1609 III.
1671 1590 1732 1626 391

292 1676 445 1706 UTRUM
478 1675 679 1718 Amquus
713 1675 1019 1705 TESTIMONIUM
1052 1676 1118 1704 srr
1153 1675 1322 1710 ABSQUE
1354 1674 1449 1716 Ejus
1485 1674 1625 1703 CULPA

790 1735 1118 1765 REPELLENDUM.

250 1824 309 1858 AD
333 1834 502 1858 TERTIUM
525 1823 574 1857 sic
596 1823 809 1870 proceditur.
837 1823 997 1864 Videtur,
1020 1822 1116 1868 quod
1139 1821 1289 1867 alicujus
1320 1821 1568 1856 testimonium
1597 1833 1671 1856 non
1693 1822 1737 1856 sit

180 1877 427 1923 repellendum
448 1876 515 1911 nisi
537 1885 682 1923 propter
697 1876 859 1922 culpam:
877 1876 1090 1922 quibusdam
1107 1877 1202 1909 enirn
1218 1876 1253 1909 in
1268 1886 1424 1921 poenam
1438 1875 1621 1921 infligitur,
1640 1876 1736 1921 quod

180 1931 222 1964 ad
244 1931 493 1964 testimonium
514 1941 587 1963 non
611 1930 862 1971 admittantur3
885 1930 977 1963 sicut
998 1937 1094 1974 patet
1115 1930 1150 1962 in
1171 1929 1238 1970 his,
1274 1929 1333 1974 qui
1366 1928 1513 1962 infamia
1546 1935 1735 1963 notantur:

180 1984 240 2018 sed
262 1995 379 2030 poena
400 1995 474 2017 non
497 1992 548 2017 est
570 1983 754 2017 inferenda
776 1983 844 2017 nisi
867 1994 930 2029 pro
955 1982 1076 2028 culpa3
1099 1993 1185 2028 ergo
1207 1982 1358 2023 videtur,
1380 1982 1475 2028 quod
1493 1981 1626 2016 nullius
1643 1982 1737 2016 testi-

182 2037 345 2071 monium
367 2037 494 2070 debeat
513 2037 650 2083 repelli,
672 2037 740 2070 nisi
761 2044 906 2082 propter
927 2036 1083 2081 culpam.

252 2101 282 2124 2.
305 2090 539 2125 PRAETEREA.
563 2091 617 2124 De
641 2090 801 2136 quolibet
822 2090 1125 2136 praesumendum
1144 2097 1196 2123 est
1214 2089 1362 2131 bonum,
1381 2089 1449 2123 nisi
1468 2097 1637 2134 appareat
1655 2100 1736 2123 con-

180 2144 347 2178 trarium:
371 2144 431 2178 sed
455 2144 497 2177 ad
519 2144 719 2177 bonitatem
745 2143 904 2177 hominis
923 2143 1086 2188 pertinet,
1105 2143 1201 2188 quod
1220 2154 1345 2176 verum
1359 2143 1608 2176 testimonium
1623 2143 1735 2185 dicat3

182 2210 264 2232 cum
287 2209 373 2243 ergo
395 2209 467 2231 non
491 2198 603 2243 possit
624 2205 790 2231 constare
813 2197 856 2230 de
879 2196 1070 2239 contrario,
1089 2196 1157 2230 nisi
1175 2204 1320 2242 propter
1339 2196 1495 2242 aliquam
1515 2195 1670 2242 culpam,
1689 2196 1736 2230 vi·

181 2252 282 2285 detur
303 2251 398 2297 quod
420 2250 551 2284 nullius
573 2250 821 2285 testimonium
844 2250 970 2284 debeat
991 2249 1124 2295 repelli,
1146 2250 1213 2283 nisi
1235 2258 1380 2295 propter
1402 2249 1557 2296 culpam.

256 2317 283 2350 3.
311 2305 546 2338 PRAETEREA.
570 2304 624 2337 Ad
649 2315 701 2345 ea,
725 2315 814 2349 quae
845 2310 926 2337 sunt
949 2303 990 2336 de
1013 2303 1224 2336 necessitate
1259 2302 1393 2344 salutis,
1427 2302 1545 2337 nullus
1579 2301 1736 2336 redditur

181 2369 253 2392 non
275 2358 438 2399 idoneus,
460 2358 527 2391 nisi
548 2365 693 2403 propter
715 2365 922 2402 peccatum:
945 2356 1005 2389 sed
1028 2356 1209 2390 testificari
1236 2356 1422 2390 veritatem
1446 2365 1497 2390 est
1518 2356 1561 2390 de
1582 2356 1735 2390 necessi-

180 2420 251 2445 tate
273 2411 408 2452 salutis,
430 2419 468 2444 ut
490 2421 595 2456 supra
618 2411 752 2443 dictum
777 2418 829 2443 est
853 2410 930 2453 (cn-l.
955 2422 981 2443 I.
1005 2410 1072 2454 lmj.
1095 2410 1154 2455 q.);
1180 2420 1266 2455 ergo
1289 2409 1407 2442 nullus
1430 2409 1534 2444 debet
1555 2408 1696 2443 excludi
1717 2421 1736 2443 a

180 2465 416 2506 testificando,
438 2464 503 2497 nisi
527 2472 671 2509 propter
693 2463 846 2508 culpam.

252 2518 326 2552 SED
349 2528 501 2552 CONTRA
526 2524 588 2559 est,
611 2516 705 2562 quod
732 2517 838 2559 (ἓως.
872 2516 955 2550 dicit
982 2517 1031 2560 (in
1053 2518 1159 2559 regist.
1183 2517 1238 2550 lili.
1254 2529 1298 2550 Π.
1325 2516 1497 2562 epist.56.)
1525 2524 1559 2549 et
1585 2516 1734 2550 habetur

183 2582 211 2604 3.
237 2584 268 2616 q.
298 2583 323 2605 1.
347 2572 450 2617 (ms..-
477 2571 682 2617 I11,pr1‘1111'5):
709 2583 725 2600 «
745 2570 839 2614 quod
857 2577 975 2602 autem
992 2570 1151 2603 dicitura
1167 2569 1277 2603 servis
1298 2570 1369 2603 suis
1392 2577 1578 2603 accusatus
1593 2568 1737 2614 Episco-

181 2636 255 2671 pus,
279 2625 464 2658 sciendum
488 2633 550 2665 est,
573 2624 655 2670 quia
679 2623 790 2656 auldiri
814 2623 963 2656 minime
986 2623 1182 2656 debuerunt
1204 2637 1235 2656 )>.

252 2678 479 2712 Ri-:spoxnm
503 2677 706 2718 dicendum,
730 2677 825 2722 quod
855 2676 1114 2717 testimonium,
1146 2677 1236 2709 sicut
1259 2676 1392 2710 dictum
1417 2684 1468 2709 est
1491 2674 1567 2719 (in-l.
1590 2675 1733 2722 praec),

179 2742 252 2764 non
275 2731 383 2765 habet
405 2731 626 2764 infallibilem
652 2730 914 2770 certitudinem,
937 2730 997 2762 sed
1021 2729 1262 2774 probabilem:
1287 2738 1320 2762 et
1349 2730 1430 2762 ideo
1466 2728 1634 2774 quidquid
1671 2737 1733 2770 est,

181 2785 276 2830 quod
300 2785 586 2829 probabilitatem
611 2783 733 2816 afferat
754 2783 787 2816 in
812 2783 1043 2823 contrarium,
1067 2783 1180 2816 reddit
1199 2782 1445 2816 testimonium
1465 2780 1642 2815 inefficax:
1662 2783 1736 2815 red—

181 2838 273 2871 ditur
296 2846 414 2870 autem
438 2836 631 2877 viz-obabile,
655 2836 748 2882 quod
774 2836 899 2881 aliquis
922 2836 955 2868 in
979 2836 1126 2868 veritate
1158 2835 1379 2869 testificanda
1413 2846 1485 2869 non
1519 2835 1563 2868 sit
1593 2834 1732 2869 firmus:

439 2865 445 2882 l

182 2891 372 2936 quandoqn<
395 2891 539 2936 quidem
563 2898 707 2935 propter
730 2889 884 2935 culpam,
907 2890 997 2922 sicut
1019 2888 1190 2930 infideles,
1225 2897 1259 2922 et
1289 2887 1450 2930 infames,
1483 2888 1569 2921 item
1602 2887 1653 2922 illi
1674 2888 1733 2933 qui
