1905 3137
516 178 736 215 QUAESTIO
770 179 827 209 XI.
862 179 1023 209 ARTICU
1039 179 1106 210 „US
1139 180 1195 210 IV.
1548 182 1622 224 113

70 261 189 307 pedire
211 260 323 306 possit
350 268 532 295 aeternam
559 261 711 296 salutem
746 262 780 295 in
815 260 949 303 multis,
976 272 1048 295 non
1083 270 1226 308 oportet
1251 261 1346 308 quod
1381 273 1423 296 ex
1455 261 1628 295 charitate

68 314 277 359 hujusmodi
297 315 434 348 bonum
462 315 494 348 ei
516 314 679 356 velimus,
706 314 767 349 sed
794 315 911 360 potius
939 323 976 348 ut
1002 315 1154 349 velimus
1182 327 1265 350 eum
1298 314 1361 349 illo
1389 326 1528 349 carere:
1551 322 1629 348 tum

69 367 151 413 quia
172 367 267 402 salus
290 376 433 402 aeterna
455 367 688 414 praeferenda
710 376 763 402 est
785 367 880 402 bono
903 368 1114 414 temporali:
1137 376 1213 402 tum
1236 368 1318 414 quia
1340 368 1477 402 bonum
1500 368 1630 401 multo-

69 432 147 454 rum
170 420 365 467 praefertur
385 421 482 455 bono
505 421 625 463 unius;
648 421 676 455 si
699 429 819 455 autem
842 422 1012 456 haeretici
1035 430 1252 456 revertentes
1272 433 1412 468 semper
1431 422 1629 467 reciperen-

68 482 135 516 tur,
158 482 195 508 ut
217 483 514 508 conservarentur
535 474 570 508 in
592 474 674 516 vita,
698 483 732 509 et
754 474 830 508 aliis
857 474 1115 521 temporalibus
1143 475 1258 517 bonis,
1289 483 1410 522 posset
1435 475 1471 508 in
1494 475 1630 521 praeju-

69 527 204 561 dicium
228 527 351 562 salutis
374 528 528 562 aliorum
549 528 620 561 hoc
643 539 738 562 esse:
761 536 838 562 tum
866 528 948 574 quia
975 528 1003 562 si
1031 528 1275 562 relaberentur
1305 528 1394 562 alios
1424 528 1628 562 inficerent:

69 588 146 614 tum
169 581 279 615 etiam
299 581 382 627 quia
396 581 425 615 si
440 581 514 615 sine
538 592 654 627 poena
677 581 880 623 evaderent,
897 581 956 615 alii
970 582 1129 616 securius
1151 582 1185 615 in
1208 582 1386 616 haeresim
1407 581 1629 616 laberentur:

71 634 199 668 dicitur
221 634 317 668 enim
340 633 458 668 Eccle.
483 634 533 668 8.:
556 635 688 669 Etenim
715 636 793 680 quia
819 647 883 669 non
911 636 973 670 cito
990 635 1164 682 profertur
1186 640 1301 670 contra
1322 636 1426 670 malos
1458 636 1628 677 sententia,

69 689 186 733 absque
208 689 325 722 timore
356 688 420 722 ullo
446 688 507 730 filii
529 688 697 722 hominum
716 694 912 735 perpetrant
932 689 1045 729 malim
1075 697 1110 723 et
1131 689 1213 723 ideo
1235 688 1396 723 Ecclesia
1418 689 1535 735 primo
1558 689 1632 735 qui-

69 741 153 775 dem
179 749 396 775 revertentes
423 741 464 774 ab
487 741 627 775 haeresi
653 753 727 775 non
754 741 874 775 solum
905 742 1031 788 recipit
1065 742 1108 776 ad
1141 742 1415 788 poenitentiam,
1438 742 1499 776 sed
1522 744 1628 776 etiam

71 802 261 828 conservat
283 805 345 829 eos
367 795 403 828 in
424 794 508 836 vita,
531 803 565 828 et
587 795 765 829 interdum
787 795 940 830 restituit
961 807 1023 830 eos
1045 796 1284 842 dispensative
1305 796 1348 829 ad
1368 796 1630 830 ecclesiasticas

70 847 272 893 dignitates,
295 859 382 894 quas
400 848 497 894 prius
518 848 710 890 habebant,
728 849 758 882 si
776 848 964 883 videantur
985 860 1068 883 vere
1091 849 1274 883 conversi:
1298 857 1333 883 et
1354 849 1423 883 hoc
1446 861 1510 895 pro
1532 849 1629 883 bono

70 901 168 947 pacis
190 900 393 947 frequenter
415 901 546 947 legitur
568 913 644 936 esse
665 901 813 936 factum.
837 902 908 936 Sed
932 903 1075 948 quando
1102 903 1237 949 recepti
1257 903 1388 937 iterum
1411 903 1628 944 relabuntur,

69 954 209 988 videtur
224 965 300 989 esse
314 956 458 1001 signum
473 955 735 989 inconstantiae
752 966 878 989 eorum
895 956 989 990 circa
1003 956 1123 998 fidem,
1136 964 1170 990 et
1182 957 1262 991 ideo
1278 956 1424 991 ulterius
1439 956 1628 991 redeuntes

70 1008 289 1054 recipiuntur
322 1009 467 1055 quidem
494 1008 536 1042 ad
564 1009 837 1055 poenitentiam,
866 1020 941 1043 non
969 1017 1093 1044 tamen
1123 1018 1161 1044 ut
1188 1009 1383 1044 liberentur
1410 1021 1429 1044 a
1455 1010 1631 1044 sententia

74 1063 211 1096 mortis.

142 1115 202 1149 AD
223 1125 372 1150 PRtMUM
395 1127 482 1161 ergo
510 1115 715 1158 dicendum,
742 1116 839 1162 quod
860 1116 896 1150 in
918 1116 1051 1162 judicio
1077 1116 1148 1150 Dei
1174 1127 1315 1162 semper
1341 1116 1560 1163 recipiuntur
1582 1128 1631 1151 re-

72 1168 239 1211 deuntes;
261 1168 345 1215 quia
366 1169 465 1203 Deus
488 1177 666 1203 scrutator
688 1176 739 1203 est
761 1169 938 1212 cordium,
961 1178 995 1204 et
1015 1181 1099 1204 vere
1121 1170 1309 1204 redeuntes
1333 1170 1537 1216 cognoscit:
1569 1170 1631 1204 sed

72 1221 142 1256 hoc
164 1221 327 1256 Ecclesia
349 1222 481 1256 imitari
506 1234 580 1256 non
602 1230 738 1269 potest:
761 1223 958 1269 praesumit
979 1223 1088 1265 enirn,
1111 1235 1174 1258 eos
1195 1235 1269 1257 non
1291 1235 1376 1258 vere
1402 1225 1542 1266 reverti,
1570 1224 1631 1270 qui

75 1286 158 1309 cum
179 1275 312 1322 recepti
333 1274 492 1318 fuissent,
515 1277 644 1310 iterum
666 1284 749 1311 sunt
770 1276 918 1323 relapsi3
942 1285 976 1312 et
997 1277 1079 1311 ideo
1103 1277 1153 1312 eis
1171 1277 1268 1311 viam
1287 1277 1411 1312 salutis
1432 1289 1507 1312 non
1530 1278 1634 1312 dene-

71 1336 142 1374 gat,
163 1328 226 1362 sed
248 1340 267 1362 a
288 1329 448 1375 periculo
472 1329 598 1363 mortis
621 1341 682 1364 eos
704 1341 779 1364 non
804 1338 933 1364 tuetur.

142 1381 201 1416 AD
224 1393 429 1417 SECUNDUM
449 1382 653 1426 dicendum,
669 1383 765 1429 quod
780 1384 962 1418 Dominus
977 1383 1134 1431 loquitur
1149 1384 1256 1419 Petro
1273 1384 1315 1419 de
1330 1393 1480 1431 peccato
1496 1385 1532 1418 in
1548 1396 1632 1419 eum

73 1435 282 1481 commisso,
305 1436 400 1482 quod
427 1445 480 1471 est
509 1448 650 1483 semper
683 1437 948 1480 dimittendum,
975 1447 1014 1473 ut
1038 1438 1137 1473 fratri
1162 1439 1326 1473 redeunti
1347 1447 1530 1485 parcatur:
1557 1451 1632 1473 non

73 1496 194 1522 autem
214 1488 424 1535 intelligitur
445 1490 488 1524 de
510 1499 660 1536 peccato
675 1491 711 1524 in
726 1491 942 1537 proximum,
957 1491 1014 1526 vel
1029 1492 1064 1525 in
1079 1492 1200 1526 Deum
1219 1492 1429 1535 commisso,
1445 1492 1540 1538 quod
1556 1504 1630 1526 non

75 1550 128 1576 est
147 1544 260 1576 nostri
282 1543 415 1577 arbitrii
437 1543 627 1586 dimittere,
650 1552 688 1577 ut
711 1544 922 1591 Hieronym.
945 1544 1031 1579 dicit
1053 1548 1139 1592 (sup.
1162 1545 1242 1579 illud
1261 1546 1380 1580 Matth.
1403 1546 1474 1581 152:
1502 1546 1538 1580 Si
1554 1552 1628 1592 puc-

74 1597 201 1630 caverit
226 1597 261 1630 in
279 1597 343 1638 te).·
370 1596 431 1630 sed
453 1597 561 1630 etiam
588 1596 624 1630 in
651 1597 721 1631 hoc
741 1605 793 1631 est
814 1597 935 1643 alege
961 1598 1092 1632 modus
1118 1606 1281 1640 statutus,
1308 1599 1508 1633 secundum
1535 1599 1631 1645 quod

75 1650 241 1695 congruit
260 1650 393 1684 honori
413 1650 493 1692 Dei,
516 1658 550 1684 et
573 1650 715 1684 utilitati
735 1651 996 1697 proximorum.

144 1703 204 1737 AD
227 1713 397 1738 TERTmM
430 1703 634 1745 dicendum,
657 1704 753 1750 quod
776 1704 835 1738 alii
857 1704 1029 1746 infideles,
1053 1704 1114 1750 qui
1134 1716 1335 1751 numquam
1357 1704 1465 1739 fidem
1488 1716 1632 1751 accepe-

73 1764 162 1798 rant,
178 1757 344 1791 conversi
359 1757 401 1790 ad
417 1756 524 1791 fidem
542 1757 705 1791 nondum
725 1758 918 1792 ostendunt
937 1757 1082 1804 aliquod
1096 1759 1240 1804 signum
1258 1759 1521 1793 inconstantiae
1538 1759 1633 1793 circa

74 1808 193 1852 fidem,
215 1810 307 1844 sicut
326 1810 499 1844 haeretici
521 1810 665 1856 relapsi3
689 1819 723 1845 et
743 1811 825 1845 ideo
849 1822 921 1845 non
945 1819 997 1845 est
1018 1811 1144 1846 similis
1166 1812 1256 1846 ratio
1280 1811 1322 1846 de
1345 1813 1513 1858 utrisque.

597 2138 952 2199 QUAESTIO
993 2139 1100 2186 XII.

285 2262 348 2293 DE
386 2261 655 2300 APOSTASIA,
698 2261 749 2292 IN
787 2261 912 2293 DUOS
938 2261 1200 2293 ARTICULOS
1238 2261 1411 2293 DIVISA.

144 2395 286 2430 Deinde
310 2395 610 2430 considerandum
633 2404 685 2430 est
703 2396 746 2430 de
766 2395 955 2442 apostasia.

577 2486 622 2520 Et
642 2486 731 2520 circa
753 2486 810 2520 hoc
832 2490 1035 2531 quaeruntur
1055 2484 1129 2519 duo.

144 2555 279 2589 Primo.
302 2555 433 2590 Utrum
457 2556 635 2602 apostasia
658 2556 700 2589 ad
722 2556 970 2590 infidelitatem
993 2556 1178 2602 pertineat.

145 2608 324 2642 Secundo.
345 2609 476 2643 Utrum
498 2618 642 2656 propter
662 2610 880 2655 apostasiam
900 2621 919 2643 a
938 2609 1005 2643 fide
1024 2610 1153 2643 subditi
1176 2609 1406 2643 absolvantur
1427 2621 1444 2642 a
1465 2609 1627 2643 dominio

75 2662 353 2708 praesidentium
378 2671 632 2708 apostatarum.
