1905 3137
203 171 283 211 106
635 178 854 220 QUAEs’rro
887 179 929 210 x.
962 178 1206 209 ARTICULUS
1239 178 1315 208 xri.

196 260 375 302 habitare;
398 271 484 305 ergo
503 259 618 295 multo
637 260 754 306 magis
772 268 916 307 propter
929 260 1179 295 infidelitatem
1192 259 1330 294 tollitur
1342 259 1396 305 jus
1409 258 1546 305 patriae
1564 257 1752 305 potestatis

196 314 232 347 in
254 325 337 348 suos
357 313 467 348 filios:
490 322 640 360 possunt
662 325 748 359 ergo
772 326 899 348 eorum
921 314 983 348 filii
1003 315 1175 361 baptizari
1197 314 1248 348 eis
1269 313 1398 347 invitis.

268 377 298 401 2.
321 367 556 401 PRAETEREA.
591 367 707 413 Magis
741 367 846 401 debet
877 367 1019 401 homini
1053 367 1232 402 subveniri
1267 367 1362 401 circa
1396 365 1596 413 periculum
1627 365 1754 400 mortis

198 428 374 462 aeternae,
397 431 506 466 quam
528 420 623 454 circa
644 420 846 466 periculum
865 421 991 455 mortis
1009 420 1238 467 temporalis:
1259 420 1320 454 sed
1342 420 1368 454 si
1393 419 1519 466 aliquis
1539 419 1676 453 videret
1691 418 1756 453 ho-

197 473 333 507 minem
348 473 383 506 in
398 473 558 519 periculo
578 474 704 508 mortis
720 473 941 520 temporalis,
957 482 991 508 et
1006 474 1037 508 ei
1051 486 1125 508 non
1139 473 1248 508 ferret
1263 473 1446 515 auxilium,
1468 480 1653 518 peccaret3
1672 484 1755 506 cum

199 538 284 572 ergo
307 526 369 560 filii
386 526 618 571 Judaeorum,
641 535 676 561 et
697 527 851 561 aliorum
874 527 1074 562 infidelium
1096 527 1166 561 sint
1187 527 1222 560 in
1244 526 1404 573 periculo
1432 526 1559 560 mortis
1579 534 1756 567 aeternae,

198 581 227 614 si
248 580 450 625 parentibus
473 580 733 627 relinquuntur,
749 581 809 627 qui
825 592 887 615 eos
902 581 938 614 in
952 592 1015 615 sua
1037 581 1247 615 infidelitate
1268 580 1475 622 informant,
1495 580 1635 614 videtur
1660 579 1757 625 quod

199 634 268 668 sint
290 634 339 668 eis
363 633 557 676 iuferendi,
580 643 612 668 et
636 635 849 681 baptizandi,
872 643 906 669 et
927 635 963 668 in
984 634 1053 668 fide
1074 635 1282 669 instruendi.

273 699 301 733 3.
324 687 559 722 PRAETEREA.
583 688 663 721 Filii
684 699 763 722 serv
767 700 871 722 orum
894 696 976 722 sunt
997 688 1101 730 servi,
1121 697 1155 723 et
1172 689 1208 722 in
1227 696 1403 734 potestate
1422 687 1674 722 dominorum:
1694 671 1756 721 sed

194 740 321 786 Judaei
341 749 423 774 sunt
448 742 541 775 servi
562 752 700 786 regum,
725 749 758 776 et
779 741 1000 787 principum;
1023 752 1109 787 ergo
1138 749 1172 775 et
1197 741 1260 775 filii
1290 753 1436 784 eorum3
1466 752 1568 786 reges
1599 751 1697 787 ergo,
1724 747 1758 774 et

199 794 377 841 principes
398 794 531 829 habent
549 803 765 841 potestatem
787 795 829 828 de
851 794 933 829 filiis
949 794 1168 840 Judaeorum
1191 794 1310 829 facere
1329 795 1426 841 quod
1444 794 1641 837 voluerint3
1659 792 1758 828 nulla

200 859 287 894 ergo
310 849 375 881 erit
394 848 534 893 injuria,
558 848 586 882 si
608 859 669 882 eos
692 848 872 894 baptizent
893 848 1011 882 invitis
1033 848 1250 894 parentibus.

269 911 302 944 4.
324 901 559 936 PRAETEREA.
582 901 745 941 Quilibet
763 901 877 935 1101110
896 901 1012 947 magis
1032 909 1085 935 est
1101 901 1182 944 Dei,
1202 913 1221 935 a
1241 912 1312 947 quo
1331 901 1440 935 habet
1459 900 1630 942 animam,
1649 911 1759 946 quam

200 955 308 1001 patris
323 954 486 996 carnalis,
507 966 526 988 a
545 966 616 1000 quo
631 955 738 989 habet
757 966 904 1000 corpus:
918 966 993 989 non
1008 965 1095 1001 ergo
1111 961 1163 989 est
1176 955 1360 1000 injustum,
1379 954 1409 988 si
1426 954 1526 1000 pueri
1538 953 1760 999 Judaeorum

201 1008 402 1042 carnalibus
424 1008 629 1054 parentibus
653 1007 870 1050 auferantur,
893 1016 927 1042 et
947 1009 1028 1042 Deo
1049 1019 1113 1055 per
1133 1008 1353 1055 baptismum
1375 1015 1642 1043 consecrentur.

276 1073 303 1106 5.
334 1062 569 1096 PRAETEREA.
598 1062 802 1108 Baptismus
832 1061 1015 1096 efficacior
1046 1070 1098 1096 est
1127 1062 1170 1095 ad
1200 1061 1365 1104 salutem,
1395 1073 1503 1108 quam
1526 1060 1761 1107 praedicatio,

202 1115 284 1160 quia
302 1126 365 1160 per
382 1115 602 1161 baptismum
621 1115 741 1149 statim
760 1114 898 1149 tollitur
915 1116 1055 1162 peccati
1073 1114 1228 1157 macula,
1246 1123 1366 1149 reatus
1383 1126 1534 1162 poenae,
1554 1122 1588 1148 et
1606 1113 1761 1160 aperitur

202 1169 309 1214 janua
332 1168 440 1203 coeli:
464 1169 526 1203 sed
552 1169 581 1203 si
607 1168 808 1215 periculum
829 1169 988 1215 sequitur
1015 1181 1058 1203 ex
1084 1168 1224 1203 defectu
1251 1169 1539 1215 praedicationis,
1565 1168 1762 1214 imputatur

203 1222 247 1264 ei,
269 1222 330 1268 qui
351 1234 424 1256 non
446 1223 684 1269 praedicavit3
707 1230 745 1256 ut
765 1223 916 1257 habetur
937 1223 1067 1258 Ezech.
1093 1235 1121 1269 3.
1145 1231 1179 1257 et
1204 1235 1255 1270 33.
1279 1224 1322 1258 de
1345 1235 1400 1266 eo,
1423 1223 1483 1269 qui
1503 1222 1594 1258 videt
1612 1222 1761 1268 gladium

200 1277 394 1319 venientum,
412 1281 439 1310 et
458 1288 522 1310 non
539 1278 723 1311 insonuerit
739 1278 838 1318 τιι1111;
862 1288 948 1323 ergo
971 1276 1087 1311 multo
1109 1277 1237 1323 magis,
1259 1277 1288 1312 si
1309 1277 1410 1323 pueri
1426 1277 1647 1322 Judaeorum
1666 1276 1763 1309 dam-

202 1337 331 1362 nentur
352 1337 496 1375 propter
518 1329 699 1364 defectum
720 1330 899 1376 baptismi,
920 1330 1116 1376 imputatur
1135 1331 1178 1364 ad
1196 1339 1389 1377 peccatum
1408 1331 1470 1372 eis,
1489 1330 1549 1376 qui
1570 1336 1763 1376 potuerunt

202 1382 392 1429 baptizare,
415 1391 448 1417 et
468 1394 543 1417 non
565 1383 844 1430 baptizaverunt.

275 1435 349 1470 SED
377 1447 531 1471 CONTRA
554 1445 616 1478 est,
639 1437 735 1483 quod
756 1437 893 1471 nemini
913 1436 1078 1471 facienda
1100 1445 1153 1471 est
1173 1437 1319 1482 injuria:
1347 1437 1448 1471 fieret
1474 1444 1595 1471 autem
1617 1435 1762 1481 Judacis

203 1490 342 1535 injuria,
364 1491 394 1524 si
417 1501 543 1524 eorum
561 1490 625 1524 filii
642 1491 907 1536 baptizarentur
926 1491 976 1525 eis
994 1491 1131 1534 invitis;
1155 1491 1236 1537 quia
1258 1491 1463 1525 amitterent
1480 1491 1534 1536 jus
1552 1490 1686 1536 patriae
1703 1501 1765 1536 po-

203 1543 339 1577 testatis
361 1543 397 1576 in
418 1543 512 1577 filios
534 1544 606 1588 jam
628 1543 770 1585 fideles3
794 1555 880 1590 ergo
904 1545 954 1578 eis
975 1544 1094 1578 invitis
1118 1555 1192 1578 non
1214 1552 1295 1578 sunt
1315 1544 1527 1590 baptizandi.

274 1596 503 1632 RESPONDEO
526 1597 730 1639 dicendum,
751 1598 847 1643 quod
866 1598 1065 1631 maximam
1082 1598 1191 1632 habet
1209 1598 1461 1632 auctoritatem
1478 1596 1663 1631 Ecclesiae
1681 1607 1764 1631 con-

203 1650 367 1692 suetudo,
389 1662 480 1696 quae
502 1662 645 1696 semper
667 1658 720 1685 est
741 1651 777 1684 in
799 1651 967 1686 omnibus
990 1651 1224 1686 aemulanda:
1248 1651 1330 1697 quia
1358 1659 1392 1686 et
1417 1651 1493 1697 ipsa
1519 1650 1683 1685 doctrina
1710 1662 1765 1684 ca-

202 1703 425 1738 tholicorum
446 1704 651 1738 Doctorum
673 1704 714 1738 ab
738 1704 900 1739 Ecclesia
922 1705 1175 1739 auctoritatem
1196 1705 1320 1747 habet3
1347 1704 1441 1738 unde
1463 1704 1578 1749 magis
1597 1704 1764 1738 standum

204 1765 257 1791 est
278 1757 482 1791 auctoritati
503 1757 699 1799 Ecclesiae,
723 1769 832 1803 quam
855 1758 1060 1792 auctoritati
1080 1758 1137 1792 vel
1156 1758 1362 1803 Augustini,
1381 1757 1438 1792 vel
1457 1757 1684 1804 Hieronymi,
1705 1756 1764 1791 vel

205 1811 463 1856 cujuscumque
485 1811 668 1845 Doctoris.
692 1810 771 1845 Hoc
796 1819 917 1845 autem
947 1811 1131 1845 Ecclesiae
1161 1822 1246 1845 usus
1275 1822 1476 1856 numquam
1505 1811 1641 1852 habuit,
1668 1810 1764 1856 quod

199 1864 419 1909 Judaeorum
448 1863 511 1897 filii
544 1864 662 1898 invitis
690 1865 895 1910 parentibus
921 1864 1203 1911 baptizarentur:
1232 1865 1396 1910 quamvis
1422 1863 1554 1898 fuerint
1578 1863 1764 1898 retroactis

204 1917 427 1962 temporibus
449 1917 552 1951 multi
575 1917 746 1951 catholici
768 1918 946 1964 principes
968 1917 1221 1963 potentissimi,
1241 1925 1279 1951 ut
1298 1917 1569 1960 Constantinus,
1597 1916 1767 1951 Theodo-

205 1971 289 2013 sius,
311 1970 437 2016 quibus
455 1970 649 2005 familiares
667 1970 810 2005 fuerunt
824 1971 1043 2005 sanctissimi
1057 1971 1238 2017 Episcopi,
1254 1979 1292 2005 ut
1307 1971 1491 2017 Sylvester
1511 1971 1765 2012 Constantino,

206 2032 241 2059 et
262 2024 476 2058 Ambrosius
499 2024 732 2067 Theodosio3
755 2025 814 2070 qui
833 2024 934 2059 nullo
954 2025 1065 2058 modo
1084 2024 1408 2071 praetermisissent
1427 2025 1469 2058 ab
1489 2025 1540 2059 eis
1560 2025 1765 2071 impetrare,

206 2077 235 2111 si
256 2077 326 2112 hoc
350 2086 443 2112 esset
464 2089 667 2112 consonum
693 2078 844 2120 rationi,
873 2086 907 2112 et
936 2078 1018 2112 ideo
1044 2077 1289 2124 periculosum
1315 2078 1455 2112 videtur
1483 2078 1577 2112 hanc
1599 2077 1768 2123 :assertio-

207 2142 290 2165 nem
310 2130 352 2164 de
370 2142 467 2164 novo
486 2130 667 2173 inducere,
686 2139 724 2165 ut
742 2139 881 2177 praeter
901 2131 1200 2165 consuetudinem
1218 2131 1254 2164 in
1273 2130 1435 2165 Ecclesia
1456 2132 1631 2166 hactenus
1651 2131 1768 2166 obser-

207 2193 339 2227 vatam,
353 2185 573 2229 Judaeorum
591 2184 654 2218 filii
672 2185 791 2218 invitis
808 2185 1013 2230 parentibus
1031 2184 1262 2231 baptizentur.
1282 2184 1326 2218 Et
1343 2184 1448 2230 hujus
1464 2186 1554 2219 ratio
1570 2193 1623 2219 est
1635 2185 1765 2232 duplex.

214 2239 288 2272 Una
309 2237 454 2283 quidem
475 2246 621 2283 propter
641 2237 842 2284 periculum
868 2237 969 2271 fidei:
993 2238 1022 2272 si
1044 2238 1140 2272 enim
1166 2238 1266 2284 pueri
1292 2238 1456 2272 nondum
1483 2250 1588 2272 usum
1614 2238 1762 2272 rationis

207 2291 380 2325 habentes
398 2291 616 2336 baptismum
635 2291 865 2337 susciperent,
884 2292 1130 2336 postmodum,
1147 2303 1229 2326 cum
1246 2291 1289 2325 ad
1305 2290 1499 2337 perfectam
1519 2299 1673 2326 aetatem
1692 2302 1768 2337 per-

208 2345 381 2386 venirent,
401 2344 443 2378 de
457 2343 554 2378 facili
568 2352 715 2390 possent
730 2356 747 2378 a
762 2345 966 2390 parentibus
982 2344 1113 2386 induci,
1129 2353 1166 2378 ut
1181 2344 1434 2391 relinquerent,
1450 2345 1545 2390 quod
1560 2345 1766 2390 ignorantes

209 2405 461 2443 susceperunt:
477 2397 574 2443 quod
588 2405 752 2443 vergeret
766 2397 801 2431 in
818 2397 899 2431 fidei
915 2398 1179 2431 detrimentum.
1195 2398 1275 2432 Alia
1290 2409 1377 2432 vero
1392 2398 1482 2432 ratio
1495 2406 1558 2440 est,
1572 2398 1655 2444 quia
1668 2409 1768 2444 repu-

209 2451 457 2497 gnatjustitiae
468 2451 637 2485 naturali:
651 2451 742 2484 silius
754 2451 850 2484 enim
861 2451 1068 2485 naturaliter
1083 2459 1135 2485 est
1150 2450 1282 2497 aliquid
1298 2451 1426 2497 patris:
1443 2459 1477 2485 61
1491 2451 1607 2498 primo
1622 2451 1767 2498 quidem

210 2517 230 2539 a
244 2505 449 2551 parentibus
463 2515 537 2538 non
552 2505 780 2549 distinguitur
794 2504 993 2538 secundum
1009 2516 1151 2551 corpus,
1167 2505 1339 2551 quamdiu
1354 2505 1390 2538 in
1405 2505 1528 2539 matris
1542 2513 1644 2539 utero
1660 2506 1770 2539 conti-

210 2566 327 2592 netur:
340 2558 573 2604 postmodum
584 2569 682 2600 vero,
698 2566 889 2604 postquam
905 2558 946 2592 ab
964 2566 1063 2592 utero
1081 2558 1273 2603 egreditur,
1285 2566 1478 2604 antequam
1493 2570 1597 2592 usum
1608 2558 1708 2593 liberi
1719 2570 1770 2592 ar—

208 2612 302 2646 bitrii
316 2611 457 2654 habeat,
477 2612 680 2646 continetur
695 2612 758 2646 sub
774 2620 961 2657 parentum
979 2623 1073 2653 cura,
1093 2612 1183 2645 sicut
1202 2612 1265 2645 sub
1285 2612 1444 2657 quodam
1462 2611 1636 2657 spirituali
1653 2620 1768 2654 utero,

209 2665 379 2711 quamdiu
396 2665 491 2699 enim
505 2677 611 2699 usum
625 2665 772 2699 rationis
788 2676 860 2698 non
876 2665 983 2698 habet
998 2676 1094 2710 puer,
1110 2676 1183 2698 non
1199 2664 1316 2698 differt
1330 2665 1370 2698 ab
1388 2664 1534 2699 animali
1552 2664 1767 2707 irrationali;

210 2719 303 2752 unde
330 2718 421 2753 sicut
445 2719 522 2761 bos,
537 2718 595 2753 vel
609 2729 720 2764 equus
736 2726 787 2752 est
803 2718 964 2763 alicujus,
979 2726 1017 2752 ut
1031 2726 1149 2752 utatur
1165 2730 1207 2752 60
1224 2730 1307 2752 cum
1322 2717 1486 2760 voluerit,
1501 2718 1698 2752 secundum
1712 2719 1767 2764 jus

211 2772 326 2814 civile,
341 2772 433 2806 sicut
446 2773 592 2819 proprio
606 2772 861 2807 instrumento:
884 2772 933 2805 ita
952 2772 994 2806 de
1009 2772 1085 2817 jure
1100 2771 1252 2805 naturali
1267 2780 1330 2813 est,
1345 2771 1440 2818 quod
1456 2771 1560 2814 filius,
1576 2780 1768 2818 antequam

211 2825 341 2860 habeat
354 2837 459 2860 usum
474 2826 634 2868 rationis,
648 2826 693 2860 sit
706 2826 770 2860 sub
787 2836 871 2860 cura
885 2825 993 2871 patris
1003 2837 1010 2867 ;
1022 2825 1115 2859 unde
1128 2833 1253 2859 contra
1265 2825 1437 2871 justitiam
1448 2825 1650 2860 naturalem
1665 2833 1768 2868 esset,

213 2879 240 2913 si
262 2890 359 2925 puer,
382 2888 574 2926 antequam
597 2879 727 2914 habeat
748 2890 852 2914 usum
876 2878 1036 2921 rationis,
1053 2890 1071 2913 a
1087 2889 1170 2913 cura
1189 2886 1377 2926 parentum
1396 2878 1634 2921 subtrahatur,
1648 2877 1707 2914 vel
1725 2879 1767 2913 de
