1859 3122
467 191 688 227 QUAESTIO
723 191 943 221 CLXXXVII.
976 191 1220 221 ARTICULUS
1253 191 1296 220 ΙΙ.
1553 191 1660 235 1239

663 377 1008 423 ARTICULUS
1036 378 1092 421 ΙΙ.
1596 389 1661 436 895

180 498 333 528 UTRUM
361 498 600 527 RELIGIOSIS
629 498 786 528 LICEAT
814 497 1084 528 SAECULARIA
1110 497 1310 528 NEGOTIA
1336 497 1580 527 TRACTARE.

426 597 526 643 (Jnsr.
550 609 579 643 q.
601 598 674 632 188.
696 602 760 632 art.
782 609 813 632 2.
833 597 874 631 ad
892 609 922 632 2.
945 602 972 632 at
993 604 1100 644 opusc.
1122 610 1173 643 19.
1197 603 1267 644 cap.
1290 607 1341 632 11.

622 656 649 685 ct
671 652 765 686 Rom.
792 651 844 686 16.
868 657 896 686 at
917 663 948 686 2.
977 652 1063 686 Tim.
1086 651 1145 695 2.).

174 752 233 787 AD
265 763 472 787 SECUNDUM
494 754 543 787 sic
566 754 783 799 proceditur.
805 753 970 796 Videtur,
993 754 1089 800 quod
1110 753 1289 799 religiosis
1316 764 1389 787 non
1417 752 1524 787 liceat
1545 762 1666 786 saecu-

100 805 188 840 laria
210 806 357 851 negotia
375 814 547 840 tractare:
568 807 696 841 dicitur
715 807 810 841 enim
831 809 865 841 in
888 807 1070 853 praedicto
1090 807 1247 841 Decreto
1268 806 1445 840 Bonifacii
1463 806 1584 851 Papae
1602 805 1664 839 IV.

102 859 211 906 (caps
226 860 309 894 Sunt
323 860 485 902 nonnulli,
502 860 656 906 16.q.1.)
679 861 775 907 quod
794 861 948 894 «beatus
971 860 1187 894 Benedictus
1209 871 1271 894 eos
1295 859 1535 894 saecularium
1557 869 1667 904 nego-

99 913 234 947 tiorum
250 913 335 947 dixit
354 922 514 958 expertes
537 913 633 948 fore:
656 914 752 960 quod
776 914 920 960 quidem
941 914 1162 960 Apostolicis
1181 913 1420 955 documentis,
1443 921 1477 946 et
1499 912 1665 946 omniurn

100 974 312 1000 sanctorum
335 966 483 1000 Patrum
502 967 684 1009 institutis,
708 978 781 1001 non
803 966 922 1001 solum
946 967 1149 1008 monachis,
1171 967 1232 1000 sed
1255 968 1364 1000 etiam
1387 965 1572 1000 canonicis
1591 976 1668 999 om-

100 1019 204 1053 nibus
227 1031 448 1065 magnopere
470 1020 667 1066 imperatur
686 1034 717 1062 »‚
740 1020 939 1054 secundum
958 1019 1043 1053 illud
1065 1031 1095 1054 2.
1120 1020 1163 1053 ad
1191 1019 1289 1055 Tim.
1317 1029 1367 1053 2.:
1391 1020 1495 1054 Nemo
1522 1019 1666 1053 militans

101 1073 173 1107 Deo
193 1073 340 1119 {triplicat
357 1085 386 1107 sa
402 1073 625 1107 sizaczclaribus
642 1075 788 1119 negotiis:
812 1073 872 1106 sed
890 1073 1056 1106 omnibus
1072 1073 1249 1118 religiosis
1268 1073 1445 1115 imminet,
1465 1072 1562 1118 quod
1577 1071 1667 1106 mili-

99 1134 176 1160 tent
197 1126 298 1168 De03
321 1137 407 1172 ergo
430 1137 503 1160 non
524 1125 610 1159 licet
631 1128 680 1160 cis
703 1125 901 1160 saecularia
922 1126 1069 1172 negotia
1092 1137 1268 1160 exercere.

173 1189 203 1212 2.
227 1179 462 1213 PRAETEREA.
490 1179 618 1224 Apost.
646 1189 673 1213 1.
697 1179 740 1212 ad
762 1178 927 1212 Thessal.
950 1189 982 1221 4.
1006 1179 1109 1213 dicit:
1137 1180 1286 1224 Operam
1301 1179 1389 1221 datis,
1414 1184 1449 1213 ut
1466 1180 1566 1224 quieti
1585 1180 1666 1221 sitis,

101 1233 650 1278 etutncgotimnwstrnmagczt1's;
669 1231 787 1266 Gloss.
806 1232 963 1276 (interl)-
982 1245 999 1263 «
1013 1232 1182 1266 Dimissis
1201 1231 1338 1274 alienis,
1354 1232 1449 1278 quod
1464 1232 1566 1266 vobis
1581 1231 1668 1266 utile

100 1286 203 1320 estin
221 1285 513 1319 emendationem
528 1285 622 1319 vitae
637 1297 668 1318 »ς
688 1285 750 1319 sed
766 1284 927 1331 religiosi
942 1284 1145 1331 specialiter
1163 1293 1351 1319 assumunt
1370 1285 1527 1319 studium
1549 1296 1668 1319 emen-

98 1339 256 1373 dationis
278 1339 392 1380 vitae3
416 1349 503 1384 ergo
525 1349 600 1372 non
623 1338 753 1373 debent
774 1338 973 1373 saecularia
994 1339 1142 1384 negotia
1165 1350 1342 1373 exercere.

176 1404 204 1438 3.
227 1392 463 1426 PRAETEREA,
489 1391 604 1437 Super
626 1391 713 1425 illud
736 1391 862 1426 Matth.
890 1403 957 1425 11.:
982 1392 1065 1426 Ecce
1087 1393 1143 1437 qut
1166 1392 1316 1426 mollibus
1334 1393 1530 1433 vestiuntur,
1557 1393 1591 1425 *in
1614 1391 1666 1426 do-

98 1446 207 1480 mibus
227 1457 340 1490 regum
361 1449 447 1487 sunt,
470 1445 555 1478 dicit
574 1444 742 1479 Hieron.:
770 1444 852 1478 «Ex
871 1445 942 1478 hoc
962 1445 1170 1486 ostenditur,
1190 1444 1343 1490 rigidam
1361 1445 1486 1486 vitam,
1505 1453 1541 1479 et
1555 1453 1668 1478 auste-

100 1510 180 1532 ram
202 1498 510 1543 praedicationem
529 1498 641 1532 vitare
661 1498 791 1532 debere
813 1497 912 1531 aulas
934 1509 1073 1543 regum,
1090 1506 1124 1531 et
1138 1497 1306 1532 mollium
1323 1498 1517 1532 hominum
1532 1497 1667 1543 palatia

98 1551 282 1586 declinare
304 1563 336 1584 »:
359 1551 421 1584 sed
443 1551 636 1585 necessitas
656 1550 896 1585 saecularium
918 1551 1151 1597 negotiorum
1172 1552 1303 1597 ingerit
1323 1551 1514 1585 hominem
1537 1551 1580 1585 ad
1602 1550 1668 1585 fre-

102 1605 349 1651 quentandum
376 1615 503 1649 regum
531 1604 682 1649 palatia;
710 1615 797 1650 ergo
820 1615 894 1638 non
916 1604 1000 1638 licet
1021 1603 1198 1650 religiosis
1227 1604 1346 1651 aliqua
1372 1604 1519 1650 negotia
1543 1615 1667 1638 saecu-

100 1656 191 1691 laria
210 1665 439 1703 pertractare.

174 1711 248 1745 SED
267 1721 422 1745 CONTRA
439 1718 501 1752 est,
519 1710 617 1756 quod
641 1710 767 1756 Apost.
784 1710 870 1744 dicit
892 1710 935 1744 ad
957 1711 1064 1744 Rom.
1081 1709 1162 1745 ult.:
1179 1710 1380 1745 Commendo
1401 1712 1496 1746 vobis
1518 1711 1668 1746 Phaeben

97 1775 246 1799 sororem
268 1769 442 1808 nostram5
465 1771 500 1797 et
521 1771 647 1809 postea
669 1764 804 1798 subdit:
827 1765 873 1799 Et
893 1765 1047 1798 assistatis
1068 1765 1108 1806 ei,
1132 1765 1165 1798 in
1187 1776 1388 1810 quocumque
1409 1765 1536 1810 negotio
1563 1765 1665 1799 vestri

100 1817 293 1863 indiguerit.

172 1871 402 1905 RESPONDEO
425 1870 632 1912 dicendum,
651 1871 759 1916 quod,
776 1870 867 1905 sicut
888 1882 994 1916 supra
1013 1871 1151 1904 dictum
1166 1878 1218 1905 est
1233 1870 1278 1917 (q.
1293 1877 1407 1918 praec.
1424 1876 1486 1906 art.
1510 1885 1538 1906 I.
1557 1876 1586 1906 et
1604 1871 1663 1918 7.),

100 1932 212 1959 status
237 1924 422 1969 religionis
445 1932 498 1958 est
519 1924 704 1958 ordinatus
727 1923 770 1957 ad
792 1923 1051 1969 perfectionem
1080 1924 1263 1958 charitatis
1285 1925 1599 1971 consequendam:
1624 1925 1668 1959 ad

101 1989 212 2024 quam
240 1978 385 2024 quidem
412 1977 656 2023 principaliter
677 1977 831 2023 pertinet
854 1977 925 2011 Dei
951 1977 1108 2019 dilectio,
1132 1977 1346 2012 secundario
1375 1986 1495 2012 autem
1523 1977 1668 2012 dilectio

100 2031 277 2077 proximi,
301 2039 335 2064 et
355 2031 437 2065 ideo
459 2030 620 2076 religiosi
647 2030 851 2077 praecipue,
873 2038 909 2065 et
929 2039 1073 2076 propter
1095 2042 1132 2065 se
1155 2031 1285 2065 debent
1310 2031 1495 2065 intendere
1518 2031 1561 2065 ad
1583 2031 1668 2073 hoc,

103 2085 200 2131 quod
219 2085 300 2118 Deo
319 2092 465 2118 vacent:
487 2084 517 2118 si
539 2092 660 2118 autem
682 2083 879 2118 necessitas
900 2084 1072 2129 proximis
1091 2083 1292 2126 immineat,
1315 2096 1443 2118 eorum
1465 2084 1611 2130 negotia
1626 2095 1668 2118 ex

105 2137 279 2172 charitate
303 2149 410 2183 agere
427 2137 568 2179 debent,
590 2137 792 2171 secundum
812 2136 900 2170 illud
923 2137 966 2170 ad
990 2136 1108 2171 Galat.
1132 2135 1183 2172 6.:
1206 2138 1302 2172 Alter
1319 2138 1454 2172 alterius
1472 2149 1572 2173 onera
1588 2144 1668 2184 por-

105 2196 189 2236 tam
209 2196 238 2225 et
258 2193 302 2226 sic
325 2191 544 2237 adimplebitis
565 2190 666 2235 legant
691 2190 828 2225 Christi:
848 2190 931 2236 quia
945 2190 981 2223 in
998 2190 1070 2224 hoc
1093 2191 1170 2236 ipso
1193 2191 1289 2236 quod
1312 2191 1485 2237 proximis
1507 2191 1668 2225 serviunt

101 2253 249 2291 propter
266 2244 399 2285 Deum,
423 2243 608 2277 dilectioni
621 2243 763 2277 divinae
782 2243 1047 2289 obsequuntur3
1070 2243 1164 2277 unde
1181 2244 1308 2278 dicitur
1325 2244 1453 2289 Jacobi
1475 2255 1519 2278 1.:
1544 2244 1669 2290 Religio

102 2297 238 2338 munda,
265 2303 293 2332 et
314 2297 532 2331 immaculata
554 2296 644 2343 apud
662 2297 783 2338 Deum,
799 2301 829 2330 et
847 2297 979 2331 Patrem
1001 2297 1078 2331 haec
1097 2302 1161 2331 est:
1180 2299 1320 2332 visitare
1338 2297 1494 2343 pupillos,
1511 2302 1538 2332 et
1552 2297 1671 2332 viduas

103 2352 139 2385 in
153 2341 365 2385 trilvfflatione
379 2362 515 2390 eorunm
534 2349 654 2384 Gloss.
671 2349 813 2394 (interl.)
828 2349 918 2383 idest
939 2362 956 2381 t<
972 2361 1180 2383 succurrere
1199 2350 1249 2383 eis
1265 2350 1325 2396 qui
1340 2358 1462 2384 carent
1479 2350 1671 2396 praesidio,

100 2403 140 2438 ‘m
160 2411 325 2450 tempore
347 2402 569 2437 necessitatis
588 2415 626 2444 »3
651 2410 703 2436 est
725 2413 812 2448 ergo
836 2402 1041 2443 dicendum,
1064 2403 1160 2448 quod
1184 2414 1293 2436 causa
1316 2403 1518 2449 cupiditatis
1547 2415 1672 2437 saecu-

98 2456 192 2491 laria
213 2457 360 2502 negotia
381 2467 447 2490 nec
471 2455 662 2490 monachis
684 2466 820 2501 gerere,
846 2467 912 2489 nec
942 2455 1082 2489 clericis
1108 2455 1211 2490 licet:
1242 2467 1349 2490 causa
1371 2468 1457 2490 vero
1487 2456 1670 2491 charitatis

104 2520 143 2544 se
163 2509 321 2555 negotiis
343 2508 587 2543 saecularibus
604 2519 688 2542 cum
703 2508 820 2542 debita
840 2508 1090 2543 moderatione
1109 2509 1272 2555 ingerere
1294 2518 1456 2555 possunt,
1470 2509 1671 2544 secundum

103 2563 298 2609 superioris
313 2563 508 2604 licentiam,
521 2564 556 2596 in
572 2562 820 2604 ministrando,
831 2569 865 2596 et
880 2562 1089 2608 dirigend03
1109 2570 1145 2596 ut
1160 2563 1289 2596 dicitur
1304 2563 1340 2596 in
1354 2563 1499 2597 Decret.
1515 2563 1671 2598 Dist.88.

105 2616 194 2662 (cap.
216 2616 283 2660 1.).·
310 2628 327 2647 «
346 2615 519 2649 Decrevit
541 2622 665 2649 sancta
689 2614 869 2661 Synodus,
892 2615 1032 2649 nullum
1055 2615 1224 2661 deinceps
1247 2615 1423 2650 clericum
1451 2625 1510 2650 aut
1537 2628 1675 2662 posses-

102 2669 225 2703 siones
248 2668 463 2711 conducere,
486 2676 546 2702 aut
567 2667 723 2714 negotiis
745 2668 988 2702 saecularibus
1007 2679 1044 2702 se
1063 2668 1282 2710 immiscere,
1300 2669 1369 2703 nisi
1387 2678 1533 2715 propter
1548 2681 1671 2703 curam

105 2729 166 2756 aut
187 2721 419 2768 pupillorum,
443 2729 503 2756 aut
525 2721 785 2768 orphanorum,
808 2729 868 2756 aut
889 2721 1092 2764 viduarum,
1116 2729 1177 2756 aut
1198 2722 1227 2756 si
1248 2721 1340 2756 forte
1369 2722 1570 2769 Episcopus
1593 2723 1675 2757 civi-

102 2775 187 2809 tatis
209 2775 537 2809 ecclesiasticarum
554 2785 677 2809 rerum
698 2774 967 2809 solicitudinem
996 2787 1079 2809 eum
1105 2775 1239 2809 habere
1266 2776 1464 2821 praecipiat
1480 2787 1520 2809 »:
1544 2776 1674 2810 eadem

103 2836 229 2862 autem
250 2830 342 2862 ratio
365 2836 418 2862 est
438 2828 482 2862 de
505 2827 695 2874 religiosis,
718 2839 759 2863 ac
783 2828 939 2863 clericis:
964 2829 1047 2875 quia
1069 2829 1228 2875 utrisque
1251 2829 1415 2864 similiter
1433 2830 1579 2875 negotia
1600 2841 1660 2864 sae

105 2880 244 2916 cularia
264 2881 537 2924 interdicuntur,
559 2889 598 2916 ut
619 2881 757 2916 dictum
779 2889 833 2916 est
855 2881 905 2926 (in
924 2888 1012 2928 corp.
1035 2882 1126 2927 art).
