1859 3122
477 139 699 176 QUAESTIO
732 139 851 169 XXIX.
884 139 1129 170 ARTICULUS
1162 140 1222 170 111.
1543 143 1628 186 247

137 230 168 255 2.
183 221 420 256 Pium-mm.
443 220 534 255 Illud
570 232 644 255 non
677 230 730 256 est
764 221 912 256 effectus
947 222 1142 264 charitatis,
1169 222 1268 268 cujus
1298 223 1519 257 contrarium
1547 235 1630 258 cum

65 274 239 308 charitate
262 286 339 308 esse
362 282 497 320 potest:
521 275 583 309 sed
605 275 793 317 dissensio,
815 287 906 321 quae
930 276 1168 310 contrariatur
1190 276 1280 322 paci,
1307 284 1425 322 potest
1447 287 1523 310 esse
1546 288 1630 310 cum

64 327 254 362 charitate:
282 328 446 362 videmus
469 329 685 374 eni1n,quod
708 329 1138 371 etiamSacriDoctores,
1160 340 1198 364 ut
1210 330 1632 376 HieroninmS‚etAugu-

63 381 188 423 stinus,
221 381 256 415 in
292 381 468 427 aliquibus
503 382 732 428 opinionibus
763 382 1027 417 dissenserunt:
1061 383 1194 417 Paulus
1229 383 1349 425 etiam,
1381 391 1414 418 et
1448 384 1630 418 Barnabas

63 434 450 479 dissensisseleguntur
460 436 541 469 Act.
566 446 634 480 15.;
650 447 736 481 ergo
751 436 901 477 videtur,
914 436 1009 482 quod
1026 448 1093 481 pax
1111 448 1185 470 non
1201 437 1245 470 sit
1264 436 1412 471 effectus
1435 437 1630 471 charitatis.

137 499 164 533 3.
188 488 424 523 PRAETEREA.
456 489 557 522 Idem
590 500 664 522 non
695 497 746 523 est
772 490 937 535 proprius
957 489 1105 523 effectus
1128 490 1372 524 diversorum:
1401 491 1461 524 sed
1488 502 1556 536 pax
1578 499 1632 525 est

64 540 212 576 effectus
234 542 407 587 justiti-‘103
427 542 626 576 secundum
639 542 726 576 illud
749 542 816 576 Isa.
836 552 899 588 32.:
918 543 961 577 Et
982 544 1046 577 erit
1068 549 1145 589 opus
1161 544 1310 588 justitiae
1330 550 1422 589 paxJ
1451 554 1538 590 ergo
1556 555 1631 578 non

63 602 117 629 est
139 593 286 629 effectus
306 595 500 629 charitatis.

136 647 210 683 SED
239 658 394 683 CONTRA
415 656 479 690 est,
501 648 597 694 quod
620 648 750 682 dicitur
769 649 806 682 in
828 648 921 683 Psal.
949 649 1043 683 118.:
1065 649 1139 684 Pax
1164 650 1268 684 mulla
1294 649 1502 696 diligentibus
1528 651 1627 696 legam

66 706 167 737 tuam.

134 754 364 790 Rnspoxnsso
387 755 593 797 dicendum,
612 756 708 802 quod
727 755 847 802 duplex
868 757 954 790 unio
977 764 1029 791 est
1047 756 1090 791 de
1105 759 1243 791 ratione
1259 757 1369 803 pacis,
1384 758 1475 792 sicut
1492 758 1630 792 dictum

65 815 118 842 est
139 808 219 853 (art.
246 818 274 843 Ι.
293 809 361 854 lmj.
384 810 452 854 q.):
475 820 628 855 quarum
649 821 715 843 una
738 818 791 843 est
812 810 1012 844 secundum
1036 811 1302 845 ordinationem
1325 812 1554 857 propriorum
1572 823 1629 857 ap-

64 862 241 908 petituum
262 863 299 896 in
321 874 452 896 unum:
476 863 544 897 alia
568 873 651 897 vero
674 871 727 897 est
748 863 948 897 secundum
971 864 1145 898 unionem
1176 864 1353 910 appetitus
1386 865 1521 911 proprii
1547 876 1631 898 cum

66 916 222 962 appetitu
246 916 400 950 alterius.
424 916 467 951 Et
488 925 676 963 utramque
695 917 870 951 unionem
890 916 997 951 efficit
1013 918 1350 964 charitaszprimczm
1370 919 1517 964 quidem
1532 918 1631 952 unio-

65 981 164 1011 nem,
186 970 387 1003 secundum
409 970 506 1016 quod
527 970 626 1004 Deus
649 970 808 1016 diligitur
830 982 872 1005 ex
893 978 971 1005 toto
995 972 1123 1013 corde;
1146 979 1184 1005 ut
1201 971 1339 1005 scilicet
1360 972 1484 1005 onmia
1505 971 1633 1005 refera-

66 1034 146 1057 mus
168 1023 205 1056 in
226 1023 362 1069 ipsum3
385 1031 419 1057 et
440 1023 490 1057 sic
514 1035 641 1058 omnes
664 1024 840 1070 appetitus
862 1025 974 1058 nostri
995 1024 1157 1059 feruntur
1178 1025 1214 1058 in
1241 1036 1371 1058 unum:
1399 1026 1502 1059 aliam
1527 1036 1628 1067 vero,

65 1071 175 1123 prout
193 1077 376 1123 diligimus
398 1078 604 1123 proximum
626 1078 718 1112 sicut
738 1079 924 1124 nosipsos3
947 1090 988 1112 ex
1011 1090 1082 1125 quo
1103 1079 1290 1125 contingit,
1310 1079 1405 1125 quod
1422 1080 1535 1113 homo
1555 1079 1632 1114 vult

67 1130 217 1177 implere
239 1130 463 1165 voluntatem
486 1132 653 1177 proximi,
675 1131 767 1167 sicut
789 1140 823 1166 et
844 1133 898 1166 sui
916 1133 1045 1177 ipsius:
1069 1141 1102 1167 et
1123 1141 1268 1179 propter
1289 1133 1360 1166 hoc
1379 1134 1471 1167 inter
1499 1134 1633 1167 amica-

69 1183 154 1217 bilia
176 1195 289 1217 unum
315 1184 461 1230 ponitur
484 1185 635 1220 identitas
661 1185 837 1229 electionis,
867 1194 905 1219 ut
934 1194 1034 1231 patet
1062 1186 1099 1219 in
1129 1198 1161 1233 9.
1190 1186 1350 1220 Ethicor.
1381 1188 1468 1233 (cup.
1496 1188 1569 1232 4.):
1598 1194 1632 1220 et

71 1236 213 1271 Tullius
235 1237 321 1272 dicit
341 1238 377 1271 in
399 1237 458 1271 lib.
481 1238 525 1272 de
546 1238 731 1280 Amicitia,
754 1238 851 1284 quod
873 1240 1077 1273 amicorum
1101 1247 1152 1273 est
1174 1239 1271 1273 idem
1293 1239 1397 1281 velle,
1417 1248 1451 1274 et
1472 1239 1581 1274 nolle.

138 1291 198 1325 AD
219 1301 369 1326 PRtMUM
391 1302 478 1337 ergo
501 1291 707 1333 dicendum,
730 1292 826 1338 quod
850 1304 869 1326 a
896 1293 1009 1338 gratia
1031 1301 1174 1337 gratum
1195 1292 1348 1327 faciente
1365 1293 1483 1327 nullus
1499 1293 1630 1335 deficit,

66 1343 135 1378 nisi
155 1352 300 1390 propter
320 1353 531 1391 peccatu1113
551 1356 593 1379 ex
615 1356 686 1391 quo
707 1345 893 1391 contingit,
911 1346 1006 1391 quod
1021 1346 1136 1380 homo
1151 1346 1196 1380 sit
1215 1357 1358 1380 aversus
1375 1358 1392 1380 a
1408 1346 1477 1380 fine
1493 1346 1626 1388 debito,

66 1397 102 1431 in
125 1397 245 1443 aliquo
275 1398 432 1432 indebito
463 1398 573 1432 finem
603 1399 836 1441 constituens,
860 1407 894 1434 et
921 1400 1121 1434 secundum
1148 1400 1219 1433 hoc
1251 1400 1427 1446 appetitus
1455 1401 1529 1445 ejus
1555 1411 1629 1434 non

69 1450 232 1485 inhaeret
253 1451 496 1497 principaliter
521 1463 607 1485 vero
635 1451 734 1485 finali
762 1452 872 1494 bono,
901 1453 962 1487 sed
993 1453 1194 1498 apparenti3
1225 1461 1259 1486 et
1288 1461 1434 1499 propter
1454 1453 1525 1487 hoc
1553 1453 1628 1487 sine

69 1504 183 1549 gratia
205 1512 346 1550 gratum
367 1504 522 1539 faciente
543 1516 618 1538 non
640 1513 758 1550 potest
779 1516 856 1539 esse
877 1517 962 1539 vera
983 1517 1062 1551 an,
1085 1507 1147 1540 sed
1169 1506 1289 1539 solum
1312 1518 1498 1552 apparens.

139 1557 199 1590 AD
226 1568 432 1592 SECUNDUM
455 1558 660 1599 dicendum,
684 1558 792 1604 quod,
815 1559 906 1593 sicut
926 1558 1062 1593 Philos.
1083 1559 1168 1593 dicit
1185 1559 1221 1592 in
1237 1570 1268 1606 9.
1285 1559 1444 1595 Ethicor.
1462 1566 1548 1606 (sap.
1565 1561 1629 1606 6.),

69 1609 112 1643 ad
135 1610 332 1644 amicitiam
351 1622 424 1644 non
446 1611 599 1657 pertinet
621 1611 817 1645 concordia
838 1611 874 1645 in
897 1612 1140 1657 opinionibus,
1162 1613 1223 1646 sed
1247 1613 1444 1646 concordia
1464 1614 1501 1646 in
1527 1614 1631 1648 bonis

68 1662 333 1697 conferentibus
345 1664 389 1698 ad
399 1664 522 1706 vitani,
538 1664 729 1710 praecipue
744 1665 780 1698 in
795 1665 956 1710 magnis3
972 1666 1054 1711 quia
1070 1665 1254 1699 dissentire
1270 1666 1306 1700 in
1323 1666 1498 1712 aliquibus
1513 1666 1631 1712 parvis

67 1716 170 1761 quasi
189 1728 263 1750 non
284 1717 426 1751 videtur
447 1728 523 1751 esse
547 1717 745 1760 dissensus3
768 1726 803 1752 et
824 1726 969 1764 propter
990 1719 1060 1752 hoc
1083 1718 1174 1752 n³hil
1192 1719 1369 1765 prohibet,
1393 1719 1533 1765 aliquos
1550 1721 1631 1754 cha-

66 1770 209 1803 ritatem
226 1770 401 1804 habentes
419 1770 455 1803 in
478 1770 708 1816 opinionibus
731 1771 936 1805 dissentire:
959 1783 1024 1805 nec
1047 1772 1118 1805 hoc
1140 1780 1318 1818 repugnat
1335 1773 1434 1819 paci:
1456 1774 1538 1819 quia
1558 1773 1632 1819 opi-

66 1823 194 1857 niones
206 1823 383 1869 pertinent
399 1823 441 1857 ad
457 1823 691 1865 intellectum,
704 1824 764 1869 qui
779 1825 961 1869 praecedit
976 1825 1184 1870 appetitum,
1201 1825 1260 1871 qui
1271 1837 1334 1871 per
1349 1838 1477 1871 pacem
1493 1827 1630 1860 unitur:

67 1876 232 1910 similiter
254 1876 362 1910 etiam
385 1876 558 1910 existente
582 1878 778 1911 concordia
804 1878 839 1911 in
870 1877 1126 1924 principalibus
1155 1879 1271 1920 bonis,
1302 1880 1477 1914 dissensio
1506 1880 1542 1914 in
1570 1880 1629 1914 ali-

67 1929 194 1975 quibus
215 1930 332 1975 parvis
354 1941 428 1963 non
451 1937 503 1963 est
522 1938 648 1964 contra
671 1931 902 1964 charitatem:
926 1931 1088 1977 procedit
1111 1931 1207 1965 enim
1229 1932 1309 1966 talis
1331 1932 1506 1967 dissensio
1523 1945 1565 1967 ex
1580 1933 1629 1966 di-

67 1982 235 2016 versitate
257 1982 487 2028 opinionum3
511 1982 597 2016 dum
619 1995 709 2018 unus
734 1984 899 2018 aestimat
919 1984 1003 2026 hoc,
1026 1985 1068 2018 de
1092 1996 1163 2030 quo
1183 1993 1235 2018 est
1250 1985 1437 2027 dissensio,
1453 1986 1630 2031 pertinere

69 2035 113 2068 ad
130 2034 218 2069 illud
238 2035 388 2077 bonum,
410 2036 446 2069 in
469 2047 540 2082 quo
560 2037 791 2079 conveniunt,
814 2045 848 2071 et
870 2037 959 2071 alius
990 2038 1158 2072 aestimat
1186 2050 1260 2072 non
1290 2039 1484 2084 pertinere:
1516 2048 1550 2073 et
1577 2051 1631 2073 se-

69 2089 228 2122 cundum
249 2089 321 2123 hoc
343 2088 423 2123 talis
445 2090 621 2124 dissensio
643 2090 687 2124 de
709 2090 880 2132 minimis,
904 2099 938 2125 et
959 2091 1002 2125 de
1026 2091 1256 2137 opinionibus
1282 2100 1459 2138 repugnat
1484 2092 1631 2138 quidem

68 2142 150 2188 paci
170 2142 362 2188 perfectae,
384 2143 421 2176 in
443 2154 512 2188 qua
533 2143 639 2189 plena
660 2144 790 2178 veritas
814 2153 1066 2189 cognoscetur,
1091 2153 1125 2178 et
1147 2145 1265 2179 omnis
1285 2146 1460 2191 appetitus
1475 2145 1632 2192 comple-

68 2195 181 2238 bitur3
202 2207 277 2229 non
298 2204 421 2230 tamen
443 2205 619 2242 repugnat
640 2197 721 2243 paci
742 2197 986 2243 imperfectae,
1006 2197 1120 2244 qualis
1142 2198 1294 2232 habetur
1315 2199 1351 2232 in
1370 2199 1438 2232 via.

139 2249 199 2283 AD
223 2259 393 2284 TERTIUM
420 2249 625 2292 dicendum,
647 2251 744 2296 quod
765 2262 834 2296 pax
856 2259 909 2285 est
930 2258 1009 2297 opus
1022 2253 1169 2297 justitiae
1195 2252 1387 2294 indirecte,
1415 2253 1629 2298 inquantum

69 2302 207 2337 scilicet
240 2311 406 2336 removet
430 2303 644 2348 prohibens:
671 2304 733 2338 sed
761 2312 814 2338 est
840 2311 919 2351 opus
946 2305 1116 2339 charitatis
1141 2305 1292 2347 directe3
1320 2306 1403 2351 quia
1430 2306 1629 2339 secundum

70 2356 253 2401 propriam
288 2356 466 2390 rationem
502 2357 657 2391 charitas
687 2369 815 2403 pacem
838 2366 980 2392 causat:
1008 2367 1061 2392 est
1091 2358 1188 2392 enim
1215 2370 1318 2392 amor
1344 2361 1395 2393 vis
1423 2360 1565 2400 unitim,
1592 2367 1630 2392 ut

69 2409 221 2455 Dionys.
245 2409 331 2443 dicit
347 2419 380 2452 4.
403 2420 479 2456 cap.
503 2410 545 2443 de
564 2410 646 2444 Div.
664 2410 775 2444 Nom.
798 2411 905 2457 (part.
927 2423 958 2446 2.
981 2412 1051 2446 lact.
1074 2413 1144 2458 9.):
1167 2423 1236 2458 pax
1257 2419 1379 2446 autem
1401 2420 1454 2446 cst
1472 2412 1556 2445 unio
1573 2423 1630 2458 ap-

69 2463 300 2508 petitivarum
321 2462 608 2498 inclinationum.

620 2569 964 2615 ARTICULUS
994 2572 1068 2613 iv.
1566 2580 1630 2628 176

482 2659 680 2689 UTRUM
721 2661 822 2689 PAX
865 2661 948 2690 SIT
994 2661 1214 2691 VIRTUS.

144 2728 204 2763 AD
226 2738 414 2768 QUARTUM
436 2728 485 2762 sic
508 2729 723 2773 proceditur.
746 2729 907 2771 Videtur,
923 2730 1019 2775 quod
1034 2742 1101 2775 pax
1116 2730 1159 2763 sit
1173 2730 1302 2763 virtus:
1325 2737 1517 2775 praecepta
1533 2729 1630 2764 enim

72 2794 146 2816 non
168 2783 296 2816 dantur
316 2782 384 2816 nisi
406 2782 448 2816 de
471 2782 607 2816 actibus
630 2783 818 2817 virtutum:
841 2784 902 2817 sed
925 2783 1052 2817 dantur
1076 2792 1265 2828 praecepta
1284 2782 1327 2815 de
1349 2782 1514 2816 habenda
1528 2794 1630 2828 pace,

74 2843 112 2869 ut
132 2843 228 2882 patet
248 2835 363 2869 Marci
384 2845 435 2881 9.:
459 2836 576 2870 Pacem
598 2835 707 2870 habeta
729 2837 813 2871 inter
833 2848 911 2876 v05‚·
936 2848 1021 2882 ergo
1044 2847 1112 2882 pax
1134 2843 1187 2870 est
1209 2835 1329 2869 virtus.
