1859 3122
516 154 737 190 QUAESTIO
771 154 922 184 XXXIII.
956 154 1200 185 ARTICULUS
1233 155 1260 184 Ι.

1580 155 1604 184 [0

1610 155 1633 197 χ]

1641 156 1661 197 Q)

571 396 925 458 QUAESTIO
967 396 1202 443 XXXIII.

145 524 208 554 DE
247 522 578 553 CORRECTIONE
618 521 884 557 FRATERNA,
922 520 972 550 IN
1013 519 1136 550 OCTO
1163 520 1424 551 ARTICULOS
1456 520 1629 550 DIVISA.

180 663 321 698 Deinde
343 662 646 697 considerandum
669 670 721 696 cst
742 661 785 696 de
808 661 1033 696 correctione
1054 660 1220 695 fraterna.

605 752 648 786 Et
668 753 758 786 circa
779 751 837 785 hoc
858 755 1064 796 qzcizerlciztzir
1090 754 1170 784 octo.

181 823 316 857 Primo.
340 823 471 858 Utrum
492 822 647 857 fraterna
668 822 845 857 correctio
867 822 912 856 sit
933 830 1031 856 actus
1053 822 1247 856 charitatis.

183 876 364 910 Secundo.
388 876 518 910 Utrum
540 877 583 910 sit
605 877 668 910 sub
691 884 895 922 praecepto.

184 928 323 964 Tertio.
354 930 483 964 Utrum
510 930 580 964 hoc
614 938 847 976 praeceptum
873 929 1041 963 extendat
1073 940 1111 963 sc
1146 928 1190 962 ad
1223 939 1363 970 omncs,
1390 927 1447 962 vel
1479 927 1600 962 solum
1628 928 1671 961 ad

111 982 307 1017 Praelatos.

185 1035 338 1076 Quarto.
363 1036 490 1070 Utrum
514 1037 645 1071 subditi
665 1044 854 1070 teneantur
875 1047 917 1070 ex
938 1036 1009 1070 hoc
1032 1044 1225 1082 praecepto
1248 1035 1434 1069 Praelatos
1457 1035 1648 1081 corrigere.

185 1089 335 1130 Quinto.
359 1090 489 1124 Utrum
512 1098 682 1135 peccator
703 1090 816 1135 possit
837 1090 1028 1135 corrigere.

184 1143 305 1177 Sexto.
330 1143 460 1177 Utrum
483 1143 610 1189 aliquis
632 1143 759 1177 debeat
781 1143 924 1187 corrigi,
947 1142 1007 1188 qui
1029 1154 1071 1176 ex
1093 1142 1319 1176 correctione
1346 1141 1385 1175 fit
1406 1141 1572 1175 deterior.

186 1196 360 1242 Septimo.
385 1197 515 1230 Utrum
537 1205 673 1230 secreta
698 1196 874 1230 correctio
894 1196 1023 1230 debeat
1043 1196 1258 1241 praecedere
1281 1195 1602 1229 denuntiationem.

186 1249 342 1284 Octavo.
366 1250 496 1284 Utrum
516 1250 662 1284 testium
683 1249 844 1283 inductio
867 1249 994 1283 debeat
1015 1249 1230 1295 praecedere
1257 1249 1579 1283 denuntiationem.

680 1392 1026 1438 ARTicULus
1060 1393 1092 1435 1.
1611 1414 1670 1450 195

257 1503 410 1532 UTRUM
441 1503 667 1532 FRATERNA
701 1502 952 1532 CORRECTIO
987 1503 1054 1532 SIT
1088 1503 1228 1532 ACTUS
1263 1501 1540 1532 CHARITATIS.

377 1589 480 1634 (Infr.
503 1594 564 1623 art.
587 1600 619 1633 4.
643 1596 733 1635 corp.
755 1595 785 1624 et
804 1601 837 1633 4.
860 1590 947 1623 Dist.
969 1601 1020 1634 19.
1043 1600 1072 1634 q.
1095 1601 1126 1624 2.
1148 1594 1213 1623 art.
1239 1599 1267 1622 Ι.
1291 1588 1332 1622 ad
1354 1588 1414 1632 6.).

188 1676 248 1710 AD
270 1687 418 1711 PRIMUM
437 1678 486 1711 sic
509 1678 724 1723 proceditur.
744 1678 906 1719 Videtur,
925 1678 1023 1724 quod
1044 1677 1200 1711 fraterna
1222 1677 1399 1711 correctio
1421 1687 1496 1710 non
1515 1676 1559 1710 sit
1576 1683 1676 1710 actus

118 1731 320 1765 charitatis:
343 1731 428 1765 dicit
450 1732 547 1765 enim
570 1731 671 1766 Glos.
697 1732 838 1777 (ordin.)
860 1732 987 1766 Matth.
1015 1732 1066 1765 18.
1082 1743 1188 1777 super
1209 1730 1316 1764 illud:
1337 1731 1374 1765 St
1385 1731 1573 1776 peccaverit
1596 1731 1629 1763 in
1651 1734 1678 1763 ta

110 1785 243 1831 fratrer
264 1790 348 1827 tuus,
365 1785 461 1830 quod
482 1784 589 1819 frater
611 1793 663 1819 est
681 1785 884 1831 arguendus
907 1796 950 1819 ex
966 1785 1045 1819 zelo
1067 1785 1240 1830 justitiae:
1262 1784 1325 1818 sed
1342 1784 1476 1829 justitia
1498 1791 1551 1817 est
1568 1783 1678 1816 virtus

118 1838 285 1872 distincta
307 1849 326 1871 a
348 1838 541 1880 charitate3
563 1849 650 1884 ergo
673 1839 850 1873 correctio
872 1838 1028 1873 fraterna
1049 1850 1124 1872 non
1146 1846 1200 1872 est
1220 1846 1320 1872 actus
1340 1836 1535 1878 charitatis,
1553 1835 1616 1870 sed
1633 1837 1669 1882 ju

118 1891 245 1926 stitiae.

189 1954 221 1978 2.
247 1944 483 1979 PRAETEREA.
511 1944 702 1980 Correctio
729 1945 884 1980 fraterna
916 1945 954 1979 fit
981 1957 1043 1992 per
1072 1953 1250 1980 secretam
1280 1944 1588 1979 admonitionem:
1617 1942 1678 1977 sed

120 1997 320 2032 admonitio
343 2006 396 2032 est
421 1998 614 2032 consilium
641 1999 836 2044 quoddam,
864 1999 960 2046 quod
987 1999 1140 2046 pertinet
1162 1999 1205 2032 ad
1227 1998 1473 2044 prudentiam:
1496 1996 1679 2042 prudentis

121 2051 218 2085 enim
239 2059 294 2085 est
315 2063 390 2085 esse
411 2052 503 2086 bene
530 2052 809 2095 consiliativum‚
836 2061 874 2086 ut
899 2053 1028 2087 dicitur
1052 2053 1089 2086 in
1116 2051 1147 2086 6.
1170 2052 1286 2086 Ethic.
1308 2053 1394 2097 (cap.
1412 2052 1478 2097 5.);
1503 2061 1589 2095 ergo
1611 2049 1679 2083 fra-

119 2113 222 2140 terna
243 2105 420 2139 correctio
441 2116 515 2139 non
538 2114 591 2140 est
611 2114 711 2140 actus
734 2106 927 2148 charitatis,
946 2107 1007 2140 sed
1028 2106 1253 2151 prudentiae.

193 2169 222 2204 3.
244 2158 480 2193 PRAETEREA.
503 2158 685 2193 Contrarii
711 2167 810 2193 actus
836 2171 910 2193 non
937 2160 1116 2205 pertinent
1141 2160 1185 2193 ad
1212 2159 1380 2192 eamdem
1401 2157 1589 2191 virtutem:
1617 2155 1678 2190 sed

121 2219 331 2258 supportare
352 2219 565 2257 peccantem
587 2220 640 2246 est
660 2221 760 2247 actus
783 2213 977 2254 charitatis,
1003 2212 1202 2246 secundum
1228 2211 1316 2246 illud
1339 2211 1382 2245 ad
1405 2210 1486 2245 Gal.
1509 2208 1559 2244 6.:
1583 2209 1679 2244 Alter

122 2265 255 2300 alterius
277 2276 377 2299 onera
393 2270 543 2310 portate;
572 2270 600 2299 et
619 2267 664 2300 sic
686 2266 903 2312 adimplebitis
929 2267 1027 2311 legem
1053 2265 1190 2308 Christi,
1214 2276 1305 2311 quae
1328 2272 1381 2298 est
1401 2263 1458 2298 lex
1480 2262 1678 2302 charitati53

122 2330 209 2364 ergo
230 2318 382 2360 videtur,
408 2319 504 2364 quod
533 2319 713 2366 corrigere
739 2319 885 2354 fratrem
911 2327 1136 2365 peccantem,
1158 2319 1254 2365 quod
1277 2326 1329 2352 est
1355 2316 1576 2351 contrarium
1602 2326 1680 2360 sup-

120 2372 327 2418 portationi,
347 2383 422 2405 non
443 2372 487 2406 sit
508 2380 606 2406 actus
630 2373 824 2407 charitatis.

195 2425 269 2459 SED
292 2435 457 2459 CONTRA.
481 2425 674 2472 Corrigere
696 2426 964 2472 delinquentem
987 2434 1040 2461 est
1061 2425 1240 2472 quaedam
1267 2425 1499 2469 eleemosyna
1520 2421 1680 2467 spiritua-

123 2478 184 2512 lis:
207 2478 268 2512 sed
292 2478 525 2524 eleemosyna
547 2487 600 2513 est
621 2487 720 2513 actus
743 2480 936 2522 charitatis,
967 2488 1005 2514 ut
1026 2491 1133 2526 supra
1154 2479 1290 2513 dictum
1313 2486 1364 2512 est
1387 2476 1431 2522 (q.
1451 2488 1501 2522 32.
1524 2480 1587 2509 art.
1608 2474 1677 2519 1.);

124 2542 210 2577 ergo
233 2531 409 2565 correctio
430 2530 586 2565 fraterna
608 2540 661 2566 est
682 2540 781 2567 actus
803 2533 997 2567 charitatis.

195 2584 424 2618 RESPONDEO
436 2585 640 2627 dicendum,
653 2586 749 2631 quod
764 2587 942 2620 correctio
953 2586 1192 2632 delinquentis
1207 2593 1260 2619 est
1275 2583 1455 2630 quoddam
1467 2580 1679 2622 remedium,

125 2637 222 2683 quod
241 2637 346 2671 debet
367 2637 527 2671 adhiberi
547 2647 671 2672 contra
692 2648 883 2685 peccatum
906 2640 1074 2685 alicujus:
1098 2647 1287 2685 peccatum
1310 2644 1430 2670 autem
1453 2634 1603 2679 alicujus
1625 2633 1680 2668 du-

122 2691 257 2736 pliciter
278 2690 497 2724 considerari
518 2699 650 2736 potest:
674 2704 738 2726 imo
760 2693 905 2738 quidem
931 2693 1039 2735 modo,
1067 2693 1279 2737 inquantum
1299 2698 1351 2723 est
1371 2688 1543 2722 nocivum
1565 2687 1599 2720 ei
1619 2687 1680 2732 qui

127 2750 269 2788 peccat:
301 2743 368 2776 alio
394 2743 501 2786 modo,
528 2745 740 2790 inquantum
766 2746 880 2791 vergit
906 2746 942 2779 in
968 2753 1230 2780 nocumentum
1258 2743 1422 2782 aliorum,
1449 2740 1509 2786 qui
1535 2751 1578 2773 ex
1604 2740 1679 2784 ejus

127 2804 276 2842 peccato
291 2796 491 2839 laeduntur,
505 2797 563 2831 vel
576 2798 873 2840 scandalizantur,
888 2808 923 2833 et
940 2800 1049 2833 etiam
1063 2799 1275 2843 inquantum
1294 2803 1346 2829 est
1362 2795 1399 2828 in
1416 2801 1678 2828 nocumentum

127 2849 214 2884 boni
234 2850 451 2893 communis,
466 2852 565 2897 cujus
578 2852 709 2897 justitia
733 2864 795 2898 per
812 2860 1002 2898 peccatum
1019 2851 1178 2885 hominis
1192 2849 1425 2896 perturbatur.
1440 2847 1573 2894 Duplex
1591 2857 1677 2894 ergo
