1859 3122
178 170 287 212 1280
522 183 741 217 QUAESTIO
775 182 978 213 CLXXXIX.
1012 183 1255 213 ARTICULUS
1287 184 1377 213 VIII.

172 263 432 310 peccatoribus,
450 262 509 297 vel
526 262 756 309 imperfectis,
774 271 812 298 ut
829 264 912 309 justi
928 263 1128 306 videantur,
1146 265 1319 302 recedunt
1336 277 1373 299 »:
1393 264 1455 298 sed
1472 264 1545 299 hoc
1561 266 1725 307 videntur

174 315 305 358 facere,
327 316 388 361 qui
409 316 452 349 de
473 327 544 350 una
564 316 739 362 religione
765 325 951 352 transeunt
977 317 1020 351 ad
1047 317 1154 351 aliam
1177 316 1448 364 perfectiorem3
1475 328 1561 363 ergo
1585 319 1726 361 videtur

173 368 244 403 hoc
263 379 341 402 esse
361 368 539 403 illicitum.

245 431 277 456 2.
299 421 533 456 PRAETEREA.
556 421 737 457 Professio
761 423 1029 457 monachorum
1055 431 1107 457 est
1134 423 1277 465 arctior,
1299 435 1408 469 quam
1429 422 1604 469 professio
1626 435 1728 470 regu-

173 473 303 508 larium
325 475 596 518 canonicorum,
618 483 656 509 ut
676 475 828 510 habetur
851 484 983 511 extraV.
1003 476 1047 510 de
1067 476 1170 510 Statu
1191 476 1361 510 Monach.
1379 484 1413 510 et
1427 475 1517 510 Can.
1532 476 1619 522 Reg.
1636 488 1724 524 cap.:

174 527 272 571 Quod
292 527 361 561 Dei
382 529 559 563 timorem:
582 529 642 562 sed
664 539 739 562 non
761 528 846 563 licet
867 529 975 563 alicui
995 529 1146 563 transire
1168 529 1212 563 de
1233 537 1326 563 statu
1348 529 1610 563 canonicorum
1627 540 1729 575 regu-

170 579 298 613 larium
336 581 379 614 ad
413 589 545 615 statum
572 582 861 615 monachorum:
895 582 1023 616 dicitur
1055 583 1152 616 enim
1173 582 1209 616 in
1230 582 1336 621 Dect.
1368 593 1420 629 19.
1443 594 1476 628 q.
1501 593 1530 628 3.
1554 581 1640 629 (cap.
1663 584 1726 628 2.).·

173 646 191 665 «
212 633 428 668 Mandamus
451 642 485 668 et
505 634 753 669 universaliter
774 634 1036 677 interdicimus,
1050 647 1095 669 ne
1113 637 1192 682 quis
1210 636 1406 670 canonicus
1425 635 1635 680 regulariter
1648 647 1728 682 pro-

169 685 295 727 fessus,
321 687 390 720 nisi
417 687 530 733 (quod
556 687 663 730 absit)
689 687 831 733 publice
858 687 978 733 lapsus
1004 687 1120 731 fuerit,
1149 688 1352 722 monachus
1378 687 1550 722 efficiatur
1571 700 1611 731 »3
1638 699 1726 734 ergo

169 738 310 773 videtur
331 740 427 785 quod
448 751 523 774 non
544 740 650 774 liceat
672 740 778 775 alicui
798 741 952 775 transire
978 741 1020 775 de
1042 753 1113 775 una
1134 741 1310 787 religione
1336 741 1380 775 ad
1407 741 1515 775 aliam
1537 742 1725 787 majorem.

244 803 273 838 3.
306 793 542 828 PRAETEREA.
580 793 739 828 Tamdiu
772 793 952 840 obligatur
990 794 1118 840 aliquis
1151 794 1195 828 ad
1227 794 1453 840 implendum
1486 794 1582 840 quod
1614 794 1726 836 vovit,

171 846 340 890 quamdiu
363 855 480 892 potest
500 846 596 881 licite
618 846 705 881 illud
727 847 896 893 implere3
920 848 1011 881 sicut
1037 848 1066 882 si
1092 847 1218 894 aliquis
1245 849 1343 881 vovit
1371 848 1632 882 continentiam
1657 859 1728 891 ser-

169 910 264 941 vare,
288 899 397 933 etiam
419 908 500 946 post
521 908 750 934 contractum
772 901 1046 934 matrimonium
1067 912 1130 946 per
1150 901 1258 934 verba
1280 901 1322 934 de
1345 900 1533 946 praesenti,
1555 909 1636 935 ante
1655 912 1728 934 car-

168 952 290 986 nalem
317 953 487 999 copulam
512 962 655 988 tenetur
679 953 830 999 implere
852 962 996 997 votum;
1024 954 1107 1000 quia
1132 953 1203 987 hoc
1230 962 1348 999 potest
1373 953 1491 996 facere
1512 953 1726 999 religionem

168 1006 354 1048 intrando;
378 1007 407 1040 si
428 1018 514 1052 ergo
538 1006 664 1052 aliquis
686 1006 782 1041 licite
806 1015 924 1053 potest
945 1007 1095 1041 transire
1117 1007 1160 1041 de
1182 1018 1252 1041 una
1273 1006 1449 1052 religione
1471 1007 1514 1041 ad
1537 1006 1658 1050 aliam²
1674 1015 1726 1049 te-

168 1059 309 1093 nebitur
329 1059 400 1093 hoc
422 1059 552 1102 facere,
575 1060 604 1094 si
626 1068 707 1094 ante
727 1060 799 1094 hoc
818 1060 959 1094 voverit
979 1060 1132 1094 existens
1150 1060 1186 1093 in
1205 1059 1363 1101 saeculo,
1382 1060 1478 1105 quod
1492 1059 1632 1094 videtur
1648 1070 1725 1100 esse

167 1111 446 1155 inconvenien33
474 1113 556 1158 quia
579 1124 621 1147 ex
642 1113 712 1148 hoc
735 1113 947 1159 plerumque
969 1113 1181 1147 scandalum
1202 1113 1366 1159 generari
1383 1121 1522 1159 posset3
1541 1123 1628 1159 ergo
1651 1123 1726 1156 non

166 1174 285 1211 potest
307 1165 433 1211 aliquis
454 1166 643 1212 religiosus
665 1167 708 1201 de
731 1178 800 1200 una
822 1167 997 1212 religione
1018 1167 1167 1200 transire
1190 1166 1234 1200 ad
1256 1166 1364 1200 aliam
1388 1167 1591 1201 arctiorem.

239 1219 312 1253 SED
333 1229 487 1254 CONTRA
509 1227 571 1262 est,
594 1219 690 1265 quod
713 1219 839 1254 dicitur
853 1220 890 1253 in
908 1220 1051 1254 Decret.
1066 1229 1120 1254 20.
1144 1231 1175 1265 q.
1197 1229 1230 1262 4.
1252 1221 1339 1266 (cap.
1361 1220 1429 1264 1.):
1457 1219 1657 1266 «Virgines
1671 1231 1723 1262 sa-

169 1283 250 1306 crae
277 1273 306 1306 si
327 1284 392 1318 pro
419 1272 519 1306 lucro
542 1273 684 1307 animae
710 1285 794 1307 suae
821 1282 965 1319 propter
992 1273 1245 1306 districtiorem
1270 1273 1381 1307 vitam
1409 1272 1452 1306 ad
1479 1272 1574 1306 aliud
1601 1284 1726 1308 mona-

167 1325 316 1359 sterium
331 1337 478 1371 pergere
494 1326 757 1371 disposuerunt,
771 1326 891 1371 ibique
907 1337 1140 1359 commanere
1156 1325 1402 1367 decreverunt,
1417 1334 1539 1359 sancta
1555 1325 1723 1372 Synodus

169 1379 338 1412 concedit
351 1391 391 1420 »3
415 1386 449 1412 et
470 1378 598 1412 eadem
620 1379 710 1412 ratio
725 1379 866 1412 videtur
880 1390 956 1413 esse
976 1379 1019 1413 de
1042 1379 1325 1425 quibuscumque
1343 1378 1539 1425 religiosis3
1558 1391 1644 1425 ergo
1662 1392 1724 1427 po-

167 1439 236 1465 test
258 1431 385 1477 aliquis
408 1431 503 1465 licite
521 1432 671 1466 transire
694 1432 736 1466 de
760 1443 831 1466 una
852 1432 1028 1478 religione
1050 1432 1092 1466 ad
1116 1431 1235 1467 aliam.

238 1484 466 1519 Rispoxmzo
483 1485 687 1527 dicendum,
704 1486 800 1532 quod
816 1487 965 1520 transire
987 1485 1030 1520 de
1052 1485 1228 1531 religione
1250 1485 1293 1519 ad
1315 1485 1541 1531 religionem,
1559 1486 1627 1520 nisi
1647 1499 1727 1533 pro-

167 1545 244 1584 pter
266 1549 437 1583 magnam
466 1538 669 1580 utilitatem,
696 1538 754 1572 vel
779 1539 1044 1580 necessitatem,
1070 1550 1145 1572 non
1171 1547 1224 1572 est
1249 1538 1446 1580 laudabile;
1467 1547 1545 1573 turn
1572 1540 1655 1585 quia
1680 1551 1723 1574 ex

166 1590 239 1625 hoc
262 1590 473 1636 plerumque
495 1591 783 1626 scandalizantur
804 1592 866 1634 illi,
889 1593 950 1638 qui
971 1592 1236 1638 relinquuntur:
1259 1600 1336 1626 tum
1352 1592 1461 1626 etiam
1483 1593 1566 1638 quia
1583 1592 1724 1635 facilius

166 1644 309 1690 proficit
330 1644 458 1690 aliquis
479 1645 515 1678 in
534 1644 709 1690 religione
725 1657 833 1691 quam
850 1646 1048 1687 consuevit,
1061 1657 1170 1692 quam
1183 1645 1220 1679 in
1234 1645 1295 1680 illa
1310 1657 1418 1691 quam
1432 1657 1506 1680 non
1525 1647 1724 1689 consuevit,

169 1698 318 1732 caeteris
345 1698 508 1744 paribus;
535 1698 629 1732 unde
656 1699 691 1732 in
720 1698 987 1734 Collationibus
1017 1699 1164 1732 Patrum
1192 1699 1318 1744 (collat.
1346 1710 1397 1743 14.
1425 1706 1497 1746 cap.
1521 1699 1567 1745 5.)
1599 1700 1726 1734 Abbas

168 1750 342 1785 Nesteros
364 1751 467 1784 dicit:
493 1764 511 1782 «
527 1751 731 1798 Unicuique
753 1752 837 1786 utile
860 1760 911 1786 est
939 1752 1139 1786 secundum
1165 1752 1390 1798 propositum
1418 1752 1514 1798 quod
1541 1751 1660 1798 elegit,
1687 1760 1726 1787 ut

167 1815 312 1838 summo
335 1805 466 1846 studio,
487 1815 526 1838 ac
542 1804 727 1850 diligentia
749 1806 792 1839 ad
809 1805 926 1851 operis
943 1805 1073 1851 arrepti
1087 1804 1346 1851 perfectionem
1365 1805 1552 1851 pervenire
1569 1804 1723 1848 festinet,

167 1864 201 1891 et
222 1868 451 1903 nequaquam
474 1869 493 1891 a
520 1869 595 1899 sua,
617 1869 727 1904 quam
754 1858 862 1904 elegit
894 1858 1020 1900 semel,
1055 1857 1278 1904 professione
1301 1857 1460 1892 discedat
1474 1871 1514 1900 »3
1536 1866 1572 1892 et
1597 1867 1724 1904 postea

167 1910 285 1944 subdit
308 1911 394 1957 (cap.
419 1911 480 1954 6.),
501 1912 680 1945 rationem
699 1912 904 1957 assignans:
928 1911 1181 1958 «Impossibile
1200 1922 1356 1957 namque
1371 1919 1434 1952 est,
1448 1922 1561 1945 unum
1580 1919 1614 1945 et
1628 1922 1725 1946 eum-

168 1963 250 1998 dem
265 1964 453 1998 hominem
471 1964 578 1998 simul
592 1965 766 2000 universis
784 1964 921 2011 fulgere
938 1965 1146 1999 virtutibus:
1167 1975 1254 2011 quas
1276 1965 1305 1999 si
1319 1964 1396 2010 quis
1419 1964 1574 1998 voluerit
1593 1964 1723 2010 pariter

168 2016 356 2059 affectare3
379 2018 413 2051 in
436 2018 469 2052 id
492 2018 747 2064 incideressum
762 2029 909 2053 necesse
929 2027 991 2060 est,
1012 2027 1049 2052 ut
1068 2019 1153 2052 dum
1176 2029 1302 2052 omnes
1325 2017 1494 2063 sequitur,
1512 2017 1651 2051 nullum
1673 2017 1724 2051 in-

166 2078 265 2116 tegre
284 2079 524 2116 consequatur
539 2084 578 2113 »;
601 2071 761 2106 diversae
781 2072 878 2105 enim
894 2072 1087 2117 religiones
1102 2071 1349 2116 praeeminent
1367 2071 1566 2105 secundum
1582 2070 1723 2105 diversa

166 2124 339 2158 virtutum
362 2135 489 2169 opera:
512 2132 631 2170 potest
656 2132 778 2159 tamen
807 2125 933 2170 aliquis
960 2124 1184 2158 laudabiliter
1211 2124 1253 2158 de
1280 2135 1351 2158 una
1377 2123 1551 2170 religione
1572 2124 1722 2158 transire

168 2178 210 2211 ad
234 2177 354 2218 aliam,
375 2177 505 2223 triplici
527 2189 568 2211 ex
591 2189 716 2213 causa:
738 2180 852 2225 primo
880 2178 1024 2224 quidem
1051 2178 1129 2212 zelo
1156 2177 1379 2224 perfectioris
1405 2177 1608 2222 religionis;
1631 2187 1721 2223 quae

167 2230 312 2276 quidem
336 2230 599 2272 excellentiam,
622 2239 658 2264 ut
680 2243 785 2277 supra
808 2231 943 2265 dictum
967 2240 1019 2264 est
1041 2232 1216 2277 (q.p1·aec.
1243 2236 1309 2266 art.
1337 2231 1399 2275 6.)‚
1426 2241 1500 2264 non
1528 2230 1722 2271 attenditur

167 2283 366 2318 secundum
389 2283 503 2317 solam
529 2284 790 2326 arctitudinem‚
810 2285 870 2318 sed
893 2284 1135 2330 principaliter
1151 2284 1348 2318 secundum
1364 2284 1411 2325 id,
1426 2283 1468 2317 ad
1483 2283 1579 2329 quod
1594 2283 1720 2329 religio

167 2337 362 2377 ordinatur,
385 2337 598 2371 secundario
613 2348 698 2371 vero
714 2337 911 2371 secundum
932 2337 1184 2371 discretionem
1202 2337 1509 2370 observantiarum
1525 2336 1644 2370 debito
1659 2336 1721 2369 fini

167 2390 538 2435 proportionatarum:
561 2390 697 2424 secundo
723 2399 868 2436 propter
895 2390 1176 2424 declinationem
1203 2390 1387 2435 religionis
1417 2401 1435 2423 a
1463 2389 1580 2423 debita
1607 2388 1722 2434 perfe-

168 2442 306 2476 ctione:
330 2451 413 2488 puta
436 2443 465 2476 si
486 2443 522 2476 in
545 2442 663 2489 aliqua
678 2443 852 2489 religione
869 2443 1008 2477 arctiori
1026 2444 1197 2489 incipiant
1211 2442 1371 2489 religiosi
1385 2443 1567 2477 remissius
1587 2442 1720 2484 vivere,

165 2495 389 2529 laudabiliter
415 2496 540 2530 transit
566 2495 693 2542 aliquis
720 2497 763 2530 ad
790 2496 1003 2541 religionem
1031 2497 1139 2530 etiam
1167 2497 1358 2538 minorem,
1381 2496 1409 2530 si
1439 2495 1567 2530 melius
1601 2496 1719 2529 obser-

164 2556 285 2590 vetur3
308 2550 401 2583 unde
425 2549 459 2582 in
476 2548 741 2583 Collationibus
763 2550 911 2583 Patrum
934 2549 1055 2591 (collat.
1073 2562 1124 2595 19.
1141 2556 1250 2596 rap.3.
1265 2561 1293 2595 5.
1313 2554 1341 2583 ct
1355 2549 1403 2594 6.)
1428 2549 1550 2583 Abbas
1560 2548 1719 2593 Joannes

167 2601 209 2635 de
232 2602 350 2647 seipso
374 2602 469 2644 dicit,
492 2602 587 2648 quod
611 2613 630 2635 a
652 2602 723 2636 vita
745 2602 915 2644 solitaria,
937 2603 972 2636 in
995 2614 1064 2648 qua
1086 2601 1266 2648 professus
1287 2601 1412 2644 fuerat,
1438 2601 1563 2635 transit
1589 2601 1633 2635 ad
1658 2601 1721 2634 mi·

166 2666 305 2696 norem,
333 2655 469 2689 scilicet
490 2666 618 2689 eorum
639 2655 699 2701 qui
720 2655 845 2689 vivunt
866 2656 900 2689 in
923 2655 1106 2697 societate,
1129 2663 1274 2701 propter
1294 2655 1364 2688 hoc
1385 2655 1480 2700 quod
1502 2655 1574 2688 vita
1596 2653 1721 2687 eremi-

165 2707 235 2742 tica
259 2717 427 2754 coeperat
448 2708 638 2750 declinare,
662 2717 695 2742 et
717 2708 830 2742 laxius
858 2709 1058 2743 observari:
1087 2710 1181 2743 tertio
1208 2716 1353 2754 propter
1379 2707 1635 2748 infirmitatem,
1662 2705 1720 2740 vel

166 2761 398 2803 debilitatem,
422 2773 463 2795 ex
486 2773 555 2807 qua
576 2762 757 2796 interdum
778 2762 954 2807 provenit,
976 2761 1072 2807 quod
1093 2772 1167 2795 non
1189 2769 1305 2807 potest
1329 2760 1455 2806 aliquis
1483 2760 1644 2794 arctioris
1670 2770 1721 2794 re-

166 2813 311 2858 ligionis
334 2823 463 2849 statuta
485 2826 637 2856 servare,
660 2823 781 2860 posset
802 2823 922 2849 autem
945 2826 1086 2849 servare
1114 2823 1244 2848 statuta
1266 2813 1449 2859 religionis
1470 2812 1633 2847 laxioris:
1656 2811 1719 2847 sed

165 2866 201 2901 in
222 2867 278 2901 his
300 2870 403 2903 tribus
425 2868 564 2902 casibus
587 2875 706 2914 potest
724 2879 801 2903 esse
824 2868 1038 2902 differentia:
1061 2879 1146 2901 nam
1165 2867 1323 2915 imprimo
1343 2877 1427 2900 casu
1450 2866 1555 2900 debet
1572 2865 1719 2912 quidem
