1859 3122
160 135 242 178 722
596 133 818 169 QUAESTIO
853 134 908 163 CI.
943 133 1188 164 ARTICULUS
1221 134 1278 163 IV.

159 216 189 250 si
209 224 420 262 praetereat,
439 216 513 260 jam
529 224 604 248 non
620 214 685 248 erit
702 213 840 248 virtutis
863 221 975 256 actus,
993 214 1054 249 sed
1075 213 1171 256 vitii;
1193 214 1287 248 unde
1309 213 1353 248 ad
1375 214 1546 261 pietatem
1567 216 1720 263 pertinet

160 268 332 310 officium,
355 277 389 302 et
411 267 548 302 cultum
570 267 776 313 parentibus
791 267 958 301 exhibere
980 268 1181 301 secundum
1202 267 1364 301 debiturn
1385 268 1558 304 modum:
1580 281 1655 304 non
1669 278 1723 304 est

159 330 280 356 autem
303 322 441 356 debitus
463 321 605 362 modus,
628 328 666 354 ut
687 320 766 367 plus
794 321 909 354 homo
931 321 1054 354 tendat
1081 320 1124 354 ad
1151 319 1347 354 colendum
1373 329 1524 367 patrem,
1545 334 1656 369 quam
1678 323 1722 357 ad

160 375 355 409 colendum
384 375 523 408 Deum:
551 374 625 416 sed,
653 374 744 408 sicut
773 374 898 407 Ambr.
927 374 1012 408 dicit
1042 385 1148 419 super
1178 374 1265 407 Luc.
1305 375 1391 420 (cap.
1419 386 1467 410 12.
1494 381 1591 421 super
1619 375 1721 410 illud:

159 429 267 462 Erunt
281 429 420 474 quinqua
434 429 520 472 etta),
534 427 818 461 «necessitudini
834 427 975 472 generis
995 427 1136 460 divinae
1152 426 1336 472 religionis
1351 427 1463 473 pietas
1479 428 1699 462 antefertur»
1714 441 1722 471 ;

158 482 187 516 si
209 493 296 527 ergo
320 481 435 515 cultus
457 489 648 527 parentum
675 480 857 514 abstrahat
877 491 944 514 nos
967 491 986 514 a
1009 479 1105 514 cultu
1124 479 1205 521 Dei,
1220 481 1293 525 jam
1311 491 1385 514 non
1400 489 1492 515 esset
1506 481 1646 527 pietatis
1665 493 1723 528 pa-

159 544 301 569 rentum
316 535 479 568 insistere
495 534 607 568 cultui
629 542 755 568 contra
776 534 915 576 Deum3
938 534 1032 567 unde
1055 533 1204 568 Hieron.
1223 533 1308 567 dicit
1329 533 1364 567 in
1387 534 1489 580 epist.
1506 536 1565 579 (Ι.)
1590 535 1633 569 ad
1656 535 1723 568 He-

159 589 250 623 liod:
277 588 377 622 «Per
392 588 571 622 calcatum
593 598 701 633 perge
713 595 864 633 patrem,
879 598 942 633 per
963 586 1141 620 calcatam
1162 597 1274 632 perge
1296 595 1463 629 matrem,
1486 587 1590 622 siccis
1606 587 1722 622 oculis

160 642 202 675 ad
228 641 401 676 vexillum
424 641 539 675 crucis
562 640 689 675 evola:
707 652 894 675 summum
917 651 1030 686 genus
1051 639 1192 686 pietatis
1208 647 1260 673 est
1277 639 1312 673 in
1327 640 1396 674 hac
1418 652 1455 674 re
1470 640 1579 675 fuisse
1601 641 1722 675 crude-

159 695 263 729 lem»
279 707 287 737 ;
309 703 344 729 et
364 695 446 728 ideo
462 696 497 728 in
518 694 581 728 tali
604 705 689 728 casu
712 694 924 728 dimittenda
943 700 1024 728 sunt
1039 692 1159 727 officia
1181 693 1323 739 pietatis
1341 693 1377 727 in
1396 702 1561 740 parentes
1577 702 1723 741 propter

160 748 321 782 divinum
347 747 532 793 religionis
567 747 721 782 cultum:
752 748 781 781 si
810 758 897 781 vero
927 747 1130 781 exhibendo
1162 746 1280 780 debita
1310 747 1483 793 obsequia
1504 747 1722 793 parentibus,

159 813 233 836 non
255 801 506 836 abstrahamur
527 812 546 834 a
569 801 690 835 divino
714 800 811 834 cultu
845 801 916 834 hoc
938 801 1011 845 jam
1033 799 1225 846 pertinebit
1247 799 1289 833 ad
1312 800 1501 846 pietatem:
1525 809 1559 835 et
1579 801 1629 835 sic
1648 812 1722 835 non

160 855 341 901 oportebit
362 863 506 901 propter
527 854 742 900 religionem
762 854 932 900 pietatem
955 854 1129 887 deserere.

230 909 289 942 AD
310 919 460 943 PRIMUM
475 919 561 953 ergo
584 908 790 949 dicendum,
809 908 906 953 quod
926 906 1126 952 Gregorius
1143 905 1244 950 (hom.
1257 917 1306 953 37.
1322 907 1356 940 in
1370 907 1518 953 Evang.)
1537 918 1721 953 exponens

159 961 247 996 illud
269 962 419 996 verbum
440 961 592 995 Domini
614 961 710 1003 dicit,
730 961 827 1007 quod
853 973 870 992 <‹
889 968 1066 1007 parentes,
1085 970 1176 1005 quos
1199 959 1422 994 adversarios
1444 960 1481 994 in
1502 960 1560 994 via
1577 960 1648 995 Dei
1665 971 1722 1006 pa-

159 1016 280 1057 timur,
303 1015 472 1056 odiendo,
496 1023 530 1049 et
551 1014 722 1060 fugiendo
745 1014 884 1048 nescire
907 1014 1080 1047 debemus
1099 1026 1137 1048 »z
1160 1013 1189 1047 si
1211 1013 1308 1047 enim
1331 1021 1496 1059 parentes
1522 1013 1636 1048 nostri
1655 1025 1722 1048 nos

160 1077 361 1115 provocent
384 1069 426 1102 ad
446 1068 683 1114 peccandum,
699 1075 733 1102 et
748 1067 955 1102 abstrahant
969 1078 1038 1101 nos
1053 1078 1073 1100 a
1088 1066 1186 1100 cultu
1202 1066 1337 1108 divino,
1360 1067 1533 1101 debemus
1548 1074 1723 1113 quantum

161 1122 204 1156 ad
226 1123 298 1156 hoc
321 1133 383 1156 eos
405 1122 582 1163 deserere,
612 1129 646 1155 et
680 1121 800 1162 odire;
823 1128 857 1155 et
878 1121 949 1154 hoc
972 1120 1084 1154 modo
1108 1120 1272 1153 dicuntur
1294 1119 1442 1154 Levitae
1464 1131 1550 1154 suos
1572 1131 1723 1154 consan-

160 1176 313 1220 guineos
335 1175 534 1221 ignorasse,
557 1175 639 1220 quia
661 1174 863 1208 idololatris
882 1173 1083 1207 secundum
1101 1173 1314 1206 mandatum
1334 1173 1485 1207 Domini
1506 1184 1581 1207 non
1603 1185 1725 1219 peper-

161 1237 298 1270 cerunt,
320 1236 358 1262 ut
379 1229 530 1262 habetur
552 1228 664 1262 Exod.
690 1238 761 1273 32.:
780 1227 936 1272 Jacobus
960 1234 1092 1268 autem,
1120 1234 1154 1260 et
1170 1226 1328 1271 Joannes
1354 1226 1545 1260 laudantur
1572 1237 1614 1260 ex
1639 1227 1724 1269 hoc,

161 1283 258 1329 quod
280 1291 363 1317 sunt
384 1283 497 1316 secuti
518 1282 734 1322 Dominum,
757 1281 906 1315 dimisso
928 1288 1095 1326 parente3
1117 1291 1191 1313 non
1207 1279 1290 1325 quia
1305 1291 1433 1314 eorum
1451 1288 1552 1326 pater
1566 1291 1628 1314 eos
1647 1291 1727 1325 pro-

160 1343 308 1370 vocaret
331 1336 374 1369 ad
398 1335 547 1376 malum,
569 1335 632 1369 sed
655 1334 737 1380 quia
753 1334 854 1368 aliter
867 1333 1106 1367 aestimabant
1120 1333 1239 1379 ipsurn
1254 1344 1360 1379 posse
1378 1334 1490 1368 vitam
1513 1333 1724 1379 transigere,

162 1390 212 1425 eis
235 1389 423 1424 Christum
445 1388 688 1434 sequentibus.

232 1443 292 1477 AD
320 1453 527 1477 SECUNDUM
555 1442 760 1482 dicendum,
783 1440 879 1486 quod
901 1439 1083 1474 Dominus
1102 1439 1185 1473 ideo
1204 1439 1388 1485 prohibuit
1405 1439 1623 1486 discipulum
1638 1451 1658 1474 a
1675 1451 1727 1475 se-

162 1497 303 1543 pultura
325 1496 446 1542 patris,
469 1496 564 1542 quia,
586 1495 678 1529 sicut
700 1495 880 1540 Chrysost
901 1494 987 1528 dicit
1008 1493 1113 1539 (hom.
1133 1493 1187 1528 28.
1208 1494 1242 1527 in
1263 1493 1415 1537 Asaak),
1434 1506 1451 1525 «
1470 1505 1534 1540 per
1545 1494 1618 1528 hoc
1641 1505 1726 1528 eum

160 1550 343 1584 Dominus
366 1561 385 1583 a
407 1549 529 1583 multis
557 1548 661 1582 malis
689 1548 828 1593 eripuit,
856 1555 941 1593 puta
967 1546 1133 1588 luctibus,
1160 1555 1194 1581 et
1220 1547 1459 1588 moeroribus,
1475 1555 1510 1581 et
1529 1547 1607 1582 aliis
1633 1559 1726 1594 quae

161 1603 246 1637 hinc
270 1610 520 1649 expectantur:
544 1609 626 1648 post
647 1601 869 1646 sepulturam
892 1601 990 1634 enim
1012 1607 1087 1634 erat
1101 1611 1251 1634 necesse
1271 1607 1305 1633 et
1325 1607 1541 1634 testamenta
1563 1601 1725 1643 scrutari,

162 1664 195 1690 et
216 1656 448 1690 haereditatis
475 1655 703 1696 divisionem,
730 1662 765 1688 et
791 1654 859 1688 alia
885 1653 1115 1699 hujusmodi3
1143 1661 1178 1687 et
1203 1653 1394 1699 praecipue
1422 1653 1505 1699 quia
1532 1653 1591 1687 alii
1613 1662 1726 1696 erant,

162 1711 223 1756 qui
245 1709 430 1755 complere
452 1717 621 1755 poterant
640 1709 747 1753 hujus
761 1707 896 1741 funeris
917 1706 1140 1752 sepulturam
1159 1718 1195 1740 »2
1212 1706 1281 1747 vel,
1296 1707 1388 1741 sicut
1403 1706 1563 1753 Cyrillus
1579 1708 1726 1753 exponit

161 1775 267 1810 super
288 1763 376 1797 Luc.
399 1763 489 1809 (cap.
513 1775 544 1808 9.
563 1767 591 1796 et
617 1763 690 1796 hab.
711 1763 744 1794 in
773 1760 847 1795 Cat.
870 1772 944 1794 aur.
967 1761 1013 1794 D.
1047 1760 1136 1805 Th),
1172 1772 1190 1791 «
1212 1759 1408 1806 discipulus
1430 1760 1491 1794 ille
1512 1771 1587 1794 non
1613 1761 1726 1807 petiit,

162 1817 258 1863 quod
273 1824 412 1862 patrem
428 1817 501 1861 jam
516 1815 727 1849 defunctum
741 1813 920 1860 sepeliret,
932 1813 993 1847 sed
1012 1813 1129 1846 adhuc
1144 1813 1327 1847 viventem
1342 1813 1379 1847 in
1394 1821 1578 1848 senectute
1592 1822 1728 1848 susten-

161 1878 263 1913 taret,
291 1881 479 1916 usquequo
512 1869 743 1915 sepeliretur:
771 1868 867 1914 quod
894 1867 1076 1901 Dominus
1102 1878 1176 1900 non
1200 1867 1390 1909 concessit,
1418 1867 1501 1913 quia
1528 1875 1628 1902 erant
1654 1867 1726 1910 alii,

163 1926 223 1971 qui
246 1925 320 1969 ejus
343 1935 468 1958 curam
489 1923 622 1957 habere
645 1930 822 1968 poterant,
844 1920 939 1955 linea
962 1920 1171 1966 parentelae
1194 1920 1354 1954 adstricti
1374 1934 1406 1954 ›>.

234 1978 294 2012 AD
323 1987 493 2011 TERTIUM
524 1977 729 2016 dicendum,
753 1975 849 2021 quod
870 1975 942 2008 hoc
965 1974 1084 2020 ipsum
1106 1974 1203 2019 quod
1225 1974 1431 2019 parentibus
1459 1973 1662 2009 carnalibus
1685 1985 1727 2009 ex

162 2031 294 2078 pietate
324 2030 546 2071 exhibemus,
576 2030 612 2063 in
646 2030 767 2063 Deum
798 2027 1006 2069 referimus3
1035 2027 1126 2061 sicut
1156 2035 1191 2060 et
1212 2026 1281 2060 alia
1311 2027 1583 2061 misericordiae
1605 2038 1726 2073 opera,

163 2096 255 2131 quae
277 2084 564 2130 quibuscumque
586 2083 760 2129 proximis
782 2081 1012 2128 impedimus,
1038 2080 1119 2114 Deo
1143 2080 1299 2114 exhibita
1325 2081 1501 2123 videntur,
1527 2081 1727 2115 secundum

163 2139 251 2173 illud
273 2138 400 2172 Matth.
425 2147 498 2182 25.:
523 2137 621 2181 Quod
640 2138 698 2170 uni
715 2148 753 2170 ax
772 2136 918 2169 minimis
939 2135 1017 2169 mais
1035 2134 1169 2179 fecistis,
1192 2134 1429 2180 mihz'fecistis;
1447 2142 1481 2168 et
1501 2134 1583 2169 ideo
1601 2135 1633 2169 si
1651 2145 1727 2168 car-

163 2192 304 2226 nalibus
330 2191 535 2238 parentibus
557 2200 679 2224 nostra
702 2189 874 2234 obsequia
899 2189 969 2222 sint
981 2187 1196 2230 necessaria,
1218 2195 1256 2221 ut
1277 2187 1353 2222 sine
1374 2187 1429 2222 his
1448 2188 1639 2222 sustentari
1651 2199 1726 2223 non

165 2245 315 2291 possint,
337 2255 403 2278 nec
427 2255 493 2278 nos
515 2243 558 2277 ad
582 2243 716 2288 aliquid
740 2251 865 2276 contra
886 2242 1008 2275 Deum
1026 2241 1209 2282 inducant,
1231 2251 1305 2275 non
1327 2241 1500 2275 debemus
1521 2241 1650 2275 intuitu
1676 2253 1728 2276 re-

163 2298 310 2345 ligionis
329 2309 391 2332 eos
414 2297 596 2331 deserere:
621 2298 648 2330 si
672 2304 793 2330 autem
815 2296 891 2329 sine
910 2302 1062 2341 peccato
1078 2305 1206 2328 eorum
1221 2294 1402 2340 obsequiis
1417 2305 1547 2328 vacare
1559 2305 1634 2328 non
1649 2306 1727 2341 pos-

164 2363 300 2393 sumus,
322 2351 380 2385 vel
402 2351 510 2385 etiarn
533 2350 562 2384 si
584 2350 717 2395 absque
744 2356 868 2383 nostro
896 2348 1070 2394 obsequio
1098 2355 1249 2394 possunt
1275 2348 1476 2389 sustentari,
1503 2347 1643 2382 licitum
1671 2356 1724 2383 est

167 2417 294 2440 eorum
318 2404 490 2450 obsequia
512 2402 808 2449 praetermittere,
832 2402 874 2435 ad
896 2402 968 2435 hoc
991 2401 1088 2447 quod
1115 2400 1269 2446 amplius
1291 2400 1459 2447 religioni
1479 2412 1664 2436 vacemus.

237 2459 296 2493 AD
312 2468 500 2498 QUARTUM
515 2456 721 2497 dicendum,
745 2455 840 2501 quod
864 2455 959 2489 aliud
982 2454 1176 2488 dicendum
1199 2462 1251 2489 est
1273 2455 1315 2488 de
1339 2465 1382 2488 eo
1401 2454 1462 2500 qui
1481 2463 1533 2489 est
1555 2455 1672 2489 adhuc
1691 2456 1726 2489 in

166 2512 313 2547 saeculo
345 2511 571 2552 constitutus,
595 2517 629 2544 et
659 2509 754 2543 aliud
777 2509 820 2543 de
840 2519 883 2542 eo
906 2508 966 2554 qui
992 2509 1066 2553 jam
1093 2515 1145 2542 est
1170 2508 1207 2541 in
1236 2507 1411 2553 religione
1438 2507 1639 2554 professus:
1666 2507 1726 2542 ille

166 2566 264 2600 enim
287 2565 347 2611 qui
369 2573 422 2599 est
440 2565 475 2598 in
498 2562 643 2598 saeculo
667 2562 892 2603 constitutus,
908 2561 935 2595 si
951 2562 1059 2595 habet
1073 2569 1249 2607 parentes,
1264 2561 1413 2607 quisine
1435 2562 1513 2607 ipso
1536 2562 1726 2596 sustentari

163 2630 237 2653 non
254 2627 414 2664 possunt,
444 2629 518 2651 non
541 2617 644 2650 debet
673 2616 724 2650 eis
738 2615 871 2649 relictis
899 2614 1115 2659 religionem
1137 2615 1286 2657 intrare;
1310 2615 1392 2660 quia
1418 2615 1726 2660 transgrederetur

166 2680 400 2718 praeceptum
423 2672 466 2705 de
489 2670 731 2705 honoratione
754 2676 963 2714 parentum:
987 2668 1151 2713 quamvis
1173 2669 1319 2714 quidam
1341 2668 1472 2710 dicant,
1494 2668 1590 2714 quod
1616 2668 1726 2702 etiam

165 2726 201 2759 in
223 2725 294 2759 hoc
318 2736 402 2758 casu
425 2724 521 2758 licite
549 2731 670 2770 posset
697 2733 759 2756 eos
782 2722 957 2762 deserere,
980 2732 1107 2754 eorum
1130 2733 1253 2755 curam
1275 2721 1356 2756 Deo
1384 2721 1634 2755 committens:
1661 2721 1724 2756 sed

167 2779 196 2813 si
217 2778 295 2824 quis
318 2786 413 2812 recte
437 2777 651 2818 consideret,
681 2777 752 2810 hoc
775 2783 868 2809 esset
896 2782 1033 2808 tentare
1061 2775 1193 2816 Deum,
1221 2786 1303 2808 cum
1330 2775 1467 2808 habens
1493 2786 1535 2808 ex
1561 2774 1723 2808 humano

167 2832 320 2867 consilio
343 2832 426 2878 quid
457 2840 591 2878 ageret,
619 2829 780 2877 periculo
810 2836 975 2875 parentes
999 2837 1194 2874 exponeret
1216 2829 1278 2863 sub
1301 2839 1361 2874 spe
1384 2828 1494 2862 divini
1528 2827 1666 2862 auxilii:
1693 2827 1724 2862 si
