1859 3122
492 170 712 206 QUAESTIO
750 170 940 200 CXXXVII.
974 170 1217 200 ARTICULUS
1251 170 1278 200 Ι.
1575 172 1656 214 905

106 251 299 299 perfectam
328 251 496 285 virtutem
523 251 794 286 modificantem
821 251 886 286 has
912 251 1117 298 passiones3
1145 259 1179 286 et
1203 251 1286 286 ideo
1313 251 1341 285 si
1368 252 1562 298 accipiatur
1587 252 1659 286 hoc

106 306 217 340 modo
240 305 516 352 perseverantia,
539 316 613 339 non
640 313 690 340 est
717 305 828 339 virtus
850 304 1016 351 perfecta,
1039 305 1100 339 sed
1123 313 1175 339 est
1198 305 1381 350 quoddam
1408 305 1660 351 imperfectum

105 359 140 393 in
163 370 293 405 genere
315 358 472 392 virtutis:
495 358 524 392 si
539 366 660 392 autem
683 358 902 404 accipiamus
924 358 1239 404 perseverantiam,
1262 358 1460 392 secundum
1483 359 1579 405 quod
1602 358 1661 393 ali-

105 412 183 458 quis
204 411 240 445 in
267 422 497 457 quocumque
524 411 621 445 bono
648 410 783 445 difficili
810 411 868 445 diu
896 411 1060 457 persistit,
1088 411 1158 445 hoc
1186 419 1304 457 potest
1330 413 1522 447 convenire
1550 412 1660 446 etiam

107 465 253 499 habenti
280 464 477 510 perfectam
499 465 687 499 virtutem:
715 465 773 498 cui
794 465 935 498 etiamsi
956 465 1143 510 persistere
1169 465 1216 498 sit
1237 465 1355 499 minus
1377 464 1533 508 difficile,
1555 465 1661 512 persi-

104 518 163 553 stit
176 526 297 552 tamen
320 518 354 551 in
369 518 466 552 bono
484 518 599 563 magis
614 517 791 564 perfecto;
814 517 907 551 unde
920 517 1001 552 talis
1016 518 1280 564 perseverantia
1302 526 1420 564 potest
1438 529 1514 553 esse
1528 519 1658 561 virtus;

103 571 186 617 quia
208 570 380 617 perfectio
402 571 541 605 virtutis
571 571 687 617 magis
709 571 901 606 attenditur
926 571 1126 605 secundum
1147 571 1325 606 rationem
1351 571 1448 613 boni,
1475 583 1583 618 quam
1610 583 1660 607 se-

104 625 262 658 cundum
285 625 463 658 rationem
491 623 654 659 difficilis.

174 678 233 712 AD
256 688 462 712 SECUNDUM
485 677 688 719 dicendum,
710 677 805 724 quod
833 677 963 711 eodem
980 679 1129 711 nomine
1153 679 1368 724 quandoque
1396 679 1604 713 nominatur
1625 687 1659 714 et

103 730 224 772 virtus,
255 739 289 764 et
320 739 419 764 actus
445 731 601 772 virtutis;
624 733 715 765 sicut
735 731 886 776 August.
915 730 1001 765 dicit
1028 742 1134 776 super
1157 731 1260 776 Joan.
1289 733 1399 775 (tract.
1434 732 1507 778 79.)
1540 732 1658 767 «fides

102 792 155 818 est
176 784 333 825 credere,
356 784 453 829 quod
474 795 547 818 non
569 784 667 818 vides
682 798 699 816 »
714 796 720 817 :
738 792 855 830 potest
867 791 989 817 tamen
1013 784 1235 829 contingere,
1257 785 1353 830 quod
1380 784 1507 831 aliquis
1528 785 1660 820 habeat

101 835 262 870 habitum
286 837 436 878 virtutis,
459 837 519 883 qui
540 845 663 871 tamen
684 848 758 871 non
788 845 930 870 exercet
956 844 1094 870 actum:
1118 837 1210 871 sicut
1237 838 1364 884 aliquis
1387 850 1525 885 pauper
1550 839 1659 874 habet

100 890 264 924 habitum
294 890 596 936 magnificentiae,
627 902 711 924 cum
731 898 853 924 tamen
885 898 1005 923 actum
1033 901 1107 923 non
1130 899 1310 925 exerceat:
1335 892 1550 938 quandoque
1571 903 1657 927 vero

101 943 229 990 aliquis
250 943 386 978 habens
408 944 573 978 habitum
594 944 718 989 incipit
740 943 886 988 quidem
904 953 1070 976 exercere
1090 950 1222 984 actum,
1238 944 1298 977 sed
1314 955 1388 978 non
1403 944 1558 990 perficit:
1574 954 1657 992 puta

102 998 131 1032 si
153 997 361 1032 aedificator
382 998 531 1044 incipiat
552 998 753 1038 aedificare,
767 1004 801 1030 et
813 1007 887 1030 non
907 996 1090 1042 compleat
1104 997 1273 1040 domum3
1296 998 1345 1032 sic
1362 1009 1448 1043 ergo
1465 999 1657 1033 dicendum

102 1058 165 1092 est,
177 1051 274 1096 quod
294 1062 429 1085 nomen
443 1051 727 1097 perseverentiae
743 1050 959 1096 quandoque
974 1051 1127 1083 sumitur
1140 1061 1205 1096 pro
1220 1051 1354 1093 habitu,
1369 1064 1440 1097 quo
1459 1053 1536 1098 quis
1560 1052 1659 1099 eligit

100 1115 341 1149 perseverare,
356 1104 573 1149 quandoque
597 1112 717 1137 autem
738 1114 802 1148 pro
825 1111 917 1144 actu,
945 1114 1016 1148 quo
1039 1103 1117 1149 quis
1138 1113 1360 1148 perseverat:
1384 1113 1419 1139 et
1441 1106 1657 1152 quandoque

100 1156 246 1202 quidem
272 1157 407 1190 habens
434 1156 599 1190 habitum
621 1157 906 1202 perseverantiae
928 1156 1027 1201 eligit
1049 1156 1193 1202 quidem
1215 1168 1457 1203 perseverare,
1480 1167 1513 1193 et
1533 1159 1658 1205 incipit

101 1210 228 1255 exequi
250 1209 470 1255 aliquamdiu
492 1210 727 1256 persistendo,
742 1221 816 1243 non
830 1217 953 1243 tamen
976 1209 1135 1255 complet
1157 1218 1289 1253 actum,
1304 1212 1386 1257 quia
1408 1223 1482 1246 non
1504 1212 1659 1258 persistit

99 1273 211 1309 usque
225 1263 268 1296 ad
284 1262 413 1305 finem;
429 1271 482 1297 est
506 1271 627 1297 autem
644 1263 762 1309 duplex
781 1262 878 1296 finis:
898 1274 980 1296 unus
993 1262 1152 1308 quidem,
1171 1263 1232 1309 qui
1247 1272 1301 1298 est
1321 1264 1400 1299 finis
1420 1265 1557 1311 operis;
1574 1266 1659 1300 alius

99 1324 232 1358 autem,
247 1317 307 1362 qui
325 1324 377 1350 est
391 1316 471 1351 finis
493 1317 675 1351 humanae
689 1317 802 1359 vitae;
824 1328 888 1362 per
901 1327 937 1350 se
957 1323 1078 1350 autem
1095 1317 1138 1350 ad
1153 1319 1457 1362 perseverantiam
1483 1319 1656 1365 pertinet;

98 1377 137 1403 ut
151 1369 278 1415 aliquis
299 1377 503 1415 perseveret
518 1382 630 1416 usque
653 1370 697 1404 ad
711 1370 906 1404 terminum
921 1369 1071 1403 virtuosi
1086 1372 1214 1416 operis,
1234 1371 1326 1405 sicut
1344 1373 1439 1417 quod
1462 1372 1565 1407 miles
1583 1383 1658 1418 per-

101 1430 241 1458 severet
255 1435 366 1469 usque
390 1423 432 1457 ad
448 1423 558 1457 finem
580 1423 796 1465 certaminis,
811 1430 846 1457 et
867 1422 1081 1467 magnificus
1099 1435 1212 1469 usque
1234 1424 1277 1458 ad
1300 1426 1656 1460 consummationem

100 1476 229 1522 operis.
254 1476 345 1510 Sunt
367 1485 488 1510 autem
503 1477 682 1523 quaedam
700 1477 858 1518 virtutes,
874 1487 1026 1522 quarum
1049 1485 1147 1510 actus
1169 1489 1232 1523 per
1253 1486 1367 1512 totam
1393 1479 1505 1512 vitam
1527 1479 1657 1514 debent

99 1529 237 1571 durare,
259 1529 350 1563 sicut
376 1529 470 1572 fidei,
497 1531 583 1576 spei,
609 1538 644 1564 et
665 1530 859 1571 charitatis,
886 1529 969 1575 quia
990 1529 1184 1575 respiciunt
1212 1530 1381 1565 ultimum
1410 1531 1520 1566 finem
1545 1533 1655 1567 totius

98 1581 192 1616 vitae
212 1582 414 1624 humanae3
437 1591 472 1617 et
492 1583 577 1617 ideo
600 1591 760 1629 respectu
775 1583 906 1616 harum
922 1582 1106 1624 virtutum,
1127 1594 1218 1628 quae
1240 1592 1322 1618 sunt
1342 1585 1567 1631 principales,
1581 1596 1655 1619 non

99 1643 373 1669 consummatur
387 1644 487 1670 actus
501 1637 789 1682 perseverantiae
802 1646 914 1681 usque
930 1635 974 1669 ad
988 1634 1099 1669 finem
1112 1636 1226 1678 vitae3
1242 1646 1276 1671 et
1285 1638 1484 1672 secundum
1494 1638 1566 1672 hoc
1585 1639 1657 1672 Au-

97 1688 261 1732 gustinus
283 1688 413 1734 accipit
431 1689 732 1734 perseverantiam
750 1700 814 1734 pro
838 1697 918 1723 actu
940 1690 1225 1735 perseverantiae
1240 1698 1505 1725 consummato.

168 1740 228 1774 AD
250 1751 421 1776 TERTwM
446 1742 650 1784 dicendum,
673 1743 768 1788 quod
790 1742 1025 1776 immobiliter
1045 1743 1233 1789 persistere
1251 1744 1373 1778 virtuti
1391 1752 1510 1790 potest
1527 1755 1656 1779 conve-

97 1793 173 1828 nire
192 1794 387 1840 dupliciter.-
407 1807 472 1829 uno
487 1795 583 1829 ‘modo
603 1807 645 1829 ex
663 1796 805 1842 propria
819 1796 1017 1830 intentione
1031 1796 1130 1838 finis3
1149 1805 1184 1831 et
1201 1798 1251 1831 sic
1267 1797 1325 1831 diu
1339 1797 1527 1842 persistere
1541 1808 1654 1843 usque

97 1847 142 1880 ad
163 1846 272 1881 finem
294 1848 330 1881 in
352 1848 462 1890 bono,
481 1849 633 1894 pertinet
653 1849 696 1882 ad
715 1849 910 1895 specialem
927 1849 1107 1892 virtutem,
1122 1861 1213 1896 quae
1233 1851 1360 1884 dicitur
1377 1851 1653 1896 perseverantia,

96 1911 188 1946 quae
209 1900 280 1934 hoc
302 1901 455 1935 intendit
475 1902 567 1936 sicut
589 1901 784 1948 specialem
806 1902 933 1936 finem:
957 1903 1022 1937 alio
1043 1903 1138 1937 modo
1158 1915 1199 1937 ex
1219 1904 1490 1949 comparatione
1511 1904 1653 1938 habitus

97 1952 141 1986 ad
162 1953 386 1999 subjectum;
409 1963 443 1988 et
464 1954 514 1988 sic
536 1955 772 1990 immobiliter
792 1955 980 2001 persistere
1003 1957 1234 2003 consequitur
1255 1956 1452 2002 quamlibet
1472 1956 1652 1998 virtutem,

96 2005 311 2052 inquantum
333 2015 387 2041 est
407 2007 559 2053 qualitas
581 2007 725 2042 difficile
747 2008 902 2043 mobilis.

653 2126 994 2170 ARTICULUS
1029 2128 1085 2170 II.
1584 2138 1653 2185 674

324 2221 477 2251 UTRUM
504 2223 853 2253 PERSEVERANTIA
879 2224 946 2253 SIT
973 2224 1075 2254 PARS
1102 2224 1429 2255 FORTITUDINIS·

258 2295 372 2342 (Supr.
398 2309 428 2342 q.
454 2298 526 2333 128.
554 2303 581 2332 et
602 2310 630 2344 3.
657 2299 745 2334 Dist.
768 2311 812 2345 33.
839 2311 868 2345 q.
891 2311 919 2346 3.
947 2305 1010 2335 art.
1035 2312 1063 2346 3.
1088 2312 1117 2346 q.
1144 2312 1171 2335 Ι.
1198 2312 1228 2335 2.
1256 2305 1286 2335 et
1310 2312 1342 2345 4.
1369 2301 1490 2347 corp).

166 2377 226 2411 AD
249 2388 455 2414 SECUNDUM
481 2381 531 2414 sic
559 2382 774 2427 proceditur.
801 2382 962 2426 Videtur,
989 2383 1085 2429 quod
1113 2384 1377 2429 perseverantia
1402 2395 1476 2417 non
1502 2383 1547 2417 sit
1570 2394 1651 2428 pars

95 2428 330 2475 fortitudinis;
352 2433 446 2478 quia,
468 2443 507 2468 ut
527 2434 663 2469 Philos.
683 2435 768 2470 dicit
788 2436 824 2469 in
846 2447 877 2481 7.
893 2436 1008 2471 Ethic.
1023 2437 1112 2483 (cap.
1129 2439 1187 2483 7.),
1208 2437 1471 2482 perseverantia
1490 2443 1542 2470 est
1556 2437 1651 2470 circa

95 2483 252 2519 tristitias
279 2494 416 2521 tactus:
445 2488 505 2522 sed
533 2488 745 2534 hujusmodi
774 2490 952 2535 pertinent
977 2490 1020 2524 ad
1046 2490 1346 2536 temperantiam3
1374 2500 1459 2535 ergo
1486 2500 1650 2535 perseve-

94 2537 209 2570 rantia
231 2539 346 2584 magis
369 2548 421 2574 est
441 2552 523 2587 pars
544 2542 816 2587 temperantiae,
838 2554 947 2589 quam
967 2543 1194 2577 fortitudinis.

165 2600 196 2623 2.
219 2590 456 2629 PRAETEREA.
481 2594 614 2629 Omnis
640 2606 720 2640 pars
745 2595 884 2630 virtutis
910 2595 1058 2630 moralis
1086 2604 1139 2630 est
1166 2596 1260 2630 circa
1288 2595 1424 2641 aliquas
1450 2595 1649 2640 passiones,

95 2653 182 2688 quas
200 2643 310 2678 virtus
330 2645 478 2680 moralis
499 2648 724 2681 moderatur:
748 2649 809 2682 sed
827 2649 1091 2694 perseverantia
1109 2660 1183 2683 non
1200 2649 1371 2693 importat
1386 2648 1650 2682 moderantiam

94 2696 321 2741 passionum:
350 2699 431 2744 quia
459 2708 593 2745 quanto
620 2701 910 2736 vehementiores
936 2701 1067 2736 fuerint
1092 2701 1288 2748 passiones,
1315 2708 1415 2734 tanto
1444 2700 1570 2747 aliquis
1596 2712 1651 2736 se-

96 2749 254 2782 cundum
275 2751 452 2785 rationem
473 2763 706 2798 perseverans
727 2753 942 2788 laudabilior
962 2755 1120 2796 videtur3
1143 2765 1230 2799 ergo
1252 2754 1402 2795 videtur,
1421 2753 1517 2799 quod
1535 2765 1650 2800 perse-

94 2802 255 2836 verantia
275 2814 349 2837 non
375 2805 420 2839 sit
444 2817 525 2851 pars
549 2805 699 2851 alicujus
726 2807 865 2841 virtutis
892 2807 1052 2850 moralis,
1079 2807 1141 2842 sed
1168 2807 1284 2852 magis
1310 2807 1530 2852 prudentiae,
1557 2818 1648 2853 quae

95 2854 231 2898 perficit
252 2856 443 2891 rationem.
