1859 3122
160 196 237 239 152
572 193 792 230 QUAESTIO
824 194 912 226 XIX.
946 194 1189 225 ARTICULUS
1221 195 1278 225 IV.

154 277 234 311 vilis
257 284 309 311 est
328 275 462 310 malus:
486 275 568 322 quia
597 276 689 310 sicut
715 275 817 311 Glos.
842 276 895 321 (ex
921 277 976 312 lib.
999 277 1083 312 Seni.
1114 282 1185 323 cap.
1208 287 1279 323 172.
1300 277 1386 311 inter
1412 282 1462 323 ep.
1488 277 1595 323 Aug.)
1621 276 1708 311 dicit

153 330 261 364 Rom.
284 330 334 364 8.:
359 330 429 373 Qui
455 330 571 364 timore
599 329 727 375 aliquid
747 330 849 376 facit,
878 332 934 365 etsi
963 332 1083 365 bonum
1110 331 1162 372 sit,
1186 330 1271 376 quod
1291 330 1395 376 facit,
1416 341 1482 364 non
1503 335 1612 366 tamen
1632 332 1708 366 bene

147 384 255 429 sacit;
276 394 362 428 ergo
384 383 494 417 timor
516 382 654 417 servilis
676 394 750 417 non
773 391 826 418 est
846 383 973 418 bonus.

225 446 256 470 2.
279 436 514 471 PRAETEREA.
536 435 629 470 Illud
651 436 748 482 quod
771 447 812 471 ex
833 437 952 472 radice
974 436 1114 483 peccati
1135 436 1263 479 oritur,
1289 447 1364 471 non
1385 444 1439 471 est
1463 437 1619 471 bonum:
1645 437 1708 472 sed

153 490 263 524 timor
280 489 418 524 servilis
440 490 552 523 oritur
574 501 615 523 ex
637 489 757 524 radice
779 491 933 535 peccati:
958 491 1040 536 quia
1062 501 1168 536 super
1185 489 1272 523 illud
1287 490 1353 535 Job
1379 502 1428 536 3.:
1452 491 1566 535 Quare
1585 502 1651 524 non
1670 491 1708 524 in

152 544 255 578 vultu
268 548 417 577 mortuus
429 544 526 578 snm?
548 543 631 577 dicit
651 543 803 589 Gregor.
825 543 899 587 (lib.
913 555 946 588 4.
968 545 1056 578 Μον.
1071 550 1142 590 cup.
1162 544 1248 590 25.):
1266 543 1352 578 Cum
1367 548 1545 590 expaccato
1555 550 1709 590 praesens

146 603 255 643 poena
276 598 420 638 metitur,
442 602 472 631 et
492 598 612 631 anzissa
633 597 700 631 Dei
712 597 818 643 facies
843 609 908 632 non
934 603 1080 640 amatur,
1104 599 1203 632 timor
1223 609 1262 632 ex
1283 602 1408 632 tumore
1434 602 1487 641 est,
1509 609 1574 632 non
1596 609 1634 632 ex
1654 597 1711 631 hu-

153 650 309 690 militate,-
333 661 420 696 ergo
442 650 552 684 timor
574 649 711 684 servilis
735 659 788 684 est
808 650 938 687 malus.

229 714 257 749 3.
288 703 523 738 PRAETEREA.
555 703 657 738 Sicut
687 704 803 738 amori
833 704 1016 739 charitatis
1043 705 1237 751 opponitur
1259 716 1363 739 amor
1379 704 1635 747 mercenarius,
1660 703 1709 738 ita

153 755 277 790 timori
302 765 401 791 casto
422 756 562 791 videtur
581 757 717 803 opponi
730 757 841 792 timor
854 757 1010 793 servilis:
1033 758 1095 793 sed
1111 770 1214 792 amor
1235 759 1478 793 mercenarius
1497 769 1640 805 semper
1657 765 1710 793 est

154 809 294 852 malus;
317 821 404 856 ergo
426 818 461 844 et
485 810 595 844 timor
616 810 763 845 servilis.

227 863 301 898 SED
324 874 489 899 CONTRA.
511 863 663 898 Nullum
685 864 822 898 malum
845 872 897 899 est
918 877 937 900 a
960 865 1093 911 Spiritu
1116 865 1270 900 Sancto:
1293 866 1355 901 sed
1372 867 1484 901 timor
1500 865 1639 901 servilis
1657 873 1710 900 est

156 928 175 951 a
194 917 327 963 Spiritu
343 918 496 952 Sancto:
509 918 592 964 quia
603 929 709 963 super
722 917 809 952 illud
824 918 931 952 Rom.
946 919 997 953 8.:
1017 920 1094 954 Non
1108 921 1276 966 accepistis
1287 921 1443 967 spiritum
1452 921 1630 962 servitutis,
1641 927 1708 954 ete.

155 970 241 1005 dicit
263 971 365 1006 Glos.
389 971 514 1016 (ordin.
537 973 676 1017 August.
700 976 794 1007 tract.
815 984 847 1018 9.
874 973 909 1006 in
930 974 1017 1018 epist.
1034 973 1171 1019 soan.):
1201 974 1292 1008 Unus
1308 974 1442 1020 spiritus
1467 978 1522 1015 est,
1548 974 1605 1018 qui
1621 973 1711 1018 facit

154 1024 233 1059 duos
255 1026 396 1067 timores,
419 1025 572 1059 scilicet:
596 1025 776 1067 servilem,
799 1033 833 1059 et
852 1034 1010 1069 castum3
1033 1037 1120 1072 ergo
1138 1027 1249 1061 timor
1270 1026 1410 1061 servilis
1427 1037 1502 1061 non
1516 1034 1569 1060 est
1581 1025 1709 1060 malus.
1736 1037 1738 1039 ’

224 1078 452 1113 RESPONDEO
469 1079 673 1121 dicendum,
689 1079 785 1125 quod
801 1079 910 1114 timor
924 1079 1061 1114 servilis
1083 1091 1125 1114 ex
1140 1089 1239 1126 parte
1260 1080 1463 1114 servilitatis
1479 1080 1598 1122 habet,
1614 1079 1710 1126 quod

154 1133 198 1167 sit
220 1132 354 1167 malus:
378 1134 528 1167 servitus
544 1133 640 1168 enim
654 1133 810 1168 libertati
828 1134 1037 1180 opponitur;
1056 1134 1149 1168 unde
1173 1145 1255 1168 cuni
1277 1134 1366 1168 liber
1387 1134 1442 1176 sit,
1465 1135 1522 1180 qui
1540 1134 1592 1168 sui
1612 1143 1711 1168 causa

154 1191 207 1228 est,
230 1195 269 1220 ut
288 1187 416 1221 dicitur
434 1187 470 1220 in
501 1198 528 1220 1.
552 1187 789 1233 Metaphysic.
814 1187 902 1234 (cap.
925 1188 987 1232 2),
1010 1199 1132 1222 servus
1160 1196 1222 1230 est,
1250 1188 1310 1234 qui
1331 1199 1405 1222 non
1425 1198 1533 1222 causa
1555 1187 1609 1221 sui
1630 1197 1711 1233 ope-

154 1248 261 1282 ratur,
291 1241 354 1274 sed
384 1240 486 1286 quasi
516 1240 557 1274 ab
589 1240 789 1274 extrinseco
820 1248 959 1283 motus3
981 1241 1199 1288 quicumque
1218 1250 1339 1275 autem
1361 1253 1402 1276 ex
1425 1252 1550 1275 amore
1577 1239 1708 1286 aliquid

154 1292 250 1335 facit,
273 1295 373 1340 quasi
395 1304 438 1327 ex
453 1294 571 1340 seipso
591 1302 776 1340 operatur;
796 1295 878 1340 quia
900 1306 942 1328 ex
960 1295 1104 1341 propria
1118 1294 1352 1329 inclinatione
1375 1302 1542 1328 movetur
1563 1293 1606 1327 ad
1629 1304 1711 1339 ope-

154 1348 324 1390 randum;
348 1355 382 1382 et
399 1348 480 1382 ideo
503 1356 628 1382 contra
650 1348 828 1382 rationem
850 1348 1052 1382 servilitatis
1075 1357 1138 1390 est,
1161 1348 1256 1394 quod
1277 1348 1403 1394 aliquis
1422 1359 1463 1382 ex
1483 1357 1607 1381 amore
1626 1357 1713 1392 ope-

154 1409 268 1435 retur:
292 1402 341 1435 sic
365 1412 450 1447 ergo
473 1403 573 1435 timor
597 1402 736 1443 servilis,
766 1403 959 1447 inquantum
986 1402 1114 1436 ser-vilis
1139 1407 1194 1444 est,
1218 1403 1376 1436 charitati
1403 1402 1652 1441 contrariatnr;
1681 1400 1711 1435 si

156 1465 243 1500 ergo
265 1454 440 1488 servilitas
463 1463 555 1489 esset
574 1455 616 1489 de
639 1455 777 1489 ratione
799 1455 940 1489 timoris
959 1455 1107 1497 servilis,
1130 1463 1313 1501 oporteret
1335 1455 1431 1501 quod
1445 1455 1555 1489 timor
1572 1453 1710 1488 servilis

155 1507 365 1554 simpliciter
374 1516 467 1542 esset
480 1508 615 1543 malus:
631 1509 722 1543 sicut
737 1508 951 1543 adulterium
970 1508 1179 1555 simpliciter
1193 1517 1245 1542 est
1259 1508 1408 1551 malum,
1423 1508 1506 1554 quia
1519 1507 1566 1550 id,
1581 1519 1624 1541 ex
1638 1518 1710 1553 quo

156 1562 392 1595 contrariatur
419 1562 595 1603 charitati,
617 1562 769 1608 pertinet
791 1562 832 1596 ad
857 1562 1021 1596 adulterii
1042 1563 1210 1608 speciem.
1236 1562 1306 1596 Sed
1328 1562 1511 1608 praedicta
1536 1560 1710 1596 servilitas

155 1627 229 1649 non
247 1615 399 1661 pertinet
417 1615 460 1649 acl
479 1615 638 1661 speciem
656 1616 795 1650 timoris
816 1615 965 1658 servilis,
980 1615 1071 1650 sicut
1084 1627 1150 1650 nec
1170 1615 1371 1650 informitas
1387 1616 1430 1649 ad
1448 1615 1607 1662 speciem
1628 1614 1711 1648 fidei

155 1668 341 1703 informis:
378 1669 516 1715 species
550 1669 647 1703 enim
681 1669 829 1704 moralis
861 1669 1015 1711 habitus,
1043 1668 1102 1703 vel
1132 1677 1231 1703 actus
1266 1680 1309 1703 ex
1341 1669 1484 1715 objecto
1519 1668 1710 1714 accipitur;

157 1722 339 1767 objectum
367 1730 487 1756 autem
513 1722 654 1756 timoris
681 1722 818 1757 servilis
846 1730 898 1756 est
924 1733 1060 1769 poena:
1095 1723 1153 1756 cui
1187 1723 1327 1765 accidit,
1353 1722 1449 1769 quod
1475 1722 1625 1764 bonum,
1653 1720 1711 1754 cui

157 1777 393 1809 contrariatur
411 1786 540 1821 poena,
559 1784 698 1810 ametur
718 1784 905 1822 tamquam
926 1775 1006 1809 finis
1028 1775 1186 1818 ultimus,
1209 1783 1243 1810 et
1263 1787 1325 1822 per
1347 1787 1572 1822 consequens
1593 1786 1711 1821 poena

155 1829 324 1862 timeatur
344 1836 532 1874 tamquam
553 1828 750 1875 principale
772 1828 922 1871 malum,
948 1828 1044 1875 quod
1072 1829 1248 1875 contingit
1268 1829 1305 1862 in
1325 1840 1400 1863 non
1421 1829 1576 1863 habente
1597 1827 1714 1862 chari-

154 1890 285 1916 tatem:
307 1881 365 1915 vel
383 1882 478 1927 quod
498 1882 681 1916 ordinetur
698 1882 734 1915 in
755 1882 888 1923 Deum,
910 1882 1002 1916 sicut
1019 1882 1055 1915 in
1075 1881 1195 1923 finem,
1215 1889 1249 1916 et
1265 1894 1328 1928 per
1347 1893 1571 1927 consequens
1592 1891 1711 1928 poena

156 1946 230 1970 non
251 1934 421 1968 timeatur
441 1942 628 1980 tamquam
650 1935 846 1981 principale
870 1934 1027 1977 malum3
1050 1935 1146 1981 quod
1165 1935 1342 1981 contingit
1362 1935 1398 1969 in
1419 1935 1573 1969 habente
1600 1934 1713 1968 chari-

156 1996 287 2023 tatem:
310 1998 384 2022 non
406 1987 503 2022 enirn
523 1987 660 2022 tollitur
686 1990 822 2034 species
843 1988 985 2022 habitus
1012 2000 1075 2034 per
1100 1988 1183 2030 hoc,
1210 1989 1306 2035 quod
1333 1989 1408 2034 ejus
1435 1988 1628 2034 objectum,
1653 1987 1710 2021 vel

157 2042 236 2076 finis
259 2041 441 2075 ordinatur
464 2041 507 2075 ad
529 2040 737 2075 ulteriorem
764 2041 896 2083 finem3
920 2049 954 2076 et
979 2041 1060 2075 ideo
1087 2041 1196 2076 timor
1221 2041 1357 2076 servilis
1383 2041 1582 2076 secundum
1608 2052 1711 2075 suam

159 2094 395 2130 substantiam
415 2094 532 2129 bonus
554 2101 625 2136 est;
647 2095 708 2129 sed
731 2094 906 2129 servilitas
924 2095 999 2140 ejus
1021 2103 1073 2129 est
1094 2094 1201 2128 mala.

229 2149 289 2183 AD
318 2158 466 2183 PRIMUM
489 2159 576 2193 ergo
599 2148 802 2189 dicendum,
825 2148 921 2194 quod
942 2148 1091 2181 verbum
1112 2147 1199 2181 illud
1222 2148 1415 2194 Augustini
1437 2147 1711 2194 intelligendum

160 2210 212 2236 est
233 2201 276 2236 de
298 2212 353 2244 eo,
376 2202 436 2248 qui
458 2200 543 2235 facit
565 2200 697 2247 aliquid
719 2201 849 2235 timore
871 2200 1000 2243 servili,
1026 2201 1239 2247 inquantum
1261 2209 1314 2235 est
1335 2201 1491 2244 servilis;
1517 2209 1557 2236 ut
1576 2201 1713 2236 scilicet

159 2266 232 2290 non
255 2263 351 2289 amet
370 2254 554 2300 justitiam,
576 2255 637 2288 sed
659 2254 779 2288 solum
800 2265 956 2300 poenam
977 2254 1112 2288 timeat.

230 2309 289 2343 AD
312 2319 518 2342 SECUNDUM
533 2308 736 2350 dicendum,
759 2308 854 2354 quod
869 2308 979 2342 timor
991 2307 1128 2342 servilis
1141 2308 1340 2341 secundum
1355 2319 1458 2342 suam
1476 2307 1711 2342 substantiam

160 2374 234 2396 non
255 2362 367 2396 oritur
388 2373 429 2396 ex
450 2370 610 2395 tumore:
633 2362 693 2395 sed
717 2363 791 2407 ejus
813 2361 986 2396 servilitas
1009 2373 1050 2395 ex
1070 2369 1211 2395 tumore
1230 2362 1397 2403 nascitur,
1417 2362 1628 2408 inquantum
1649 2361 1713 2396 sci-

160 2416 244 2450 licet
263 2416 378 2449 homo
401 2414 568 2449 affectum
594 2426 698 2449 suum
719 2426 792 2449 non
815 2415 888 2449 vult
915 2415 1088 2460 subjicere
1106 2416 1191 2460 jugo
1210 2415 1364 2460 justitiae
1391 2427 1454 2462 per
1473 2427 1648 2450 amorem.

232 2469 291 2503 AD
314 2479 483 2503 TERTIUM
506 2468 709 2511 dicendum,
732 2469 827 2514 quod
847 2480 950 2502 amor
968 2468 1209 2502 mercenarius
1229 2469 1366 2510 dicitur,
1386 2470 1444 2514 qui
1462 2469 1583 2503 Deum
1599 2468 1714 2513 diligit

161 2531 306 2569 propter
329 2522 425 2556 bona
446 2521 675 2567 temporalia:
704 2522 800 2567 quod
827 2522 1023 2555 secundum
1046 2533 1083 2555 se
1106 2522 1268 2556 charitati
1298 2524 1544 2564 contrariatur,
1571 2530 1605 2556 et
1631 2522 1712 2556 ideo

163 2587 265 2609 amor
286 2575 528 2609 mercenarius
550 2586 694 2620 semper
715 2583 766 2609 est
788 2574 921 2608 malus:
945 2575 1005 2609 sed
1027 2575 1136 2608 timor
1151 2575 1286 2609 servilis
1302 2576 1500 2609 secundum
1519 2587 1621 2609 suam
1636 2575 1714 2608 sub-

162 2629 329 2663 stantiam
350 2639 424 2662 non
446 2628 616 2674 importat
636 2628 703 2661 nisi
724 2628 894 2662 timorem
916 2639 1066 2674 poenae,
1089 2628 1162 2662 sive
1183 2628 1351 2663 timeatur
1372 2637 1410 2663 ut
1427 2627 1622 2675 principale
1642 2639 1714 2661 ma-

162 2682 249 2724 lum,
272 2682 345 2716 sive
363 2693 437 2716 non
457 2682 626 2717 timeatur
646 2689 684 2716 ut
705 2681 900 2728 principale
923 2680 1071 2715 malum.
