1859 3122
480 171 701 206 OUAESTIO
734 171 850 201 LXIV.
882 171 1128 201 ARTICULUS
1160 171 1235 200 VII.
1552 172 1635 214 479

73 252 211 287 scilicet
233 253 294 299 qui
315 263 352 287 se
375 252 603 287 defendendo
626 263 810 299 paganum
838 252 1060 294 occiderunt,
1083 252 1112 286 si
1139 255 1264 298 postea
1290 263 1352 298 per
1378 252 1639 298 poenitentiam

73 307 254 341 emendati
276 314 427 352 possunt
448 306 490 340 ad.
513 306 702 352 pristinum
721 314 853 339 statum
870 305 996 347 redire,
1011 314 1072 339 aut
1087 305 1128 338 ad
1145 305 1310 339 altiorem
1329 306 1533 347 ascendere,
1547 305 1638 339 scito

73 370 139 394 nos
160 359 299 393 nullam
321 359 554 393 occasionem
576 359 671 400 dare,
694 370 760 393 nec
783 358 896 392 ullam
917 359 1072 393 tribuere
1094 358 1280 393 licentiam
1300 359 1349 392 eis
1365 359 1639 404 quemlibetho-

73 412 211 446 minem
238 411 400 457 quolibet
426 411 538 445 modo
566 412 755 445 occidendi
774 423 814 446 »z
841 412 902 445 sed
927 411 969 444 ad
992 419 1184 457 praecepta
1212 410 1366 444 moralia
1396 410 1572 445 servanda
1593 419 1640 444 te-

72 473 202 499 nentur
224 466 468 499 communiter
490 464 622 507 clerici,
646 474 680 499 et
701 465 803 507 laici3
827 476 913 510 ergo
937 465 1046 498 etiam
1072 463 1173 499 laicis
1199 476 1274 498 non
1302 473 1354 499 est
1380 464 1521 498 licitum
1547 463 1641 498 occi-

74 519 158 553 dere
178 518 349 564 aliquem,
371 530 408 552 se
431 518 670 552 defendendo.

143 582 175 614 4.
191 572 427 606 PRAETEREA.
444 572 692 606 Homicidium
706 579 758 606 est
772 571 915 617 gravius
928 580 1131 617 peccatum,
1147 583 1255 617 quam
1272 571 1425 617 simplex
1435 570 1639 612 fornicatio,

73 624 131 659 vel
147 625 379 659 adulterium:
403 625 464 659 sed
480 625 569 659 nulli
583 624 667 659 licet
687 625 916 659 committere
935 624 1139 670 simplicem
1158 624 1451 665 fornicationem,
1470 624 1528 658 vel
1543 623 1640 658 adul-

72 679 217 721 terium,
239 679 297 712 vel
319 679 576 724 quodcumque
599 679 694 712 aliud
717 687 908 724 peccatum
923 677 1078 712 mortale
1094 689 1157 724 pro
1179 678 1454 712 conservatione
1474 678 1639 724 propriae

72 732 185 774 vitae;
208 733 290 778 quia
317 732 389 766 vita
416 731 608 778 spiritualis
636 730 869 777 praeferenda
896 739 949 765 est
971 730 1170 777 corporali;
1191 742 1278 776 ergo
1303 731 1393 764 nulli
1415 731 1500 765 licet
1522 730 1640 764 defen-

74 786 193 819 dendo
216 786 388 831 seipsum,
416 785 527 818 alium
550 785 728 826 occidere,
751 793 788 818 ut
809 785 994 830 propriam
1015 784 1127 818 vitam
1152 792 1353 818 conservet.

150 849 177 883 3.
201 838 438 873 PRAETEREA.
463 838 501 872 Si
532 838 638 872 arbor
668 846 722 872 est
743 837 851 879 mala,
875 846 909 872 et
934 837 1082 879 fructus,
1106 846 1144 871 ut
1168 837 1321 871 habetur
1347 837 1475 871 Matth.
1500 849 1549 882 7.:
1578 838 1639 872 sed

73 891 149 938 ipsa
171 891 333 926 defensio
356 892 410 926 sui
431 892 572 925 videtur
593 902 670 925 esse
692 891 827 933 illicita,
849 891 1051 925 secundum
1075 890 1162 924 illud
1185 891 1293 925 Rom.
1320 901 1390 924 12.:
1410 891 1488 925 Non
1509 903 1567 926 vos
1588 891 1640 925 da-

65 945 232 991 scndantss
254 945 458 985 elmi-inim&
483 956 569 990 ergo
592 952 626 978 et
649 944 784 978 occisio
808 944 967 978 hominis
991 944 1117 978 exinde
1140 944 1342 990 procedens
1365 953 1417 978 est
1443 944 1579 978 illicita.

146 998 220 1032 SED
244 1008 399 1032 CONTRA
422 1006 485 1039 est,
508 997 604 1043 quod
627 997 739 1031 Exod.
760 1007 815 1031 22.
839 998 987 1032 dicitur:
1009 998 1045 1032 δι’
1062 997 1467 1043 effringmssurdomum,
1490 999 1557 1032 sive
1578 998 1642 1044 sus-

65 1052 195 1097 sodz'ens
216 1053 369 1086 inventus
381 1051 500 1097 fuerit,
523 1056 553 1085 et
573 1056 703 1096 accepto
721 1051 856 1085 vulnera
882 1056 1032 1086 mortuns
1045 1051 1168 1096 fuerit,
1188 1057 1362 1097 percussor
1387 1063 1453 1084 non
1479 1052 1541 1085 erit
1566 1063 1640 1085 reus

72 1106 261 1149 sanguinis:
287 1105 350 1139 sed
372 1104 488 1138 multo
511 1104 627 1150 magis
649 1103 787 1138 licitum
811 1112 865 1138 est
886 1103 1079 1138 defendere
1094 1104 1280 1150 propriam
1298 1105 1421 1146 vitam,
1441 1115 1551 1150 quam
1565 1115 1643 1151 pro-

75 1158 192 1204 priam
215 1159 384 1200 domum;
407 1169 493 1204 ergo
517 1158 625 1191 etiarn
648 1158 677 1191 si
704 1157 831 1204 aliquis
854 1158 998 1192 occidat
1026 1157 1184 1204 aliquem
1218 1169 1284 1204 pro
1316 1157 1526 1192 defensione
1547 1158 1642 1192 vitae

73 1223 171 1253 suae,
193 1222 267 1245 non
290 1212 356 1245 erit
376 1222 456 1245 reus
478 1211 678 1246 homicidii.

144 1264 374 1299 RESPONDEO
397 1264 604 1306 dicendum,
627 1264 723 1310 quod
745 1263 835 1298 nihil
856 1264 1023 1311 prohibet
1039 1264 1143 1298 unius
1160 1273 1260 1298 actus
1277 1275 1355 1298 esse
1374 1264 1452 1298 dnos
1471 1263 1639 1298 effectus:

73 1329 229 1363 quorum
252 1318 336 1352 alter
357 1317 476 1351 solum
499 1317 543 1351 sit
564 1318 600 1351 in
623 1318 832 1360 intentione,
855 1318 941 1352 alius
961 1329 1048 1351 vero
1073 1318 1117 1351 sit
1131 1326 1272 1363 praeter
1291 1317 1547 1351 intentionem:
1567 1330 1642 1352 rno-

74 1370 167 1405 rales
181 1379 303 1405 autem
325 1379 425 1405 actus
441 1371 617 1417 recipiunt
631 1371 791 1417 speciem
806 1371 1007 1405 secundum
1022 1371 1068 1414 id,
1084 1371 1181 1417 quod
1196 1371 1411 1412 intenditur3
1430 1382 1505 1404 non
1520 1380 1642 1405 autern

77 1424 118 1458 ab
143 1435 198 1466 eo,
221 1424 317 1470 quod
340 1433 393 1458 est
414 1433 554 1470 praeter
574 1425 826 1466 intentionem,
847 1436 930 1458 cum
953 1425 996 1458 sit
1014 1435 1076 1470 per
1095 1424 1274 1465 accidens,
1298 1433 1336 1458 ut
1354 1435 1396 1458 ex
1412 1435 1521 1469 supra
1539 1424 1641 1458 dictis

77 1485 175 1524 patet
197 1476 242 1523 (q.
265 1489 314 1523 43.
337 1482 400 1512 art.
419 1490 446 1524 3.
470 1483 497 1512 et
515 1489 576 1512 1-2.
599 1490 628 1523 q.
651 1487 680 1511 Ι.
699 1484 765 1513 art.
784 1490 812 1524 3.
831 1478 948 1524 ad3.);
970 1489 1013 1511 ex
1032 1485 1114 1511 actu
1131 1489 1217 1523 ergo
1237 1477 1388 1522 alicujus
1408 1477 1568 1522 seipsum
1587 1478 1643 1512 de-

76 1530 253 1564 fendentis
271 1531 390 1577 duplex
404 1530 553 1565 effectus
568 1531 670 1576 sequi
684 1539 821 1577 potest:
844 1543 927 1565 unus
942 1530 1088 1576 quidem
1103 1531 1331 1565 conservatio
1347 1532 1513 1576 propriae
1528 1532 1640 1565 vitae:

75 1584 161 1618 alius
183 1591 303 1617 autern
326 1584 463 1617 occisio
486 1584 704 1618 invadentis:
728 1590 818 1619 actus
839 1595 926 1629 ergo
949 1584 1170 1629 hujusmodi,
1190 1595 1231 1618 ex
1249 1584 1320 1618 hoc
1337 1584 1433 1629 quod
1449 1584 1643 1618 intenditur

77 1637 306 1671 conservatio
330 1637 495 1683 propriae
517 1637 624 1678 vitae,
646 1649 720 1671 non
741 1637 851 1671 habet
871 1637 1052 1671 rationem
1074 1637 1208 1680 illiciti3
1233 1649 1315 1671 cum
1338 1637 1408 1671 hoc
1432 1638 1477 1671 sit
1499 1637 1645 1672 cuilibet

74 1689 250 1731 naturale,
274 1690 370 1736 quod
392 1701 430 1724 se
453 1698 642 1724 conservet
668 1691 704 1724 in
727 1701 816 1732 esse,
840 1698 1015 1736 quantum
1045 1698 1185 1736 potest:
1213 1698 1333 1736 potest
1360 1699 1482 1724 tamen
1514 1691 1642 1736 aliquis

76 1751 177 1777 actus
199 1753 241 1776 ex
262 1743 358 1777 bona
379 1743 578 1777 intentione
601 1744 828 1789 proveniens,
850 1743 996 1777 illicitus
1015 1743 1126 1785 reddi,
1141 1743 1170 1777 si
1188 1755 1263 1777 non
1285 1744 1328 1778 sit
1347 1744 1642 1790 proportionatus

75 1796 152 1838 fini3
175 1803 209 1830 et
230 1796 313 1830 ideo
342 1796 372 1830 si
399 1796 526 1842 aliquis
554 1797 598 1830 ad
625 1796 892 1830 defendendum
919 1797 1102 1842 propriam
1128 1797 1242 1830 vitam
1270 1805 1390 1831 utatur
1416 1797 1547 1842 majori
1571 1797 1645 1831 vio-

74 1849 196 1890 lentia,
228 1861 339 1895 quam
366 1857 522 1895 oportet,
551 1850 616 1883 erit
636 1849 824 1884 illicitum:
847 1850 876 1884 si
901 1860 988 1883 vero
1017 1849 1205 1884 moderate
1239 1850 1454 1884 violentiam
1481 1849 1642 1896 repellat,

76 1902 142 1937 erit
163 1902 262 1936 licita
284 1902 462 1936 defensio:
485 1914 571 1936 nam
593 1903 794 1937 secundum
816 1904 894 1948 jura
915 1903 990 1936 vim
1012 1903 1047 1936 vi
1065 1903 1241 1948 repellere
1268 1903 1354 1937 licet
1375 1915 1459 1936 curn
1481 1904 1644 1938 modera-

78 1956 176 1990 mine
197 1955 403 2001 inculpatae
429 1955 582 1990 tutelae:
609 1967 675 1990 nec
704 1964 756 1990 est
781 1956 1028 1990 necessarium
1055 1956 1098 1989 ad
1125 1955 1292 1998 salutem,
1314 1965 1353 1990 ut
1378 1957 1493 1990 homo
1522 1965 1643 1990 actum

76 2009 286 2042 moderatae
307 2008 440 2043 tutelae
463 2010 723 2054 praetermittat
745 2010 790 2043 ad
812 2009 1019 2043 evitandam
1035 2009 1260 2043 occisionem
1276 2009 1441 2052 alterius;
1465 2010 1548 2055 quia
1562 2010 1641 2055 plus

76 2069 217 2096 tenetur
238 2062 353 2096 homo
374 2062 470 2096 vitae
493 2073 579 2096 suae
605 2063 805 2108 providere,
833 2074 943 2108 quam
969 2062 1063 2096 vitae
1087 2063 1245 2098 alienae:
1274 2064 1336 2098 sed
1364 2064 1446 2109 quia
1474 2065 1641 2098 occidere

74 2114 264 2148 hominem
285 2126 360 2148 non
381 2114 475 2156 licet,
497 2115 565 2149 nisi
586 2115 729 2161 publica
752 2116 965 2150 auctoritate
987 2124 1133 2162 propter
1154 2117 1292 2150 bonum
1316 2128 1528 2158 commune,
1542 2125 1580 2151 ut
1600 2130 1648 2151 ex.

77 2178 182 2213 supra
209 2167 311 2201 dictis
338 2176 435 2214 patet
463 2168 542 2211 (art.
565 2180 593 2214 3.
620 2169 688 2214 huj.
716 2170 778 2214 q.)‚
805 2168 971 2202 illicitum
998 2177 1060 2211 est,
1088 2169 1185 2215 quod
1212 2170 1327 2204 homo
1356 2170 1519 2204 intendat
1551 2171 1645 2204 occi—

76 2220 158 2254 dere
180 2220 382 2262 hominem,
397 2229 435 2255 ut
448 2221 608 2267 seipsum
630 2221 808 2263 defendat,
823 2222 892 2255 nisi
913 2222 947 2255 ei
965 2222 1026 2267 qui
1043 2222 1152 2256 habet
1171 2222 1353 2268 publicam
1378 2223 1641 2264 auctoritatem,

76 2274 136 2319 qui
156 2273 346 2308 intendens
360 2274 549 2308 hominem
573 2275 738 2309 occidere
762 2275 805 2308 ad
827 2275 882 2308 sui
904 2275 1164 2317 defensionem,
1181 2275 1287 2310 refert
1304 2276 1376 2310 hoc
1393 2276 1435 2309 ad
1456 2276 1641 2322 publicum

74 2326 223 2368 bonum,
250 2335 288 2360 ut
313 2335 411 2372 patet
436 2327 472 2360 in
499 2327 613 2362 milite
647 2336 829 2374 pugnante
858 2337 984 2362 contra
1010 2329 1145 2370 hostes,
1173 2337 1208 2363 et
1238 2329 1275 2362 in
1310 2329 1475 2362 ministro
1512 2329 1640 2373 judicis

75 2388 257 2425 pugnante
281 2388 407 2414 contra
427 2379 603 2422 latrones;
627 2381 791 2427 quamvis
819 2382 929 2415 etiam
957 2389 991 2415 et
1011 2381 1071 2415 isti
1092 2390 1256 2427 peccent,
1277 2382 1307 2416 si
1329 2383 1467 2428 privata
1493 2381 1640 2415 libidine

80 2440 306 2466 moveantur.

147 2485 207 2519 AD
226 2496 375 2520 PRIMUM
394 2497 482 2531 ergo
506 2486 710 2528 dicendum,
726 2487 823 2532 quod
843 2488 1038 2522 auctoritas
1060 2488 1255 2533 Augustini
1277 2487 1512 2532 intelligenda
1534 2496 1586 2522 est
1606 2489 1643 2521 in

77 2548 121 2571 eo
144 2549 240 2580 casu,
260 2550 331 2584 quo
353 2539 432 2585 quis
453 2539 605 2573 intendit
635 2539 800 2574 occidere
833 2540 1035 2582 hominem,
1058 2548 1096 2574 ut
1117 2541 1277 2587 seipsum
1305 2552 1324 2574 a
1351 2549 1468 2575 morte
1496 2540 1641 2575 liberet:

77 2589 113 2623 in
135 2602 206 2635 quo
234 2592 344 2625 etiam
378 2603 464 2625 casu
489 2592 702 2637 intelligitur
735 2593 929 2626 auctoritas
959 2593 1106 2627 inducta
1128 2594 1180 2638 (in
1200 2605 1271 2639 arg.
1294 2593 1342 2637 2.)
1367 2605 1410 2626 ex
1431 2593 1521 2627 libro
1549 2605 1576 2627 1.
1599 2594 1644 2629 de

77 2641 155 2676 Lib.
178 2643 282 2686 Arb.;
305 2645 399 2678 unde
420 2645 604 2690 signanter
625 2645 765 2687 dicitur,
783 2652 848 2692 pro
871 2646 918 2680 his
939 2648 1054 2687 rebus;
1074 2646 1110 2680 in
1130 2657 1202 2692 quo
1226 2646 1435 2691 designatur
1455 2646 1620 2681 intentio.

149 2695 193 2729 Et
214 2707 276 2741 per
296 2697 367 2731 hoc
389 2706 487 2743 patet
507 2698 695 2743 responsio
717 2709 768 2732 AD
791 2709 1011 2733 SECUNDUM.

150 2749 210 2782 AD
230 2759 401 2784 TERTIUM
423 2751 629 2792 dicendum,
651 2751 748 2796 quod
775 2751 1019 2797 irregularitas
1042 2752 1275 2797 consequitur
1297 2760 1422 2785 actum
1443 2752 1644 2796 homicidii,

79 2800 221 2834 etiamsi
250 2802 295 2835 sit
317 2803 449 2848 absque
471 2811 634 2847 peccato,
657 2811 695 2837 ut
715 2812 812 2849 patet
832 2804 867 2837 in
889 2805 1020 2849 judice,
1043 2805 1103 2850 qui
1123 2806 1215 2849 juste
1239 2804 1397 2850 aliquem
1426 2806 1647 2843 condemnat

80 2853 124 2886 ad
145 2862 321 2896 mortem;
343 2863 378 2889 et
398 2863 544 2901 propter
563 2856 635 2889 hoc
659 2856 834 2898 Clericus,
863 2857 1005 2891 etiamsi
1039 2869 1076 2891 se
1109 2857 1334 2891 defendendo
1368 2858 1561 2893 interficiat
1582 2861 1648 2894 ali-
