1859 3122
526 167 746 204 QUAESTIO
780 166 868 196 XIX.
902 165 1145 196 ARTICULUS
1180 166 1218 195 V.
1568 163 1642 205 153

664 324 1006 369 ARTICULUS
1034 325 1087 367 V.
1609 336 1652 382 98

309 434 459 464 UTRUM
488 434 626 463 TIMOR
653 433 842 462 SERVILIS
871 434 937 463 SIT
965 434 1071 462 IDEM
1100 433 1144 463 IN
1171 433 1439 463 SUBSTANTIA

638 499 729 528 CUM
756 499 922 528 TIMORE
950 499 1119 529 FILIALI.

459 588 499 635 (3.
519 589 606 623 Dist.
623 599 673 634 34.
696 600 725 633 q.
745 599 775 622 2.
798 593 862 622 art.
882 599 910 633 3.
933 593 961 621 et
983 588 1077 622 Rom.
1093 587 1124 622 S.
1149 587 1285 632 Iact.3.).

167 678 227 713 AD
261 688 441 717 QUINTUM
475 678 524 712 sic
554 676 769 724 proceditur.
799 676 960 718 Videtur,
990 676 1086 721 quod
1114 676 1224 710 timor
1254 675 1392 709 servilis
1424 675 1468 709 511
1494 675 1591 709 idem
1618 675 1654 708 in

97 732 293 768 substantia
315 743 398 766 cum
419 732 550 766 timore
572 730 689 765 filiali:
712 731 760 764 ita
782 730 880 765 enim
900 730 1041 764 videtur
1062 742 1098 764 se
1118 730 1248 764 habere
1268 730 1376 763 timor
1394 729 1509 762 filialis
1530 729 1573 762 ad
1588 740 1655 762 ser—

98 785 218 828 vilem,
234 786 326 820 sicut
341 785 426 820 fides
442 784 595 819 formata
614 784 657 818 ad
678 783 892 826 informem;
915 795 1070 830 quorum
1089 795 1202 817 unum
1221 791 1273 817 est
1291 795 1375 817 cum
1393 790 1546 828 peccato
1562 793 1655 816 mor-

98 839 171 881 tali,
193 839 288 873 aliud
309 849 395 872 vero
418 849 511 872 non:
534 839 596 872 sed
618 837 745 872 eadem
767 837 967 871 secundum
988 837 1225 871 substantiam
1247 845 1299 871 est
1325 836 1413 870 fides
1438 835 1604 877 formata,
1621 843 1655 869 et

98 892 278 935 informis;
301 903 388 937 ergo
412 900 446 926 et
466 892 563 926 idem
585 899 638 926 est
659 891 858 925 secundum
879 891 1114 925 substantiam
1141 890 1251 924 timor
1273 889 1422 931 servilis,
1445 897 1479 923 et
1501 888 1629 923 filialis.

170 956 201 980 2.
223 946 458 980 PRAETEREA.
482 945 633 979 Habitus
656 944 939 979 diversificantur
968 944 1168 978 secundum
1199 944 1360 990 objecta:
1387 943 1450 978 sed
1478 942 1575 976 idem
1603 951 1655 977 est

99 999 281 1045 obJectum
297 999 439 1033 timoris
460 998 610 1040 servilis,
631 1006 666 1032 et
687 997 822 1039 filialis3
844 997 926 1043 quia
948 1005 1099 1043 utroque
1115 998 1246 1032 timore
1266 997 1413 1031 timetur
1429 996 1547 1039 Deus;
1568 1007 1654 1042 ergo

101 1061 136 1088 et
155 1053 253 1088 idem
275 1060 327 1087 est
347 1052 547 1086 secundum
568 1051 804 1086 substantiam
829 1051 939 1085 timor
960 1051 1109 1093 servilis,
1133 1059 1167 1085 et
1187 1051 1297 1085 timor
1317 1050 1446 1085 filialis.

173 1118 202 1153 3.
224 1107 458 1141 PRAETEREA.
482 1105 582 1140 Sicut
604 1105 718 1139 homo
740 1113 859 1151 sperat
873 1103 943 1138 frui
958 1105 1052 1146 Deo,
1071 1113 1106 1139 et
1125 1105 1233 1139 etiam
1253 1105 1294 1138 ab
1315 1115 1358 1138 eo
1378 1104 1551 1138 beneficia
1570 1104 1656 1138 obti-

99 1170 204 1202 nere3
223 1160 272 1194 ita
293 1160 403 1194 etiam
423 1159 528 1193 timet
548 1159 704 1205 separari
730 1170 749 1192 a
776 1159 869 1200 Deo,
891 1166 926 1192 et
951 1169 1086 1204 poenas
1113 1159 1155 1192 ab
1179 1169 1222 1192 eo
1249 1158 1338 1204 pati:
1365 1158 1427 1192 sed
1449 1159 1577 1192 eadem
1603 1166 1657 1192 est

99 1224 191 1260 spes,
212 1224 282 1259 qua
302 1224 488 1259 speramus
508 1212 577 1246 frui
597 1213 692 1254 Deo,
715 1220 749 1246 et
770 1223 840 1257 qua
861 1223 1047 1257 speramus
1070 1211 1139 1245 alia
1160 1211 1334 1246 beneficia
1357 1212 1518 1246 obtinere
1538 1213 1579 1245 ab
1599 1223 1656 1254 eo,

100 1275 138 1301 ut
158 1267 293 1301 dictum
315 1274 367 1300 est
387 1267 434 1312 (q.
457 1276 508 1312 17.
529 1271 592 1300 art.
608 1278 639 1300 2.
655 1265 697 1300 ad
717 1265 788 1310 2.);
813 1276 900 1310 ergo
924 1265 1034 1299 etiam
1054 1265 1152 1299 idem
1171 1273 1225 1300 est
1245 1265 1355 1299 timor
1376 1265 1506 1307 filialis,
1527 1277 1599 1311 quo
1618 1265 1656 1299 11-

101 1331 241 1355 memus
262 1320 527 1366 separationem
549 1331 568 1353 a
589 1319 683 1361 Deo,
706 1327 741 1353 et
760 1319 870 1352 timor
891 1318 1040 1360 servilis,
1063 1330 1133 1365 quo
1156 1320 1326 1353 timemus
1349 1319 1390 1352 ab
1414 1330 1457 1353 eo
1480 1319 1606 1365 puniri.

173 1373 246 1408 SED
269 1384 423 1408 CONTRA
441 1381 505 1415 est,
527 1373 624 1419 quod
645 1372 799 1417 August.
821 1383 927 1418 super
945 1383 972 1406 1.
990 1372 1246 1417 Canon.Joan.
1264 1372 1376 1416 (tract.
1396 1384 1428 1418 9.
1451 1374 1542 1407 circa
1555 1372 1654 1417 med.)

102 1427 198 1468 dicit,
219 1427 297 1461 duos
319 1438 396 1461 esse
417 1427 576 1468 timores,
599 1427 702 1460 alium
724 1424 904 1468 servilem,
928 1434 962 1460 et
983 1426 1088 1460 alium
1110 1425 1270 1468 filialem,
1292 1425 1351 1460 vel
1372 1434 1522 1460 castum.

172 1480 399 1514 RESPONDEO
425 1479 628 1521 dicendum,
658 1478 755 1525 quod
776 1479 961 1524 proprium
983 1480 1167 1524 objectum
1192 1479 1333 1513 timoris
1360 1487 1412 1514 est
1434 1478 1594 1513 malum:
1622 1487 1656 1513 et

103 1533 186 1578 quia
207 1541 317 1574 actus,
333 1540 367 1566 et
387 1533 528 1566 habitus
543 1533 808 1578 distinguuntur
822 1533 1021 1568 secundum
1036 1533 1188 1577 objecta,
1206 1540 1245 1566 ut
1263 1544 1304 1566 ex
1319 1544 1426 1578 supra
1443 1532 1546 1566 dictis
1560 1540 1657 1578 patet

105 1586 184 1629 (ι’-2.
207 1598 236 1631 q.
252 1597 304 1631 54.
326 1591 388 1620 art.
404 1587 465 1631 2.),
488 1596 635 1620 11000550
657 1594 720 1628 051,
742 1587 838 1632 quod
860 1586 1057 1621 secundum
1081 1586 1324 1620 diversitatem
1342 1585 1523 1620 malorum
1546 1586 1656 1620 etiam

102 1640 251 1673 timores
272 1640 389 1685 specie
411 1638 586 1673 differant.
608 1639 788 1674 Differunt
809 1648 930 1674 autem
948 1639 1067 1685 specie
1089 1638 1227 1673 malum
1250 1650 1400 1685 poenae,
1416 1640 1512 1685 quod
1527 1639 1657 1685 refugit

102 1693 210 1727 timor
231 1692 379 1734 servilis,
401 1701 435 1726 et
456 1692 592 1726 malum
615 1692 752 1739 culpae,
775 1693 871 1738 quod
892 1692 1022 1738 refugit
1039 1693 1149 1726 timor
1169 1692 1298 1734 filialis,
1316 1701 1354 1726 ut
1373 1704 1414 1726 ex
1433 1703 1539 1738 supra
1553 1692 1656 1726 dictis

102 1753 199 1791 patet
221 1745 299 1789 (art.
321 1757 352 1780 2.
375 1746 442 1791 huj.
462 1747 533 1791 q.);
557 1749 651 1780 unde
673 1745 904 1780 manifestum
924 1754 986 1788 est,
1006 1747 1101 1792 quod
1116 1746 1225 1780 timor
1239 1746 1388 1788 servilis,
1404 1754 1438 1780 et
1451 1745 1568 1780 filialis
1582 1757 1656 1780 non

101 1807 184 1834 sunt
202 1799 299 1833 idem
321 1799 519 1833 secundum
540 1799 786 1841 substantiam,
808 1800 870 1834 sed
889 1799 1057 1833 differunt
1077 1799 1206 1845 specie.

172 1852 231 1887 AD
246 1863 394 1887 PRIMUM
416 1864 502 1897 ergo
525 1853 729 1894 dicendum,
745 1853 841 1899 quod
862 1853 949 1887 fides
970 1852 1138 1894 formata,
1161 1861 1194 1887 et
1216 1852 1380 1887 informis
1402 1864 1476 1887 non
1491 1853 1658 1888 differunt

101 1905 299 1940 secundum
321 1906 513 1951 objectum,
534 1915 683 1952 utraque
705 1907 804 1940 enim
824 1906 911 1940 fides
933 1915 968 1940 et
989 1907 1101 1941 credit
1121 1906 1214 1948 1300,
1237 1914 1272 1940 01
1301 1906 1413 1941 credit
1433 1907 1572 1942 Deum:
1595 1908 1657 1941 sed

103 1958 268 1993 differunt
288 1958 408 1993 solum
429 1970 491 2005 per
513 1958 658 2005 aliquod
680 1959 933 2001 extrinsecum,
955 1959 1094 1994 scilicet
1123 1960 1323 1994 secundum
1344 1961 1597 2006 praesentiam,
1624 1969 1658 1995 et

103 2012 299 2046 absentiam
322 2012 515 2054 charitatis,
537 2020 571 2046 et
590 2013 674 2047 ideo
695 2023 769 2046 non
792 2012 958 2047 differunt
975 2013 1175 2047 secundum
1194 2014 1450 2049 substantiam:
1469 2014 1531 2048 sed
1548 2015 1658 2048 timor

103 2065 250 2108 servilis,
271 2073 306 2100 et
325 2065 442 2100 filialis
464 2065 631 2100 differunt
651 2066 852 2100 secundum
873 2066 1033 2112 objecta3
1057 2075 1092 2102 et
1112 2067 1194 2101 ideo
1216 2078 1291 2101 non
1310 2075 1362 2102 est
1382 2067 1508 2101 similis
1530 2068 1633 2102 ratio.

172 2119 232 2153 AD
259 2129 464 2154 SECUNDUM
485 2119 691 2161 dicendum,
706 2119 802 2166 quod
816 2120 926 2154 timor
947 2120 1096 2162 servilis,
1119 2129 1152 2155 et
1173 2121 1283 2155 timor
1304 2120 1420 2154 filialis
1435 2132 1509 2155 non
1523 2121 1658 2156 habent

104 2172 270 2206 eamdem
298 2172 546 2207 habitudinem
578 2173 622 2206 ad
647 2173 787 2207 Deum:
815 2184 902 2207 narn
930 2174 1040 2208 timor
1067 2173 1205 2208 servilis
1235 2174 1380 2219 respicit
1406 2175 1540 2216 Deum,
1565 2175 1658 2209 sicut

104 2225 318 2271 principium
347 2225 560 2260 inflictivum
586 2238 803 2272 poenarum:
830 2227 939 2261 timor
966 2235 1086 2261 autem
1112 2226 1229 2261 filialis
1256 2227 1400 2273 respicit
1424 2228 1556 2269 Deum,
1582 2239 1657 2262 non

104 2278 195 2312 sicut
214 2279 428 2325 principium
455 2281 613 2313 activum
636 2279 783 2326 culpae3
810 2280 871 2314 sed
893 2280 1011 2326 potius
1038 2280 1130 2314 sicut
1150 2281 1356 2322 terminum,
1385 2292 1404 2314 a
1430 2292 1501 2326 quo
1528 2280 1658 2326 refugit

103 2332 259 2377 separari
278 2343 340 2378 per
362 2331 526 2378 culpam;
548 2340 582 2366 et
603 2333 684 2367 ideo
708 2344 750 2366 ex
771 2333 842 2367 hoc
858 2334 1013 2378 obJectQ
1029 2333 1126 2379 quod
1142 2341 1195 2368 est
1208 2334 1319 2375 Deus,
1335 2345 1410 2367 non
1425 2334 1657 2380 consequitur

104 2384 326 2419 identitatem
347 2384 406 2430 [al.
422 2385 586 2430 identitas]
604 2386 757 2432 speciei:
781 2386 863 2432 quia
887 2387 996 2420 etiarn
1015 2395 1134 2420 motus
1151 2387 1332 2421 naturales
1346 2387 1546 2421 secundum
1561 2386 1658 2421 habi-

103 2437 264 2472 tudinem
288 2437 348 2483 [al.
370 2439 593 2473 habitudinem
614 2439 796 2484 diversam]
820 2439 862 2473 ad
885 2439 1043 2485 aliquem
1061 2440 1256 2474 terminum
1278 2441 1397 2486 specie
1419 2440 1659 2474 diversifican-

103 2499 175 2526 tur:
196 2502 270 2525 non
292 2491 388 2525 enim
408 2491 505 2525 idem
528 2500 581 2526 est
601 2501 721 2526 motus
743 2493 875 2539 specie,
898 2494 959 2539 qui
981 2501 1032 2527 est
1059 2494 1100 2527 ab
1124 2493 1299 2535 albedine,
1328 2502 1362 2528 et
1383 2494 1442 2540 qui
1469 2502 1521 2527 est
1547 2493 1590 2527 ad
1612 2492 1658 2527 al-

103 2543 281 2578 bedinem.

107 2598 112 2602 '
174 2598 234 2632 AD
257 2609 426 2633 TERTIUM
448 2599 652 2642 dicendum,
674 2600 771 2646 quod
801 2611 881 2646 spes
910 2600 1055 2646 respicit
1075 2601 1196 2634 Deum
1218 2601 1308 2634 sicut
1330 2601 1556 2646 principium,
1582 2609 1656 2634 tam

105 2659 266 2697 respectu
286 2651 463 2686 fruitionis
481 2653 633 2695 divinae,
652 2665 760 2699 quam
779 2662 941 2698 respectu
961 2655 1219 2700 cujuscumque
1238 2654 1381 2688 alterius
1396 2654 1563 2688 benefici:
1583 2665 1657 2688 non

107 2712 227 2738 autem
249 2712 301 2738 est
321 2706 370 2738 sic
394 2705 437 2739 de
458 2706 606 2748 timore;
629 2714 662 2740 et
682 2706 764 2741 ideo
791 2718 865 2741 non
889 2715 941 2741 est
967 2707 1092 2741 similis
1115 2708 1216 2741 ratio.
