1905 3137
251 152 329 181 102
694 151 914 185 QUAESTIO
948 151 990 180 X.
1023 152 1265 182 ARTICULUS
1299 152 1355 182 IX.

240 233 467 279 prohibitione
483 233 707 278 permittimus
716 244 728 273 ;
757 232 819 266 sed
852 233 896 266 ad
923 244 1077 268 coenam
1104 233 1254 279 alicujus
1287 234 1337 268 ire
1368 241 1421 268 est
1450 235 1483 268 ei
1509 235 1799 279 communicare3

245 297 332 332 ergo
354 285 557 319 infidelibus
575 284 660 319 licet
681 286 964 320 communicare.

318 349 349 372 2.
374 339 609 373 PRAETEREA.
632 339 759 385 Apost.
782 339 868 374 dicit
897 351 924 373 1.
948 340 991 374 ad
1019 340 1104 374 Cor.
1135 351 1184 385 5.:
1208 340 1301 385 Quid
1325 341 1407 374 mihi
1433 345 1474 375 est
1495 340 1530 376 de
1557 341 1616 383 his,
1639 342 1695 386 qui
1719 341 1802 385 foris

243 397 327 433 sunl,
348 391 528 437 judicare?
550 392 650 426 Foris
669 401 789 427 autem
812 401 893 427 sunt
914 392 1103 435 infedeles3
1126 405 1209 427 cum
1232 404 1318 439 ergo
1341 405 1404 439 per
1424 393 1597 439 judicium
1618 393 1801 428 Ecclesiae

246 445 450 490 aliquorum
473 446 685 480 communio
707 445 870 480 fidelibus
891 447 1104 488 inhibeatur,
1127 447 1266 481 videtur
1288 447 1383 493 quod
1402 458 1476 481 non
1498 447 1542 481 sit
1563 447 1801 482 inhibendum

246 498 408 532 fidelibus
431 509 515 532 cum
536 498 738 533 infidelibus
753 500 1036 534 communicare.

319 562 347 597 3.
379 551 614 586 PRAETEREA.
648 553 829 586 Dominus
857 564 931 586 non
958 560 1075 598 potest
1101 553 1151 587 uti
1178 564 1294 595 servo,
1320 553 1389 587 nisi
1419 553 1451 587 ei
1481 553 1800 596 communicando,

244 604 373 638 saltem
395 605 525 647 verbo3
549 605 631 651 quia
661 605 829 640 dominus
858 614 982 640 movet
1011 618 1154 640 servum
1179 618 1241 652 per
1269 607 1481 652 imperium3
1510 607 1572 641 sed
1606 607 1803 641 Christiani
1844 611 1848 614 '

244 665 395 704 possunt
416 658 548 692 habere
571 670 694 693 servos
717 659 900 701 infedeles,
921 659 979 693 vel
1000 660 1168 705 Judaeos,
1190 659 1248 694 vel
1270 660 1378 694 etiam
1400 660 1578 706 Paganos,
1605 660 1678 695 sive
1701 661 1802 695 Sara-

245 722 376 752 cenos;
399 722 486 756 ergo
509 721 660 757 possunt
681 712 777 746 licite
799 724 882 746 cum
906 713 955 747 eis
978 713 1260 747 communicare.

317 764 391 798 SED
417 775 572 800 CONTRA
595 773 658 807 est,
680 765 776 811 quod
804 766 932 800 dicitur
957 766 1105 801 Deuter.
1134 778 1183 812 7.:
1212 767 1290 801 Non
1317 768 1415 801 inibis
1436 779 1510 802 cum
1535 768 1579 802 eis
1590 767 1720 813 foedus,
1746 779 1802 802 nec

244 819 445 853 misereberis
466 830 592 861 eorum,
618 831 716 864 neque
742 820 880 854 sociabis
907 832 981 854 cum
1003 821 1045 854 eis
1067 822 1254 861 connubia,-
1283 828 1317 854 et
1343 831 1449 866 super
1474 820 1562 854 illud
1588 821 1702 855 Levit.
1733 831 1801 866 15.:

245 871 383 913 Mulier,
408 883 489 917 quae
514 871 663 906 redeunte
685 884 802 914 mense,
830 880 896 907 etc.
921 873 1006 908 dicit
1029 873 1131 908 Glos.
1156 874 1294 919 (ordin.)
1309 887 1318 908 .·
1339 874 1393 908 Sic
1416 878 1538 920 oportet
1555 875 1595 908 ab
1614 874 1802 908 idololatria

246 926 418 967 abstinere,
438 930 475 960 ut
492 937 548 960 nec
570 925 772 968 idololatras,
795 939 851 961 nec
873 939 983 961 eorum
1007 927 1181 974 discipulos
1207 929 1444 973 contingamus,
1466 939 1522 962 nec
1543 939 1618 962 cum
1646 929 1689 962 eis
1714 939 1802 963 com-

243 979 431 1013 munionem
459 979 645 1013 habeamus.

316 1031 546 1067 RESPONDEO
569 1032 775 1075 dicendum,
794 1033 890 1079 quod
905 1033 1117 1067 communio
1134 1033 1283 1079 alicujus
1297 1044 1473 1080 personae
1487 1033 1708 1068 interdicitur
1721 1033 1803 1068 fide-

244 1084 336 1119 libus
357 1085 552 1132 dupliciter:
574 1098 638 1121 uno
660 1086 754 1121 modo
776 1087 812 1120 in
834 1098 991 1133 poenam
1012 1087 1118 1128 illius,
1138 1087 1195 1121 cui
1217 1087 1428 1121 communio
1450 1087 1612 1121 fidelium
1632 1087 1804 1122 subtrahi-

247 1147 320 1173 tur:
343 1139 408 1173 alio
430 1139 525 1174 mocio
547 1140 590 1173 ad
606 1139 785 1174 cautelam
802 1151 940 1182 eorum,
963 1140 1090 1186 quibus
1107 1140 1341 1182 interdicitur,
1359 1152 1403 1175 ne
1426 1141 1504 1175 aliis
1519 1140 1801 1175 communicent:

248 1200 283 1227 et
300 1201 450 1239 utraque
473 1205 581 1228 causa
603 1205 645 1227 ex
671 1194 787 1228 verbis
813 1194 983 1240 Apostoli
1006 1195 1120 1241 accipi
1146 1203 1264 1241 potest
1289 1206 1316 1229 1.
1344 1195 1387 1229 ad
1411 1195 1496 1229 Cor.
1523 1206 1568 1240 5.:
1595 1207 1681 1229 nam
1706 1202 1800 1241 post-

246 1257 355 1292 quam
383 1247 599 1281 sententiam
633 1248 1022 1282 excommunicationis
1048 1248 1207 1294 protulit,
1234 1248 1352 1282 subdit
1377 1259 1441 1294 pro
1469 1248 1626 1283 ratione:
1653 1249 1800 1290 Nescitis,

245 1301 324 1346 quia
345 1300 510 1334 modicum
525 1301 729 1346 fermentum
752 1306 852 1335 totam
873 1313 1014 1336 massam
1041 1303 1246 1348 corrumpit?
1264 1301 1308 1336 Et
1328 1309 1453 1348 postea
1479 1301 1658 1336 rationem
1684 1301 1802 1336 subdit

247 1364 289 1387 ex
311 1361 410 1399 parte
432 1365 572 1400 poenae
594 1366 656 1399 per
677 1355 851 1399 judicium
869 1354 1053 1389 Ecclesiae
1074 1354 1207 1396 illatae,
1231 1366 1312 1388 cum
1335 1355 1438 1390 dicit:
1461 1355 1578 1389 Nonne
1599 1354 1636 1389 de
1658 1355 1716 1396 his,
1744 1355 1802 1400 qui

248 1408 335 1441 intus
351 1412 434 1448 sunt,
457 1419 514 1441 vos
531 1407 716 1452 judicatis?
737 1408 861 1442 Primo
884 1419 970 1453 ergo
998 1408 1110 1442 modo
1132 1419 1207 1442 non
1232 1408 1412 1442 interdicit
1434 1407 1617 1442 Ecclesiae
1639 1407 1801 1442 fidelibus

247 1461 547 1495 communionem
578 1461 789 1503 infidelium,
823 1461 882 1508 qui
909 1461 1009 1496 nullo
1037 1461 1148 1495 modo
1174 1461 1284 1495 fidem
1311 1461 1556 1495 Christianam
1581 1467 1802 1507 receperunt,

244 1514 383 1548 scilicet
403 1514 647 1559 Pagzmorum,
661 1514 719 1548 vel
735 1515 972 1560 Judaeorum:
993 1515 1075 1560 quia
1096 1526 1170 1548 non
1191 1514 1299 1548 habet
1313 1514 1356 1548 de
1378 1515 1428 1548 eis
1449 1514 1607 1559 judicare
1628 1512 1804 1560 spirituali

245 1567 391 1612 judicio,
413 1568 474 1601 sed
496 1567 700 1614 temporali,
722 1568 758 1601 in
781 1579 865 1602 casu
888 1580 971 1602 cum
993 1568 1084 1602 inter
1107 1567 1334 1601 Christianos
1357 1575 1626 1601 commorantes
1645 1566 1803 1613 aliquam

245 1620 389 1666 culpam
415 1621 658 1663 committunt,
686 1629 720 1655 et
749 1633 811 1667 per
836 1621 960 1655 fideles
986 1620 1235 1667 temporaliter
1261 1621 1470 1666 puniuntur:
1498 1621 1559 1655 sed
1585 1621 1653 1655 isto
1679 1620 1803 1663 modo,

245 1673 382 1708 scilicet
403 1675 439 1708 in
461 1686 631 1720 poenam,
653 1675 833 1709 interdicit
855 1674 1017 1708 Ecclesia
1045 1674 1208 1708 fidelibus
1236 1674 1537 1709 communionem
1563 1674 1709 1708 illorum
1729 1673 1804 1708 infi-

244 1727 391 1770 delium,
413 1728 473 1774 qui
495 1740 513 1762 a
540 1728 610 1762 fide
632 1736 797 1774 suscepta
820 1728 975 1770 deviant,
997 1727 1055 1762 vel
1078 1728 1344 1774 corrumpendo
1364 1728 1483 1770 fidem,
1506 1728 1598 1762 sicut
1618 1727 1802 1770 haeretici,

244 1780 302 1814 vel
323 1781 431 1815 etiam
453 1781 612 1815 totaliter
629 1793 647 1814 a
662 1781 731 1815 fide
747 1782 962 1823 recedendo,
977 1782 1068 1815 sicut
1091 1789 1292 1827 apostatae:
1315 1781 1351 1814 in
1369 1789 1539 1826 utrosque
1561 1781 1658 1815 enim
1671 1781 1804 1814 horum

245 1835 633 1869 excommunicationis
661 1836 876 1869 sententiam
903 1835 1038 1881 profert
1063 1834 1238 1869 Ecclesia.
1267 1835 1337 1869 Sed
1365 1843 1539 1880 quantum
1561 1834 1604 1868 ad
1629 1834 1803 1869 secundum

246 1889 409 1930 modum,
436 1888 575 1922 videtur
602 1900 678 1922 esse
707 1889 997 1934 distinguendum
1025 1888 1225 1922 secundum
1251 1888 1408 1922 diversas
1435 1888 1660 1922 conditiones
1686 1899 1805 1934 perso-

244 1953 383 1984 narum,
408 1950 442 1976 et
462 1942 706 1987 negotiorum,
729 1950 763 1975 et
780 1950 1006 1987 temporum:
1030 1941 1059 1975 si
1082 1941 1178 1975 enim
1201 1941 1309 1986 aliqui
1331 1941 1462 1975 fuerint
1482 1941 1574 1975 firmi
1595 1941 1632 1975 in
1652 1941 1734 1983 fide,
1754 1940 1803 1975 ita

244 1995 341 2040 quod
363 2006 404 2029 ex
424 1995 684 2029 communione
707 2006 833 2029 eorum
857 2006 939 2028 cum
954 1994 1156 2028 infidelibus
1177 1995 1367 2028 conversio
1384 1994 1584 2028 infidelium
1599 1994 1714 2039 magis
1728 2005 1804 2040 spe-

244 2049 313 2082 rari
340 2048 464 2094 possit,
491 2059 599 2094 quam
627 2047 787 2081 fidelium
815 2059 835 2081 a
864 2047 933 2082 fide
961 2049 1112 2089 aversio,
1140 2059 1213 2082 non
1252 2056 1334 2082 sunt
1359 2047 1573 2093 prohibendi
1600 2047 1802 2082 infidelibus

246 2102 530 2143 communicare,
553 2101 614 2147 qui
640 2101 749 2135 fidem
776 2112 849 2135 non
876 2109 1122 2147 susceperunt,
1150 2101 1288 2135 scilicet
1314 2101 1481 2147 Paganis,
1501 2100 1559 2135 vel
1580 2101 1742 2146 Judaeis3
1769 2108 1804 2135 et

245 2155 402 2189 maxime
421 2155 449 2189 si
475 2155 669 2189 necessitas
696 2162 838 2199 urgeat:
867 2154 897 2188 si
923 2162 1043 2188 autem
1065 2155 1135 2188 sint
1160 2154 1354 2200 simplices,
1377 2163 1412 2188 et
1436 2154 1569 2188 infirmi
1594 2155 1630 2188 in
1650 2154 1732 2196 fide,
1759 2154 1802 2188 de

245 2219 400 2254 quorum
423 2208 656 2242 subversione
675 2207 907 2254 probabiliter
923 2208 1042 2242 timeri
1063 2208 1186 2254 possit,
1208 2207 1424 2254 prohibendi
1444 2215 1527 2241 sunt
1540 2207 1582 2241 ab
1603 2207 1802 2241 infidelium

247 2262 527 2304 communione3
551 2269 586 2295 et
606 2261 797 2307 praecipue
819 2272 863 2294 ne
886 2272 1058 2306 magnam
1079 2260 1362 2294 familiaritatem
1385 2272 1468 2294 cum
1491 2261 1539 2295 eis
1561 2260 1728 2302 habeant,
1745 2259 1803 2294 vel

247 2315 380 2360 absque
399 2315 612 2348 necessitate
635 2314 685 2348 eis
708 2314 990 2348 communicent.

317 2368 360 2402 Et
381 2379 444 2414 per
465 2368 553 2401 haec
573 2375 670 2413 patet
692 2367 824 2401 solutio
846 2378 895 2401 Al)
922 2378 1082 2402 Pmnun.

317 2422 376 2455 An
399 2431 605 2455 SECUNDUM
632 2420 836 2462 dicendum,
860 2421 956 2466 quod
977 2420 1140 2454 Ecclesia
1163 2428 1287 2454 contra
1310 2419 1470 2454 infideles
1492 2431 1566 2453 non
1587 2420 1696 2454 habet
1716 2419 1804 2465 judi-

246 2475 342 2509 cium
358 2475 476 2520 quoad
495 2485 650 2519 poenam
665 2473 887 2519 spiritualem
907 2474 955 2507 eis
972 2473 1222 2518 infligendam:
1242 2473 1349 2507 habet
1367 2481 1488 2507 tamen
1511 2473 1683 2518 judicium
1698 2484 1803 2518 super

246 2529 384 2574 aliquos
406 2528 568 2562 infideles
591 2528 710 2573 quoad
730 2527 970 2573 temporalem
998 2538 1153 2572 poenam
1176 2526 1430 2571 infligendam·⁷
1453 2526 1494 2559 ad
1518 2526 1613 2572 quod
1640 2526 1802 2572 pertinet,

245 2583 341 2628 quod
364 2581 525 2615 Ecclesia
548 2581 741 2627 aliquando
765 2588 909 2626 propter
933 2580 1069 2625 aliquas
1091 2580 1266 2625 speciales
1290 2579 1411 2625 culpas
1431 2580 1605 2614 subtrahit
1627 2579 1802 2625 aliquibus

247 2635 446 2669 infidelibus
469 2634 767 2668 communionem
791 2633 962 2667 fidelium.

317 2689 376 2722 AD
404 2699 573 2722 TERTIUM
596 2687 801 2729 dicendum,
824 2687 919 2732 quod
943 2686 1058 2731 magis
1086 2694 1138 2720 est
1163 2686 1357 2732 probabile,
1385 2686 1480 2732 quod
1508 2697 1640 2728 servus,
1668 2686 1727 2732 qui
1753 2696 1803 2720 re-

246 2742 339 2787 gitur
361 2741 514 2787 imperio
537 2740 687 2781 domini,
707 2748 936 2774 convertatur
958 2740 1000 2772 ad
1024 2739 1129 2772 tidem
1147 2739 1283 2772 domini
1305 2739 1430 2781 fidelis,
1446 2751 1553 2785 quam
1573 2750 1591 2773 e
1613 2749 1801 2781 converso,

246 2803 280 2828 et
301 2795 382 2828 ideo
402 2806 474 2828 non
498 2802 550 2828 est
580 2794 812 2839 prohibitum,
840 2794 924 2838 quin
951 2792 1074 2826 fideles
1096 2792 1250 2826 habeant
1277 2804 1399 2827 servos
1421 2792 1596 2826 infideles:
1624 2792 1654 2826 si
1679 2799 1801 2826 tamen

247 2848 396 2882 domino
419 2847 620 2893 periculum
641 2847 848 2881 immineret
869 2858 910 2881 ex
933 2845 1192 2880 communione
1215 2845 1294 2880 talis
1319 2847 1423 2888 servi,
1442 2846 1586 2880 deberet
1607 2857 1690 2880 eum
1717 2856 1736 2878 a
1762 2856 1800 2879 se
