1859 3122
468 210 688 246 QUAESTIO
723 209 927 239 CLXXXIX.
961 208 1205 239 ARTICULUS
1237 208 1310 238 VII.
1555 208 1664 251 1279

111 299 300 326 manerent
321 291 442 337 plebes
465 291 597 337 absque
620 302 704 325 cura
734 299 930 338 pastorum,
958 290 1054 337 quod
1081 298 1174 325 esset
1198 290 1480 332 inconveniens3
1509 301 1595 336 ergo
1617 290 1667 324 vi-

111 345 226 386 detur,
249 345 344 390 quod
367 345 565 391 presbyteri
587 344 699 378 curati
720 355 793 378 non
816 344 954 390 possint
974 343 1070 378 licite
1093 343 1308 390 religionem
1331 344 1472 377 intrare.

185 409 213 443 3.
237 398 471 432 PRAETEREA.
495 398 589 432 Inter
611 405 722 439 actus,
746 398 788 431 ad
811 408 901 443 quos
923 397 1117 443 religiones
1140 397 1361 438 ordinantur,
1383 396 1567 443 praecipui
1588 403 1671 431 sunt

111 451 174 494 illi,
196 453 322 498 quibus
343 452 469 499 aliquis
484 452 728 498 contemplata
743 451 819 486 aliis
834 452 959 494 tradit;
980 452 1190 497 hujusmodi
1205 459 1325 486 autem
1342 459 1441 485 actus
1458 459 1670 498 competunt

110 506 325 552 presbyteris
348 507 490 548 curatis,
513 514 547 540 et
574 506 850 548 archidiaconis,
877 505 1003 552 quibus
1033 516 1074 539 ex
1101 504 1222 540 officio
1251 506 1425 551 competit
1450 505 1670 551 praedicare,

111 566 146 593 et
167 558 413 594 confessiones
435 560 576 601 audire3
599 570 685 605 ergo
707 559 856 601 videtur,
880 559 976 605 quod
998 570 1072 593 non
1094 558 1202 594 liceat
1222 559 1430 605 presbytero
1459 566 1595 600 curato,
1610 557 1669 592 vel

111 611 369 646 archidiacono
390 613 540 647 transire
563 612 606 646 ad
627 612 854 658 religionem.

182 664 256 700 SED
283 676 437 701 CONTRA
465 674 528 707 est,
555 666 651 712 quod
678 666 713 699 in
740 666 846 700 Decr.
878 677 930 712 19.
959 677 990 712 q.
1019 675 1049 699 2.
1073 677 1170 712 cap.:
1194 666 1292 700 Duae
1311 670 1388 699 sunt
1408 665 1498 711 leges,
1521 664 1669 699 dicitur:

113 730 132 750 «
151 717 190 752 Si
211 719 289 764 quis
313 719 528 753 clericorum
550 719 584 752 in
607 719 769 753 Ecclesia
788 730 850 753 sua
869 719 931 753 sub
951 718 1131 765 Episcopo
1152 719 1326 764 populum
1342 719 1480 760 retinet,
1497 726 1531 752 et
1549 729 1672 752 saecu-

109 770 230 806 lariter
250 772 349 814 vivit,
371 773 400 806 si
422 772 560 806 afflatus
584 772 717 818 Spiritu
741 772 874 806 Sancto
898 773 932 805 in
956 772 1078 818 aliquo
1100 772 1336 813 monasterio,
1357 771 1415 805 vel
1437 771 1591 817 regulari
1615 782 1670 805 ca-

109 825 241 859 nonica
263 836 300 859 se
322 825 460 859 salvare
478 825 644 866 voluerit,
663 825 772 859 etiam
788 826 969 872 Episcopo
988 836 1053 860 suo
1074 825 1354 867 contradicente,
1369 833 1427 859 eat
1441 824 1530 859 liber
1548 832 1671 859 nostra

111 878 323 912 auctoritate
342 892 374 912 n.

181 930 410 966 Ri-:spoxmzo
442 931 647 973 dicendum,
669 931 777 977 quod,
799 932 890 966 sicut
919 943 1025 978 supra
1055 931 1189 966 dictum
1216 939 1269 966 est
1292 932 1370 975 (art.
1390 945 1416 978 3.
1437 933 1506 977 huj.
1530 944 1559 978 q.
1582 931 1624 965 ad
1640 943 1670 977 3.

109 989 137 1019 et
150 996 180 1030 q.
195 985 249 1020 88.
264 989 328 1019 art.
348 994 398 1019 12.
413 984 455 1018 ad
468 986 525 1029 r.),
547 985 720 1030 obligatio
742 985 818 1019 voti
839 985 999 1030 perpetui
1021 984 1218 1030 praefertur
1237 986 1339 1019 omni
1358 985 1416 1018 alii
1433 985 1669 1031 obligationi:

109 1036 262 1083 obligari
297 1046 419 1072 autem
440 1046 527 1072 voto
555 1046 740 1084 perpetuo,
773 1046 807 1071 et
835 1037 990 1071 solemni
1018 1038 1061 1071 ad
1083 1038 1287 1072 vacandum
1317 1038 1445 1072 divinis
1477 1037 1671 1084 obsequiis,

109 1092 283 1136 competit
303 1091 444 1137 proprie
467 1090 664 1136 Episcopis,
687 1099 722 1124 et
742 1090 938 1136 religiosis:
967 1091 1166 1136 presbyteri
1193 1099 1314 1124 autem
1342 1093 1470 1133 curati,
1498 1099 1533 1124 et
1559 1090 1672 1124 archi-

109 1143 254 1178 diaconi
274 1155 347 1178 non
371 1144 574 1189 obligantur
594 1151 682 1177 voto
704 1150 893 1188 perpetuo,
919 1152 954 1177 et
980 1143 1136 1177 solemni
1163 1143 1207 1177 ad
1234 1155 1357 1177 curam
1387 1146 1590 1177 animarum
1616 1154 1668 1177 re-

107 1196 304 1238 tinendam,
326 1197 418 1230 sicut
439 1196 481 1229 ad
503 1196 573 1229 hoc
597 1195 801 1241 obligantur
822 1195 1012 1241 Episcopi;
1032 1196 1125 1229 unde
1140 1196 1312 1242 Episcopi
1331 1197 1576 1242 praesulatum
1595 1207 1670 1230 non

107 1258 258 1295 possunt
278 1250 441 1283 deserere
455 1260 683 1295 quacumque
700 1249 904 1291 occasione,
920 1249 1054 1295 absque
1070 1249 1282 1283 auctoritate
1297 1249 1455 1283 Romani
1472 1249 1671 1290 Pontificis,

108 1310 147 1336 ut
166 1303 317 1336 habetur
335 1310 466 1336 extrav.
488 1302 530 1336 de
548 1301 637 1347 Reg.
658 1309 692 1336 et
711 1301 840 1336 Trans.
857 1302 900 1335 ad
914 1301 1016 1348 relig.
1032 1313 1127 1348 cap.:
1144 1303 1254 1337 Licet:
1275 1303 1522 1336 archidiaconi
1537 1310 1671 1344 autern,

107 1363 142 1389 et
162 1355 358 1402 presbyteri
380 1355 493 1389 curati
513 1363 663 1401 possunt
683 1354 794 1389 libere
816 1355 1066 1389 abrenuntiare
1089 1355 1271 1402 Episcopo
1295 1367 1419 1389 curam
1436 1356 1485 1390 eis
1502 1355 1671 1389 commis-

107 1419 197 1450 sam,
220 1409 352 1454 absque
375 1408 522 1454 speciali
535 1408 682 1442 licentia
699 1409 830 1454 Papae,
844 1409 904 1454 qui
918 1408 1015 1442 solus
1037 1416 1156 1454 potest
1169 1409 1206 1442 in
1220 1409 1314 1443 votis
1329 1409 1509 1455 perpetuis
1532 1409 1669 1455 dispen-

107 1472 205 1504 sare3
236 1462 329 1495 unde
359 1461 592 1496 manifestum
624 1469 687 1503 est,
715 1461 811 1507 quod
838 1461 1012 1503 diaconis,
1043 1469 1077 1496 et
1105 1461 1320 1508 presbyteris
1349 1463 1481 1496 curatis
1511 1461 1596 1496 licet
1622 1462 1666 1496 ad

108 1514 325 1560 religionem
345 1515 507 1549 transire.

179 1568 240 1602 AD
262 1578 409 1602 PRIMUM
431 1579 518 1614 ergo
541 1567 746 1610 dicendum,
769 1567 865 1613 quod
886 1567 1084 1613 presbyteri
1107 1568 1232 1610 curati,
1254 1576 1289 1602 et
1310 1568 1559 1602 archidiaconi
1586 1567 1674 1602 obli·

108 1629 286 1667 gaverunt
306 1632 343 1655 se
367 1621 410 1654 ad
433 1633 555 1655 curam
579 1621 756 1667 agendam
778 1621 1014 1663 subditorum,
1034 1622 1206 1667 quamdiu
1228 1622 1381 1656 retinent
1401 1621 1671 1655 archidiacona-

107 1683 197 1716 tum,
217 1674 277 1708 vel
298 1675 527 1720 parochiam:
550 1685 624 1708 non
647 1681 766 1708 autern
789 1674 1041 1719 obligaverunt
1066 1685 1103 1708 se
1126 1675 1169 1708 ad
1190 1674 1274 1717 hoc,
1296 1674 1392 1721 quod
1420 1683 1593 1720 perpetuo
1621 1686 1673 1708 ar-

114 1727 420 1769 chidiaconatum,
442 1727 500 1762 vel
521 1727 732 1772 parochiam
755 1735 909 1762 teneant.

180 1781 240 1815 AD
267 1791 474 1816 SECUNDUM
496 1780 700 1822 dicendum,
723 1780 831 1826 quod,
853 1780 944 1814 sicut
966 1780 1114 1814 Hieron.
1137 1779 1223 1814 dicit
1244 1788 1369 1814 contra
1389 1780 1499 1826 Vigil.
1524 1781 1613 1827 (cap.
1637 1781 1671 1816 6.

108 1835 144 1868 in
159 1836 272 1881 princ.
294 1839 323 1869 et
342 1836 483 1880 incipias
508 1834 615 1868 Multa
636 1835 671 1868 in
693 1835 806 1879 orlw):
832 1846 850 1866 ‹<
871 1834 1050 1875 Quamvis
1070 1846 1089 1867 a
1107 1842 1141 1868 te
1164 1834 1307 1880 linguae
1329 1835 1496 1881 vipereae
1525 1846 1669 1869 morsus

107 1888 339 1922 saevissimos
361 1888 540 1933 patiantur
561 1887 715 1932 (scilicet
736 1887 912 1933 religiosi)
936 1888 979 1922 de
1001 1888 1128 1933 quibus
1151 1889 1424 1934 argumentaris,
1445 1898 1479 1923 et
1502 1889 1608 1923 dicis:
1632 1889 1672 1923 Si

108 1951 236 1975 omnes
258 1952 295 1974 se
319 1940 512 1974 clauserint
534 1948 569 1975 et
588 1939 719 1974 fuerint
740 1941 775 1974 in
798 1940 1001 1982 solitudine,
1025 1941 1102 1986 quis
1125 1940 1319 1975 celebrabit
1341 1941 1552 1976 Ecclesias?
1577 1942 1671 1982 Quis

107 1993 310 2028 saeculares
328 1994 498 2027 homines
517 1993 743 2028 lucrifaciet?
765 1993 857 2034 Quis
877 2002 1068 2040 peccantes
1087 1994 1131 2027 ad
1146 1994 1293 2029 virtutes
1311 1996 1443 2041 poterit
1458 1995 1671 2029 exhortari?

107 2046 189 2081 Hoc
216 2047 313 2080 enim
340 2047 450 2081 modo
478 2047 507 2080 si
533 2057 660 2081 omnes
686 2055 807 2081 tecum
833 2046 920 2080 fatui
946 2047 1026 2088 sint,
1049 2047 1190 2093 sapiens
1217 2059 1294 2082 esse
1322 2049 1401 2094 quis
1428 2048 1592 2094 poterit?
1627 2048 1672 2082 Et

106 2100 292 2146 virginitas
313 2111 387 2134 non
414 2100 480 2133 erit
506 2100 748 2146 approbanda,
775 2100 805 2133 si
831 2100 927 2134 enim
954 2100 1111 2146 virgines
1139 2112 1266 2135 ornnes
1294 2100 1436 2143 fuerint,
1464 2109 1498 2135 et
1524 2102 1670 2147 nuptiae

107 2164 182 2187 non
202 2152 345 2195 fuerint,
366 2153 523 2187 interibit
545 2165 657 2199 genus
679 2154 902 2188 humanum:
925 2165 1003 2187 rara
1026 2161 1078 2187 est
1099 2154 1222 2196 virtus,
1244 2165 1310 2189 nec
1339 2166 1359 2188 a
1385 2155 1545 2201 pluribus
1564 2166 1668 2201 appe-

105 2206 190 2240 titur
208 2219 244 2240 »:
267 2214 362 2252 patet
384 2217 482 2252 ergo,
504 2206 600 2252 quod
621 2206 681 2240 hic
702 2206 812 2241 timor
833 2206 960 2240 stultus
980 2214 1042 2248 est,
1067 2214 1152 2253 puta
1171 2207 1200 2241 si
1218 2207 1344 2254 aliquis
1363 2208 1508 2242 timeret
1524 2208 1670 2242 haurire

108 2270 252 2305 aquam,
273 2271 318 2293 ne
341 2259 475 2293 flumen
498 2259 676 2293 deficeret.

178 2312 238 2346 AD
261 2322 433 2347 TERTIUM
454 2320 552 2358 patet
572 2312 706 2346 solutio
729 2324 772 2347 ex
794 2312 908 2347 dictis.

652 2452 996 2497 ARTICULUS
1029 2453 1153 2496 VIII.
1600 2476 1664 2512 915

257 2559 411 2588 UTRUM
433 2558 592 2588 LICEAT
614 2560 672 2589 DE
695 2560 781 2590 UNA
801 2560 1037 2590 RELIGIONE
1060 2561 1271 2591 TRANSIRE
1288 2561 1346 2589 AD
1369 2561 1518 2590 ALIAM.

206 2644 254 2689 (4.
281 2645 370 2679 Dz'st.
392 2656 444 2691 27.
466 2657 496 2691 q.
517 2657 546 2680 Ι.
568 2650 631 2680 art.
653 2658 682 2692 3.
704 2658 734 2692 q.
755 2659 783 2681 Ι.
805 2652 835 2682 et
856 2659 884 2693 3.
907 2648 995 2681 Dist.
1018 2647 1069 2693 38.
1093 2659 1122 2692 q.
1144 2659 1172 2682 1.
1195 2652 1258 2682 art.
1279 2659 1314 2692 4.
1336 2659 1365 2693 q.
1388 2660 1417 2694 3.
1445 2648 1486 2682 ad
1512 2649 1573 2693 2.).

180 2732 240 2766 AD
268 2742 456 2767 OCTAVUM
478 2733 527 2767 sic
549 2734 764 2779 proceditur.
787 2734 948 2776 Videtur,
976 2735 1073 2780 quod
1093 2745 1169 2768 non
1190 2734 1297 2769 liceat
1323 2735 1366 2769 de
1393 2747 1465 2769 una
1491 2736 1668 2782 religione

107 2785 258 2818 transire
281 2785 323 2818 ad
346 2785 466 2827 aliam,
488 2786 596 2819 etiam
618 2787 828 2822 arctiorem:
851 2787 937 2821 dicit
959 2788 1055 2821 enim
1076 2788 1204 2833 Apost.
1227 2788 1271 2821 ad
1294 2788 1402 2823 Hebr.
1430 2799 1499 2823 10.:
1523 2789 1600 2823 Non
1621 2789 1670 2824 de-

105 2842 240 2872 serentes
260 2838 481 2872 collectionem
507 2843 665 2882 nostram,
686 2841 767 2874 sicut
788 2845 832 2874 est
853 2840 1091 2874 consuetudinis
1117 2840 1332 2886 quibusdam:
1362 2841 1482 2875 Gloss.
1505 2842 1666 2888 (interl.):

111 2902 129 2921 ‹<
149 2890 225 2931 Qui
245 2890 382 2925 scilicet
401 2890 460 2925 vel
480 2891 610 2925 timore
631 2892 890 2938 persecutionis
912 2892 1054 2934 cedunt,
1075 2893 1133 2926 vel
1154 2893 1299 2939 propria
1329 2895 1622 2940 praesumptione
1651 2907 1670 2929 a
