1905 3137
257 146 336 189 108
701 159 920 194 QUAESTIO
955 160 1013 190 XI.
1046 159 1289 190 ARTICULUS
1322 160 1348 190 1.

829 347 1171 392 ARTICULUS
1208 347 1240 389 ι.
1761 358 1802 406 63

509 468 661 498 UTRUM
688 467 890 498 HAERESIS
920 468 986 497 SIT
1014 467 1337 498 INFIDELITATIS
1366 467 1549 497 SPECIES.

576 567 688 613 (Schr.
708 579 737 613 q.
754 580 803 603 10.
827 573 890 602 art.
907 580 934 614 5.
958 573 987 602 ct
1008 568 1088 613 infr.
1111 579 1141 613 q.
1164 579 1218 613 94.
1242 572 1305 601 art.
1323 579 1350 601 r.
1373 566 1415 600 ad
1432 567 1489 611 1.).

325 669 384 702 AD
408 679 557 703 PRIMUM
587 669 636 702 sic
666 668 881 714 proceditur.
912 669 1074 711 Videtur,
1107 669 1203 715 quod
1236 668 1393 702 haeresis
1419 679 1494 701 non
1521 667 1565 700 sit
1589 665 1807 700 infidelitatis

253 722 408 768 species:
429 721 619 755 infidelitas
635 723 731 755 enim
747 724 781 756 in
798 722 980 756 intellectu
996 730 1058 764 est,
1074 730 1111 756 ut
1129 733 1235 768 supra
1254 722 1390 756 dictum
1406 729 1458 755 est
1472 721 1519 767 (q.
1530 727 1645 768 praec.
1660 725 1723 754 art.
1738 720 1806 765 2.):

253 779 314 813 sed
336 779 494 813 haeresis
515 790 590 813 non
610 778 750 812 videtur
769 779 811 812 ad
834 778 1058 813 intellectum
1080 779 1268 825 pertinere,
1290 778 1352 812 sed
1374 778 1490 823 magis
1513 778 1556 811 ad
1577 778 1651 811 vim
1673 776 1806 823 appeti·

252 832 382 865 tivam:
407 831 492 866 dicit
515 832 612 866 enim
634 831 781 866 Hieron.
802 832 889 878 (sup.
910 832 990 866 illud
1007 832 1158 878 Galczt.5.
1178 832 1360 877 Manifesta
1374 836 1446 865 sunt
1461 831 1590 877 opera),
1611 837 1645 864 et
1657 829 1809 863 habetur

252 885 288 918 in
309 885 453 919 Decret.
476 895 531 927 24.
555 896 587 930 q.
614 896 642 931 3.
662 885 752 931 (cap.
775 885 846 931 27.)
859 898 868 919 .·
890 885 1046 920 Hacresis
1061 897 1175 930 graece
1196 886 1236 920 ab
1258 885 1409 920 electione
1422 884 1566 924 dicitur;
1586 882 1670 929 quod
1689 883 1811 917 scilicet

253 950 325 972 eam
344 939 408 972 sibi
428 939 644 984 unusquisque
666 939 763 983 eligat
784 938 1003 985 disciplinam,
1024 950 1120 984 quam
1135 943 1235 985 putat
1251 950 1310 973 esse
1331 938 1496 972 meliorem
1510 950 1520 972 .·
1540 936 1669 971 electio
1688 943 1810 970 autem

255 1001 307 1026 est
329 1000 428 1026 actus
451 991 666 1037 appetitivae
698 991 848 1033 virtutis,
880 1000 917 1025 ut
946 1003 1051 1038 supra
1086 992 1222 1026 dictum
1245 999 1297 1025 est
1324 991 1400 1035 (1-2.
1424 1003 1453 1037 q.
1476 1003 1518 1037 13.
1541 995 1604 1025 art.
1626 989 1672 1034 1.)
1685 1001 1698 1030 ;
1722 1000 1809 1035 ergo

254 1045 412 1079 haeresis
433 1056 507 1079 non
530 1053 582 1079 est
602 1044 820 1079 infidelitatis
842 1045 992 1091 species.

324 1109 354 1132 2.
370 1099 605 1133 PRAETEREA.
621 1098 759 1132 Vitium
774 1099 965 1145 praecipue
988 1099 1119 1145 accipit-
1131 1099 1290 1145 speciem
1305 1110 1324 1132 a
1343 1098 1430 1141 fine;
1453 1098 1546 1132 unde
1565 1096 1810 1143 Philosophus

259 1152 345 1186 dicit
365 1152 401 1186 in
428 1163 455 1197 5.
478 1151 592 1186 Ethic.
616 1152 705 1198 (cap.
728 1164 758 1186 2.
777 1164 796 1186 [ι
817 1153 947 1198 princ.)
976 1153 1071 1198 quod
1098 1153 1152 1187 *illa
1182 1153 1238 1198 qui
1261 1152 1463 1194 moechatur,
1490 1151 1686 1197 utfuretzcr,
1709 1151 1812 1195 magis

253 1206 380 1265 cst-‘sum
396 1217 493 1251 quam
511 1205 659 1239 moechus
671 1218 680 1239 .·
700 1205 762 1239 sed
784 1205 861 1239 finis
883 1205 1042 1240 haeresis
1058 1214 1111 1240 est
1126 1206 1363 1239 commodum
1378 1204 1590 1251 temporale,
1606 1211 1640 1238 et
1654 1203 1811 1237 maxime

253 1259 484 1305 principatus,
508 1266 542 1292 et
556 1257 691 1303 gloria3
714 1259 810 1304 quod
826 1259 976 1303 pertinet
991 1259 1034 1292 ad
1049 1259 1176 1292 vitium
1194 1258 1393 1304 superbiae,
1407 1257 1465 1292 vel
1487 1257 1705 1317 cupiditatis:
1726 1256 1812 1290 dicit

254 1312 352 1346 enim
374 1312 527 1355 August.
551 1312 584 1344 in
599 1310 658 1345 lib.
674 1287 716 1345 de
736 1311 821 1345 Util
839 1312 944 1346 Cred.
965 1312 1052 1358 (cap.
1075 1313 1133 1357 L),
1156 1312 1251 1358 quod
1274 1312 1475 1346 haereticus
1492 1319 1555 1353 est,
1578 1311 1639 1357 qui
1661 1310 1811 1355 alicujus

253 1340 462 1410 temporalis
486 1364 683 1406 commodi,
706 1373 740 1398 et
762 1365 917 1398 maxime
940 1365 1088 1410 gloriae,
1108 1366 1399 1411 principatusque
1421 1365 1475 1398 sui
1497 1365 1611 1410 gratia
1632 1363 1750 1405 falsas,
1770 1374 1810 1397 ac

257 1430 328 1452 nm
333 1430 368 1452 as
393 1417 580 1463 opiniones
598 1417 656 1451 vel
678 1418 803 1463 oignit,
825 1417 883 1452 vel
905 1419 1081 1464 sequitur;
1106 1430 1192 1464 ergo
1214 1418 1373 1452 haeresis
1395 1429 1469 1452 non
1496 1426 1549 1452 est
1574 1418 1711 1464 species
1738 1416 1812 1451 infi-

258 1472 423 1513 delitatis,
445 1471 507 1506 sed
530 1471 646 1516 magis
668 1471 866 1517 superbiae.

329 1537 357 1571 3.
380 1526 615 1560 PRAETEREA.
638 1524 844 1567 infidelitas,
868 1536 950 1559 cum
977 1527 1021 1560 sit
1043 1527 1078 1560 in
1104 1525 1300 1567 intellectu,
1327 1536 1401 1559 non
1427 1525 1567 1559 videtur
1593 1524 1636 1558 ad
1664 1534 1810 1558 carnem

254 1580 450 1626 pertinere:
467 1580 527 1613 sed
542 1579 700 1613 haeresis
712 1579 864 1625 pertinet
879 1579 921 1612 ad
938 1590 1048 1625 opera
1065 1579 1196 1613 carnis:
1213 1579 1299 1612 dicit
1313 1579 1410 1612 enim
1425 1579 1552 1625 Apost.
1569 1578 1612 1612 ad
1627 1577 1744 1612 Galat.
1761 1588 1809 1622 5.:

255 1634 437 1679 ilcsanifcsta
457 1637 532 1667 sunt
553 1639 650 1678 opera
677 1634 797 1674 carnis,
821 1644 902 1678 qaae
927 1638 1003 1667 sunt
1015 1633 1213 1678 fornicatio,
1237 1632 1470 1666 irmnzmdltz'a:
1498 1640 1533 1666 et
1552 1632 1643 1665 inter
1669 1638 1810 1665 caetera

254 1686 488 1732 postmodum
503 1686 637 1720 subdit:
654 1686 869 1727 dissensiones,
888 1691 999 1728 sactae,
1020 1698 1111 1732 quae
1126 1694 1207 1721 sunt
1221 1686 1317 1720 idem
1335 1686 1431 1732 quod
1450 1686 1609 1726 haeresen
1627 1695 1713 1730 ergo
1732 1684 1814 1718 hae-

255 1740 341 1774 resis
363 1751 437 1773 non
459 1748 510 1773 est
529 1739 747 1773 infidelitatis
769 1740 917 1785 species.

328 1793 402 1826 SED
426 1802 580 1827 CONTRA
604 1801 666 1834 est,
689 1792 785 1838 quod
806 1791 942 1826 falsitas
962 1792 1105 1826 veritati
1127 1792 1336 1839 opponitur:
1358 1792 1420 1826 sed
1442 1791 1643 1826 haereticus
1665 1798 1728 1832 est,
1751 1789 1812 1836 qui

255 1845 375 1887 falsas,
396 1845 454 1879 vel
475 1857 588 1879 novas
611 1846 801 1891 opiniones
822 1845 880 1879 vel
903 1845 1027 1891 gignit,
1051 1845 1109 1880 vel
1131 1846 1310 1891 sequitur3
1333 1856 1420 1891 ergo
1443 1845 1636 1891 opponitur
1661 1843 1813 1885 veritati,

257 1899 314 1933 cui
336 1898 423 1932 fides
445 1899 628 1940 i1mititur3
651 1909 737 1944 ergo
760 1898 823 1932 sub
846 1899 1055 1933 infidelitate
1079 1901 1293 1933 continetur.

328 1952 557 1987 RESPONDEO
577 1952 783 1994 dicendum,
805 1952 901 1998 quod
924 1963 1060 1986 nomen
1074 1952 1244 1994 haeresis,
1263 1952 1354 1986 sicut
1376 1951 1511 1986 dictum
1531 1959 1584 1986 est
1606 1950 1657 1995 (in
1671 1962 1741 1996 arg.
1756 1951 1813 1994 L),

260 2004 478 2040 electionem
501 2005 685 2051 importat:
710 2005 839 2039 electio
863 2013 994 2047 autem,
1021 2014 1059 2039 ut
1084 2017 1190 2051 supra
1213 2005 1349 2039 dictum
1377 2013 1429 2039 est
1452 2005 1532 2048 (1-2.
1555 2016 1584 2050 q.
1606 2016 1648 2050 13.
1672 2009 1734 2038 art.
1753 2005 1813 2050 3.),

260 2067 313 2092 θεῖ
335 2070 474 2099 eorum,
496 2070 587 2104 quae
610 2066 692 2092 sunt
713 2058 756 2092 ad
780 2058 900 2100 finem,
922 2059 1196 2105 praesupposito
1218 2058 1305 2092 fine:
1333 2059 1370 2092 in
1393 2058 1578 2092 credendis
1607 2066 1727 2092 autem
1753 2068 1814 2091 vo-

257 2112 374 2146 luntas
397 2112 543 2146 assentit
565 2112 673 2145 alicui
693 2122 791 2153 vero,
813 2120 1000 2158 tamquam
1022 2112 1166 2157 proprio
1194 2112 1303 2153 bono,
1331 2120 1368 2145 ut
1390 2124 1432 2145 ex
1454 2123 1560 2158 supra
1587 2111 1689 2145 dictis
1715 2118 1813 2157 patet

259 2166 306 2211 (q.
328 2177 361 2209 4.
383 2170 446 2200 art.
469 2177 493 2210 3.
516 2171 543 2199 εἰ
561 2166 621 2211 5.),·
650 2165 744 2199 unde
767 2165 863 2210 quod
887 2173 938 2199 est
959 2164 1154 2211 principale
1176 2177 1314 2206 verum,
1336 2165 1443 2199 habet
1466 2165 1643 2199 rationem
1665 2163 1743 2198 finis
1767 2162 1816 2197 ul-

260 2219 356 2252 timi:
379 2229 470 2264 quae
497 2226 618 2252 autem
640 2218 852 2252 secundaria
873 2226 965 2260 sunt,
987 2218 1122 2252 habent
1142 2218 1319 2252 rationem
1343 2229 1482 2260 eorum,
1504 2229 1595 2264 quae
1617 2225 1699 2252 sunt
1715 2217 1760 2252 ad
1781 2217 1817 2250 fi-

258 2283 354 2306 nem.
380 2271 476 2312 Quia
498 2283 584 2305 vero
607 2271 825 2317 quicumque
849 2271 971 2313 credit,
991 2271 1141 2317 alicujus
1164 2272 1259 2306 dicto
1282 2272 1440 2313 assentit,
1459 2271 1656 2318 principale
1674 2271 1813 2305 videtur

261 2337 351 2367 esse,
374 2333 408 2359 et
430 2325 530 2371 quasi
552 2324 630 2359 sinis
645 2325 681 2358 in
696 2335 910 2370 unaquaque
927 2324 1134 2358 credulitate
1156 2324 1228 2366 ille,
1252 2325 1351 2370 cujus
1374 2325 1470 2358 dicto
1493 2324 1700 2358 assentitur:
1716 2323 1817 2370 quasi

262 2387 382 2413 autem
404 2379 615 2413 secundaria
637 2387 719 2413 sunt
741 2390 794 2421 ea,
817 2390 906 2424 quae
930 2378 1008 2424 quis
1029 2378 1185 2412 tenendo
1208 2378 1281 2412 vult
1303 2378 1410 2412 alicui
1433 2378 1622 2412 assentire:
1651 2378 1700 2412 sic
1729 2388 1816 2423 ergo

261 2432 321 2478 qui
343 2440 439 2467 recte
462 2431 570 2466 fidem
587 2432 832 2466 Christianam
854 2432 877 2465 h
883 2432 973 2473 abet,
990 2443 1053 2466 sua
1067 2443 1088 2463 v
1081 2431 1252 2465 oluntate
1268 2431 1413 2466 assentit
1428 2431 1597 2465 Christo
1590 2444 1625 2465 m
1642 2431 1710 2473 his,
1725 2441 1816 2477 quae

260 2497 343 2519 vere
367 2485 409 2519 ad
433 2486 507 2531 ejus
530 2485 732 2519 doctrinam
754 2485 942 2531 pertinent.
964 2485 997 2518 A
1019 2485 1231 2518 rectitudine
1254 2496 1340 2530 ergo
1365 2484 1446 2519 fidei
1467 2485 1695 2519 Christianae
1713 2484 1818 2531 daph-

263 2540 342 2573 citur
365 2539 442 2585 quis
465 2545 582 2584 potest
604 2538 765 2572 deviare.
788 2550 852 2572 uno
875 2538 982 2580 modo,
1005 2538 1087 2583 quia
1109 2538 1183 2583 ipse
1208 2537 1354 2572 Christo
1377 2549 1449 2571 non
1472 2538 1548 2572 vult
1574 2538 1761 2580 assentire3
1784 2545 1818 2572 et

262 2592 320 2626 hic
348 2593 457 2626 habet
470 2593 579 2638 quasi
601 2591 735 2626 malam
757 2592 982 2626 voluntatem
1011 2592 1105 2624 circa
1132 2592 1248 2637 ipsum
1277 2591 1401 2625 smem:
1435 2600 1469 2626 et
1494 2591 1565 2626 hoc
1597 2591 1748 2636 pertinet
1773 2591 1817 2625 ad

264 2646 421 2691 speciem
444 2645 663 2679 infidelitatis
685 2645 929 2690 Paganorum,
953 2653 986 2679 et
1003 2645 1240 2689 Judaeorum:
1262 2645 1326 2678 aliu
1350 2645 1444 2679 modo
1466 2657 1529 2691 per
1550 2645 1633 2687 hoc,
1656 2644 1752 2691 quod
1770 2644 1818 2678 in-

264 2699 376 2733 tendit
397 2699 542 2744 quidem
566 2699 712 2733 Christo
737 2698 919 2739 assentire,
945 2698 1006 2732 sed
1034 2697 1152 2731 deficit
1174 2698 1208 2731 in
1232 2697 1399 2742 eligendo
1428 2709 1480 2740 ea,
1511 2698 1637 2743 quibus
1671 2698 1817 2732 Christo

265 2752 449 2794 assentiat3
473 2754 555 2798 quia
577 2763 649 2786 non
674 2751 772 2797 eligit
795 2763 847 2793 ea,
869 2763 960 2797 quae
983 2758 1063 2784 sunt
1081 2762 1163 2784 vere
1186 2762 1204 2784 a
1228 2750 1374 2785 Christo
1397 2751 1536 2793 tradita,
1556 2751 1617 2785 sed
1640 2762 1692 2792 ea,
1715 2762 1817 2796 quae,

266 2805 331 2838 sibi
354 2805 495 2851 propria
519 2816 621 2839 mens
642 2804 820 2850 suggerit3
843 2812 876 2838 et
899 2804 979 2838 ideo
1002 2804 1159 2838 haeresis
1175 2812 1227 2838 est
1241 2803 1459 2838 infidelitatis
1474 2804 1624 2850 species,
1639 2804 1817 2850 pertinens

267 2857 310 2891 ad
333 2869 407 2899 eos,
430 2858 490 2904 qui
512 2857 619 2892 sidem
643 2858 777 2892 Christi
800 2857 1020 2904 profitentur,
1040 2857 1100 2891 sed
1123 2858 1198 2902 ejus
1220 2856 1391 2901 dogmata
1419 2865 1663 2902 corrumpunt.
