1859 3122
503 162 722 197 QUAESTIO
757 162 824 191 LV.
858 161 1100 191 ARTICULUS
1134 161 1207 190 VH.
1560 162 1642 204 413

162 244 390 279 Rssspoxmzo
413 244 620 285 dicendum,
643 244 738 290 quod
761 243 901 277 nullum
924 255 1014 288 opus
1036 251 1152 289 potest
1174 254 1251 277 esse
1271 243 1483 286 virtuosum,
1505 243 1573 277 nisi
1595 243 1649 276 de-

91 298 172 332 bitis
197 298 473 331 circumstantiis
496 298 683 331 vestiatur:
708 298 799 331 inter
821 308 908 343 quas
930 308 1000 330 una
1023 306 1075 330 est
1097 297 1256 330 debitum
1272 305 1426 343 tempus,
1449 296 1648 331 secundum

91 351 178 385 illud
202 351 320 385 Eccle.
345 352 394 384 8.:
422 352 524 385 Omni
550 353 672 395 negotio
701 356 825 396 tempas
845 356 898 392 est,
927 356 954 384 et
976 353 1204 396 opportunitas
1220 363 1228 382 .·
1253 351 1349 396 quod
1371 362 1444 385 non
1467 350 1585 384 solum
1614 350 1648 383 in

93 405 326 439 exterioribus
349 405 527 450 operibus,
550 405 610 439 sed
634 405 741 439 etiam
770 405 804 438 in
832 405 991 438 interiori
1019 404 1246 438 solicitudine
1274 404 1396 438 locum
1423 405 1547 438 habet:
1577 404 1651 437 uni-

92 458 220 503 cuique
251 458 347 492 enim
383 459 538 504 tempori
571 458 744 503 competit
779 458 921 504 propria
955 458 1166 500 solicitudo,
1201 458 1291 492 sicut
1321 458 1476 503 tempori
1508 457 1651 492 aestatis

92 511 265 556 competit
286 511 478 545 solicitudo
502 511 678 552 metendi;
704 511 769 556 ipsi
799 521 972 545 autumno
1004 519 1125 545 autem
1156 512 1331 557 competit
1360 512 1552 546 solicitudo
1574 511 1652 545 vin-

92 564 250 598 demiae:
281 565 311 599 si
337 565 415 610 quis
445 576 531 610 ergo
562 573 725 610 tempore
749 565 891 598 aestatis
918 565 961 598 de
990 565 1171 598 vindemia
1194 566 1267 610 jam
1290 573 1382 599 esset
1403 565 1576 607 solicitus,
1599 576 1652 599 su-

92 617 226 663 perflue
248 626 530 664 praeoccuparet
562 617 669 651 futuri
699 618 873 663 temporis
901 617 1188 652 solicitudinem:
1216 619 1310 651 unde
1337 618 1546 663 hujusmodi
1572 617 1654 652 soli—

94 671 290 705 citudinem
312 680 501 717 tamquam
523 670 741 716 superfluam
763 671 944 704 Dominus
967 671 1146 716 prohibet,
1162 671 1304 705 dicens:
1328 672 1440 706 Nolite
1460 672 1578 706 soliciti
1591 683 1652 706 essa

91 725 127 758 in
149 726 349 759 crastinum:
372 726 466 759 unde
481 725 613 759 subdit:
633 724 805 758 Crastinus
822 725 907 758 enim
929 724 993 758 dias
1012 724 1158 758 solicitus
1175 726 1239 758 erit
1259 725 1320 758 silai
1341 726 1417 770 ipsi,
1442 725 1535 758 idest
1548 735 1651 758 suam

94 779 277 823 propriam
299 778 566 812 solicitudinem
596 777 752 818 habebit,
783 789 874 823 quae
895 776 1049 812 sufficiet
1077 778 1120 812 ad
1148 779 1310 811 animum
1338 777 1590 823 affligendurm
1618 785 1653 811 et

93 831 165 864 hoc
188 839 241 865 est
261 832 356 877 quod
379 832 515 865 subdit:
538 832 662 877 Sufficit
683 831 747 864 diei
768 831 897 864 malitia
917 843 988 872 sua,
1005 831 1096 865 idest
1118 830 1265 865 afflictio
1289 830 1537 865 solicitudinis.

165 884 224 918 AD
238 895 387 919 PRiMUM
410 896 496 930 ergo
517 884 723 926 dicendum,
746 885 842 930 quod
857 883 1010 918 formica
1031 885 1140 918 habet
1161 884 1428 918 solicitudinem
1452 895 1651 930 congruam

94 938 268 984 tempori:
293 946 328 972 et
348 939 419 972 hoc
441 938 544 972 nobis
565 937 783 971 imitandum
805 938 1028 983 proponitur.

165 992 225 1025 AD
247 1002 453 1026 SECUNDUM
475 991 681 1033 dicendum,
704 991 799 1037 quod
816 991 858 1024 ad
874 992 1102 1037 prudentiam
1118 991 1269 1038 pertinet
1291 991 1517 1038 providentia
1536 991 1653 1025 debita

94 1043 314 1080 futurorum:
337 1053 430 1079 esset
451 1053 571 1078 autem
593 1045 796 1078 inordinata
821 1043 1024 1078 futurorum
1046 1045 1283 1092 providentia,
1309 1045 1367 1079 vel
1393 1045 1598 1086 solicitudo,
1625 1044 1654 1078 si

95 1098 173 1144 quis
202 1098 427 1144 temporalia,
457 1098 493 1132 in
523 1098 649 1144 quibus
678 1098 807 1132 dicitur
828 1100 1059 1144 praeteritum,
1091 1107 1125 1132 et
1146 1099 1317 1145 futurum,
1347 1107 1535 1144 tamquam
1564 1097 1654 1131 fines

95 1159 300 1197 quaereret3
321 1151 380 1185 vel
400 1151 429 1185 si
450 1151 629 1197 superflua
650 1159 838 1197 quaereret
858 1151 950 1186 ultra
971 1152 1167 1198 praesentis
1189 1152 1284 1186 vitae
1301 1153 1576 1194 necessitatem3
1597 1150 1655 1184 vel

97 1205 126 1239 si
146 1213 288 1251 tempus
313 1204 552 1239 solicitudinis
573 1212 867 1251 praeoccuparet.

167 1259 226 1292 AD
249 1268 421 1293 TERTIUM
436 1258 641 1300 dicendum,
663 1258 759 1304 quod
774 1258 866 1292 sicut
887 1259 1040 1305 August.
1063 1259 1150 1293 dicit
1169 1259 1204 1293 in
1220 1259 1280 1295 lib.
1297 1269 1328 1293 2.
1348 1259 1392 1293 de
1407 1259 1523 1293 Serm.
1543 1258 1653 1292 Dom.

96 1311 132 1345 in
154 1319 277 1345 monte
301 1311 389 1358 (cap.
411 1313 476 1357 17.)
491 1324 501 1346 .·
527 1324 545 1343 «
565 1311 660 1345 Cum
679 1311 875 1346 viderimus
890 1312 1049 1358 aliquem
1062 1324 1206 1346 servum
1221 1312 1291 1346 Dei
1306 1312 1508 1358 providere,
1529 1323 1574 1345 ne
1587 1311 1654 1345 ista

97 1365 301 1399 necessaria
322 1365 389 1399 sibi
409 1365 537 1407 desint,
559 1376 634 1399 non
660 1365 861 1411 judicemus
884 1377 967 1399 eum
989 1366 1032 1400 de
1055 1366 1212 1400 crastino
1239 1365 1423 1400 solicitum
1446 1376 1542 1408 esse;
1568 1376 1653 1398 nam

98 1426 133 1451 et
152 1418 227 1464 ipse
244 1418 425 1452 Dominus
453 1426 598 1465 propter
619 1418 825 1464 exemplum
847 1418 989 1453 loculos
1010 1419 1142 1454 habere
1165 1419 1331 1465 dignatus
1355 1428 1422 1453 est:
1446 1427 1480 1452 et
1501 1419 1537 1452 in
1559 1418 1656 1452 Acti-

100 1472 162 1505 bus
183 1471 448 1517 Apostolorum
469 1472 642 1518 scriptum
665 1480 728 1513 est,
751 1483 792 1506 ea
807 1484 898 1517 quae
914 1472 957 1506 ad
971 1474 1108 1506 victum
1123 1481 1205 1507 sunt
1225 1473 1441 1514 necessaria,
1463 1479 1653 1518 procurata

98 1536 175 1558 esse
197 1524 234 1558 in
254 1524 414 1558 futurum
434 1534 579 1571 propter
599 1525 853 1560 imminentem
873 1525 1030 1568 famem;
1055 1537 1130 1560 non
1152 1537 1238 1572 ergo
1257 1526 1439 1560 Dominus
1460 1525 1652 1571 improbat,

97 1578 127 1612 si
153 1579 231 1624 quis
256 1579 418 1612 humano
446 1590 548 1613 more
580 1579 648 1613 ista
680 1587 860 1625 procuret,
887 1579 948 1614 sed
975 1580 1004 1614 si
1031 1580 1109 1626 quis
1142 1587 1286 1626 propter
1312 1580 1379 1614 ista
1406 1578 1536 1613 militet
1572 1579 1654 1612 Deo

101 1631 161 1676 [al.
183 1643 248 1666 non
268 1632 386 1667 militet
407 1633 494 1678 Deo]
516 1646 546 1666 >).

639 1744 985 1789 ARTICULUS
1016 1745 1138 1787 VIII.
1590 1766 1651 1802 311

297 1839 450 1869 UTRUM
477 1839 725 1882 HUJUSMODI
752 1840 874 1869 VITIA
902 1841 1125 1870 ORIANTUR
1151 1840 1207 1869 Ex
1234 1840 1454 1870 AVARITIA.

170 1921 271 1968 (Infr.
293 1933 322 1968 q.
341 1922 409 1957 118.
432 1926 494 1956 art.
514 1933 544 1968 7.
563 1927 594 1956 et
614 1922 645 1957 8.
665 1927 694 1956 et
711 1933 742 1956 2.
765 1922 852 1956 Dist.
871 1933 926 1966 42.
949 1933 978 1968 q.
1001 1933 1032 1957 2.
1055 1927 1117 1956 art.
1133 1933 1161 1968 3.
1184 1927 1212 1956 et
1234 1922 1319 1956 Mal.
1339 1933 1368 1967 q.
1390 1934 1433 1968 13.
1453 1925 1516 1956 art.
1532 1921 1590 1967 3.).

171 2005 231 2039 AD
259 2015 446 2040 OCTAVUM
467 2005 517 2039 sic
539 2005 755 2051 proceditur.
778 2004 940 2048 Videtur,
960 2006 1056 2052 quod
1075 2005 1285 2051 hujusmodi
1299 2005 1385 2039 vitia
1402 2016 1476 2039 non
1499 2005 1659 2039 oriantur

102 2069 145 2092 ex
167 2059 333 2093 avaritia:
357 2059 450 2105 quia,
473 2059 564 2093 sicut
585 2059 721 2093 dictum
737 2068 790 2093 est
805 2059 850 2106 (q.
871 2070 920 2105 43.
944 2064 1007 2093 art.
1030 2059 1092 2104 6.),
1108 2070 1171 2105 per
1191 2059 1369 2092 luxuriam
1391 2059 1548 2093 maxime
1567 2058 1657 2092 ratio

102 2113 232 2158 patitur
252 2111 433 2146 defectum
454 2113 490 2146 in
511 2124 576 2146 sua
598 2113 828 2147 rectitudine:
846 2113 906 2147 sed
928 2112 1138 2158 hujusmodi
1151 2113 1237 2146 vitia
1256 2124 1330 2146 non
1353 2120 1583 2158 opponuntur
1609 2122 1659 2145 ra-

101 2165 192 2199 tioni
220 2173 351 2208 rectae,
379 2165 516 2200 scilicet
545 2166 771 2212 prudentiae3
802 2177 888 2211 ergo
919 2166 1129 2211 hujusmodi
1157 2166 1243 2200 vitia
1264 2166 1421 2200 maxime
1449 2177 1491 2200 ex
1520 2165 1658 2199 luxuria

104 2218 281 2260 oriuntur3
303 2219 513 2264 praesertim
544 2230 627 2253 cum
657 2219 793 2253 Philos.
825 2219 921 2253 dicat
946 2219 981 2253 in
1005 2229 1034 2265 7.
1057 2219 1173 2254 Ethic.
1198 2219 1285 2265 (cap.
1313 2220 1362 2265 6.)
1386 2219 1481 2265 quod
1507 2219 1658 2252 «Venus

104 2279 158 2306 est
177 2271 316 2313 dolosa,
339 2280 373 2306 et
394 2273 468 2317 ejus
484 2273 639 2318 corrigia
661 2281 713 2307 est
734 2273 832 2307 varia
850 2285 883 2315 »ς
904 2280 939 2307 et
957 2272 1053 2319 quod
1077 2286 1095 2304 «
1114 2284 1156 2307 ex
1177 2272 1314 2307 insidiis
1337 2273 1411 2319 agit
1431 2273 1659 2306 incontinens

104 2325 417 2371 concupiscentiae
436 2339 467 2359 )).

175 2388 206 2412 2.
228 2378 462 2413 PRAETEREA.
484 2379 671 2413 Praedicta
685 2379 771 2413 vitia
788 2379 922 2413 habent
935 2379 1131 2425 quamdam
1150 2379 1422 2414 similitudinem
1436 2377 1658 2425 prudentiae,

104 2439 143 2465 ut
163 2431 298 2464 dictum
322 2439 374 2465 est
396 2431 474 2474 (art.
488 2444 516 2478 3.
540 2433 608 2478 huj.
628 2445 657 2478 q.
681 2438 708 2467 et
730 2445 759 2478 q.
782 2444 836 2479 47.
859 2438 922 2467 art.
944 2434 1020 2479 13.):
1043 2433 1104 2467 sed
1128 2433 1171 2467 ad
1193 2432 1433 2479 prudentiam,
1457 2442 1539 2465 cum
1558 2430 1602 2464 sit
1623 2430 1659 2463 in

104 2484 254 2526 ratione,
276 2485 453 2530 majorem
474 2486 779 2531 propinquitatem
801 2486 933 2520 habere
954 2487 1120 2520 videntur
1140 2487 1226 2520 vitia
1249 2486 1365 2531 magis
1387 2483 1602 2530 spiritualia;
1621 2491 1659 2517 ut

105 2538 280 2584 superbia,
303 2546 337 2571 et
356 2538 472 2572 inanis
493 2538 629 2584 gloria,
652 2550 738 2585 ergo
760 2539 971 2585 hujusmodi
990 2539 1077 2574 vitia
1099 2539 1214 2585 magis
1235 2539 1400 2573 videntur
1427 2548 1468 2571 ex
1495 2536 1659 2582 superbia

107 2591 202 2632 oriri,
225 2602 334 2636 quarn
355 2601 398 2624 ex
420 2592 577 2625 avaritia.

180 2655 209 2690 3.
227 2644 462 2678 PRAETEREA.
484 2644 607 2678 Homo
629 2645 765 2679 insidiis
783 2645 892 2680 utitur
905 2656 980 2679 non
995 2645 1115 2680 solum
1133 2646 1168 2679 in
1189 2643 1394 2690 diripiendis
1407 2642 1510 2677 bonis
1526 2642 1661 2684 alienis,

108 2696 169 2731 sed
191 2697 299 2730 etiam
317 2696 354 2730 in
375 2697 618 2731 machinando
642 2697 796 2732 aliorum
819 2699 964 2741 caedes;
987 2710 1141 2744 quorum
1164 2698 1322 2744 primum
1344 2696 1496 2742 pertinet
1518 2696 1560 2729 ad
1584 2707 1664 2729 ava-

108 2751 239 2792 ritiam,
261 2751 461 2785 secundum
489 2751 532 2784 ad
558 2751 669 2786 iram:
696 2751 757 2786 sed
784 2752 921 2786 insidiis
942 2752 992 2785 uti
1014 2752 1166 2797 pertinet
1192 2751 1235 2784 ad
1262 2750 1441 2791 astutiam,
1469 2748 1606 2790 dolum,
1628 2756 1662 2782 et

109 2803 292 2846 fraudem;
320 2814 406 2849 ergo
436 2804 618 2850 praedicta
646 2805 730 2838 vitia
757 2817 831 2839 non
861 2805 980 2839 solum
1011 2805 1174 2838 oriuntur
1205 2815 1245 2838 ex
1277 2802 1435 2844 avaritia,
1461 2802 1522 2836 sed
1553 2802 1661 2836 etiam

111 2868 151 2890 ex
173 2868 234 2890 ira.
