1859 3122
520 197 742 233 QUAESTIO
776 197 919 226 CLXXI.
954 195 1197 226 ARTICULUS
1232 195 1291 224 111.
1573 193 1680 236 1107

120 281 204 322 dus;
227 291 383 327 quorum
406 292 487 314 unus
509 288 562 314 est
583 290 722 321 eorum,
745 290 836 325 quae
856 286 938 312 sunt
959 277 1085 324 procul
1108 288 1126 311 a
1149 277 1357 323 cognitione
1378 276 1485 322 hujus
1511 274 1683 316 hominis,

119 334 195 368 sive
217 334 416 368 secundum
439 344 596 374 sensum,
617 333 691 366 sive
713 332 913 366 secundum
935 330 1170 373 intellectum,
1192 341 1266 364 non
1289 338 1409 363 autem
1433 340 1452 362 a
1474 328 1683 375 cognitione

121 387 286 422 omnium
308 386 520 420 hominum:
544 386 637 420 sicut
657 397 763 420 sensu
786 385 974 431 cognoscit
993 384 1121 431 aliquis
1142 384 1270 426 homo,
1292 394 1383 430 quae
1406 391 1486 417 sunt
1504 383 1571 417 sibi
1589 393 1686 429 prae-

119 440 233 474 sentia
254 439 453 474 secundum
477 439 619 481 locum3
642 450 733 485 quae
751 447 873 473 tamen
897 438 987 472 alius
1007 438 1170 471 humano
1198 448 1317 479 sensu,
1341 444 1464 482 utpote
1481 436 1547 470 sibi
1563 437 1687 470 absen-

120 494 181 535 tia,
202 504 276 528 non
296 493 502 537 cognoscit3
519 501 554 527 et
567 493 617 527 sic
635 492 823 527 Helisaeus
838 492 1050 538 prophetice
1067 491 1250 536 cognovit,
1266 501 1357 536 quae
1374 490 1476 525 Giezi
1491 488 1686 535 discipulus

121 548 197 592 ejus
218 547 254 580 in
278 546 438 580 absentia
460 546 605 589 fecerat,
628 555 665 580 ut
679 546 830 579 habetur
851 555 884 588 4.
899 545 988 591 Reg.
1008 555 1036 589 5.
1052 557 1059 579 :
1075 552 1110 578 et
1124 543 1289 578 similiter
1312 543 1552 589 cogitationes
1568 542 1685 576 cordis

121 600 225 634 unius
248 599 347 633 alteri
370 599 580 645 prophetice
604 598 888 640 manifestantur,
911 606 948 632 ut
969 598 1098 632 dicitur
1123 608 1150 631 1.
1175 597 1218 630 ad
1241 596 1329 632 Cor.
1356 607 1428 639 14.;
1451 605 1486 630 et
1506 607 1569 642 per
1589 596 1684 629 hunc

122 652 274 687 modum
296 653 404 686 etiam
427 664 467 686 ea
495 664 586 698 quae
614 663 704 686 unus
730 652 796 686 scit
823 651 1116 692 demonstrative,
1143 650 1202 684 alii
1229 658 1379 696 possunt
1404 650 1615 696 prophetice
1636 660 1688 683 re-

121 705 252 740 velari:
272 706 429 740 secundus
451 714 572 739 autem
594 706 725 751 gradus
748 714 801 740 est
821 717 961 747 eorum,
983 716 1075 751 quae
1097 705 1274 739 excedunt
1295 704 1542 738 universaliter
1567 705 1688 750 cogni-

122 760 260 794 tionem
283 760 448 793 omnium
474 759 691 800 hominum;
717 770 790 793 non
818 759 901 804 quia
928 759 1127 792 secundum
1154 769 1192 792 se
1217 769 1291 792 non
1319 759 1388 792 sint
1415 756 1687 803 cognoscibilia,

123 812 182 846 sed
206 820 352 858 propter
374 811 554 845 defectum
577 812 795 857 cognitionis
816 812 1020 846 humanae:
1042 812 1134 845 sicut
1147 811 1361 856 mysterium
1377 810 1575 852 Trinitatis,
1591 810 1686 856 quod

123 864 322 899 revelatum
346 872 399 898 est
419 876 482 911 per
508 865 699 911 Seraphim
715 865 888 899 dicentia:
904 865 1054 907 Sanctus,
1073 866 1222 907 Sanctus,
1239 865 1388 907 Sanctus,
1404 873 1471 899 etc.
1486 871 1524 898 ut
1536 864 1688 898 habetur

123 918 237 952 Isaiae
259 916 311 952 6.:
334 918 467 952 ultimus
489 926 608 952 autem
631 918 763 963 gradus
786 926 839 952 est
860 929 998 960 eorum,
1021 929 1112 963 quae
1135 926 1216 951 sunt
1234 917 1362 963 procul
1381 918 1422 951 ab
1443 918 1608 951 omnium
1625 917 1689 951 ho-

122 971 263 1005 minum
291 971 517 1016 cognitione3
540 971 622 1017 quia
648 971 683 1004 in
711 971 836 1016 seipsis
863 982 937 1004 non
963 978 1045 1004 sunt
1071 970 1344 1016 cognoscibilia,
1379 979 1416 1005 ut
1443 969 1689 1016 contingentia

121 1023 252 1065 futura,
274 1035 429 1070 quorum
450 1024 580 1058 veritas
601 1035 676 1057 non
699 1031 751 1057 est
773 1024 1031 1065 determinata;
1054 1031 1088 1057 et
1114 1024 1196 1069 quia
1224 1024 1320 1069 quod
1348 1032 1400 1058 est
1426 1023 1688 1065 universaliter,
1730 1054 1732 1056 ,

124 1085 159 1111 et
179 1077 381 1112 secundum
402 1088 451 1119 se,
473 1077 591 1123 potius
614 1084 667 1110 est
688 1087 731 1110 eo
755 1076 851 1122 quod
874 1084 926 1110 est
952 1076 1224 1122 particulariter,
1252 1084 1286 1110 et
1308 1088 1374 1122 per
1400 1077 1506 1119 aliud,
1534 1077 1616 1110 ideo
1646 1076 1689 1110 ad

122 1130 351 1176 prophetiam
372 1130 617 1176 propriissime
638 1129 791 1175 pertinet
812 1129 986 1163 revelatio
1010 1137 1204 1163 eventuum
1226 1129 1449 1171 futurorum3
1468 1130 1562 1163 unde
1578 1138 1612 1163 et
1629 1140 1691 1163 no-

123 1195 207 1218 men
234 1183 442 1229 prophetiae
469 1183 562 1216 sumi
592 1183 747 1224 videtur,
777 1182 872 1216 unde
904 1181 1057 1228 Gregor.
1085 1182 1170 1216 dicit
1203 1193 1308 1228 super
1334 1182 1464 1216 Ezech.
1493 1181 1595 1226 (hom.
1622 1183 1689 1226 1.):

127 1250 145 1268 «
159 1236 203 1270 Et
224 1248 307 1270 curn
329 1235 411 1269 ideo
431 1236 621 1281 prophetia
644 1235 738 1269 dicta
760 1236 814 1277 sit,
837 1235 933 1281 quod
960 1235 1077 1269 futura
1104 1235 1298 1282 praedicat,
1321 1236 1465 1281 quando
1489 1236 1532 1269 de
1553 1243 1691 1282 praete-

125 1290 206 1332 rito,
227 1288 285 1322 vel
306 1289 484 1334 praesenti
505 1288 675 1334 loquitur,
697 1289 875 1322 rationem
898 1289 951 1322 sui
973 1289 1132 1322 nominis
1160 1289 1334 1323 amittit».

196 1342 256 1377 AD
272 1352 422 1377 PRIMUM
437 1353 523 1388 ergo
539 1342 744 1384 dicendum,
759 1342 855 1387 quod
871 1342 1060 1388 prophetia
1073 1342 1122 1375 ibi
1137 1341 1302 1376 definitur
1317 1342 1517 1376 secundum
1532 1341 1578 1384 id,
1593 1342 1689 1388 quod

125 1397 267 1443 proprie
289 1395 512 1442 significatur
531 1396 681 1430 nomine
703 1396 927 1442 prophetiae,
950 1404 985 1430 et
1005 1407 1068 1442 per
1088 1396 1184 1430 hunc
1204 1396 1314 1430 etiam
1336 1396 1487 1430 modum
1501 1395 1690 1442 prophetia

126 1449 294 1484 dividitur
317 1457 441 1483 contra
464 1449 550 1483 alias
572 1449 704 1494 gratias
726 1449 835 1495 gratis
857 1449 968 1483 datas.

196 1502 304 1536 Unde
322 1510 421 1548 patet
438 1503 626 1548 responsio
640 1513 690 1536 AD
705 1513 929 1536 SECUNDUM:
946 1502 1110 1548 quamvis
1127 1502 1239 1548 possit
1257 1502 1338 1544 dici,
1354 1503 1450 1548 quod
1464 1503 1588 1537 omnia
1599 1514 1690 1549 quae

127 1555 190 1590 sub
210 1556 400 1602 prophetia
423 1557 565 1597 cadunt,
588 1555 808 1589 conveniunt
829 1556 865 1588 in
886 1556 955 1588 hac
978 1556 1129 1597 ratione,
1153 1556 1249 1601 quod
1270 1567 1345 1589 non
1366 1564 1448 1590 sunt
1470 1556 1512 1589 ab
1539 1556 1689 1590 homine

128 1608 402 1654 cognoscibilia,
424 1608 493 1641 nisi
514 1620 576 1654 per
597 1607 855 1642 revelationem
883 1608 1061 1642 divinam:
1086 1620 1127 1642 ea
1149 1620 1234 1642 vero
1258 1619 1348 1654 quae
1371 1609 1549 1655 pertinent
1571 1609 1614 1643 ad
1636 1620 1690 1643 sa-

126 1662 311 1708 pientiam,
335 1669 367 1695 et
389 1661 588 1704 scientiam,
616 1669 650 1695 et
674 1661 1008 1707 interpretationem
1035 1673 1256 1704 sermonum,
1285 1670 1435 1707 possunt
1460 1662 1616 1696 naturali
1641 1674 1692 1696 ra-

125 1715 224 1748 tione
247 1714 288 1747 ab
311 1714 460 1748 homine
483 1714 677 1760 cognosci3
700 1715 761 1748 sed
785 1713 902 1748 altiori
920 1714 1032 1748 modo
1049 1713 1323 1748 manifestantur
1340 1726 1403 1760 per
1414 1715 1691 1749 illustrationem

127 1767 239 1801 divini
259 1766 424 1801 luminis:
448 1767 534 1801 fides
557 1775 677 1801 autem
699 1768 763 1800 etsi
786 1768 829 1801 sit
856 1767 898 1801 de
925 1767 1160 1801 invisibilibus
1182 1768 1334 1809 homini,
1356 1776 1479 1802 tamen
1505 1769 1549 1802 ad
1576 1770 1691 1814 ipsam

126 1831 201 1854 non
222 1820 375 1866 pertinet
397 1832 523 1854 eorum
546 1821 706 1865 cognitio
734 1831 825 1866 quae
853 1820 1055 1863 creduntur,
1083 1820 1144 1854 sed
1171 1821 1267 1866 quod
1289 1821 1403 1855 homo
1425 1833 1487 1867 per
1515 1822 1693 1856 certitudi-

126 1884 212 1908 nem
234 1873 404 1907 assentiat
424 1874 491 1915 his,
514 1885 604 1919 quae
627 1882 709 1907 sunt
731 1873 772 1906 ab
797 1873 873 1907 aliis
896 1875 1054 1919 cognita.

198 1926 258 1960 AD
279 1936 449 1961 TERTIUM
468 1926 673 1968 dicendum,
696 1927 792 1972 quod
814 1926 966 1960 formale
989 1927 1024 1960 in
1047 1927 1256 1972 cognitione
1275 1927 1484 1973 prophetica
1501 1937 1553 1963 est
1567 1928 1690 1962 lumen

127 1979 302 2022 divinum,
325 1991 344 2013 a
366 1981 468 2026 cujus
490 1980 624 2014 unitate
647 1979 836 2026 prophetia
857 1980 966 2014 habet
987 1980 1162 2014 unitatem
1184 1981 1334 2026 speciei3
1357 1981 1439 2015 licet
1453 1982 1522 2016 sint
1541 1982 1691 2024 diversa,

128 2045 219 2079 quae
241 2045 303 2078 per
324 2033 485 2067 divinum
508 2033 631 2067 lumen
653 2033 863 2079 prophetice
885 2032 1174 2067 manifestantur.

691 2161 1035 2205 ARTICULUS
1064 2162 1140 2205 iv.
1623 2176 1687 2220 315

131 2269 282 2299 UTRUM
308 2269 539 2299 PROPHETA
566 2270 643 2299 PER
670 2269 856 2300 DIVINAM
879 2270 1218 2300 REVELATIONEM
1244 2271 1512 2302 COGNOSCAT
1536 2272 1692 2311 OMNIA,

456 2334 573 2370 QUAE
596 2334 790 2364 POSSUNT
819 2335 1095 2365 PROPHETICE
1123 2335 1363 2366 COGNOSCI.

382 2420 488 2463 (Veri.
529 2433 558 2466 q.
596 2433 646 2455 12,
685 2426 750 2456 art.
787 2434 815 2456 1.
853 2421 895 2455 ad
930 2434 957 2467 5.
997 2427 1027 2457 et
1064 2423 1159 2457 Rom.
1198 2434 1242 2468 15.
1282 2423 1350 2457 lect.
1385 2423 1440 2469 3.).

201 2509 261 2542 AD
284 2519 471 2547 QUARTUM
493 2509 543 2542 sic
566 2509 780 2555 proceditur.
801 2510 964 2552 Videtur,
991 2511 1087 2557 quod
1113 2511 1296 2557 Propheta
1322 2523 1384 2558 per
1410 2511 1569 2546 divinam
1591 2523 1692 2546 reve-

130 2561 305 2596 lationem
326 2570 525 2606 cognoscat
546 2563 680 2604 omnia,
703 2574 793 2609 quae
814 2572 965 2609 possunt
986 2564 1195 2610 prophetice
1224 2565 1416 2610 cognosci:
1441 2565 1570 2599 dicitur
1591 2565 1689 2599 enim

131 2616 247 2649 Amos
270 2625 318 2659 3.:
342 2615 419 2649 Non
433 2616 538 2660 faciet
563 2616 730 2650 Dominus
750 2617 840 2651 Deus
865 2619 1016 2659 verbum,
1053 2619 1115 2651 nisi
1139 2618 1336 2652 revelaverit
1356 2623 1512 2652 secretum
1532 2631 1629 2652 suum
1649 2618 1690 2653 ad

129 2679 238 2702 servos
257 2679 329 2702 suos
349 2669 546 2714 Prophetas:
573 2669 634 2702 sed
657 2669 790 2712 omnia,
817 2681 908 2716 quae
934 2671 1144 2716 prophetice
1172 2670 1386 2712 revelantur,
1412 2679 1495 2705 sunt
1512 2672 1622 2705 verba
1644 2671 1692 2705 di-

130 2721 261 2755 vinitus
282 2720 392 2763 facta3
414 2720 504 2755 nihil
526 2733 612 2767 ergo
635 2733 762 2756 eorum
783 2731 836 2757 est
857 2723 952 2769 quod
974 2734 1048 2757 non
1070 2723 1246 2757 reveletur
1268 2724 1483 2769 Prophetae.

202 2784 233 2807 2.
255 2773 491 2808 PRAETEREA.
514 2775 580 2809 Dei
594 2775 743 2821 perfecta
755 2782 950 2822 ςιιηιορενα,
967 2784 1005 2810 ut
1019 2776 1147 2810 dicitur
1160 2777 1307 2811 Deuter.
1327 2787 1398 2820 32st
1414 2777 1476 2811 sed
1499 2777 1690 2823 prophetia

131 2834 185 2861 est
209 2827 329 2860 divina
354 2827 538 2870 revelatio,
564 2836 603 2862 ut
628 2828 764 2862 dictum
790 2837 842 2863 est
862 2829 1106 2875 (art.praac.);
1128 2840 1213 2875 ergo
1233 2837 1286 2863 est
1304 2829 1478 2875 perfecta3
1499 2830 1596 2876 quod
1615 2842 1689 2865 non

131 2888 234 2922 esset,
260 2880 328 2914 nisi
354 2879 508 2926 perfecte
536 2881 659 2915 omnia
684 2881 947 2928 prophetabilia
981 2882 1190 2928 prophetice
1216 2882 1480 2926 revelarentur;
1508 2883 1591 2929 quia
1613 2890 1691 2930 per-
