1859 3122
159 171 245 223 256
575 180 795 216 QUAESTIO
828 181 946 211 XXXI.
981 180 1223 210 ARTICULUS
1256 180 1299 209 ΙΙ.

159 261 316 307 requirit,
339 269 377 296 ut
396 261 511 295 homo
534 261 675 296 etiamsi
696 273 770 296 non
792 270 873 296 actu
900 262 1075 309 aliquibus
1102 260 1315 302 benefaciat,
1341 259 1474 294 habeat
1498 267 1621 294 tamen
1641 259 1714 294 hoc

159 315 195 348 in
218 315 329 348 animi
350 315 404 348 sui
425 315 708 360 praeparatione,
731 323 769 350 ut
789 315 989 350 benefaciat
1008 315 1235 360 cuicumque,
1257 314 1287 348 si
1307 321 1450 359 tempus
1472 313 1620 347 adesset.
1642 312 1716 347 Ali-

160 368 256 413 quod
275 376 397 401 tamen
411 367 627 401 beneficium
648 376 710 410 est,
727 369 822 414 quod
836 380 1028 414 possumus
1045 367 1211 402 omnibus
1225 367 1446 413 impendere,
1461 366 1490 400 si
1502 377 1576 400 non
1590 366 1626 399 in
1640 377 1716 412 spe-

160 421 252 462 ciali,
275 421 403 454 saltem
424 421 459 454 in
482 421 657 466 generali:
681 421 773 456 sicut
794 433 878 456 cum
899 433 1046 456 oramus
1064 432 1129 467 pro
1152 420 1320 454 omnibus
1339 419 1514 462 fidelibus,
1536 427 1571 453 et
1595 418 1717 453 infide-

159 474 262 508 libus.

231 527 291 560 AD
304 537 510 561 SECUNDUM
525 527 730 570 dicendum,
752 528 848 574 quod
864 528 900 562 in
916 537 1105 574 peccatore
1120 527 1182 561 ιῖιιο
1197 534 1297 569 sunt;
1311 526 1467 560 scilicet:
1487 525 1596 572 culpa,
1613 533 1648 560 et
1661 536 1718 559 na-

160 586 256 620 t1t1·‹t,·
281 588 334 614 est
352 591 438 626 ergo
461 581 747 614 subveniendum
768 582 951 627 peccatori
967 590 1140 627 quantum
1164 581 1206 614 ad
1229 579 1529 614 sustentationem
1550 587 1716 620 naturae3

158 645 232 666 non
252 641 304 667 est
327 642 448 667 autem
476 634 508 667 ei
529 634 814 668 subveniendum
837 635 879 668 ad
906 635 1109 669 fomentum
1137 633 1280 679 culpae:
1308 633 1378 666 hoc
1407 633 1504 666 enim
1527 643 1602 666 non
1624 640 1717 666 esset

159 686 381 728 benefacere,
404 687 465 720 sed
487 687 605 733 potius
628 687 854 722 malefacere.

230 740 290 774 AD
318 751 488 775 TERTIUM
515 741 720 782 dicendum,
749 742 844 786 quod
872 741 1207 782 excommunicatis,
1235 748 1269 773 et
1295 739 1528 785 Reipublicae
1549 738 1713 772 hostibus

161 801 242 827 sunt
263 794 436 828 beneficia
463 795 716 837 subtrahenda,
744 796 956 841 inquantum
979 807 1041 841 per
1062 796 1132 829 hoc
1162 803 1327 829 arcentur
1349 805 1368 827 a
1391 793 1511 840 culpa:
1539 793 1569 827 si
1593 800 1716 827 tamen

159 847 365 881 immineret
379 848 638 890 necessitas,ne
652 857 777 883 natura
793 849 971 891 deficeret,
981 857 1073 883 esset
1087 849 1136 882 eis
1147 847 1450 889 subveniendum3
1464 847 1583 880 debito
1594 854 1716 880 tamen

160 900 283 942 modo,
299 909 383 946 puta
397 913 441 935 ne
456 901 563 943 fame,
586 910 646 936 aut
666 902 723 936 siti
745 910 980 945 morerentur,
1003 910 1063 936 aut
1085 901 1229 948 aliquod
1250 900 1460 947 hujusmodi
1478 900 1716 946 dispendium,

160 953 227 987 nisi
249 954 448 988 secundum
471 955 634 990 ordinem
656 955 810 1000 justitiae
832 963 1046 1002 paterentur.

722 1085 1065 1130 ARTICULUS
1096 1086 1174 1128 HI.
1654 1094 1714 1140 183

365 1193 547 1223 UTRUM
584 1194 668 1222 SIT
708 1194 874 1223 MAGIS
914 1193 1371 1224 BENEFACIENDUM
1410 1192 1516 1231 HIS,

530 1260 605 1294 QUI
634 1259 746 1289 SUNT
772 1260 899 1289 NOBIS
929 1259 1058 1288 MAGIS
1087 1259 1343 1300 CONJUNCTI.

281 1346 383 1392 (Infr.
406 1359 435 1392 q.
454 1359 498 1393 33.
522 1352 583 1382 art.
608 1360 638 1393 9.
661 1353 689 1382 et
709 1359 741 1392 4.
764 1349 854 1383 Dist.
876 1360 921 1394 15.
942 1360 971 1394 q.
995 1360 1025 1383 2.
1048 1354 1111 1383 art.
1135 1349 1167 1384 6.
1190 1353 1219 1382 et
1242 1347 1362 1392 Quodl.
1385 1359 1417 1392 4.
1439 1352 1504 1382 art.
1525 1348 1599 1393 15).

234 1434 293 1467 AD
321 1444 491 1468 TERTIUM
507 1435 556 1468 sic
579 1436 793 1481 proceditur.
817 1436 979 1478 Videtur,
1002 1436 1097 1482 quod
1120 1447 1193 1470 non
1216 1436 1261 1470 sit
1282 1436 1398 1481 magis
1418 1433 1718 1469 benefaciendum

161 1487 230 1528 his,
253 1487 313 1532 qui
334 1496 416 1521 sunt
436 1488 540 1522 nobis
562 1489 677 1534 magis
705 1490 904 1535 conjuncti:
928 1490 1055 1531 dicitur
1077 1490 1174 1523 enirn
1197 1490 1282 1523 Luc.
1312 1499 1380 1531 14:
1406 1488 1490 1523 Cum
1510 1489 1601 1534 facis
1615 1494 1718 1534 pran-

163 1540 265 1582 dium,
286 1546 344 1574 ‹zztt
357 1552 502 1583 coenum,
527 1542 594 1575 noli
614 1554 734 1577 incure
756 1545 878 1577 aulicos
899 1548 978 1584 tuns,
998 1555 1095 1588 mque
1110 1543 1250 1588 fratres,
1270 1554 1367 1588 neque
1386 1541 1643 1587 cognatoss·sed
1661 1541 1719 1575 isti

163 1601 244 1627 sunt
265 1594 381 1638 magis
404 1595 604 1639 conjuncti;
627 1606 714 1641 ergo
736 1607 810 1629 non
826 1603 877 1630 est
899 1596 1015 1642 magis
1036 1595 1335 1630 benefaciendum
1352 1595 1565 1641 conjunctis,
1584 1595 1644 1629 sed
1660 1606 1720 1640 po-

162 1647 231 1680 tius
260 1647 447 1689 extraneis,
471 1655 504 1681 et
525 1648 786 1693 indigentibus:
809 1650 968 1695 sequitur
991 1650 1104 1684 enim:
1128 1649 1188 1684 Sed
1210 1662 1283 1684 cum
1298 1649 1387 1696 facis
1409 1650 1613 1691 couvi-viimi,
1636 1659 1720 1683 voca

157 1706 328 1746 pauperes,
352 1706 381 1734 et
402 1700 528 1742 debiles,
553 1709 618 1735 etc.

234 1763 264 1787 2.
287 1753 522 1789 PRAETEREA.
549 1755 751 1789 Maximum
777 1755 994 1790 beneficium
1021 1764 1084 1798 est,
1113 1756 1209 1802 quod
1235 1756 1350 1790 homo
1379 1755 1535 1802 aliquem
1562 1755 1598 1788 in
1623 1754 1718 1789 bello

163 1806 324 1851 adjuvet:
352 1807 413 1840 sed
440 1807 543 1841 miles
571 1810 606 1842 in
631 1808 727 1842 bello
756 1810 871 1855 magis
899 1810 1003 1844 debet
1028 1811 1151 1854 juvare
1180 1818 1388 1843 extraneum
1417 1808 1720 1850 commilitonem,

163 1871 271 1905 quam
289 1861 599 1906 consanguineum
608 1861 771 1904 hostem,
787 1873 874 1908 ergo
887 1863 1061 1896 beneficia
1076 1874 1150 1896 non
1165 1871 1246 1896 sunt
1260 1863 1375 1908 magis
1393 1862 1590 1896 exhibenda
1604 1861 1720 1908 magis

164 1913 376 1958 conjunctis.

238 1977 266 2011 3.
288 1966 523 2001 PRAETEREA.
539 1967 641 2002 Prius
664 1976 745 2002 sunt
767 1969 884 2003 debita
906 1969 1135 2011 restituenda,
1159 1980 1267 2015 quam
1290 1968 1442 2014 gratuita
1464 1968 1640 2002 beneficia
1657 1967 1720 2001 im-

164 2019 367 2065 pendenda:
391 2020 451 2054 sed
479 2020 639 2054 debitum
661 2030 724 2063 est,
747 2022 843 2067 quod
866 2022 994 2068 aliquis
1016 2023 1201 2068 impendat
1226 2021 1442 2056 beneficium
1465 2022 1508 2063 ei,
1531 2033 1550 2055 a
1572 2033 1643 2068 quo
1667 2033 1721 2055 ac-

164 2074 276 2118 cepit3
298 2084 384 2118 ergo
406 2073 694 2108 benefactoribus
717 2075 832 2120 magis
856 2083 907 2109 est
929 2075 1236 2110 benefaciendum:
1261 2087 1369 2121 quam
1391 2075 1612 2121 propinquis.

230 2136 262 2168 4.
285 2126 519 2161 PRAETEREA.
543 2127 659 2172 Magis
682 2136 763 2162 sunt
789 2128 959 2174 diligendi
979 2137 1155 2174 parentes,
1174 2140 1283 2174 quam
1304 2128 1378 2170 filii,
1401 2137 1438 2162 ut
1457 2139 1562 2174 supra
1584 2128 1720 2162 dictum

165 2187 217 2212 est
238 2179 281 2224 (q.
305 2180 359 2213 26.
382 2185 445 2213 art.
468 2181 537 2225 9.):
561 2181 621 2214 sed
650 2182 766 2227 magis
793 2190 846 2216 est
871 2181 1169 2216 benefaciendum
1197 2181 1296 2223 filiis3
1324 2182 1407 2228 quia
1433 2193 1497 2215 non
1524 2181 1635 2216 debent
1651 2181 1721 2227 filii

166 2233 386 2277 thesaurizare
400 2235 605 2279 parentibus,
622 2235 683 2268 sed
700 2246 718 2268 e
734 2246 922 2276 converso,
937 2243 974 2269 ut
989 2235 1118 2269 dicitur
1137 2245 1167 2268 2.
1192 2235 1234 2268 ad
1258 2235 1344 2269 Cor.
1372 2246 1439 2269 12.:
1463 2245 1536 2269 non
1559 2242 1612 2268 est
1633 2245 1719 2280 ergo

166 2286 281 2331 magis
303 2286 601 2320 benefaciendum
624 2288 739 2333 magis
762 2288 974 2333 cfnjunctis.

238 2340 311 2374 SED
335 2351 488 2374 CONTRA
512 2349 574 2382 est,
597 2342 693 2386 quod
718 2343 868 2387 August.
897 2342 983 2376 dicit
1010 2342 1046 2375 in
1077 2353 1104 2376 1.
1133 2342 1174 2376 de
1197 2342 1321 2376 Doctr.
1352 2341 1485 2376 Christ.
1513 2342 1602 2388 (cap.
1629 2335 1737 2387 28.).·*

169 2406 185 2424 t<
206 2393 301 2427 Cum
323 2394 490 2428 omnibus
517 2394 685 2440 prodesse
711 2406 783 2428 non
807 2387 932 2440 possis,
952 2395 1007 2428 his
1034 2395 1261 2440 potissimum
1290 2395 1552 2429 consulendum
1578 2402 1641 2437 est,
1660 2394 1722 2440 qui

166 2458 230 2493 pro
253 2447 419 2481 locorum
443 2455 476 2482 et
496 2455 715 2493 temporum,
734 2448 792 2482 vel
814 2448 1054 2493 quarumlibet
1077 2460 1195 2482 rerum
1223 2448 1560 2494 opportunitatibus,
1576 2448 1722 2482 constri-

166 2501 256 2534 ctius
274 2500 335 2534 tibi
359 2501 460 2546 quasi
482 2501 636 2546 quadam
659 2510 754 2535 sorte
776 2503 971 2546 junguntur
997 2515 1028 2534 n.

236 2553 464 2588 Rrspoxnro
487 2554 691 2596 dicendum,
711 2555 807 2600 quod
835 2554 959 2599 gratia,
982 2563 1015 2588 et
1040 2555 1150 2588 virtus
1173 2555 1357 2588 imitantur
1375 2562 1522 2588 naturae
1545 2554 1720 2589 ordinem.

167 2607 226 2652 qui
253 2615 305 2641 est
325 2618 367 2641 ex
389 2607 509 2640 divina
531 2608 702 2653 sapientia
724 2608 922 2641 institutus:
939 2615 994 2641 est
1017 2615 1135 2641 autem
1151 2607 1231 2641 talis
1247 2608 1335 2641 ordo
1357 2615 1517 2649 naturae,
1538 2615 1576 2641 ut
1597 2619 1723 2641 unum-

167 2660 333 2706 quodque
357 2671 466 2706 agens
487 2660 648 2694 naturale
674 2672 736 2706 per
758 2661 864 2706 prius,
887 2668 921 2694 et
942 2661 1056 2705 magis
1079 2660 1252 2695 diffundat
1273 2672 1375 2695 suam
1399 2661 1580 2695 actionem
1603 2660 1646 2694 ad
1669 2671 1722 2702 ea,

168 2725 258 2758 quae
285 2722 367 2747 sunt
385 2714 450 2747 sibi
472 2714 587 2759 magis
609 2714 828 2760 propinqua:
851 2714 942 2748 sicut
963 2714 1055 2758 ignis
1083 2715 1197 2759 magis
1225 2714 1390 2748 calefacit
1415 2726 1493 2748 rem
1519 2714 1585 2748 sibi
1606 2713 1722 2760 magis

167 2768 424 2812 propinquam:
446 2776 480 2801 et
501 2767 664 2801 similiter
681 2768 780 2801 Deus
802 2767 836 2800 in
859 2767 1072 2801 substantias
1095 2768 1158 2801 sibi
1181 2768 1455 2814 propinquiores
1476 2778 1538 2814 per
1559 2767 1667 2813 prius,
1689 2775 1724 2801 et

169 2820 336 2865 copiosus
363 2821 458 2854 dona
480 2832 565 2855 suae
591 2821 761 2855 bonitatis
784 2820 958 2862 diffundit,
982 2829 1018 2854 ut
1051 2829 1147 2866 patet
1177 2832 1238 2867 per
1275 2822 1426 2868 Dionys.
1450 2832 1480 2866 7.
1512 2832 1588 2866 cap.
1617 2819 1721 2854 Coel.
1770 2826 1773 2829 ⁴

168 2873 284 2906 Hier.:
308 2874 478 2908 exhibitio
502 2882 621 2909 autem
643 2873 901 2909 beneficiorum
916 2882 968 2908 est
989 2874 1165 2920 quaedam
1178 2875 1272 2909 actio
1295 2874 1477 2909 charitatis
1499 2874 1535 2908 in
1563 2872 1670 2915 alios;
1689 2880 1723 2907 et
