1859 3122
487 150 707 186 QUAESTIO
742 150 844 179 xvn.
879 149 1122 179 ARTICULUS
1156 149 1211 178 IV.
1542 148 1618 190 139

63 235 157 276 lium,
189 244 250 280 per
284 232 380 279 quod
402 232 489 267 illud
512 233 648 266 bonum
673 232 870 266 obtinetur:
894 231 1030 265 bonum
1062 239 1194 272 autem,
1222 229 1318 276 quod
1351 228 1478 274 aliquis
1502 236 1622 274 sperat

63 287 310 328 obtinendum,
341 287 448 320 habet
478 287 655 320 rationem
679 297 807 320 causae
831 284 966 318 finalis:
992 284 1163 318 auxilium
1187 292 1319 324 autem,
1342 294 1403 328 per
1430 282 1527 328 quod
1562 281 1622 315 ali-

64 341 142 387 quis
160 348 276 386 sperat
299 340 384 373 illud
407 341 543 373 bonum
566 340 738 380 obtinere,
752 339 860 372 habet
881 338 1057 371 rationem
1082 349 1210 371 causae
1234 336 1431 371 efficientis.

135 394 174 427 In
197 405 326 438 genere
350 402 469 427 autem
492 393 673 438 utriusque
697 403 824 426 causae
852 392 1030 425 invenitur
1052 390 1258 437 principale,
1288 398 1322 424 et
1348 388 1622 423 secundarium:

65 447 269 493 principalis
292 447 387 480 enim
410 447 488 480 finis
507 454 559 480 est
579 445 658 479 finis
680 445 849 479 ultimus:
881 444 1111 479 secundarius
1141 452 1261 477 autem
1285 443 1364 476 finis
1391 451 1443 476 cst
1474 443 1622 483 bonum,

66 502 161 546 quod
184 508 237 534 est
258 501 301 534 ad
323 500 451 534 finem:
466 499 628 534 similiter
643 498 847 545 principalis
870 509 977 532 causa
993 509 1102 542 agens
1118 505 1169 531 cst
1183 499 1338 543 primum
1355 507 1481 541 agens:
1502 506 1625 529 secun-

65 554 164 587 daria
182 565 269 588 vero
285 564 392 587 causa
407 552 563 586 efficiens
586 560 638 586 est
665 563 774 597 agens
796 551 1049 586 secundarium
1076 549 1367 584 instrumentale:
1391 561 1471 595 spes
1499 557 1621 583 autem

66 607 210 653 respicit
234 606 493 640 beatitudinem
520 614 714 647 aeternam,
741 605 833 639 sicut
853 604 963 638 finem
986 604 1173 646 ultimum3
1197 603 1357 637 divinum
1385 611 1504 637 autem
1532 602 1625 636 auxi-

66 660 167 702 lium,
180 660 271 694 sicut
284 660 437 706 primam
456 670 602 694 causam
616 658 848 692 inducentem
871 657 914 691 ad
936 657 1212 692 beatitudinem:
1228 657 1320 690 sicut
1341 668 1428 702 ergo
1447 667 1521 690 non
1542 655 1625 689 licet

69 724 211 760 sperare
234 713 366 759 aliquid
388 713 524 747 bonum
545 720 685 758 praeter
703 711 973 753 beatitudinem,
988 711 1080 745 sicut
1101 710 1269 744 ultimum
1291 709 1413 751 finem,
1429 709 1489 743 sed
1505 708 1625 743 solum

69 768 160 802 sicut
181 767 227 809 id,
250 767 346 812 quod
368 775 420 801 est
441 767 485 800 ad
506 766 615 800 finem
637 765 865 799 beatitudinis
900 765 1124 799 ordinatum:
1152 765 1200 798 ita
1222 763 1331 797 etiam
1353 774 1427 797 non
1446 762 1530 796 licet
1552 774 1628 808 spe-

68 832 145 855 rare
167 821 210 854 de
233 820 352 866 aliquo
375 820 535 861 homine,
550 819 607 854 vel
630 819 672 853 de
695 818 814 864 aliqua
830 827 1002 859 creatura,
1022 818 1113 852 sicut
1135 817 1177 851 de
1196 817 1311 863 prima
1327 827 1434 850 causa
1456 823 1626 854 movente

67 874 103 908 in
117 874 390 908 beatitudinem:
409 873 492 908 licet
506 881 626 907 autem
647 883 789 918 sperare
805 872 848 906 de
871 871 991 918 aliquo
1013 871 1174 913 homine,
1189 870 1247 904 vel
1265 870 1308 904 de
1324 869 1442 915 aliqua
1465 877 1627 903 creatura

68 927 160 961 sicut
189 935 317 972 agente
350 926 577 968 secundario,
604 934 639 960 et
672 924 947 967 instrumentali,
983 936 1044 971 per
1077 925 1173 970 quod
1202 924 1329 969 aliquis
1364 923 1551 968 adjuvatur
1585 921 1627 955 ad

70 991 319 1026 quaecumque
346 980 440 1014 bona
463 979 718 1025 consequenda
744 979 780 1012 in
806 978 1065 1012 beatitudinem
1087 978 1269 1012 ordinata:
1302 985 1336 1011 et
1356 976 1427 1010 hoc
1451 975 1562 1010 modo
1585 975 1628 1009 ad

70 1034 223 1068 Sanctos
250 1033 506 1075 convertimur,
529 1041 563 1067 et
584 1033 625 1066 ab
657 1032 866 1066 hominibus
894 1032 1003 1065 etiam
1030 1031 1148 1077 aliqua
1176 1032 1350 1076 petimus;
1374 1038 1408 1064 et
1429 1029 1630 1075 vituperan-

68 1095 125 1121 tur
149 1087 211 1132 illi,
233 1087 276 1121 de
298 1087 424 1133 quibus
446 1086 572 1132 aliquis
595 1085 776 1120 confidere
798 1096 871 1119 non
894 1091 1012 1131 potest
1034 1085 1077 1118 ad
1100 1084 1272 1119 auxilium
1294 1083 1495 1118 ferendum.

141 1140 184 1175 Et
208 1151 271 1187 per
288 1140 359 1174 hoc
382 1147 479 1186 patet
499 1139 687 1186 responsio
709 1149 758 1173 AD
781 1148 957 1185 OBJECTA.

632 1278 976 1324 ARTICULUS
1009 1278 1062 1321 V.
1587 1286 1631 1321 86

407 1387 560 1418 UTRUM
587 1388 682 1417 spsss
710 1387 776 1417 SIT
803 1387 958 1417 VIRTus
987 1385 1293 1416 THEOLOGICA.

330 1474 370 1522 (3.
392 1475 479 1510 Dist.
506 1475 561 1510 26.
584 1487 613 1521 q.
636 1487 666 1510 2.
689 1480 753 1510 art.
775 1487 794 1510 2
820 1478 850 1510 e‘t
882 1474 964 1509 Virt.
991 1486 1022 1520 q.
1043 1485 1076 1519 4.
1105 1479 1167 1508 art.
1194 1484 1222 1507 Ι.
1249 1472 1292 1508 ad
1314 1473 1376 1517 6.).

145 1562 205 1597 AD
227 1573 406 1602 QUINTUM
427 1563 477 1597 sic
500 1562 715 1609 proceditur.
730 1563 892 1605 Videtur,
908 1563 1004 1609 quod
1024 1574 1103 1609 spes
1124 1574 1199 1597 non
1214 1562 1258 1597 sit
1270 1562 1381 1596 virtus
1403 1560 1630 1607 theologica:

75 1615 185 1649 virtus
207 1616 302 1650 enim
324 1615 533 1662 theologica
555 1624 618 1658 est,
640 1627 731 1662 quae
749 1616 858 1650 habet
878 1617 998 1650 Deum
1019 1627 1085 1661 pro
1109 1616 1275 1662 objecto:
1299 1615 1361 1649 sed
1380 1626 1460 1661 spes
1481 1625 1555 1648 non
1573 1614 1634 1648 ha-

76 1669 135 1703 bet
166 1668 285 1704 solum
306 1670 428 1704 Deum
461 1681 525 1715 pro
556 1670 711 1715 objecto,
732 1669 795 1704 sed
818 1670 927 1704 etiam
965 1669 1035 1703 alia
1067 1669 1175 1712 bona,
1202 1680 1294 1716 quae
1325 1680 1344 1702 a
1370 1669 1451 1703 Deo
1471 1668 1632 1702 obtinere

76 1733 282 1768 speramus;
309 1733 394 1768 ergo
417 1733 495 1769 spes
513 1733 587 1757 non
610 1731 662 1757 est
682 1723 793 1757 virtus
814 1722 1035 1768 theologica.

149 1785 179 1809 2.
201 1775 435 1810 PRAETEREA.
458 1775 579 1810 Virtus
600 1775 810 1821 theologica
836 1787 910 1810 non
937 1775 1099 1810 consistit
1128 1777 1163 1809 in
1198 1775 1319 1809 medio
1353 1774 1508 1808 duorum
1534 1774 1635 1808 vitio-

76 1840 167 1871 rum,
193 1837 231 1863 ut
256 1840 362 1874 supra
384 1829 547 1863 habitum
569 1837 621 1863 est
644 1829 719 1873 (1-2.
743 1841 772 1875 q.
800 1830 856 1874 64.
884 1835 948 1865 art.
974 1829 1047 1874 4.).·
1074 1828 1136 1862 sed
1163 1839 1243 1875 spes
1266 1828 1429 1862 consistit
1454 1828 1490 1861 in
1512 1827 1633 1861 medio

77 1882 390 1928 praesumptionis,
413 1890 447 1916 et
467 1882 743 1927 desperationis;
767 1894 853 1928 ergo
875 1894 954 1929 spes
976 1893 1050 1916 non
1078 1890 1131 1916 est
1155 1882 1267 1915 virtus
1287 1881 1508 1926 theologica.

152 1947 180 1981 3.
202 1935 437 1970 PRAETEREA.
460 1935 669 1982 Expectatio
692 1936 845 1982 pertinet
878 1937 920 1970 ad
959 1935 1288 1982 longanimitatem,
1310 1946 1401 1981 quae
1425 1942 1477 1968 est
1497 1933 1635 1980 species

78 1987 312 2031 fortitudinis,
335 2000 419 2022 curn
440 2000 526 2035 ergo
549 2000 628 2035 spes
654 1989 698 2023 sit
716 1990 894 2036 quaedam
916 1989 1128 2036 expectatio,
1161 1988 1302 2023 videtur
1328 1988 1425 2034 quod
1458 1999 1539 2034 spes
1561 1998 1635 2021 non

79 2041 124 2076 sit
139 2042 249 2075 virtus
270 2041 490 2088 theologica,
512 2042 574 2076 sed
596 2042 756 2077 moralis.

149 2105 182 2138 4.
204 2095 438 2130 PRAETEREA.
456 2096 651 2142 Objectum
665 2096 742 2142 spei
760 2104 813 2130 est
827 2096 996 2130 arduum:
1017 2096 1078 2131 sed
1097 2095 1242 2130 tendere
1261 2095 1297 2129 in
1313 2094 1463 2128 arduum
1483 2094 1636 2140 pertinet

82 2148 124 2182 ad
146 2149 492 2194 magnanimitatem,
515 2160 606 2195 quae
629 2157 681 2183 est
701 2149 812 2184 virtus
831 2149 1097 2195 moralis3ergo
1120 2160 1199 2195 spes
1222 2157 1275 2183 est
1294 2149 1406 2182 virtus
1425 2147 1584 2189 moralis,
1601 2156 1635 2181 et

81 2212 153 2235 non
173 2201 392 2247 theologica.

152 2254 226 2288 SED
249 2266 403 2290 CONTRA
425 2263 489 2298 est,
510 2256 607 2302 quod
633 2267 660 2290 1.
685 2256 727 2290 ad
755 2256 841 2290 Cor.
874 2267 924 2302 13.
946 2264 1227 2290 connumeratur
1251 2266 1330 2301 spes
1354 2255 1447 2297 fidei,
1469 2263 1504 2289 et
1525 2254 1637 2288 chari-

81 2307 154 2349 tati,
173 2319 263 2353 quae
281 2317 363 2342 sunt
382 2309 529 2343 virtutes
551 2309 793 2355 theologicae.

151 2361 378 2396 RESPONDEO
405 2362 609 2404 dicendum,
629 2363 737 2408 quod,
765 2375 848 2396 curn
875 2362 1096 2397 differentiae
1119 2362 1308 2409 specificae
1330 2373 1392 2408 per
1418 2373 1455 2396 se
1478 2360 1636 2395 dividant

83 2425 205 2459 genus,
244 2422 382 2460 opertet
411 2415 604 2457 attendere,
639 2417 733 2450 unde
770 2416 899 2450 habeat
938 2427 1017 2462 spes
1046 2416 1224 2450 rationem
1251 2415 1401 2456 virtutis,
1429 2415 1473 2448 ad
1505 2414 1576 2447 hoc
1600 2421 1637 2447 ut

83 2467 237 2501 sciamus
259 2468 321 2501 sub
337 2480 406 2514 qua
428 2468 626 2503 differentia
646 2469 784 2503 virtutis
808 2469 1017 2503 collocetur.
1033 2469 1181 2503 Dictum
1196 2477 1248 2503 est
1263 2476 1383 2503 autem
1398 2478 1502 2513 supra
1514 2468 1593 2511 (art.
1609 2478 1635 2500 I.

83 2520 151 2565 huj.
175 2521 235 2566 φ),
258 2522 354 2566 quod
375 2533 455 2567 spes
476 2522 586 2556 habet
605 2522 784 2556 rationem
805 2522 943 2556 virtutis
971 2533 1012 2556 ex
1038 2523 1122 2563 hoc,
1150 2522 1246 2567 quod
1268 2521 1409 2565 attingit
1430 2530 1636 2564 supremam

83 2573 246 2618 regulam
267 2574 512 2608 humanorum
539 2583 703 2609 actuum:
727 2586 835 2621 quam
864 2575 1005 2620 attingit
1042 2583 1076 2609 et
1109 2575 1201 2609 sicut
1222 2575 1375 2620 primam
1399 2584 1545 2607 causam
1567 2571 1637 2606 effi-

85 2625 251 2668 cientem,
277 2627 489 2672 inquantum
512 2629 586 2673 ejus
609 2628 740 2662 auxilio
763 2628 941 2671 innititur;
957 2636 991 2662 et
1011 2628 1102 2662 sicut
1123 2627 1289 2661 ultimam
1311 2637 1456 2660 causam
1478 2625 1636 2666 finalem,

84 2678 296 2724 inquantum
318 2680 355 2713 in
372 2680 447 2725 ejus
468 2679 636 2715 fruitione
662 2681 919 2715 beatitudinem
946 2688 1131 2727 expectat;
1159 2688 1193 2714 et
1227 2680 1276 2714 sic
1303 2687 1410 2725 patet,
1432 2678 1527 2724 quod
1550 2678 1636 2724 spei,

85 2731 298 2778 inquantum
320 2740 373 2767 est
392 2733 514 2775 virtus,
541 2734 737 2779 principale
759 2734 941 2780 objectum
969 2742 1021 2768 est
1046 2735 1163 2775 Deus,
1186 2744 1266 2766 cum
1295 2743 1383 2777 ergo
1405 2732 1440 2765 in
1462 2732 1533 2765 hoc
1556 2743 1637 2765 con-

87 2784 186 2818 sistat
205 2785 297 2819 ratio
317 2786 455 2820 virtutis
476 2786 719 2832 theologicae,
742 2787 838 2833 quod
859 2787 980 2821 Deum
1002 2787 1133 2820 habeat
1153 2797 1218 2831 pro
1245 2785 1400 2831 objecto,
1422 2785 1513 2819 sicut
1531 2796 1636 2831 supra

87 2837 222 2872 dictum
237 2846 289 2872 est
308 2838 395 2883 (1-2.
407 2850 436 2884 q.
448 2839 502 2874 62.
517 2845 581 2875 art.
596 2840 654 2884 1.)‚
674 2840 905 2875 manifestum
925 2848 987 2882 est,
1006 2840 1102 2885 quod
1125 2850 1206 2885 spes
1221 2847 1273 2873 est
1291 2838 1402 2873 virtus
1416 2837 1635 2883 theologica.
