1859 3122
471 201 689 236 QUAESTIO
722 201 930 231 LXXXVIII.
965 201 1210 232 ARTICULUS
1244 201 1303 231 111.
1588 191 1669 245 625

182 295 209 329 3.
232 283 468 318 PRAETEREA.
492 283 595 325 Illud,
616 283 658 317 ad
679 285 779 329 cujus
798 283 1018 318 solutionem
1041 292 1094 318 est
1113 283 1240 330 aliquis
1260 283 1452 329 obligatus,
1471 284 1592 318 statim
1611 283 1679 318 sol-

108 348 192 371 vere
214 345 372 371 tenetur:
396 337 457 371 sed
481 336 608 383 aliquis
639 348 713 370 non
741 337 861 371 statim
888 337 1029 372 solvere
1051 345 1191 371 tenetur
1218 337 1305 371 illud
1328 337 1424 383 quod
1447 337 1558 379 vovit,
1580 349 1679 384 prae-

108 392 210 437 cipue
233 401 316 424 cum
339 390 402 424 sub
426 390 634 425 conditione
655 390 773 424 futura
794 399 919 434 γονεῖς
942 402 1028 437 ergo
1052 399 1177 425 votum
1205 402 1279 426 non
1302 402 1444 438 semper
1465 399 1518 426 est
1540 391 1678 437 obliga-

107 444 252 478 torium.

179 496 252 531 SED
275 507 430 531 CONTRA
453 505 516 538 est,
544 497 640 543 quod
663 497 792 531 dicitur
813 496 923 531 Eccli.
951 508 999 542 5.:
1024 497 1263 543 Quodcumque
1287 499 1432 540 voveris,
1455 497 1565 533 redde:
1589 498 1679 532 Mul-

107 555 200 596 toque
228 550 341 584 melius
366 555 409 584 cst
431 562 494 584 non
516 562 648 593 vovere,
672 562 769 596 quam
787 556 861 597 post
878 556 991 585 volum
1004 552 1171 597 promissa
1189 563 1254 585 non
1276 551 1418 586 reddere.

178 603 407 638 RESPONDEO
430 603 634 645 dicendum,
657 604 753 649 quod
776 603 819 637 ad
841 603 1053 638 fidelitatem
1074 604 1234 638 hominis
1256 605 1422 650 pertinet,
1445 613 1482 639 ut
1499 604 1620 639 solvat
1641 604 1675 638 id

111 657 207 702 quod
229 657 414 702 promisit,
436 657 530 690 unde
557 656 757 691 secundum
785 657 937 701 August.
961 658 1066 703 (epist.
1089 669 1140 703 19.
1168 664 1241 704 cap.
1268 669 1298 692 2.
1326 663 1353 692 et
1375 658 1430 692 lib.
1462 657 1498 692 cle
1525 657 1679 692 Manciae.

111 717 183 756 cap.
205 711 276 755 20.)
296 710 374 755 fidus
395 710 524 744 dicitur
545 721 588 744 ex
609 710 693 751 hoc,
720 710 817 755 quod
843 709 932 743 fiunt
959 710 1071 744 dicta:
1095 710 1252 744 maxime
1280 718 1401 745 autem
1429 711 1535 745 debet
1560 711 1679 745 homo

109 763 190 798 Deo
213 763 435 806 fidelitatem,
458 772 534 798 tum
557 763 696 797 ratione
716 763 878 804 dominii,
900 771 978 797 tum
1001 764 1110 797 etiam
1136 764 1275 798 ratione
1305 764 1470 799 beneficii
1497 765 1673 810 suscepti;

109 825 143 850 et
165 816 246 851 ideo
270 817 428 851 maxime
451 816 630 862 obligatur
650 816 766 850 homo
794 816 837 850 ad
863 816 947 858 hoc,
970 817 1066 862 quod
1088 816 1239 862 impleat
1259 825 1344 851 vota
1366 817 1447 851 Deo
1470 817 1583 852 facta:
1606 818 1678 851 hoc

107 869 202 903 enirn
226 870 378 916 pertinet
400 869 443 903 ad
467 869 686 911 fidelitatem,
709 881 817 915 quam
839 869 954 903 homo
978 869 1082 904 debet
1103 870 1205 904 Deo:
1228 869 1356 904 fractio
1380 878 1501 904 autem
1523 871 1600 905 voti
1622 879 1674 905 est

109 923 286 969 quaedam
318 922 537 957 infidelitatis
558 923 713 969 species3
736 922 830 956 unde
861 921 1039 956 Salomon
1070 923 1250 957 rationem
1278 923 1448 969 assignat,
1475 935 1584 970 quare
1610 924 1682 958 sint

110 984 195 1010 vota
217 976 416 1019 reddenda;
440 976 522 1022 quia
543 975 686 1022 displicet
704 976 776 1010 Deo
798 975 938 1021 ‘infidelis
954 977 1143 1022 promissio.

179 1030 239 1065 AD
260 1040 410 1065 PRIMUM
429 1040 515 1075 ergo
530 1029 736 1070 dicendum,
752 1029 850 1074 quod
868 1029 1070 1063 secundum
1089 1030 1331 1072 honestatem,
1355 1041 1398 1064 ex
1420 1029 1580 1076 qualibet
1599 1042 1681 1076 pro-

108 1083 281 1117 missione
295 1083 410 1117 homo
428 1082 570 1116 homini
585 1081 779 1128 obligatur:
804 1090 838 1116 et
858 1082 948 1116 haec
969 1090 1022 1116 est
1040 1082 1214 1129 obligatio
1233 1083 1319 1128 juris
1337 1083 1527 1117 naturalis:
1551 1084 1613 1118 sed
1634 1084 1677 1118 ad

107 1136 178 1170 hoc
202 1136 298 1182 quod
321 1135 448 1181 aliquis
470 1135 650 1181 obligetur
665 1146 705 1169 ex
725 1134 844 1181 aliqua
863 1135 1106 1181 promissione
1129 1135 1351 1182 obligatione
1374 1136 1482 1178 civili,
1499 1136 1678 1182 quaedam

109 1189 178 1223 alia
200 1189 446 1235 requiruntur3
467 1189 567 1222 Deus
590 1196 711 1222 autem
733 1189 798 1222 etsi
819 1189 923 1222 bonis
942 1189 1074 1223 nostris
1096 1200 1170 1223 non
1193 1198 1309 1235 egeat,
1325 1191 1358 1224 ei
1376 1198 1499 1224 tamen
1521 1190 1683 1224 maxime

109 1242 332 1288 obligamur:
356 1249 391 1276 et
411 1243 459 1276 ita
479 1249 607 1275 votum
629 1243 660 1276 ei
681 1241 818 1276 factum
840 1250 893 1276 est
914 1242 1071 1276 maxime
1096 1242 1365 1288 obligatorium.

179 1296 239 1329 AD
263 1306 470 1330 SECUNDUM
501 1295 705 1337 dicendum,
734 1295 830 1341 quod
852 1295 882 1329 si
902 1295 1003 1338 illud,
1025 1296 1122 1342 quod
1150 1297 1228 1342 quis
1250 1297 1360 1338 vovit,
1384 1308 1428 1331 ex
1449 1308 1682 1343 quacumque

109 1348 178 1382 alia
201 1360 308 1383 causa
330 1348 553 1395 impossibile
574 1348 754 1391 reddatur,
781 1348 886 1382 debet
911 1348 981 1382 hoc
1009 1348 1127 1383 facere
1155 1349 1251 1395 quod
1278 1350 1315 1384 in
1337 1361 1374 1384 se
1398 1358 1461 1391 est,
1489 1359 1527 1384 ut
1552 1350 1680 1384 saltem

108 1401 239 1435 habeat
262 1409 469 1448 promptam
489 1401 716 1435 voluntatem
742 1400 900 1435 faciendi
921 1402 1018 1447 quod
1045 1411 1186 1448 potest;
1208 1403 1302 1437 unde
1325 1402 1384 1437 ille
1407 1404 1467 1449 qui
1486 1405 1586 1438 vovit
1605 1414 1681 1437 mo-

108 1456 305 1489 nasterium
329 1454 474 1500 aliquod
495 1455 638 1496 intrare,
667 1455 772 1489 debet
798 1455 882 1489 dare
917 1466 1080 1500 operam,
1107 1463 1282 1502 quantum
1307 1464 1437 1502 potest,
1460 1465 1498 1491 ut
1519 1457 1569 1490 ibi
1590 1457 1681 1490 reci-

108 1509 244 1554 piatur:
267 1516 302 1542 et
322 1508 351 1542 si
373 1508 518 1553 quidem
545 1508 696 1541 intentio
724 1509 799 1553 ejus
826 1507 891 1542 fuit
925 1519 963 1542 se
997 1508 1158 1554 obligare
1190 1510 1233 1543 ad
1268 1509 1453 1555 religionis
1475 1510 1679 1555 ingressum

109 1560 364 1607 principaliter,
380 1569 414 1595 et
429 1572 469 1595 ex
498 1561 734 1607 consequenti
756 1561 856 1607 eligit
869 1561 962 1595 hanc
985 1561 1214 1607 religionem,
1229 1562 1287 1597 vel
1307 1563 1404 1596 hunc
1424 1562 1560 1605 locum,
1576 1563 1677 1609 quasi

109 1614 226 1660 magis
248 1614 314 1648 sibi
336 1622 610 1660 congruentem,
632 1622 784 1656 tenetur,
800 1614 829 1648 si
850 1625 924 1648 non
943 1623 1062 1661 potest
1082 1615 1131 1648 ibi
1152 1615 1274 1661 recipi,
1294 1615 1377 1650 alibi
1397 1615 1612 1662 religionem
1630 1616 1681 1650 in-

108 1676 219 1702 trare:
242 1667 272 1702 si
294 1676 416 1702 autem
437 1667 682 1713 principaliter
704 1668 856 1701 intendit
877 1679 914 1701 se
937 1668 1098 1714 obligare
1122 1668 1165 1702 ad
1186 1669 1280 1702 lianc
1304 1669 1531 1715 religionem,
1553 1669 1612 1704 vel
1634 1669 1678 1703 ad

108 1721 206 1755 hunc
228 1720 364 1762 locum,
380 1729 526 1767 propter
548 1719 744 1766 specialem
767 1720 1073 1766 complacentiam
1088 1721 1194 1767 hujus
1213 1721 1412 1767 religionis,
1426 1722 1485 1756 vel
1506 1722 1590 1764 loci,
1605 1734 1680 1756 non

108 1782 249 1808 tenetur
271 1774 380 1808 aliam
402 1773 617 1819 religionem
640 1774 783 1815 intrare,
806 1774 835 1807 si
858 1786 942 1807 eum
962 1774 1015 1808 illi
1036 1776 1196 1820 recipere
1218 1774 1366 1809 nolunt:
1390 1775 1419 1809 si
1439 1787 1527 1810 vero
1554 1776 1682 1810 incidit

108 1827 145 1861 in
166 1827 496 1873 impossibilitatem
518 1826 693 1872 implendi
707 1835 833 1860 votum
856 1838 899 1860 ex
920 1827 1065 1873 propria
1082 1827 1200 1873 culpa,
1214 1835 1355 1862 tenetur
1376 1829 1521 1875 insuper
1540 1829 1584 1864 de
1602 1840 1682 1875 pro-

109 1880 186 1926 pria
209 1880 314 1926 culpa
336 1880 527 1925 praeterita
547 1880 808 1926 poenitentiam
830 1891 958 1926 agere:
981 1882 1074 1915 sicut
1094 1880 1238 1923 mulier,
1265 1893 1357 1927 quae
1383 1882 1484 1916 vovit
1500 1882 1682 1928 virginita—

109 1941 196 1975 tem,
218 1933 247 1967 si
268 1942 393 1979 postea
417 1941 679 1979 corrumpatur,
700 1944 775 1967 non
809 1933 930 1967 solum
953 1934 1059 1967 debet
1085 1945 1227 1968 servare
1256 1935 1353 1980 quod
1387 1943 1515 1981 potest,
1542 1935 1684 1970 scilicet

110 1994 324 2032 perpetuam
346 1987 619 2028 continentiam,
641 1986 702 2020 sed
725 1987 833 2021 etiarn
857 1986 899 2020 de
922 1998 978 2029 eo,
1002 1987 1097 2033 quod
1122 1987 1241 2022 amisit
1262 1989 1462 2034 peccando,
1481 1989 1679 2035 poenitere.

181 2040 242 2074 AD
266 2050 437 2074 TERTIUM
459 2039 664 2082 dicendum,
692 2040 789 2085 quod
817 2039 990 2086 obligatio
1012 2041 1088 2074 voti
1115 2051 1157 2074 ex
1183 2041 1328 2087 propria
1349 2041 1548 2084 voluntate,
1572 2050 1607 2076 et
1632 2042 1683 2076 in-

110 2093 272 2126 tentione
307 2101 491 2135 causatur3
521 2093 614 2126 unde
649 2093 776 2127 dicitur
796 2093 903 2126 Deut.
927 2103 999 2139 23.:
1024 2094 1123 2138 Quod
1149 2094 1244 2128 semel
1270 2106 1427 2140 egressum
1454 2101 1496 2130 est
1522 2095 1558 2130 de
1584 2096 1681 2130 labiis

113 2147 185 2187 tuis,
214 2147 414 2187 obsarvabis;
442 2151 471 2180 et
489 2146 606 2192 facies,
627 2147 710 2180 sicul
730 2147 916 2192 promisisti
937 2147 1086 2181 Domino
1102 2148 1174 2182 Deo
1194 2154 1261 2190 tuo,
1284 2153 1312 2182 et
1331 2150 1475 2195 propria
1497 2149 1674 2190 voluntate,

112 2204 140 2233 at
161 2211 215 2233 ore
242 2204 295 2233 tuo
317 2200 443 2233 locutus
464 2211 506 2240 ὼγ
523 2207 558 2233 et
570 2199 652 2233 ideo
675 2199 704 2233 si
726 2201 760 2233 in
781 2199 994 2241 intentione,
1012 2208 1046 2234 et
1062 2200 1248 2235 voluntate
1264 2202 1430 2236 voventis
1445 2210 1497 2236 est
1520 2201 1679 2248 obligare

112 2263 149 2286 se
173 2251 216 2285 ad
238 2252 359 2286 statim
381 2251 607 2294 solvendum,
621 2260 761 2286 tenetur
780 2253 901 2286 statim
920 2252 1080 2287 solvere:
1104 2253 1133 2287 si
1155 2261 1276 2288 autem
1300 2254 1343 2288 ad
1366 2263 1504 2288 certum
1526 2263 1680 2300 tempUS,

111 2304 170 2339 vel
191 2305 253 2339 sub
277 2313 372 2338 certa
395 2305 616 2346 conditione,
638 2317 712 2339 non
739 2307 860 2339 statim
886 2314 1027 2340 tenetur
1048 2306 1207 2342 solvere:
1230 2307 1291 2341 sed
1314 2319 1380 2342 nec
1409 2308 1514 2342 debet
1539 2309 1680 2342 tardare

113 2357 205 2392 ultra
237 2369 345 2404 quam
375 2358 528 2392 intendit
556 2369 593 2392 se
621 2358 798 2404 obligare:
822 2359 952 2393 dicitur
985 2359 1083 2393 enim
1116 2359 1270 2394 ibidem:
1297 2361 1382 2395 Cum
1408 2367 1523 2396 votum
1549 2362 1682 2396 voveris

112 2411 261 2445 Domino
283 2412 355 2445 Deo
382 2416 447 2453 tuo,
470 2423 534 2445 non
562 2411 708 2446 tardabis
734 2411 878 2446 reddere:
906 2413 985 2457 quia
1007 2414 1152 2458 requiret
1178 2413 1259 2448 illud
1280 2415 1448 2449 Dominus
1473 2415 1565 2449 Deus
1586 2419 1677 2454 taust·

113 2465 186 2499 etsi
206 2469 353 2498 moratus
366 2464 487 2510 fueris,
510 2465 716 2511 reputabitur
734 2465 794 2499 tibi
812 2466 846 2499 in
862 2470 1048 2511 peccatum.
