1905 3137
521 178 742 215 QUAESTIO
776 178 850 208 ΧΠ.
883 178 1126 208 ARTICULUS
1159 178 1186 207 Ι.
1557 179 1631 221 115

79 263 167 305 fide3
189 262 271 308 quia
294 262 391 296 enim
413 261 500 296 fides
523 269 575 296 est
590 263 741 308 primum
759 260 1012 303 fundamentum
1035 272 1145 294 rerum
1170 259 1423 306 sperandarzmz,
1446 264 1474 294 et
1493 259 1636 305 sinefidu

79 316 273 362 impossibile
293 322 337 351 cst
353 316 484 362 placere
507 316 590 356 Deo,
609 314 747 349 sublata
768 314 849 355 fide,
875 314 963 347 nihil
992 321 1153 347 remanet
1170 315 1206 347 in
1233 313 1394 355 homine,
1409 313 1505 359 quod
1524 313 1637 359 possit

78 381 155 404 csse
178 369 262 404 utile
285 369 328 403 ad
351 369 502 403 salutem
526 376 728 410 aeternam3
752 376 786 402 et
807 375 952 413 propter
973 367 1043 400 hoc
1067 367 1194 400 dicitur
1224 367 1331 401 Prov.
1353 365 1402 400 6.:
1425 366 1537 400 Homo
1559 372 1637 413 apo-

76 428 162 458 stata
182 424 238 457 vit·
260 423 405 457 inutilis:
433 422 519 456 fides
542 422 639 456 enim
662 430 714 455 est
736 421 807 455 vita
829 421 983 462 animae,
1006 420 1204 454 secundum
1226 420 1313 454 illud
1335 420 1442 454 Rom.
1463 431 1489 454 1.
1503 433 1510 454 :
1526 420 1638 464 justus

76 488 115 511 cx
136 476 202 522 fide
222 478 333 511 vivit:
365 476 456 510 sicut
485 486 572 521 ergo
597 470 739 509 ‘sublata
770 474 842 508 vita
874 473 1066 520 corporali,
1099 474 1222 508 omnia
1252 474 1426 516 membra,
1456 482 1491 508 ct
1520 481 1637 520 partes

77 530 234 564 hominis
259 542 278 563 a
301 530 417 564 debita
439 529 673 574 dispositione
696 529 885 563 recedunt:
906 528 953 561 ita
968 528 1106 562 sublata
1124 528 1196 561 vita
1214 527 1380 573 justitiae,
1395 539 1486 574 quae
1507 535 1558 561 est
1576 538 1638 573 per

77 583 196 625 fidem,
219 592 365 629 apparet
386 583 602 617 inordinatio
626 583 659 616 in
680 582 848 615 omuibus
868 581 1058 615 membris:
1084 589 1118 615 et
1132 582 1247 627 primo
1268 581 1414 626 quidem
1432 581 1467 615 in
1487 592 1561 623 ore,
1576 592 1638 627 per

76 637 172 683 quod
195 637 351 670 maxime
370 635 616 670 manifestatur
631 646 712 669 cor:
733 635 871 670 secundo
886 635 922 668 in
945 634 1077 669 oculis:
1101 636 1194 669 tertio
1208 635 1244 668 in
1262 634 1482 669 istrumentis
1498 643 1636 669 motus:

76 695 194 736 quarto
217 690 252 724 in
274 689 470 731 voluntate,
493 700 584 735 quae
612 689 655 723 ad
683 688 820 722 malum
848 688 980 730 tendit;
1009 696 1042 722 et
1065 700 1106 722 ex
1128 688 1183 722 his
1205 688 1375 734 sequitur,
1404 689 1499 734 quod
1521 690 1637 734 jurgia

74 745 218 785 seminet,
241 743 330 777 alios
352 743 541 777 intendens
563 753 728 788 separare
751 753 771 776 a
792 741 872 784 fide,
897 742 988 775 sicut
1011 750 1046 776 et
1066 741 1141 786 ipse
1163 741 1321 775 recessit.

148 797 207 831 AD
231 807 401 831 TERTIUM
424 796 628 837 dicendum,
651 795 748 841 quod
769 795 908 841 species
931 795 1080 841 alicujus
1102 794 1294 840 qualitatis,
1320 794 1377 829 vel
1402 794 1541 829 formae
1563 807 1637 830 non

76 850 359 885 diversificantur
380 862 443 896 per
464 850 547 891 hoc,
570 849 666 895 quod
690 857 743 883 est
760 849 935 883 terminus
955 857 1074 882 motus
1094 860 1114 882 ιι
1132 860 1207 894 quo,
1227 848 1285 882 vel
1302 849 1344 882 ad
1362 852 1477 894 (ptem,-
1497 849 1558 883 sed
1577 861 1638 895 po-

75 904 144 939 tius
167 915 185 938 e
208 915 384 938 converso
407 904 606 937 secundum
628 902 803 937 terminos
826 910 992 936 motuum
1023 903 1161 948 species
1184 903 1430 937 attenduntur:
1457 903 1637 948 apostasia

76 965 198 992 autem
218 957 362 1003 respicit
382 957 631 991 infidelitatem
658 965 696 990 ut
722 958 929 998 terminum,
958 957 1000 990 ad
1029 968 1137 1002 quem
1164 964 1217 990 est
1243 964 1362 990 motus
1390 957 1590 991 recedentis
1617 969 1637 991 a

76 1010 164 1053 fide;
195 1011 288 1044 unde
318 1011 497 1056 apostasia
527 1021 601 1044 non
627 1010 801 1056 importat
827 1010 1103 1044 determinatam
1130 1009 1288 1055 speciem
1317 1009 1548 1052 infidelitatis,
1575 1011 1636 1045 sed

77 1064 272 1110 quamdam
305 1064 613 1098 circumstantiam
641 1072 914 1109 aggravantem,
941 1063 1141 1097 secundum
1167 1063 1255 1097 illud
1284 1073 1314 1097 2.
1337 1064 1413 1098 Pet.
1436 1074 1490 1098 2.:
1519 1065 1637 1099 Melius

75 1122 146 1153 erat
165 1119 209 1153 eis
225 1118 398 1153 veritatem
419 1129 484 1152 non
506 1129 703 1164 cognoscere,
726 1129 825 1163 quam
840 1122 914 1163 post
940 1118 1108 1163 cognitam
1128 1118 1278 1152 retroire.

644 1264 986 1310 ARTICULUS
1016 1264 1072 1307 Π.
1592 1275 1637 1311 68

79 1373 231 1403 UTRUM
252 1374 454 1404 PRINCEPS
477 1373 673 1404 PROPTER
694 1372 968 1402 APOSTASIAM
996 1373 1024 1401 A
1055 1372 1155 1401 FIDE
1182 1371 1382 1401 AMITTAT
1410 1371 1637 1402 DOMINIUM

700 1439 743 1469 IN
780 1439 1008 1477 SUBDITOS,

401 1504 476 1533 ITA
497 1505 622 1540 QUOD
646 1505 688 1533 EI
711 1504 899 1534 OBEDIRE
919 1503 1011 1534 NON
1032 1497 1332 1533 TENEANTUR.‘

149 1597 209 1631 AD
231 1608 436 1632 SECUNDUM
458 1598 508 1633 sic
530 1598 746 1645 proceditur.
765 1598 927 1640 Videtur,
949 1598 1045 1644 quod
1067 1597 1233 1644 princeps
1254 1604 1400 1643 propter
1417 1597 1636 1643 apostasiam

79 1661 99 1684 a
119 1649 188 1684 fide
213 1662 287 1684 non
314 1651 453 1686 amittat
479 1652 682 1686 dominium
708 1653 744 1686 in
771 1652 942 1694 subditos,
970 1652 1054 1697 quin
1083 1651 1115 1685 ei
1141 1659 1330 1685 teneantur
1356 1650 1524 1684 obedire:
1552 1650 1637 1684 dicit

78 1704 175 1737 enim
202 1704 416 1739 Ambrosius
445 1705 511 1749 (vel
530 1707 640 1752 potius
661 1706 798 1751 August.
825 1712 920 1751 super
943 1705 1023 1738 illud
1050 1704 1136 1738 Psal.
1159 1716 1259 1748 124:
1288 1704 1364 1738 Non
1387 1704 1542 1750 relinquat
1568 1705 1636 1738 Do-

77 1758 185 1791 minus
204 1758 353 1803 virgam)
381 1766 415 1792 et
440 1758 592 1792 habetur
622 1769 672 1792 11.
695 1770 728 1804 q.
755 1770 782 1804 3.
805 1760 894 1804 (cap.
912 1758 1096 1802 julianus),
1125 1757 1222 1803 quod
1239 1756 1402 1802 Julianus
1423 1757 1636 1802 Imperator,

78 1811 241 1855 quamvis
263 1819 357 1845 esset
378 1820 551 1857 apostata,
569 1812 693 1845 habuit
713 1819 835 1845 tamen
856 1812 919 1845 sub
943 1823 980 1845 se
1004 1811 1231 1845 Christianos
1253 1810 1395 1852 milites,
1411 1810 1537 1855 quibus
1553 1821 1636 1843 cum

77 1863 234 1898 dicebat:
251 1865 423 1899 Producite
441 1867 544 1899 aciem
560 1872 624 1911 pro
647 1865 825 1911 dcfanssom
847 1865 1055 1910 reipublicae,
1081 1864 1297 1899 obediebant
1318 1864 1368 1906 ei3
1388 1875 1475 1909 ergo
1489 1871 1634 1910 propter

77 1917 293 1964 apostasiam
316 1918 494 1964 principis,
516 1918 646 1952 subditi
667 1929 741 1952 non
765 1917 999 1952 absolvuntur
1020 1918 1063 1951 ab
1088 1919 1162 1962 ejus
1185 1917 1360 1951 dominio.

147 1981 179 2004 2.
201 1971 436 2006 PRATEEREA.
459 1972 636 2018 Apostata
660 1983 678 2005 a
700 1971 768 2005 fide
788 1971 941 2005 infidelis
964 1979 1035 2005 est:
1056 1971 1118 2005 sed
1140 1970 1342 2004 infidelibus
1364 1970 1521 2004 dominis
1542 1970 1638 2003 inve-

76 2023 220 2058 niuntur
238 2024 348 2070 aliqui
369 2025 483 2059 sancti
503 2025 570 2058 viri
591 2024 744 2059 fideliter
765 2026 934 2066 servisse3
957 2024 1050 2058 sicut
1070 2024 1205 2069 Joseph
1228 2024 1423 2065 Pharaoni,
1446 2031 1480 2058 et
1504 2022 1636 2057 Daniel

76 2077 427 2120 Nabuchodonosor,
450 2086 484 2112 et
505 2078 769 2112 Mardochaeus
791 2078 969 2120 Assuero;
989 2089 1075 2123 ergo
1103 2085 1248 2123 propter
1275 2077 1494 2123 apostasiam
1521 2088 1540 2110 a
1566 2076 1634 2110 fide

77 2141 150 2164 non
172 2139 224 2165 est
245 2131 509 2177 dimittendum,
531 2132 617 2177 quin
638 2131 790 2178 principi
812 2131 1000 2165 obediatur
1023 2143 1041 2164 a
1063 2131 1224 2165 subditis.

150 2195 178 2229 3.
190 2184 424 2219 PRAETEREA.
441 2185 542 2219 Sicut
553 2196 616 2231 per
627 2185 847 2231 apostasiam
863 2196 882 2219 a
897 2184 966 2218 fide
981 2184 1159 2218 receditur
1171 2195 1191 2218 a
1205 2185 1297 2226 Deo,
1311 2183 1360 2217 ita
1374 2195 1437 2229 per
1451 2182 1636 2229 quodlibet

76 2245 283 2283 peccatum;
305 2239 335 2272 si
361 2250 448 2283 ergo
474 2246 620 2284 propter
647 2238 866 2284 apostasiam
889 2250 909 2272 a
934 2237 1003 2271 fide
1029 2237 1219 2284 perderent
1244 2237 1421 2283 principes
1447 2237 1500 2282 jus
1526 2237 1637 2282 impe-

77 2291 178 2324 randi
197 2291 345 2326 subditis
366 2286 542 2334 fidelibus,
564 2291 640 2338 pari
661 2292 801 2326 ratione
815 2300 961 2338 propter
975 2299 1123 2337 peccata
1146 2291 1216 2324 alia
1236 2291 1308 2324 hoc
1331 2290 1553 2324 amitterent:
1573 2289 1635 2324 sed

76 2343 147 2378 hoc
168 2352 264 2390 patet
285 2356 361 2379 esse
378 2344 528 2388 falsum;
549 2357 623 2379 non
646 2356 732 2392 ergo
755 2353 900 2391 propter
929 2345 1149 2391 apostasiam
1172 2356 1191 2378 a
1221 2344 1290 2378 fide
1313 2352 1365 2379 est
1390 2343 1634 2379 recedendum

77 2397 118 2431 ab
141 2397 345 2431 obedientia
365 2399 578 2445 principum.

148 2451 221 2485 SED
241 2461 395 2486 CONTRA
416 2460 479 2494 est,
501 2452 597 2498 quod
615 2452 723 2498 Greg.
744 2452 822 2486 VII.
846 2452 932 2486 dicit
948 2453 998 2496 (ut
1019 2452 1158 2487 liabetur
1176 2458 1249 2498 cap.
1264 2463 1297 2496 4.
1323 2462 1368 2497 15.
1389 2464 1418 2497 q.
1439 2451 1503 2496 6.).·
1526 2450 1634 2485 «Nos

76 2512 284 2538 sanctorum
305 2505 625 2550 praedecessorum
647 2514 778 2539 statuta
803 2514 978 2547 tenentes,
1002 2517 1076 2547 eos,
1100 2505 1160 2551 qui
1178 2505 1502 2539 excommunicatis
1524 2503 1635 2538 fideli-

75 2565 158 2598 tate,
177 2565 236 2590 aut
256 2558 446 2601 juramenti
467 2567 695 2592 sacramento
711 2567 793 2593 sunt
815 2559 1012 2600 constricti,
1035 2558 1235 2604 apostolica
1255 2558 1466 2592 auctoritate
1488 2569 1506 2590 a
1521 2568 1635 2591 sacra-

76 2618 198 2644 mento
221 2610 459 2654 absolvimus3
483 2620 517 2646 et
536 2623 581 2645 ne
604 2612 653 2646 eis
674 2612 885 2646 fidelitatem
908 2612 1111 2653 observent,
1139 2612 1306 2645 omnibus
1330 2611 1446 2644 modis
1469 2610 1634 2655 prohibe-

76 2675 168 2705 mus,
190 2675 374 2709 quousque
398 2665 440 2698 ad
455 2664 736 2699 satisfactionem
750 2665 898 2699 veniant
919 2679 936 2697 »
952 2677 958 2698 :
976 2666 1036 2699 sed
1055 2673 1238 2710 apostatae
1262 2676 1280 2698 a
1299 2664 1367 2698 fide
1391 2671 1472 2697 sunt
1492 2675 1635 2697 excom-

76 2717 260 2758 municati,
282 2717 371 2751 sicut
393 2725 427 2751 et
446 2717 630 2760 haeretici,
657 2726 695 2752 ut
717 2718 802 2752 dicit
823 2718 1023 2752 Decretalis
1044 2726 1152 2759 extra,
1172 2718 1214 2751 de
1234 2717 1433 2757 haereticis,
1457 2728 1554 2762 cap.:
1578 2717 1632 2751 Ad

77 2769 289 2810 abolanclanm
313 2781 398 2815 ergo
421 2770 636 2816 principibus
655 2772 939 2817 apostatantibus
962 2783 981 2804 a
1002 2771 1071 2805 fide
1093 2783 1167 2804 non
1190 2778 1242 2804 est
1264 2770 1517 2804 obediendum.

147 2822 375 2857 RESPONDEO
398 2823 601 2866 dicendum,
624 2824 731 2870 quod,
755 2824 845 2858 sicut
867 2836 975 2870 supra
997 2824 1133 2858 dictum
1161 2832 1214 2857 est
1239 2823 1287 2868 (q.
1309 2836 1359 2857 10.
1388 2828 1453 2857 art.
1479 2823 1562 2867 10),
1584 2823 1634 2856 in-

78 2874 240 2918 fidelitas,
263 2876 461 2910 secundum
484 2876 638 2922 seipsam
661 2888 734 2911 non
750 2885 924 2922 repugnat
939 2877 1120 2919 dominio,
1136 2887 1178 2910 eo
1195 2877 1290 2922 quod
1306 2876 1509 2910 dominium
1527 2877 1634 2911 intro-
