1859 3122
186 188 297 243 1278
546 199 767 234 QUAESTIO
802 199 1006 229 CLXXXIX.
1039 200 1285 230 ARTICULUS
1317 200 1375 230 VI.

178 282 283 326 magis
302 285 347 315 est
367 280 657 326 obtemperandum
679 281 775 314 Patri
794 281 983 326 spirituum,
1000 285 1037 315 ut
1060 281 1229 323 vivamus,
1251 291 1360 327 quam
1386 281 1590 327 parentibus
1606 282 1735 325 carnis,

178 342 217 368 ut
229 333 427 379 Apostolus
441 333 526 367 dicit
540 333 583 366 ad
598 333 707 368 Hebr.
726 343 795 376 12.;
810 333 904 367 unde
919 333 1112 375 Dominus,
1123 341 1162 367 ut
1174 333 1305 379 legitur
1314 333 1441 368 Matth.
1456 334 1501 376 8.,
1512 343 1545 369 et
1555 335 1675 370 Lucae
1688 347 1735 383 9.,

178 386 410 432 reprehendit
431 385 658 432 discipulum,
680 386 741 432 qui
761 385 908 420 nolebat
922 397 1006 420 eum
1027 387 1149 420 statim
1163 387 1266 433 sequi
1285 386 1414 421 intuitu
1435 395 1602 433 paternae
1621 388 1736 434 sepul-

178 447 296 474 turae:
321 447 422 473 erant
443 439 538 473 enim
561 438 632 481 alii,
655 451 718 485 per
739 450 829 485 quos
850 439 938 473 illud
957 450 1047 485 opus
1067 439 1210 486 impleri
1223 447 1374 485 poterat,
1389 448 1427 474 ut
1446 439 1634 486 Chrysost.
1650 441 1736 476 dicit

179 492 280 536 (hom.
303 493 357 527 23.
381 494 414 526 in
435 492 587 537 Matth.).

250 545 310 580 AD
336 556 485 580 PRIMUM
512 556 598 591 ergo
618 545 821 587 dicendum,
843 545 940 591 quod
958 553 1192 591 praeceptum
1214 545 1256 579 de
1277 545 1520 580 honoratione
1545 554 1736 592 parentum

177 610 251 633 non
275 598 395 633 solum
416 610 453 633 se
475 599 632 632 extendit
654 598 698 632 ad
719 598 923 644 corporalia
944 599 1116 644 obsequia
1138 598 1199 632 sed
1219 598 1328 632 etiam
1351 599 1394 632 ad
1420 598 1628 644 spiritualia,
1643 607 1678 634 et
1691 599 1736 634 ad

178 653 418 687 reverentiam
445 651 705 694 exhibendam3
733 661 768 686 et
793 652 875 686 ideo
903 651 1011 685 etiam
1038 651 1091 685 illi
1117 651 1177 698 qui
1203 659 1286 686 sunt
1309 652 1346 686 in
1372 651 1559 698 religione,
1585 652 1736 699 implere

178 713 331 751 possunt
350 714 581 751 praeceptum
607 705 650 739 de
671 705 912 739 honoratione
934 713 1134 751 parentum,
1157 716 1222 752 pro
1249 705 1298 739 eis
1326 705 1476 748 orando,
1505 714 1539 740 et
1565 705 1614 740 eis
1640 716 1738 740 reve-

180 758 346 801 rentiam,
374 767 408 793 et
446 759 617 792 auxilium
651 758 908 804 impendendo,
935 758 1135 792 secundum
1161 759 1258 804 quod
1283 758 1474 804 religiosos
1504 758 1625 793 decet:
1653 758 1736 804 quia

179 812 289 846 etiam
310 811 362 846 illi
391 812 452 858 qui
480 812 517 846 in
539 811 685 846 saeculo
710 812 846 855 vivunt,
874 811 1116 846 diversimode
1136 819 1302 857 parentes
1327 811 1512 846 honorant
1535 811 1736 846 secundum

179 876 308 900 eorum
331 865 590 899 conditionem.

251 919 312 953 AD
339 929 545 953 SECUNDUM
572 918 778 960 dicendum,
808 918 904 964 quod
926 918 1010 963 quia
1030 918 1181 952 servitus
1203 926 1256 952 est
1281 918 1318 952 in
1344 929 1501 964 poenam
1527 918 1666 964 peccati
1685 917 1738 952 in-

179 971 297 1013 ducta,
319 972 401 1006 ideo
423 984 486 1018 per
507 972 716 1006 servitutem
738 971 872 1017 aliquid
899 971 1067 1005 adimitur
1087 971 1240 1013 homini,
1262 972 1359 1017 quod
1385 971 1472 1006 alias
1498 971 1531 1005 ei
1557 978 1738 1017 compete-

178 1032 249 1067 ret;
267 1036 313 1059 ne
334 1024 472 1059 scilicet
491 1024 601 1058 libere
623 1025 666 1058 de
683 1036 748 1058 sua
768 1036 922 1070 persona
944 1025 1057 1071 possit
1077 1024 1286 1070 disponere:
1309 1036 1432 1058 servus
1459 1025 1557 1059 enim
1577 1024 1613 1058 id
1639 1023 1736 1070 quod

179 1085 245 1120 est,
268 1078 407 1112 domini
429 1086 498 1112 est:
521 1078 582 1112 sed
603 1077 698 1112 filius
717 1089 792 1111 non
810 1077 942 1123 patitur
955 1077 1212 1111 detrimentum
1228 1089 1270 1111 ex
1282 1077 1354 1111 hoc
1373 1078 1470 1124 quod
1484 1077 1663 1123 subjectus
1681 1085 1735 1112 est

178 1131 281 1177 patri,
304 1131 389 1177 quin
410 1131 523 1177 possit
548 1131 591 1164 de
617 1142 681 1164 sua
707 1142 860 1176 persona
882 1130 992 1165 libere
1015 1131 1216 1176 disponere,
1237 1129 1486 1165 transferendo
1508 1141 1546 1165 se
1568 1130 1612 1164 ad
1638 1130 1737 1165 obse-

179 1183 306 1230 quium
327 1184 415 1226 Dei;
438 1184 533 1229 quod
556 1183 712 1217 maxime
734 1184 887 1230 pertinet
908 1184 952 1217 ad
974 1183 1133 1217 hominis
1160 1183 1310 1218 bonum.

249 1237 309 1271 AD
336 1247 507 1272 TERTIUM
526 1237 731 1278 dicendum,
754 1236 851 1282 quod
864 1235 924 1270 ille
938 1236 998 1282 qui
1012 1245 1064 1270 est
1079 1235 1257 1282 obligatus
1279 1236 1323 1270 ad
1342 1236 1475 1282 aliquid
1498 1243 1647 1278 certum,
1662 1247 1737 1270 non

178 1297 298 1335 potest
319 1289 405 1324 illud
427 1289 523 1324 licite
545 1289 840 1335 praetermittere,
861 1289 1031 1323 facultate
1050 1289 1241 1331 existente3
1264 1296 1298 1323 et
1311 1289 1393 1323 ideo
1408 1289 1438 1323 si
1452 1288 1579 1335 aliquis
1593 1291 1638 1323 sit
1651 1288 1738 1323 obli-

179 1350 282 1387 gatus
304 1350 342 1376 ut
363 1342 471 1376 alicui
492 1343 671 1376 rationem
692 1350 814 1388 ponat,
829 1341 888 1376 vel
903 1350 940 1375 ut
959 1350 1095 1375 certum
1114 1342 1275 1375 debitum
1288 1342 1424 1384 reddat,
1441 1353 1516 1376 non
1534 1349 1652 1388 potest
1663 1342 1736 1376 hoc

177 1396 275 1430 licite
296 1396 594 1442 praetermittere,
617 1403 655 1429 ut
675 1395 890 1441 religionem
912 1395 1150 1440 ingrediatur:
1173 1395 1203 1428 si
1223 1402 1345 1428 tamen
1360 1395 1488 1428 debeat
1508 1395 1666 1441 aliquam
1679 1407 1737 1441 pe-

180 1450 336 1491 cuniam,
351 1458 386 1484 et
399 1461 472 1483 non
487 1449 619 1482 habeat
633 1449 726 1482 unde
742 1448 877 1490 reddat,
891 1456 1033 1482 tenetur
1047 1447 1165 1482 facere
1180 1448 1276 1494 quod
1290 1456 1420 1494 potest,
1434 1456 1471 1482 ut
1485 1448 1620 1482 scilicet
1634 1448 1738 1490 cedat

177 1503 282 1537 bonis
304 1503 376 1537 suis
399 1503 587 1536 creditori:
608 1510 754 1548 propter
774 1502 967 1548 pecuniam
990 1510 1111 1536 autern
1133 1513 1288 1548 persona
1306 1501 1407 1536 liberi
1420 1502 1592 1544 hominis,
1613 1513 1737 1536 secun-

179 1556 265 1590 dum
282 1556 367 1601 Jura
389 1555 520 1590 Civilia
543 1556 617 1600 (lib.
643 1556 694 1590 Ob
713 1567 775 1597 aes,
802 1556 839 1590 C.
853 1555 888 1589 de
910 1556 1079 1590 Actionib.
1105 1561 1135 1590 et
1163 1555 1400 1601 Obligationib.
1422 1560 1452 1590 et
1470 1557 1506 1589 in
1529 1555 1738 1602 Syntagmate

177 1610 281 1653 juris,
301 1609 356 1643 lib.
375 1620 426 1653 14.
449 1616 522 1655 cap.
541 1621 569 1654 3.
588 1621 620 1642 n.
639 1610 718 1654 12),
742 1619 816 1642 non
838 1607 1028 1654 obligatur,
1051 1608 1113 1643 sed
1135 1607 1255 1642 solum
1277 1619 1343 1650 res,
1358 1608 1440 1654 quia
1461 1619 1616 1654 persona
1634 1607 1736 1642 liberi

180 1662 340 1696 hominis
359 1671 503 1708 superat
525 1673 673 1696 ornnem
694 1662 984 1696 aestimationem
999 1662 1190 1707 pecuniae3
1205 1662 1298 1696 unde
1317 1661 1413 1696 licite
1428 1670 1557 1707 potest,
1572 1661 1737 1696 exhibitis

181 1715 286 1750 rebus
305 1716 389 1758 suis,
411 1715 627 1761 religionem
649 1715 799 1749 intrare:
822 1726 889 1749 nec
911 1723 1052 1749 tenetur
1073 1715 1109 1749 in
1131 1714 1278 1749 saeculo
1306 1726 1504 1757 remanere,
1519 1723 1557 1749 ut
1569 1722 1738 1760 procuret

181 1769 275 1803 unde
303 1769 463 1803 debitum
484 1769 628 1803 reddat:
650 1768 743 1802 filius
766 1777 886 1802 autem
904 1779 978 1802 non
999 1776 1141 1802 tenetur
1168 1768 1211 1802 ad
1235 1767 1380 1814 aliquod
1401 1767 1557 1814 speciale
1576 1768 1737 1802 debitum

178 1822 284 1869 patri,
305 1822 375 1856 nisi
396 1821 487 1856 forte
508 1822 545 1856 in
568 1833 654 1856 casu
675 1821 911 1863 necessitatis,
933 1829 971 1855 ut
992 1821 1128 1855 dictum
1152 1830 1204 1855 est
1227 1821 1277 1866 (in
1298 1828 1387 1868 corp.
1414 1823 1508 1867 art).

711 1980 1055 2026 ARTICULUS
1084 1980 1185 2023 VH.
1666 2001 1737 2038 914

194 2101 348 2131 UTRUM
373 2101 632 2131 PRESBYTERI
660 2100 820 2130 CURATI
848 2100 1029 2129 POSSINT
1058 2100 1205 2130 LICITE
1232 2099 1502 2130 RELIGIONEM
1528 2100 1707 2130 INGREDI

535 2199 649 2245 (Schr.
672 2211 702 2245 q.
723 2200 798 2243 184.
825 2204 889 2234 art.
907 2211 935 2245 3.
958 2205 990 2234 et
1012 2205 1117 2245 opusc.
1139 2200 1189 2234 18.
1211 2205 1282 2245 cap.
1304 2199 1379 2245 25).

251 2299 311 2333 ΑΒ
330 2309 522 2334 SEPTIMUM
544 2298 595 2332 sic
617 2298 834 2344 proceditur.
856 2298 1018 2340 Videtur,
1038 2298 1134 2344 quod
1156 2297 1355 2344 presbyteri
1378 2297 1490 2332 curati
1509 2308 1583 2331 non
1598 2297 1736 2343 possint

179 2352 275 2386 licite
298 2352 511 2398 religionem
538 2352 696 2397 ingredi:
725 2352 810 2386 dicit
835 2351 931 2386 enim
960 2351 1112 2397 Gregor.
1138 2353 1174 2385 in
1200 2351 1338 2385 Pastor.
1360 2350 1464 2397 (part.
1481 2362 1510 2396 3.
1537 2356 1607 2396 cap.
1628 2363 1655 2385 1.
1678 2349 1736 2384 ad-

179 2407 295 2440 monit.
314 2406 371 2451 5.)‚
395 2405 491 2451 quod
516 2404 613 2438 «ille
635 2405 696 2450 qui
726 2416 849 2438 curam
880 2405 1081 2439 animarum
1106 2404 1254 2450 suscipit
1281 2403 1483 2438 terribiliter
1510 2404 1736 2446 admonetur,

180 2470 262 2493 cum
278 2458 423 2492 dicitur:
439 2458 507 2492 Fili
522 2459 578 2499 mi,
593 2459 620 2492 si
634 2457 844 2504 spoponderis
853 2464 918 2504 pro
933 2459 1039 2491 amico
1055 2463 1119 2499 tuo,
1136 2457 1276 2503 defixisti
1289 2456 1376 2503 apud
1393 2461 1584 2491 extraneum
1598 2468 1736 2490 manum

179 2517 294 2552 tuam;
311 2520 345 2546 et
366 2512 502 2546 subdit:
521 2511 683 2557 Spondere
705 2517 917 2556 namquepro
940 2512 1059 2553 amico,
1079 2515 1121 2545 est
1135 2511 1278 2544 alienam
1296 2511 1444 2544 animam
1460 2510 1648 2556 inpericulo
1659 2520 1735 2544 suae

181 2566 437 2599 conversationis
458 2566 603 2610 accipere
624 2576 664 2606 »3
686 2564 749 2598 sed
770 2563 829 2597 ille
851 2563 911 2609 qui
933 2563 1111 2609 obligatur
1132 2563 1273 2597 homini
1286 2574 1351 2608 pro
1367 2562 1488 2609 aliquo
1507 2563 1638 2604 debito,
1656 2573 1731 2596 non

179 2626 298 2664 potest
319 2618 449 2651 intrare
472 2617 698 2662 religionem,
720 2617 789 2650 nisi
806 2617 924 2650 solvat
945 2616 978 2650 id
1001 2616 1096 2662 quod
1119 2616 1234 2658 debet,
1256 2615 1285 2649 si
1306 2615 1438 2661 possit3
1461 2627 1543 2649 cum
1566 2626 1653 2661 ergo
1679 2626 1735 2649 sa-

180 2671 307 2705 cerdos
337 2671 450 2716 possit
479 2681 603 2704 curam
634 2670 838 2703 animarum
871 2680 989 2715 agere,
1021 2669 1063 2702 ad
1091 2679 1201 2714 quam
1215 2679 1252 2702 se
1268 2668 1441 2714 obligavit
1471 2668 1506 2701 in
1533 2667 1733 2713 periculum

181 2724 322 2758 animae
344 2734 441 2765 suae,
463 2723 602 2757 videtur
624 2722 720 2768 quod
746 2733 820 2756 non
842 2721 950 2756 liceat
971 2721 1014 2763 ei,
1036 2720 1288 2767 praetermissa
1310 2732 1394 2754 cura
1417 2720 1633 2762 animarum,
1658 2719 1736 2754 reli-

180 2777 329 2822 gionem
347 2777 490 2810 intrare.

251 2840 282 2864 2.
305 2830 540 2864 PRAETEREA.
565 2828 676 2870 Quod
699 2828 759 2862 uni
777 2828 872 2870 licet,
894 2827 970 2873 pari
996 2827 1133 2862 ratione
1157 2827 1324 2861 omnibus
1351 2826 1526 2861 similibus
1544 2826 1644 2860 licet:
1672 2826 1734 2861 sed

179 2883 210 2917 si
243 2894 370 2917 omnes
400 2883 598 2929 presbyteri
629 2882 802 2916 habentes
834 2892 958 2915 curam
999 2881 1199 2914 animarum
1230 2879 1446 2926 religionem
1476 2880 1658 2921 intrarent,
1683 2889 1734 2913 re-
