1859 3122
204 180 291 222 704
608 178 829 213 QUAESTIO
863 178 981 207 XCIX.
1015 177 1260 207 ARTICULUS
1292 177 1352 206 III.

203 260 299 306 quod
322 270 431 293 omne
452 266 657 304 peccatum,
679 258 776 304 quod
803 250 958 305 persona
983 269 1085 292 sacra
1113 258 1368 300 committeret,
1395 266 1488 292 esset
1512 257 1762 304 sacrilegium;

202 313 285 359 quia
306 323 369 358 per
391 311 576 357 quodlibet
597 319 789 358 peccatum
822 311 978 346 violatur
1003 323 1157 358 persona
1183 311 1384 357 peccantis;
1411 322 1485 345 non
1512 323 1599 357 ergo
1625 312 1763 358 species

202 365 383 411 sacrilegii
405 365 630 411 accipiuntur
651 365 853 399 secundum
875 376 930 399 res
957 376 1088 399 sacras.

274 416 348 452 SED
371 429 526 453 CONTRA
548 426 612 460 est,
635 418 731 464 quod
751 426 864 460 actus,
887 427 922 452 et
940 418 1082 452 habitus
1103 418 1368 464 distinguuntur
1387 418 1587 453 secundum
1606 418 1762 464 objecta:

203 473 263 506 501
293 483 348 506 105
376 483 476 505 szzlcrl
508 480 561 506 est
589 472 773 516 objectum
800 471 994 517 sacrilegii,
1022 480 1060 506 ut
1088 472 1224 506 dictum
1251 479 1305 506 est
1327 471 1458 515 (11111.
1487 471 1555 517 huj.
1583 473 1652 517 q.);
1676 482 1762 517 ergo

203 525 342 570 species
364 524 543 570 sacrilegii
566 524 833 569 distinguuntur
859 525 1059 559 secundum
1082 524 1320 559 differentiam
1342 536 1464 559 rerum
1485 536 1679 559 sacrarum.

274 578 502 612 Rssspoxnro
526 578 732 620 dicendum,
755 578 863 624 quod,
886 578 977 612 sicut
999 579 1135 612 dictum
1158 586 1211 612 est
1230 578 1356 622 (ibid),
1376 585 1567 624 peccatum
1586 577 1766 623 sacrilegii

202 632 238 665 in
260 631 332 665 hoc
356 632 529 673 consistit,
551 631 647 677 quod
670 631 798 676 aliquis
820 632 1056 665 irreverenter
1077 643 1114 665 se
1137 631 1246 665 habet
1268 632 1311 665 ad
1334 642 1411 665 rem
1433 642 1573 665 sacram
1591 643 1598 664 :
1619 631 1766 665 debetur

205 693 323 718 autem
348 685 548 719 reverentia
569 685 620 718 rei
646 696 769 718 sacrae
796 686 936 719 ratione
963 685 1180 728 sanctitatis;
1204 693 1238 719 et
1259 685 1342 719 ideo
1365 686 1564 719 secundum
1586 685 1765 718 diversam

204 739 383 773 rationem
405 738 602 772 sanctitatis
624 749 744 772 rerum
767 749 964 780 sacrarum,
986 739 1113 784 quibus
1136 739 1368 772 irreverentia
1391 739 1588 780 exhibetur,
1614 749 1763 772 necesse

205 800 257 826 est
279 792 374 838 quod
397 791 578 837 sacrilegii
599 792 737 837 species
759 792 1040 837 distinguantur:
1063 799 1163 826 tanto
1179 792 1276 826 enim
1298 791 1529 838 sacrilegium
1545 799 1598 826 est
1612 791 1766 837 gravius,

205 854 340 891 quanto
362 857 418 880 res
436 856 550 887 sacra,
571 845 606 878 in
622 856 730 891 quam
750 853 932 891 peccatur,
948 846 1126 890 majorem
1141 845 1279 880 obtinet
1294 845 1534 879 sanctitatem.
1550 845 1766 879 Attribuitur

205 907 327 933 autem
349 899 520 933 sanctitas
543 907 577 932 et
598 898 762 944 personis
784 898 906 940 sacris,
927 898 1019 932 idest
1041 898 1163 933 divino
1192 898 1304 933 cultui
1330 898 1514 940 dedicatis,
1541 906 1576 932 et
1600 897 1691 932 locis
1717 909 1769 932 sa-

206 952 285 994 cris,
308 960 342 986 et
362 952 467 986 rebus
489 951 703 998 quibusdam
727 951 804 985 aliis
818 952 949 986 sacris:
966 952 1137 986 sanctitas
1153 960 1275 986 autem
1292 951 1363 986 loci
1379 951 1565 986 ordinatur
1580 951 1623 985 ad
1641 951 1770 986 sancti-

204 1014 317 1040 tatem
349 1006 522 1048 hominis,
557 1005 617 1051 qui
651 1005 688 1039 in
722 1005 807 1040 loco
835 1017 939 1040 sacro
967 1005 1104 1040 cultum
1132 1006 1214 1040 Deo
1251 1006 1414 1049 exhibet3
1446 1005 1575 1040 dicitur
1608 1005 1705 1040 enim
1737 1015 1769 1039 2.

205 1059 372 1093 Machab
393 1070 444 1104 5.:
468 1060 545 1094 Non
559 1064 696 1106 ptoptar
711 1059 759 1093 lo
764 1071 819 1093 zm
832 1065 970 1105 gentem,
986 1059 1038 1095 sed
1052 1065 1213 1106 propter
1204 1065 1327 1103 ventam
1341 1061 1511 1094 Dominus
1528 1059 1637 1094 locum
1655 1059 1768 1105 elegit;

205 1121 239 1147 et
260 1113 343 1147 ideo
366 1113 510 1158 gravius
532 1120 724 1159 peccatum
747 1120 799 1146 est
820 1112 1064 1159 sacrilegium,
1087 1124 1159 1159 quo
1182 1121 1354 1159 peccatur
1368 1121 1495 1147 contra
1508 1123 1703 1159 personam
1717 1123 1768 1146 sa-

205 1177 316 1208 cram,
339 1177 448 1212 quam
471 1177 542 1212 quo
562 1174 733 1212 peccatur
755 1174 881 1200 contra
908 1166 1033 1200 locum
1056 1177 1218 1201 sacrum:
1242 1174 1324 1201 sunt
1344 1174 1468 1201 tamen
1489 1166 1526 1200 in
1547 1174 1698 1212 utraque
1719 1176 1771 1200 sa-

205 1219 342 1265 crilegii
364 1220 482 1265 specie
505 1219 636 1253 diversi
651 1219 795 1265 gradus,
811 1219 1012 1254 secundum
1028 1219 1268 1254 differentiam
1283 1231 1532 1266 personarum,
1551 1227 1587 1254 et
1599 1219 1770 1254 locorum

204 1284 409 1307 sacrorum:
430 1273 595 1307 similiter
610 1273 720 1307 etiam
743 1281 778 1306 et
797 1274 901 1306 tertia
923 1273 1062 1318 species
1084 1272 1276 1319 sacrilegii,
1299 1285 1390 1319 quae
1413 1273 1508 1307 circa
1530 1272 1618 1307 alias
1640 1284 1696 1307 res
1715 1284 1768 1307 sa-

205 1337 282 1360 cras
309 1326 558 1368 committitur,
586 1326 747 1360 diversos
772 1326 882 1360 habet
908 1327 1051 1372 gradus,
1074 1326 1274 1360 secundum
1301 1325 1540 1361 differentiam
1567 1337 1686 1360 rerum
1717 1336 1769 1359 sa-

207 1392 369 1422 crarum3
390 1381 482 1414 inter
504 1392 592 1426 quas
614 1392 799 1414 summum
820 1379 944 1413 locum
968 1380 1130 1414 obtinent
1145 1380 1221 1425 ipsa
1236 1380 1483 1421 Sacramenta,
1506 1380 1633 1426 quibus
1654 1379 1769 1413 homo

206 1434 468 1468 sanctificatur:
492 1445 647 1479 quorum
669 1433 905 1479 praecipuum
927 1441 980 1467 est
1001 1433 1250 1467 Eucharistiae
1271 1441 1552 1474 sacramentum,
1576 1432 1672 1478 quod
1688 1442 1771 1465 con-

205 1488 294 1522 tinet
314 1488 433 1533 ipsum
456 1487 660 1521 Christum:
684 1494 718 1520 et
743 1486 826 1520 ideo
854 1486 1096 1532 sacrilegium,
1124 1486 1221 1532 quod
1250 1494 1376 1520 contra
1402 1486 1473 1520 hoc
1500 1492 1771 1520 sacramentum

209 1541 457 1582 committitur,
492 1540 747 1585 gravissimum
774 1547 827 1574 est
852 1539 944 1574 inter
971 1540 1111 1581 omnia,
1142 1547 1224 1585 post
1250 1547 1476 1574 sacramenta
1503 1547 1624 1574 autem
1650 1549 1774 1573 secun-

209 1595 294 1629 dum
317 1595 441 1629 locum
456 1603 580 1629 tenent
594 1605 681 1628 vasa
700 1602 912 1628 consecrata
929 1594 971 1627 ad
993 1594 1315 1628 Sacramentorum
1331 1593 1611 1640 susceptionem,
1627 1600 1662 1627 et
1674 1592 1773 1638 ipsae

207 1649 384 1694 imagines
406 1659 540 1690 sacrae,
563 1656 598 1682 et
619 1647 791 1693 reliquiae
815 1647 1046 1688 Sanctorum,
1069 1647 1104 1680 in
1127 1647 1254 1692 quibus
1277 1647 1552 1693 quodammodo
1575 1646 1674 1693 ipsae
1697 1657 1772 1692 per-

207 1713 318 1736 sonae
342 1702 560 1736 Sanctorum
581 1709 810 1742 venerantur,
833 1709 867 1735 et
889 1701 1181 1735 dehonorantur:
1203 1700 1332 1734 deinde
1351 1712 1393 1734 ea
1415 1712 1507 1746 quae
1529 1700 1710 1746 pertinent
1727 1698 1772 1732 ad

208 1763 376 1789 ornatum
398 1754 595 1796 Ecclesiae,
618 1762 652 1789 et
673 1754 939 1788 ministrorum:
963 1753 1092 1788 deinde
1115 1765 1156 1788 ea
1178 1765 1270 1799 quae
1292 1761 1375 1788 sunt
1393 1753 1561 1799 deputata
1581 1753 1625 1787 ad
1640 1760 1775 1787 susten-

206 1810 381 1844 tationem
405 1809 666 1850 ministrorum,
689 1809 762 1842 sive
785 1809 855 1842 sint
880 1808 1041 1850 mobilia,
1069 1808 1143 1842 sive
1165 1808 1386 1850 immobilia3
1409 1808 1628 1854 quicumque
1652 1814 1773 1840 autem

210 1872 336 1898 contra
365 1863 619 1908 quodcumque
642 1862 911 1908 praedictorum
933 1869 1071 1908 peccat,
1095 1861 1232 1895 crimen
1254 1861 1435 1907 sacrilegii
1455 1861 1614 1895 incurrit.

279 1917 338 1950 AD
354 1926 502 1951 PRtMUM
525 1927 611 1960 ergo
635 1915 840 1957 dicendum,
863 1915 960 1961 quod
981 1926 1056 1949 non
1078 1923 1130 1949 est
1159 1915 1195 1948 in
1225 1915 1393 1949 omnibus
1425 1914 1616 1960 praedictis
1647 1913 1774 1947 eadem

209 1970 299 2004 ratio
322 1969 536 2012 sanctitatis3
561 1977 594 2003 et
613 1969 695 2003 ideo
719 1967 919 2003 differentia
938 1979 1123 2003 sacrarum
1141 1979 1261 2002 rerum
1276 1979 1350 2002 non
1370 1967 1492 2002 solum
1508 1975 1561 2002 est
1576 1965 1776 2001 differentia

210 2022 418 2064 materialis,
436 2022 499 2057 sed
522 2023 631 2056 etiam
653 2021 828 2056 formalis.

280 2076 340 2110 AD
364 2086 571 2111 SECUNDUM
593 2075 802 2118 dicendum,
821 2075 917 2122 quod
940 2075 1030 2109 nihil
1051 2075 1228 2122 prohibet,
1248 2075 1368 2121 aliqua
1390 2075 1461 2109 duo
1485 2085 1562 2109 esse
1576 2073 1777 2109 secundum

212 2129 345 2176 aliquid
368 2131 472 2164 unius
495 2129 640 2175 speciei,
663 2137 697 2163 et
719 2130 919 2163 secundum
943 2129 1038 2163 aliud
1061 2130 1300 2163 diversarum:
1320 2129 1412 2163 sicut
1428 2128 1608 2170 Socrates,
1624 2135 1658 2162 et
1671 2126 1776 2161 Plato

213 2183 435 2218 conveniunt
457 2183 492 2216 in
514 2183 633 2228 specie
657 2183 841 2225 animalis3
864 2182 1032 2216 differunt
1054 2191 1175 2217 autem
1197 2183 1232 2216 in
1255 2183 1375 2229 specie
1399 2181 1564 2224 colorati,
1586 2181 1615 2216 si
1629 2192 1720 2215 unus
1734 2182 1779 2215 sit

213 2237 325 2279 albus,
348 2246 382 2271 et
404 2237 494 2271 alius
515 2237 636 2282 niger:
661 2245 695 2270 et
713 2236 878 2271 similiter
899 2237 1009 2270 etiarn
1031 2236 1202 2283 possibile
1225 2245 1288 2279 est,
1311 2236 1429 2282 aliqua
1452 2236 1524 2270 duo
1543 2243 1693 2282 peccata
1718 2233 1779 2269 dif-

211 2290 303 2325 ferre
324 2290 442 2337 specie
465 2290 664 2324 secundum
687 2289 893 2324 materiales
912 2298 1023 2331 actus,
1047 2290 1242 2324 convenire
1258 2298 1380 2324 autern
1394 2290 1429 2323 in
1444 2289 1564 2334 specie
1579 2288 1779 2323 secundum

212 2355 321 2379 unam
345 2344 526 2378 rationem
548 2343 739 2377 formalem
764 2342 960 2389 sacrilegii3
984 2350 1068 2389 puta
1091 2343 1121 2378 si
1142 2343 1220 2389 quis
1247 2341 1564 2378 sanctimonialem
1591 2341 1780 2376 violaverit

212 2398 450 2439 verberando,
471 2396 529 2430 vel
552 2396 842 2430 concumbendo.

288 2451 348 2485 AD
369 2460 540 2485 TERTIUM
563 2450 767 2491 dicendum,
791 2450 888 2495 quod
911 2460 1020 2483 omne
1043 2458 1245 2495 peccatum,
1269 2449 1365 2495 quod
1388 2460 1489 2483 sacra
1508 2459 1662 2494 persona
1684 2458 1782 2482 com-

217 2504 335 2545 mittit,
359 2503 594 2538 materialiter
615 2503 774 2549 quidem,
798 2512 832 2536 et
854 2505 953 2549 quasi
976 2515 1038 2548 per
1057 2504 1225 2538 accidens
1245 2512 1298 2537 est
1318 2503 1569 2548 sacrilegium:
1591 2502 1686 2536 unde
1701 2501 1783 2535 Hie-

215 2569 388 2603 ronymus
411 2557 462 2601 (id
483 2557 557 2591 hah.
579 2556 740 2591 Βενιιαηί.
762 2557 816 2590 lib.
836 2568 865 2590 2.
886 2556 921 2590 da
946 2557 1151 2591 Considcrat.
1176 2563 1248 2604 cap.
1268 2557 1313 2601 1.)
1333 2557 1429 2597 dicit,
1453 2556 1548 2602 quod
1574 2568 1591 2587 «
1613 2566 1731 2601 nugae
1745 2555 1782 2588 in

216 2622 277 2645 ore
300 2610 498 2644 sacerdotis
521 2609 751 2655 sacrilegium
775 2617 866 2650 sunt,
888 2608 945 2642 vel
964 2609 1190 2655 blasphemia
1212 2622 1252 2644 »z
1282 2609 1480 2643 formaliter
1499 2617 1632 2650 autem,
1654 2616 1689 2642 et
1705 2619 1784 2654 pro-

216 2664 290 2710 prie
312 2663 399 2697 illud
422 2662 541 2697 solum
564 2670 753 2709 peccatum
776 2673 899 2696 sacrae
921 2674 1098 2707 personae
1127 2662 1356 2708 sacrilegium
1380 2670 1443 2704 est,
1471 2662 1566 2707 quod
1595 2661 1710 2707 agitur
1736 2661 1784 2694 di-

218 2725 314 2751 recte
338 2725 463 2750 contra
486 2717 561 2761 ejus
583 2717 831 2757 sanctitatem3
854 2723 937 2761 puta
960 2715 987 2748 si
1010 2715 1113 2761 virgo
1136 2716 1217 2750 Deo
1237 2716 1355 2750 dicata
1376 2715 1591 2750 fornicetur:
1607 2722 1642 2748 et
1655 2713 1783 2748 eadem

219 2770 309 2804 ratio
333 2778 385 2804 cst
407 2770 441 2803 in
466 2769 554 2803 aliis.
