1859 3122
176 122 259 164 868
560 132 781 168 QUAESTIO
817 132 964 162 cxxtx.
997 132 1243 162 ARTICULUS
1275 132 1336 161 111.

175 224 209 250 et
230 214 394 249 similiter
417 223 469 247 est
491 213 685 247 dicendum
711 213 754 246 de
781 224 847 246 usu
875 212 1065 258 cujuslibet
1086 212 1230 247 alterius
1250 212 1348 254 boni,
1370 220 1455 257 puta
1476 212 1659 254 scientiae,
1681 211 1740 247 vel

176 267 361 303 exterioris
384 266 569 300 fortunae:
591 265 776 299 humilitas
804 274 925 299 autem
947 265 1042 307 facit,
1065 265 1161 311 quod
1182 266 1297 299 homo
1320 265 1479 311 seipsum
1505 265 1741 311 parvipendat

176 321 375 356 secundum
399 319 729 352 considerationem
754 318 890 364 proprii
920 318 1097 353 defectus:
1129 318 1294 352 similiter
1324 319 1433 352 etiam
1461 318 1742 364 magnanimitas

176 373 377 408 contemnit
403 372 505 413 alios,
532 372 731 405 secundum
757 372 854 417 quod
881 371 1051 406 deficiunt
1079 383 1099 405 a
1129 372 1232 406 donis
1262 372 1347 406 Dei:
1377 383 1452 406 non
1479 372 1576 405 enim
1601 379 1742 405 tantum

177 427 267 461 alios
291 425 519 472 appretiatur,
547 425 644 471 quod
665 436 730 470 pro
754 425 804 459 eis
827 424 961 471 aliquid
990 425 1161 459 indecens
1190 423 1316 458 faciat:
1349 425 1410 458 sed
1439 424 1625 458 humilitas
1652 424 1742 458 alios

175 481 344 520 honorat,
367 486 401 512 et
422 478 625 524 superiores
648 478 824 520 aestimat,
846 478 1061 524 inquantum
1091 478 1127 511 in
1158 478 1208 512 eis
1238 477 1372 523 aliquid
1399 478 1539 524 inspicit
1570 478 1613 511 de
1639 477 1743 512 donis

175 533 263 575 Dei3
278 532 372 566 unde
396 531 524 565 dicitur
545 531 581 565 in
603 531 660 565 Ps.
687 540 738 574 14.
762 531 805 565 de
826 531 905 565 viro
927 532 1037 576 justo:
1057 531 1113 565 Ad
1129 531 1270 565 nihilum
1289 530 1440 565 deductus
1458 535 1501 565 est
1522 532 1557 565 in
1574 535 1744 577 conspectu

175 589 243 632 ejus
262 585 445 630 malignus;
474 585 570 630 quod
592 585 744 630 pertinet
766 584 809 618 ad
830 592 1081 630 contemptum
1098 583 1342 630 magnanimi:
1371 584 1532 618 Timentes
1550 589 1657 618 autem
1675 584 1744 618 Do-

178 640 304 673 minum
326 639 512 684 glorificum
536 638 633 683 quod
655 639 810 683 pertinet
832 638 874 671 ad
897 637 1180 671 honorationem
1201 636 1370 680 humilis;
1393 645 1427 671 et
1447 637 1497 671 sic
1516 644 1624 682 patet,
1647 636 1744 682 quod

177 692 470 738 magnanimitas,
493 699 527 725 et
544 690 730 725 humilitas
752 702 827 724 non
849 699 931 724 sunt
950 690 1141 732 contraria,
1161 690 1327 736 quamvis
1344 690 1381 723 in
1401 691 1581 724 contraria
1598 689 1744 724 tendere

178 745 386 779 videantur:
415 745 498 790 quia
525 744 728 790 procedunt
753 744 953 778 secundum
981 744 1139 777 diversas
1168 743 1489 777 considerationes.

249 799 308 832 AD
337 808 517 837 Qurthuxt
540 797 745 840 dicendum,
769 797 865 843 quod
888 797 1123 843 proprietates
1144 796 1241 839 illae,
1263 797 1463 831 secundum
1485 796 1582 842 quod
1603 795 1647 829 ad
1672 807 1746 829 rna-

179 852 391 898 gnanimum
416 851 605 897 pertinent,
628 862 702 884 non
724 859 806 884 sunt
823 850 1088 896 vituperabiles,
1107 850 1168 884 sed
1188 849 1512 895 superexcedenter
1530 849 1744 883 laudabiles:

178 905 275 951 quod
298 905 393 938 enim
410 906 523 951 primo
547 904 686 945 dicitur,
709 903 805 949 quod
827 905 1061 949 magnanimus
1082 915 1147 937 non
1173 904 1268 938 habet
1286 905 1320 937 in
1346 904 1509 937 memoria
1534 914 1596 944 eos,
1629 914 1649 936 a
1671 903 1743 948 qui-

180 960 235 993 {vus
263 958 416 1001 beneficia
438 959 563 1003 recipit,
586 957 860 1002 intelligendum
885 965 937 991 est
958 965 1133 1002 quantum
1155 957 1199 990 ad
1220 957 1304 998 hoc,
1327 956 1423 1002 quod
1445 967 1519 990 non
1541 964 1594 990 est
1607 955 1675 990 sibi
1692 955 1749 989 de-

179 1011 346 1045 lectabile
369 1011 466 1057 quod
489 1011 529 1044 ab
555 1010 731 1056 aliquibus
753 1010 927 1044 beneficia
950 1010 1109 1055 recipiat,
1132 1010 1217 1056 quin
1241 1010 1290 1044 eis
1312 1010 1452 1054 majora
1474 1016 1747 1054 recompenset:

181 1065 277 1111 quod
300 1065 453 1110 pertinet
476 1064 518 1097 ad
540 1063 802 1110 perfectionem
825 1063 1062 1109 gratitudinis,
1081 1064 1117 1096 in
1137 1064 1236 1108 cujus
1257 1070 1337 1096 actu
1356 1062 1433 1096 vult
1453 1061 1748 1108 superexcellere,

180 1120 272 1152 sicut
294 1126 328 1152 et
349 1118 385 1151 in
408 1117 545 1151 actibus
568 1116 720 1150 aliarum
741 1117 932 1150 virtutum:
956 1116 1119 1150 similiter
1142 1117 1251 1150 etiam
1271 1116 1411 1150 secundo
1434 1116 1575 1157 dicitur,
1591 1115 1688 1161 quod
1706 1120 1750 1150 est

181 1173 311 1214 otiosus,
339 1177 367 1205 ct
393 1171 527 1211 tardum
550 1182 623 1204 non
648 1170 730 1216 quia
750 1170 891 1204 deficiat
910 1170 950 1203 ab
972 1170 1156 1216 operando
1177 1181 1219 1204 ea
1238 1180 1329 1215 quae
1348 1170 1415 1203 sibi
1436 1169 1668 1211 conveniunt,
1687 1169 1750 1203 sed

182 1225 263 1271 quia
285 1236 359 1258 non
382 1224 511 1270 ingerit
527 1235 564 1257 se
580 1223 864 1269 quibuscumque
887 1223 1066 1269 operibus,
1088 1223 1150 1257 sed
1172 1222 1292 1257 solum
1314 1222 1468 1268 magnis,
1487 1222 1607 1268 qualia
1622 1222 1751 1256 decent

182 1289 285 1312 eum:
309 1278 436 1311 dicitur
452 1279 567 1318 ‚etiam
591 1278 702 1319 tertio,
724 1277 820 1322 quod
842 1278 947 1310 utitur
974 1277 1096 1318 ironia,
1116 1287 1190 1310 non
1212 1275 1412 1310 secundum
1435 1276 1531 1321 quod
1554 1275 1750 1321 opponitur

181 1332 333 1373 veritati,
360 1339 398 1364 ut
419 1330 558 1364 scilicet
580 1330 675 1364 dicat
697 1330 739 1364 de
761 1341 799 1363 se
822 1329 941 1376 aliqua
962 1329 1058 1371 vilia,
1085 1340 1176 1375 quae
1198 1340 1273 1362 non
1294 1337 1387 1370 sunt,
1414 1328 1472 1363 vel
1497 1336 1606 1374 neget
1631 1328 1750 1374 aliqua

183 1396 327 1430 magna,
351 1395 441 1430 quae
456 1391 557 1425 sunt,
573 1383 635 1417 sed
650 1383 732 1429 quia
746 1394 820 1416 non
835 1391 950 1416 totam
966 1382 1254 1428 magnitudinem
1269 1393 1372 1416 suam
1387 1389 1576 1423 monstrat,
1592 1382 1748 1415 maxime

183 1446 357 1484 quantum
382 1437 424 1471 ad
447 1436 659 1470 inferiorum
682 1436 967 1470 multitudinem:
990 1436 1084 1481 quia,
1099 1435 1191 1469 sicut
1213 1435 1322 1469 etiam
1341 1434 1478 1468 Philos.
1505 1434 1639 1468 ibidem
1665 1433 1752 1468 dicit

183 1493 253 1536 (lib.
273 1503 306 1536 4.
328 1491 436 1526 Ethic.
460 1497 530 1536 cap.
550 1492 609 1536 3.),
640 1503 657 1521 «
680 1490 723 1523 ad
747 1489 1023 1535 magnanimum
1045 1489 1197 1534 pertinet
1219 1499 1394 1534 magnum
1422 1498 1499 1522 esse
1526 1488 1570 1522 ad
1598 1498 1672 1529 eos,
1691 1487 1752 1533 qui

184 1546 219 1579 in
241 1545 425 1590 dignitate,
449 1552 483 1578 et
508 1543 612 1578 bonis
639 1542 805 1577 fortunae
827 1551 920 1583 sunt,
943 1542 986 1576 ad
1009 1542 1150 1576 medios
1171 1549 1293 1575 autem
1315 1541 1544 1575 moderatum
1566 1551 1605 1574 »ι
1632 1545 1751 1586 quarto

185 1599 293 1632 etiam
316 1598 455 1639 dicitur,
483 1597 579 1643 quod
602 1597 643 1630 ad
667 1597 749 1630 alios
766 1601 944 1642 nonpotest
970 1597 1155 1636 convivare,
1187 1594 1325 1628 scilicet
1353 1593 1587 1635 familiariter,
1613 1593 1682 1627 nisi
1708 1593 1752 1626 ad

185 1652 344 1693 amicos3
368 1651 450 1697 quia
473 1651 624 1684 omnino
646 1650 734 1684 vitat
757 1649 1016 1690 adulationem,
1039 1656 1073 1682 et
1093 1647 1377 1690 simulationem,
1400 1658 1492 1693 quae
1511 1647 1691 1693 pertinent
1708 1645 1752 1680 ad

186 1705 297 1739 animi
318 1704 550 1751 parvitatem:
576 1704 735 1737 convivit
755 1711 878 1737 tamen
901 1703 1081 1744 omnibus,
1104 1710 1138 1736 et
1159 1701 1312 1747 magnis,
1335 1709 1369 1735 et
1395 1701 1525 1747 parvis,
1552 1700 1753 1735 secundum

186 1759 281 1804 quod
305 1765 459 1804 oportet,
482 1766 519 1791 ut
541 1758 677 1791 dictum
700 1765 753 1791 est
775 1757 825 1801 (1'11
844 1763 926 1802 resp.
949 1756 990 1789 cml
1016 1756 1082 1800 I.).·
1105 1757 1217 1801 quinto
1241 1755 1351 1789 etiarn
1385 1754 1524 1796 dicitur,
1556 1753 1652 1802 quod
1681 1753 1754 1788 vult

185 1813 301 1846 lmlrm
329 1813 431 1857 magis
459 1811 675 1857 infructuosa,
703 1821 777 1843 non
805 1820 1067 1855 quaecumque,
1094 1808 1155 1843 sed
1183 1810 1279 1850 bona,
1307 1808 1399 1842 idest
1416 1808 1582 1849 honesta,
1604 1818 1690 1840 narn
1715 1806 1753 1840 in

188 1866 356 1899 omnibus
377 1864 567 1911 praeponit
588 1864 741 1897 honesta
760 1863 918 1904 utilibus,
933 1871 1120 1908 tamquam
1139 1863 1290 1907 majora,
1306 1860 1406 1894 utilia
1421 1861 1518 1895 enim
1534 1868 1753 1906 quaeruntur

188 1919 230 1952 ad
253 1918 538 1952 subveniendum
563 1916 670 1950 alicui
692 1916 857 1957 defectui,
881 1915 942 1962 qui
963 1915 1244 1961 magninimitati
1266 1922 1452 1960 repugnat.

721 2057 1066 2103 ARTICULUS
1099 2058 1175 2100 IV.
1685 2065 1753 2110 646

444 2166 597 2195 UTRL’M
624 2165 957 2195 MAGNANIMtrAs
982 2165 1048 2193 SIT
1071 2164 1228 2194 VIRTUS
1256 2162 1489 2192 SPECIALIS.

253 2255 353 2301 (Infr.
376 2260 438 2289 art.
458 2266 486 2299 5.
509 2254 551 2288 ud
571 2266 601 2288 2.
624 2259 654 2288 ct
675 2265 704 2298 q.
726 2264 793 2299 134.
816 2258 881 2287 art.
902 2264 932 2287 2.
955 2252 997 2286 ad
1018 2263 1047 2286 2.
1071 2257 1100 2286 et
1117 2263 1146 2286 2.
1167 2252 1253 2285 Dist.
1277 2262 1307 2285 2.
1330 2262 1359 2296 q.
1380 2261 1436 2294 42.
1458 2253 1522 2284 art.
1544 2260 1578 2293 4.
1599 2255 1690 2294 corp.

285 2313 350 2354 et3.
367 2309 453 2342 Dist.
470 2319 500 2353 9.
517 2312 666 2353 q.1.art.
683 2319 708 2341 Ι.
726 2318 755 2352 q.
770 2318 801 2340 2.
817 2312 904 2351 corp.
920 2310 950 2339 et
963 2306 1049 2339 Dist.
1062 2317 1105 2351 33.
1120 2316 1149 2350 t]-
1162 2317 1189 2350 3.
1206 2309 1308 2350 art.3.
1324 2315 1353 2349 q.
1369 2315 1401 2347 4.
1418 2309 1504 2349 corp.
1526 2301 1614 2337 etad
1630 2314 1658 2337 1.

318 2367 347 2396 et
363 2373 395 2406 4.
415 2362 504 2396 Dist.
527 2371 579 2405 14.
599 2372 628 2406 q.
647 2372 674 2394 Ι.
694 2365 758 2394 art.
778 2372 804 2394 1.
824 2371 853 2404 q.
870 2371 896 2404 3.
916 2358 958 2392 ad
976 2370 1005 2393 2.
1025 2363 1052 2392 et
1067 2359 1153 2392 Dist.
1168 2358 1220 2392 16.
1236 2369 1266 2403 q.
1280 2368 1313 2401 4.
1333 2361 1395 2390 art.
1410 2368 1437 2391 1.
1453 2368 1482 2402 q.
1497 2367 1528 2391 2.
1545 2355 1588 2390 ad
1601 2367 1632 2390 2.

724 2418 753 2447 et
771 2413 854 2446 Mal.
875 2424 903 2457 q.
923 2413 954 2446 8.
974 2416 1037 2445 art.
1056 2423 1087 2446 2.
1107 2411 1149 2445 ad
1166 2411 1222 2453 1.).

264 2505 323 2539 AD
344 2514 531 2544 QUARTUM
546 2504 596 2538 sic
612 2503 828 2550 proceditur.
844 2502 1006 2544 Videtur,
1021 2501 1117 2547 quod
1133 2501 1414 2547 magnanimitas
1428 2511 1502 2534 non
1521 2500 1567 2534 sit
1588 2498 1753 2546 specialis

192 2559 320 2593 virtus:
341 2558 439 2592 nulla
458 2558 555 2591 enim
574 2555 738 2602 specialis
757 2556 867 2589 virtus
886 2563 1054 2601 operatur
1072 2555 1107 2588 in
1127 2555 1294 2588 omnibus
1312 2553 1516 2588 virtutibus:
1537 2553 1597 2587 sed
1617 2551 1752 2587 Philos.

193 2615 229 2647 in
249 2623 282 2655 4.
306 2613 420 2646 Ethic.
445 2612 533 2658 (cap.
554 2613 597 2657 3.)
621 2611 717 2652 dicit,
735 2609 831 2656 quod
853 2622 870 2641 «
890 2609 933 2642 ad
953 2609 1229 2653 magnanimum
1248 2607 1412 2653 pertinet,
1431 2607 1527 2653 quod
1548 2614 1600 2641 est
1617 2606 1654 2640 in
1672 2616 1757 2639 una-

194 2677 335 2712 quaque
358 2666 486 2699 virtute
509 2675 703 2709 magnum3
726 2674 812 2709 ergo
835 2662 1116 2706 magnanimitas
1137 2673 1211 2695 non
1234 2669 1286 2695 est
1307 2660 1472 2706 specialis
1494 2660 1616 2693 virtus.

266 2729 296 2752 2.
319 2719 555 2753 PRAETEREA.
579 2717 679 2751 Nulli
700 2716 846 2762 speciali
868 2715 989 2749 virtuti
1011 2715 1248 2748 attribuuntur
1275 2722 1375 2748 actus
1402 2713 1622 2747 diversarum
1648 2711 1756 2745 virtu-

194 2781 289 2807 tum:
317 2773 378 2806 sed
400 2772 636 2817 magnanimo
661 2770 897 2804 attribuuntur
919 2769 1139 2801 diversarum
1161 2767 1334 2801 virtutum
1356 2774 1474 2800 actus:
1504 2765 1633 2799 dicitur
1658 2764 1755 2798 enim

195 2827 230 2860 in
252 2837 284 2868 4.
307 2826 423 2860 Ethic.
445 2826 521 2870 (loc.
541 2825 627 2869 cit),
650 2823 746 2870 quod
773 2835 790 2855 ‹<
814 2822 856 2856 ad
879 2821 1155 2867 magnanimum
1176 2820 1329 2866 pertinet
1349 2831 1422 2854 non
1449 2818 1572 2864 fugere
1594 2827 1755 2852 commo-
