1905 3137
237 137 293 189 96
689 146 909 181 QUAESTIO
942 147 984 177 X.
1017 147 1260 177 ARTICULUS
1293 147 1350 177 IV.

307 238 338 263 2.
360 227 595 262 PRAETEREA.
622 226 726 260 Fides
748 227 987 262 intentionem
1008 227 1146 273 dirigit:
1168 227 1229 261 sed
1247 227 1388 261 nullum
1407 227 1545 261 bonum
1562 234 1680 273 potest
1697 239 1786 270 esse,

234 281 331 326 quod
352 292 426 314 non
449 288 501 314 est
518 291 560 314 ex
582 280 780 314 intentione
802 289 919 323 recta3
941 292 1028 327 ergo
1047 283 1083 315 in
1105 280 1306 315 infidelibus
1328 279 1427 314 nulla
1449 281 1543 315 actio
1565 289 1683 327 potest
1708 292 1786 316 esse

233 334 340 368 bona.

307 398 335 432 3.
362 386 597 421 PRAETEREA.
618 386 800 432 Corrupto
822 387 944 433 priori,
967 387 1208 433 corrumpitur
1229 395 1264 421 et
1281 387 1474 433 posterius:
1497 387 1558 421 sed
1578 395 1677 422 actus
1702 386 1787 421 fidei

232 440 415 486 praecedit
437 448 536 474 actus
559 440 725 474 omnium
746 441 937 482 virtutum,
956 452 1042 487 ergo
1058 452 1141 474 cum
1159 441 1195 474 in
1213 439 1414 474 infidelibus
1432 451 1506 474 non
1520 440 1564 474 sit
1578 448 1678 474 actus
1691 439 1786 482 fidei,

232 492 372 526 nullum
393 493 529 526 bonum
553 504 642 539 opus
663 492 782 527 facere
803 501 964 539 possunt,
983 494 1045 527 sed
1066 493 1102 527 in
1126 494 1226 527 omni
1249 501 1329 527 actu
1351 504 1417 526 suo
1439 501 1600 538 peccant.

305 546 378 580 SED
402 557 557 581 CONTRA
583 555 646 588 est,
673 547 768 593 quod
797 547 840 581 de
868 547 1042 581 Cornelio
1075 548 1191 581 adhuc
1218 547 1353 581 infideli
1380 547 1551 581 existente
1574 547 1710 581 dictum
1735 555 1788 581 est

233 600 326 644 (Act.
346 601 424 643 ro),
442 600 537 645 quod
553 605 703 646 acceptae
724 605 817 634 erant
839 600 1049 646 elcemosynae
1071 603 1138 646 ejus
1159 602 1254 641 Da0;
1275 611 1362 646 ergo
1385 611 1459 634 non
1481 600 1600 634 omnis
1619 600 1714 634 actio
1735 600 1788 635 in-

232 652 345 686 fidelis
365 661 418 687 est
435 662 637 699 peccatum,
659 653 718 687 sed
743 653 861 699 aliqua
881 655 956 698 ejus
978 654 1071 687 actio
1095 662 1148 687 est
1165 654 1271 687 bona.

302 707 531 741 RESPONDEO
555 707 760 747 dicendum,
783 707 891 752 quod,
909 707 1000 740 sicut
1015 718 1119 752 supra
1140 707 1275 740 dictum
1291 714 1342 740 est
1356 707 1434 751 (1-2.
1450 719 1479 752 q.
1495 707 1542 752 85.
1559 711 1622 740 art.
1641 719 1668 741 ι.
1684 707 1787 752 etz),

231 768 421 805 peccatum
444 760 596 794 mortale
617 759 710 793 tollit
733 760 884 805 gratiam
908 767 1050 804 gratum
1071 759 1276 801 facientem,
1297 771 1371 793 non
1391 767 1510 793 autem
1529 759 1687 794 totaliter
1713 770 1788 793 cor-

230 813 364 857 rumpit
384 813 521 847 bonum
542 821 709 855 naturae;
729 813 821 846 unde
845 824 928 846 cum
942 812 1132 846 infidelitas
1154 813 1199 846 sit
1217 813 1399 858 quoddam
1415 821 1605 858 peccatum
1621 812 1786 855 mortale,

229 865 393 900 infideles
416 867 561 912 quidem
583 867 696 912 gratia
719 874 851 907 carent,
866 875 1029 900 remanet
1042 875 1164 900 tamen
1183 866 1219 900 in
1238 867 1287 900 eis
1303 866 1449 912 aliquod
1466 866 1604 900 bonum
1621 874 1786 909 naturae;

231 919 324 953 unde
347 919 578 953 manifestum
601 928 664 961 est,
687 920 782 965 quod
805 919 966 953 infideles
988 931 1062 954 non
1088 928 1239 965 possunt
1265 920 1406 965 operari
1431 920 1528 953 bona
1547 931 1668 966 opera,
1695 931 1786 965 quae

230 981 312 1006 sunt
334 984 375 1006 ex
397 973 521 1018 gratia,
544 973 681 1007 scilicet
704 984 812 1018 opera
835 973 1038 1007 meritoria:
1066 981 1188 1007 tamen
1214 974 1310 1007 bona
1332 984 1452 1018 opera,
1475 973 1518 1007 ad
1537 984 1628 1019 quae
1655 972 1786 1007 sufficit

229 1025 367 1059 bonum
382 1035 541 1069 naturae,
564 1026 765 1071 aliqualiter
779 1026 919 1072 operari
942 1035 1108 1072 possunt:
1130 1027 1222 1060 unde
1245 1038 1319 1060 non
1342 1034 1494 1071 oportet,
1517 1026 1613 1072 quod
1631 1026 1668 1060 in
1686 1026 1788 1070 omni

229 1090 295 1112 suo
315 1090 423 1124 opere
445 1087 605 1124 peccent,
622 1079 683 1113 sed
699 1080 1004 1125 quandocumque
1024 1079 1168 1126 aliquod
1192 1091 1279 1125 opus
1305 1088 1496 1125 operantur
1511 1091 1553 1114 ex
1566 1079 1787 1122 infidelitate,

229 1139 313 1165 tunc
336 1141 505 1178 peccant:
529 1133 621 1167 sicut
642 1133 738 1166 enim
760 1133 896 1166 habens
918 1132 1026 1167 fidem
1049 1141 1167 1179 potest
1185 1133 1330 1178 aliquod
1352 1141 1543 1178 peccatum
1557 1133 1785 1167 committere

229 1185 265 1218 in
288 1193 380 1227 actu,
402 1197 510 1231 quem
529 1197 602 1221 non
625 1185 730 1220 refert
757 1186 799 1219 ad
822 1185 905 1219 fidei
926 1186 1046 1228 finem,
1073 1186 1131 1220 vel
1149 1186 1346 1228 venialiter,
1367 1186 1425 1220 vel
1452 1187 1560 1220 etiarn
1586 1185 1788 1220 mortaliter

230 1239 436 1284 peccando:
463 1239 512 1273 ita
542 1239 649 1273 etiam
676 1239 829 1273 infidelis
844 1247 962 1284 potest
981 1239 1138 1285 aliquem
1153 1248 1274 1274 actum
1293 1239 1430 1273 bonum
1443 1238 1561 1274 facere
1576 1239 1612 1273 in
1627 1250 1670 1273 eo
1690 1238 1787 1285 quod

230 1303 304 1326 non
320 1291 426 1326 refert
448 1293 491 1326 ad
513 1292 623 1326 finem
644 1292 875 1327 infidelitatis.

300 1345 359 1379 AD
376 1356 524 1380 PRIMUM
548 1357 633 1391 ergo
657 1346 862 1387 dicendum,
878 1347 974 1392 quod
988 1346 1138 1380 verbum
1153 1345 1239 1380 illud
1255 1354 1307 1380 est
1320 1345 1607 1391 intelligendum,
1622 1345 1681 1380 vel
1702 1344 1785 1391 quia

228 1398 301 1432 vita
322 1398 522 1432 infidelium
548 1410 622 1432 non
644 1407 761 1445 potest
782 1410 859 1433 esse
881 1399 957 1433 sine
978 1408 1140 1445 peccato,
1164 1411 1246 1433 cum
1268 1407 1417 1445 peccata
1443 1399 1519 1432 sine
1542 1399 1611 1433 fide
1631 1409 1705 1432 non
1719 1397 1784 1432 tol-

228 1451 367 1486 lantur:
389 1451 447 1486 vel
469 1452 551 1497 quia
573 1452 744 1498 quidquid
767 1461 877 1497 agunt
899 1464 940 1486 ex
962 1452 1182 1494 infidelitate,
1197 1460 1387 1498 peccatum
1403 1459 1476 1486 est:
1494 1452 1586 1486 unde
1601 1452 1683 1486 ibid.
1703 1451 1786 1496 (non

227 1506 261 1538 in
285 1505 374 1540 Glos.
395 1505 446 1540 sed
467 1517 505 1539 ex
526 1507 612 1551 Aug.
636 1505 691 1539 lib.
713 1517 746 1549 4.
768 1511 852 1540 cont.
870 1506 997 1549 Julian.
1020 1512 1091 1552 cap.
1111 1505 1156 1551 3.)
1175 1505 1353 1539 subditur:
1378 1506 1470 1549 Quia
1491 1507 1595 1539 omnis
1613 1504 1787 1551 infideliter

227 1559 352 1600 vivens,
379 1559 431 1592 vel
452 1570 548 1604 agens
567 1559 770 1593 vehementer
786 1564 913 1605 peccat.

298 1612 358 1646 AD
388 1622 594 1646 SECUNDUM
620 1611 824 1653 dicendum,
852 1612 947 1657 quod
974 1611 1061 1646 fides
1088 1611 1208 1657 dirigit
1233 1611 1473 1645 intentionem
1506 1618 1670 1657 respectu
1703 1610 1784 1645 finis

227 1664 344 1698 ultimi
365 1665 663 1710 supernaturalis:
691 1665 752 1699 sed
779 1665 903 1698 lumen
931 1665 1040 1699 etiam
1061 1664 1232 1699 naturalis
1255 1665 1402 1699 rationis
1424 1672 1542 1711 potest
1563 1664 1716 1710 dirigere
1736 1664 1787 1698 in-

226 1718 426 1752 tentionem
448 1726 613 1764 respectu
636 1717 785 1763 alicujus
807 1718 893 1752 boni
916 1717 1170 1752 connaturalis.

297 1771 356 1805 AD
380 1782 549 1806 TERTIUM
572 1771 775 1812 dicendum,
799 1772 894 1817 quod
917 1783 978 1817 per
1000 1771 1247 1805 infidelitatem
1269 1782 1343 1804 non
1366 1771 1607 1817 corrumpitur
1627 1769 1785 1805 totaliter

227 1824 263 1857 in
284 1824 486 1858 infidelibus
513 1824 603 1858 ratio
630 1824 812 1865 naturalis,
839 1825 924 1870 quin
951 1832 1136 1858 remaneat
1162 1824 1198 1857 in
1220 1824 1269 1858 eis
1293 1823 1411 1869 aliqua
1432 1825 1506 1857 veri
1529 1823 1701 1869 cognitio,
1723 1834 1785 1869 per

227 1889 336 1923 quam
357 1877 475 1911 facere
496 1885 645 1923 possunt
667 1877 813 1923 aliquod
835 1888 924 1923 opus
947 1877 989 1911 de
1009 1888 1140 1922 genere
1162 1877 1362 1910 bonorum:
1391 1877 1434 1911 de
1462 1876 1637 1911 Cornelio
1663 1884 1785 1910 tamen

227 1931 413 1964 sciendum
441 1938 504 1972 est,
531 1931 626 1976 quod
654 1930 806 1964 infidelis
832 1942 905 1964 non
933 1938 1029 1964 erat:
1058 1930 1217 1976 alioquin
1245 1931 1320 1975 ejus
1347 1930 1509 1976 operatio
1538 1937 1685 1976 accepta
1710 1940 1785 1963 non

227 1983 351 2018 fuisset
372 1983 466 2025 Deo,
489 1984 546 2017 cui
567 1983 643 2017 sine
666 1983 734 2017 fide
756 1983 874 2017 nullus
897 1991 1016 2029 potest
1036 1983 1197 2029 placere:
1225 1983 1379 2017 habebat
1401 1991 1521 2017 autem
1542 1983 1651 2017 fidem
1672 1982 1788 2029 impli-

227 2037 348 2079 citam,
370 2037 532 2071 nondum
555 2036 781 2071 manifestata
802 2036 990 2082 Evangelii
1011 2037 1176 2078 veritate;
1203 2036 1296 2070 unde
1319 2045 1356 2071 ut
1378 2048 1460 2071 eum
1487 2037 1522 2071 in
1550 2036 1619 2071 fide
1645 2036 1785 2083 plenius

228 2089 429 2132 instrueret,
451 2090 602 2124 mittitur
624 2090 666 2124 ad
689 2101 772 2124 eum
794 2090 931 2124 Petrus.

790 2249 1133 2294 ARTICULUS
1167 2250 1220 2292 v.
1743 2271 1780 2306 ss

482 2369 633 2398 UTRUM
667 2369 764 2399 SINT
799 2369 958 2399 PLURES
986 2369 1308 2399 INFIDELITATIS
1344 2369 1528 2398 SPECIES.

543 2468 644 2514 (Infr.
666 2480 696 2515 q.
719 2481 764 2503 H.
787 2474 851 2503 art.
874 2481 900 2503 r.
923 2475 1014 2515 corp.
1036 2474 1063 2503 et
1084 2480 1113 2514 q.
1137 2479 1191 2514 94.
1214 2473 1277 2502 art.
1299 2480 1328 2503 Ι.
1349 2466 1391 2502 ad
1412 2467 1470 2512 1.).

297 2570 356 2603 AD
383 2579 562 2608 QUINTUM
590 2568 638 2602 sic
667 2568 881 2614 proceditur.
909 2568 1070 2611 Videtur,
1099 2568 1194 2614 quod
1221 2579 1294 2602 non
1321 2568 1391 2602 sint
1416 2567 1535 2614 plures
1561 2566 1781 2602 infidelitatis

227 2623 363 2669 species
382 2636 388 2658 :
405 2634 487 2656 cum
511 2622 607 2656 enim
630 2621 728 2663 fides,
751 2630 785 2656 et
807 2621 995 2655 infidelitas
1017 2622 1086 2655 sint
1108 2622 1297 2663 contraria,
1320 2630 1462 2666 oportet
1483 2621 1578 2667 quod
1600 2621 1669 2655 sint
1689 2621 1783 2654 circa

226 2677 341 2710 idem:
370 2676 431 2710 sed
458 2675 609 2709 formale
637 2675 818 2720 objectum
845 2675 927 2709 fidei
954 2683 1006 2709 est
1031 2675 1160 2708 veritas
1188 2675 1314 2721 prima,
1338 2686 1355 2708 a
1379 2687 1447 2720 qua
1470 2675 1577 2709 habet
1598 2674 1783 2716 unitatem,

225 2729 310 2763 licet
331 2729 443 2763 multa
464 2728 698 2763 materialiter
724 2729 862 2770 credat3
891 2739 976 2774 ergo
1005 2729 1112 2762 etiam
1140 2728 1319 2773 objectum
1343 2728 1560 2762 infidelitatis
1582 2735 1634 2762 cst
1653 2727 1782 2762 veritas

226 2782 356 2827 prima:
381 2794 421 2816 ea
442 2794 540 2824 vero,
563 2793 653 2828 quae
676 2782 843 2816 discredit
865 2781 1028 2823 infidelis,
1048 2782 1280 2816 materialiter
1299 2793 1335 2816 se
1354 2782 1486 2816 habent
1501 2783 1535 2816 in
1556 2780 1781 2815 infidelitate:

226 2835 287 2869 sed
310 2835 505 2869 differentia
528 2836 728 2870 secundum
755 2835 913 2882 speciem
939 2846 1013 2869 non
1040 2835 1230 2869 attenditur
1257 2835 1456 2870 secundum
1478 2834 1650 2881 principia
1673 2842 1782 2868 mate-
