1859 3122
461 158 682 195 QUAESTIO
716 159 890 189 LXXXIV.
924 158 1169 189 ARTICULUS
1202 159 1262 189 111.
1563 147 1642 202 603

644 311 987 357 ARTICULUS
1011 312 1090 355 111.
1579 332 1647 368 457

252 407 404 437 UTRUM
426 408 656 438 ADORATIO
684 409 904 444 REQUIRAT
933 408 1284 439 DETERMINATUM
1310 407 1478 437 LOCUM.

747 485 788 529 (I.
818 486 903 519 Tim.
931 486 990 531 2.).

163 562 222 596 AD
244 571 415 596 TERTmM
437 561 486 596 sic
514 562 730 608 proceditur.
753 562 916 604 Videtur,
943 563 1039 609 quod
1068 561 1230 596 adoratio
1257 572 1331 595 non
1358 561 1514 607 requirat
1541 561 1650 595 deter-

96 614 268 650 minatum
283 615 423 649 locum:
448 616 577 650 dicitur
599 616 696 650 enim
713 616 817 661 Joan.
839 626 890 659 4:
922 617 1016 651 Venit
1033 616 1126 657 homi,
1144 615 1272 661 quando
1292 627 1391 660 nequa
1407 616 1439 648 in
1457 620 1563 649 monte
1578 615 1647 656 hoc,

94 680 190 714 neque
204 671 239 703 in
256 669 494 715 Hierosolymis
508 669 688 704 adorabitis
703 669 834 704 Patrem
848 682 860 710 ‚·
877 670 1002 704 eadem
1023 677 1142 703 autern
1158 669 1249 702 ratio
1263 669 1403 702 videtur
1417 679 1494 702 esse
1513 668 1556 702 de
1573 667 1650 702 aliis

94 721 199 766 locis;
222 734 309 768 ergo
333 723 590 757 determinatus
612 723 714 757 locus
736 734 810 757 non
833 723 1023 769 requiritur
1045 723 1088 756 ad
1111 722 1345 756 adorandum.

166 786 194 810 2.
221 776 456 810 PRAETEREA.
484 776 662 810 Adoratio
690 776 844 810 exterior
871 776 1055 810 ordinatur
1083 776 1126 809 ad
1156 776 1384 810 interiorem:
1414 775 1475 809 sed
1503 775 1652 809 interior

96 829 256 864 adoratio
279 829 317 864 fit
339 830 381 863 ad
403 830 524 864 Deum
547 838 584 864 ut
605 830 735 875 ubique
763 829 994 872 existentem3
1017 840 1103 875 ergo
1131 829 1286 863 exterior
1312 828 1475 862 adoratio
1502 840 1576 863 non
1603 839 1653 862 re-

96 883 200 929 quirit
221 883 500 917 determinatum
522 883 656 917 locum.

169 948 197 982 3.
218 937 452 971 PRAETEREA.
474 937 576 971 Idem
591 937 690 970 Deus
710 943 772 978 est,
792 936 852 982 qui
872 936 909 970 in
927 947 1038 978 novo,
1058 944 1092 970 et
1104 936 1216 970 veteri
1228 943 1447 970 testamento
1464 935 1652 977 adoratur3

95 990 155 1024 sed
179 991 214 1024 in
235 991 346 1025 veteri
367 998 584 1025 testamento
606 990 713 1024 fiebat
736 990 898 1025 adoratio
922 991 964 1024 ad
991 990 1241 1024 occidentem:
1269 1001 1353 1023 narn
1383 989 1515 1024 ostium
1542 989 1654 1023 taber-

94 1044 214 1078 naculi
244 1044 458 1090 respiciebat
488 1044 531 1078 ad
559 1044 747 1086 orientem,
770 1052 808 1078 ut
834 1044 985 1078 habetur
1014 1043 1126 1078 Exod.
1155 1043 1227 1086 26.;
1255 1054 1342 1088 ergo
1365 1043 1493 1077 eadem
1515 1043 1653 1077 ratione

95 1098 204 1131 etiam
225 1109 319 1131 nunc
343 1097 514 1131 debemus
543 1097 692 1131 adorare
720 1097 763 1131 ad
791 1097 1031 1140 occidentem,
1059 1099 1088 1131 si
1115 1096 1243 1143 aliquis
1269 1096 1370 1131 locus
1398 1097 1654 1131 determinatus

94 1151 283 1197 requiritur
305 1151 348 1184 ad
371 1151 606 1185 adorandum.

165 1204 238 1239 SED
261 1215 415 1239 CONTRA
438 1213 501 1248 est,
523 1205 619 1251 quod
641 1205 768 1239 dicitur
789 1205 856 1239 Isa.
878 1204 934 1248 46.
955 1213 990 1239 et
1016 1204 1193 1239 inducitur
1221 1204 1306 1239 Luc.
1339 1215 1409 1251 19.:
1432 1204 1562 1239 Domus
1582 1215 1655 1239 mea

95 1257 388 1293 domus'orationis
404 1259 591 1293 vocabitur.

163 1311 392 1346 RESPONDEO
422 1311 626 1354 dicendum,
649 1311 757 1358 quod,
779 1312 872 1346 sicut
893 1312 1030 1346 dictum
1046 1319 1098 1346 est
1120 1313 1199 1357 (art.
1222 1312 1365 1357 praec),
1384 1311 1421 1345 in
1443 1311 1654 1345 adoratione

93 1366 321 1412 principalius
351 1376 405 1401 est
429 1367 576 1401 interior
598 1367 743 1401 devotio
774 1368 922 1409 mentis;
946 1366 1199 1401 secundarium
1228 1373 1349 1400 autem
1377 1373 1440 1407 est,
1462 1365 1558 1411 quod
1580 1377 1656 1411 per-

93 1421 180 1454 tinet
202 1421 355 1454 exterius
377 1421 420 1455 ad
443 1420 645 1467 corporalia
672 1421 790 1466 signa:
807 1432 909 1455 mens
933 1428 1053 1454 autem
1075 1420 1222 1454 interius
1253 1419 1489 1465 apprehendit
1520 1419 1653 1461 Deum,

94 1474 196 1520 quasi
213 1485 287 1508 non
309 1475 615 1520 comprehensum
631 1474 750 1520 aliquo
773 1474 877 1508 loco:
901 1475 962 1508 sed
978 1473 1181 1519 corporalia
1197 1473 1299 1518 signa
1313 1484 1460 1506 necesse
1483 1481 1536 1506 est
1557 1473 1655 1518 quod

93 1528 129 1562 in
157 1528 396 1562 determinato
415 1527 512 1569 loco,
528 1536 561 1562 et
583 1528 651 1562 situ
673 1528 760 1569 sint3
783 1536 818 1561 et
838 1527 920 1561 ideo
943 1526 1196 1561 determinatio
1219 1525 1292 1560 loci
1313 1537 1387 1560 non
1409 1526 1600 1571 requiritur
1611 1526 1654 1560 ad

95 1581 345 1615 adorationem
383 1580 638 1627 principaliter,
673 1581 775 1626 quasi
808 1581 851 1614 sit
885 1581 927 1614 de
965 1580 1178 1615 necessitate
1212 1580 1332 1625 ipsius,
1360 1580 1421 1614 sed
1454 1580 1655 1614 secundum

95 1634 290 1681 quamdam
312 1635 528 1676 decentiam,
551 1635 642 1668 sicut
664 1642 696 1668 et
720 1634 789 1667 alia
812 1633 1015 1680 corporalia
1042 1634 1155 1679 signa.

164 1688 224 1722 AD
250 1698 398 1722 PRIMUM
425 1699 511 1733 ergo
546 1688 750 1729 dicendum,
777 1688 874 1733 quod
909 1687 1090 1721 Dominus
1117 1699 1181 1732 per
1207 1686 1267 1720 illa
1294 1687 1401 1721 verba
1428 1687 1656 1733 praenuntiat

94 1741 333 1776 cessationem
356 1741 674 1783 adorationis,tam
695 1741 895 1775 secundum
917 1741 1026 1774 ritum
1043 1740 1265 1786 Judaeorum
1281 1741 1508 1774 adorantium
1523 1741 1559 1774 in
1574 1741 1656 1775 Hie-

93 1794 261 1836 rusalem,
283 1807 391 1841 quarn
413 1796 522 1829 etiarn
544 1795 742 1829 secundum
764 1795 871 1829 ritum
889 1795 1203 1829 Samaritanorum
1219 1795 1447 1829 adorantium
1469 1795 1505 1828 in
1528 1802 1653 1829 monte

95 1848 274 1883 Garizim:
296 1856 444 1894 uterque
475 1849 571 1882 enim
593 1848 680 1882 ritus
703 1849 855 1882 cessavit
879 1849 1045 1882 veniente
1081 1847 1256 1894 spirituali
1277 1848 1466 1894 Evangelii
1487 1848 1653 1882 veritate:

94 1902 293 1936 secundum
315 1913 424 1948 quam
446 1902 481 1935 in
504 1902 606 1935 omni
626 1902 710 1936 loco
732 1902 812 1935 Deo
835 1901 1066 1943 sacrificatur,
1088 1909 1126 1935 ut
1147 1901 1275 1935 dicitur
1295 1901 1452 1936 Malach.
1484 1912 1511 1936 1.

105 1980 114 1990 .
164 1955 224 1990 AD
247 1965 453 1989 SECUNDUM
486 1955 691 1997 dicendum,
715 1955 811 2001 quod
834 1955 1093 1990 determinatus
1123 1954 1224 1989 locus
1259 1954 1403 2000 eligitur
1437 1956 1480 1989 ad
1507 1955 1657 1989 adoran-

95 2008 192 2050 dum,
210 2019 284 2042 non
305 2016 450 2054 propter
479 2009 600 2042 Deum
623 2009 683 2054 qui
705 2008 884 2051 adoratur,
911 2009 1014 2055 quasi
1043 2009 1125 2043 loco
1149 2008 1404 2043 concludatur:
1428 2009 1489 2043 sed
1512 2016 1657 2055 propter

94 2061 191 2107 ipsos
213 2061 421 2096 adorantes:
444 2071 478 2096 et
498 2061 570 2096 hoc
593 2063 719 2108 triplici
737 2062 890 2096 ratione:
910 2064 1023 2109 primo
1045 2062 1193 2108 quidem
1211 2069 1356 2107 propter
1373 2061 1446 2096 loci
1465 2073 1656 2096 consecra-

94 2115 244 2156 tionem,
264 2126 307 2149 ex
328 2126 398 2161 qua
418 2114 613 2160 specialem
628 2116 860 2150 devotionem
877 2116 1085 2162 concipiunt
1107 2123 1262 2157 orantes,
1278 2124 1316 2149 ut
1330 2116 1446 2161 magis
1468 2116 1657 2149 exaudian-

95 2176 170 2211 tur;
192 2169 283 2202 sicut
304 2176 401 2214 patet
422 2179 463 2202 ex
486 2168 696 2203 adoratione
724 2168 933 2203 Salomonis
964 2181 991 2215 3.
1023 2170 1113 2215 Reg.
1136 2169 1186 2203 8.:
1221 2169 1358 2203 secundo
1380 2177 1525 2215 propter
1553 2180 1656 2203 sacra

96 2222 278 2268 mysteria,
301 2230 336 2256 et
357 2221 426 2255 alia
459 2222 655 2256 sanctitatis
689 2222 802 2268 signa,
831 2234 921 2268 quae
946 2223 994 2256 ibi
1016 2222 1263 2256 continentur:
1288 2224 1380 2257 tertio
1408 2230 1553 2268 propter
1574 2233 1657 2255 con-

98 2286 240 2309 cursum
262 2274 460 2308 multorum
480 2275 719 2317 adorantium,
742 2287 783 2310 ex
806 2287 876 2322 quo
907 2275 945 2310 fit
978 2276 1095 2310 oratio
1126 2276 1243 2321 magis
1279 2275 1499 2317 exaudibilis,
1533 2286 1658 2309 secun-

97 2327 183 2361 durn
203 2328 290 2362 illud
312 2328 438 2362 Matth.
465 2329 535 2363 18.:
561 2329 626 2362 Ubi
644 2333 719 2363 sunt
743 2329 819 2371 dico,
838 2329 890 2364 vel
912 2334 975 2364 tres
996 2330 1185 2375 congregati
1197 2331 1231 2363 in
1252 2331 1384 2364 nomine
1405 2341 1489 2372 mco,
1518 2329 1565 2362 ibi
1583 2340 1656 2362 sum

97 2392 150 2427 ego
172 2383 207 2415 in
228 2381 333 2415 madio
349 2393 474 2415 eorum.

167 2434 227 2468 AD
250 2444 421 2469 TERT1UM
443 2433 648 2476 dicendum,
670 2435 766 2480 quod
788 2435 987 2469 secundum
1015 2435 1210 2481 quamdam
1232 2435 1435 2469 decentiam
1463 2434 1656 2468 adoramus

97 2498 219 2521 versus
241 2488 436 2522 orientem:
462 2488 574 2533 primo
609 2488 754 2533 quidem
787 2497 932 2535 propter
958 2489 1099 2522 divinae
1126 2489 1322 2534 majestatis
1352 2487 1537 2529 indicium,
1560 2487 1656 2533 quod

97 2541 200 2574 nobis
218 2540 464 2574 manifestatur
490 2541 526 2573 in
553 2548 655 2574 motu
678 2541 782 2583 coeli,
805 2542 865 2587 qui
888 2550 940 2576 est
970 2542 1011 2575 ab
1040 2542 1196 2576 oriente:
1224 2541 1361 2576 secundo
1384 2549 1530 2586 propter
1556 2551 1657 2586 para-

99 2593 215 2627 disum
236 2594 272 2627 in
291 2595 429 2628 oriente
451 2594 697 2636 constitutum,
720 2603 757 2628 ut
778 2594 908 2640 legitur
929 2595 1020 2630 Gen.
1042 2605 1072 2628 2.
1089 2595 1288 2629 secundum
1312 2595 1450 2628 literam
1471 2594 1581 2627 LXX.
1604 2594 1657 2627 In-

99 2654 305 2692 terpretum,
327 2648 428 2693 quasi
449 2658 664 2693 quaeramus
684 2648 727 2681 ad
749 2649 955 2693 paradisum
974 2649 1105 2683 redire:
1126 2650 1220 2683 tertio
1237 2656 1380 2694 propter
1397 2648 1582 2682 Christum
1597 2649 1657 2693 qui

102 2707 153 2733 est
173 2699 232 2733 lux
253 2701 389 2742 mundi,
412 2708 445 2734 et
471 2701 588 2735 Oriens
610 2702 818 2735 nominatur
840 2702 946 2736 Zach.
963 2702 1013 2735 6.:
1035 2710 1068 2735 et
1090 2703 1146 2747 qui
1167 2701 1307 2735 ascendit
1328 2708 1417 2747 supas
1431 2701 1554 2734 coelum
1577 2701 1656 2735 coeli

101 2752 142 2786 ad
159 2754 314 2787 orientem
336 2755 405 2798 (Ps.
435 2754 520 2799 67.);
545 2762 579 2788 et
600 2754 642 2787 ab
663 2754 801 2788 oriente
816 2755 925 2789 etiam
945 2763 1151 2801 expectatur
1162 2763 1343 2795 venturus,
1359 2754 1558 2788 secundum
1568 2753 1655 2787 illud

101 2805 228 2840 Matth.
251 2816 309 2848 24:
331 2807 423 2841 Sicut
440 2807 556 2852 fulgor
582 2808 649 2842 exit
674 2809 714 2842 ab
737 2809 871 2850 oriente,
894 2813 922 2842 et
938 2813 1035 2854 paret
1056 2820 1150 2853 usqua
1172 2807 1213 2841 ad
1235 2807 1445 2849 occidentem,
1474 2808 1522 2842 ita
1542 2808 1608 2842 erit
1627 2812 1656 2841 et

103 2857 257 2894 adventus
282 2859 363 2894 Filii
384 2860 536 2895 hominis.
