1859 3122
471 142 692 178 QUAESTIO
725 142 796 172 XX.
831 143 1074 173 ARTICULUS
1109 143 1164 172 IV.
1526 132 1604 186 167

53 232 184 260 stentes
206 223 345 258 facilius
366 224 402 257 in
425 223 717 270 desperationem
738 224 912 266 incidunt,
935 223 1134 258 secundum
1157 223 1244 258 illud
1267 234 1298 258 2.
1321 223 1364 258 ad
1381 223 1466 258 Cor.
1487 234 1538 258 2.:
1559 223 1608 258 Ne

50 279 175 323 majo-ri
196 279 335 312 tristitia
355 279 579 319 absorbeatur,
605 279 662 324 qui
683 278 840 324 ejusmodi
861 283 903 312 est
919 290 928 312 :
951 278 1013 312 sed
1029 286 1150 312 tamen
1167 278 1249 324 quia
1264 278 1339 324 spei
1355 278 1539 323 objectum
1554 284 1607 311 est

51 331 199 373 bonum,
221 331 255 364 in
279 331 375 377 quod
398 330 607 365 naturaliter
628 331 741 365 tendit
763 331 951 377 appetitus,
971 342 1043 364 non
1067 339 1186 365 autem
1214 331 1344 377 refugit
1370 331 1412 365 ab
1440 342 1483 365 eo
1511 338 1609 364 natu-

51 384 182 427 raliter,
204 385 266 419 sed
289 384 407 418 solum
430 393 575 430 propter
603 384 748 430 aliquod
784 384 1085 430 impedimentum
1114 385 1382 430 superveniens,
1409 384 1490 418 ideo
1522 383 1610 418 dire-

51 439 142 472 ctius
163 439 309 484 quidem
332 451 373 472 ex
396 450 457 484 spe
481 438 591 472 oritur
614 438 799 483 gaudium,
814 437 1018 483 desperatio
1034 445 1154 471 autem
1172 449 1189 471 e
1205 449 1381 472 converso
1401 450 1442 472 ex
1457 437 1608 472 tristitia.

122 491 182 526 AD
205 501 376 525 TERTIUM
400 491 605 533 dicendum,
628 491 727 537 quod
749 491 826 537 ipsa
848 491 1068 536 negligentia
1092 491 1342 526 considerandi
1366 491 1485 525 divina
1506 491 1611 525 bene-

51 543 131 578 ficia
153 556 195 579 ex
217 545 353 578 accidia
376 544 556 590 provenit:
579 544 694 578 homo
718 544 815 578 enirn
838 543 986 578 affectus
1009 544 1127 590 aliqua
1150 545 1316 590 passione
1339 545 1529 591 praecipue
1548 544 1608 578 illa

52 598 198 644 cogitat,
222 609 312 643 quae
336 598 378 631 ad
403 597 501 631 illam
525 597 702 644 pertinent
720 598 949 644 passionem3
972 597 1066 632 unde
1089 598 1202 631 homo
1217 598 1253 631 in
1272 598 1420 632 tristitiis
1440 598 1609 632 constitu-

50 659 106 685 tus
127 662 200 684 non
224 651 266 685 de
290 650 385 684 facili
409 651 527 697 aliqua
551 661 694 697 magna,
709 659 743 685 et
764 650 921 696 jucunda
938 651 1084 697 cogitat,
1100 651 1161 685 sed
1176 650 1296 685 solum
1311 651 1442 693 tristia3
1464 652 1532 686 nisi
1546 662 1608 697 per

51 715 225 750 magnum
249 713 421 738 conatum
440 715 477 738 se
500 712 637 738 avertat
660 715 679 737 a
700 704 869 738 tristibus.

565 1021 921 1084 QUAESTIO
964 1021 1103 1068 XXI.

162 1151 225 1181 DE
252 1151 661 1190 PRAESUMPTIONE,
692 1151 743 1181 IN
770 1150 998 1190 QUATUOR
1025 1150 1286 1182 ARTICULOS
1314 1150 1486 1182 DIVISA.

121 1290 261 1325 Deinde
285 1290 589 1325 considerandum
612 1298 665 1324 est
689 1290 732 1324 de
753 1290 1058 1336 praesumptione.

513 1380 559 1414 Et
577 1381 666 1414 circa
687 1380 746 1414 hoc
768 1385 974 1425 quaeruntur
995 1385 1148 1426 quatuor.

124 1449 258 1483 Primo.
283 1448 381 1489 Quid
403 1449 447 1483 sit
467 1450 652 1495 objectum
674 1450 989 1496 praesumptionis,
1012 1451 1069 1485 cui
1089 1451 1260 1485 innititur.

125 1501 306 1536 Secundo.
327 1502 457 1536 Utrum
478 1502 521 1536 sit
543 1511 743 1548 peccatum.

127 1554 264 1588 Tertio.
288 1554 359 1589 Cui
381 1564 592 1601 opponatur.

128 1608 280 1649 Quarto.
303 1608 354 1641 Ex
376 1620 447 1654 quo
469 1609 556 1642 vitio
576 1609 720 1643 oriatur.

632 1732 975 1777 ARTICULUS
1005 1734 1038 1776 I.
1544 1756 1610 1779 110

107 1839 260 1868 UTRUM
291 1839 594 1869 PRAESUMPTIO
629 1840 870 1870 INNITATUR
896 1841 1000 1880 ΠΕΟ,
1035 1841 1092 1870 AN
1120 1841 1328 1870 PROPRIAE
1360 1841 1555 1870 VIRTUTI.

124 1927 182 1960 AD
204 1937 354 1961 PRIMUM
376 1927 425 1960 sic
449 1927 665 1973 proceditur.
687 1927 849 1969 Videtur,
865 1928 961 1973 quod
976 1927 1233 1974 praesumptio,
1249 1939 1339 1974 quae
1355 1936 1407 1962 est
1421 1936 1611 1973 peccatum

53 1980 89 2014 in
111 1980 283 2026 Spiritum
306 1981 491 2023 Sanctum,
512 1992 586 2015 non
608 1981 779 2015 innitatur
796 1981 890 2022 Deo,
912 1982 974 2015 sed
996 1981 1161 2027 propriae
1182 1981 1320 2015 virtuti:
1348 1989 1482 2027 quanto
1512 1981 1611 2015 enim

54 2033 174 2067 minor
195 2042 248 2068 est
268 2034 390 2075 virtus,
412 2042 513 2068 tanto
536 2034 651 2080 magis
673 2042 810 2081 peccat,
833 2035 893 2080 qui
920 2035 953 2068 ei
978 2035 1084 2068 nimis
1111 2034 1290 2068 innititur:
1319 2034 1380 2068 sed
1408 2035 1528 2068 minor
1555 2042 1609 2068 est

54 2086 164 2120 virtus
185 2086 357 2129 humana,
380 2099 488 2133 quam
511 2087 654 2129 divina,
678 2099 764 2133 ergo
788 2088 931 2133 gravius
954 2095 1090 2133 peccat,
1117 2087 1178 2133 qui
1200 2088 1397 2133 praesumit
1418 2088 1461 2121 de
1483 2088 1611 2121 virtute

54 2139 224 2181 humana,
244 2151 353 2185 quam
376 2141 436 2186 qui
457 2140 656 2186 praesumit
676 2140 719 2174 de
740 2140 870 2174 virtute
893 2141 1032 2174 divina:
1060 2141 1122 2174 sed
1152 2148 1343 2186 peccatum
1373 2141 1409 2174 in
1438 2141 1611 2186 Spiritum

56 2192 229 2226 Sanctum
252 2201 304 2227 est
326 2194 599 2239 gravissimum3
622 2205 709 2240 ergo
738 2196 996 2240 praesumptio,
1018 2205 1108 2240 quae
1135 2194 1280 2239 ponitur
1308 2194 1445 2240 species
1473 2194 1612 2240 peccati

54 2246 90 2279 in
109 2245 281 2292 Spiritum
305 2246 491 2288 Sanctum,
514 2247 677 2281 inhaeret
697 2247 819 2280 virtuti
840 2247 1022 2281 humanae
1045 2248 1172 2293 magis,
1195 2259 1303 2293 quam
1326 2248 1478 2281 divinae.

125 2308 157 2332 2.
183 2299 419 2334 PRAETEREA.
443 2300 494 2333 Ex
515 2308 664 2346 peccato
691 2300 727 2333 in
751 2300 926 2346 Spiritum
949 2300 1125 2334 Sanctum
1148 2300 1217 2334 alia
1244 2309 1393 2346 peccata
1428 2301 1610 2334 oriuntur:

55 2360 244 2397 peccatum
267 2353 364 2386 enirn
385 2353 422 2386 in
441 2353 615 2398 Spiritum
639 2353 813 2387 Sanctum
837 2353 966 2388 dicitur
987 2353 1135 2395 malitia,
1155 2365 1197 2387 ex
1211 2365 1280 2399 qua
1299 2354 1377 2399 quis
1392 2362 1534 2400 peccat:
1550 2353 1611 2387 sed

54 2405 170 2450 magis
191 2405 356 2439 videntur
378 2406 447 2439 alia
468 2414 617 2452 peccata
639 2406 724 2440 oriri
751 2417 792 2440 ex
814 2407 1118 2452 praesumptione,
1139 2418 1208 2452 qua
1223 2407 1336 2440 horno
1352 2407 1548 2452 praesumit
1569 2406 1611 2440 de

54 2458 183 2504 seipso,
205 2470 314 2504 quam
329 2471 371 2493 ex
389 2459 693 2506 praesumptione,
715 2471 784 2505 qua
805 2460 920 2493 homo
935 2460 1131 2505 praesumit
1149 2459 1191 2493 de
1210 2460 1310 2502 Deo;
1335 2460 1417 2505 quia
1437 2471 1539 2493 amor
1554 2459 1610 2493 sui

55 2519 107 2545 est
126 2511 341 2556 principium
368 2513 551 2557 peccandi,
579 2520 616 2546 ut
641 2520 738 2558 patet
759 2524 822 2558 per
843 2513 995 2558 August.
1023 2522 1073 2555 14.
1097 2513 1139 2546 de
1168 2512 1275 2546 Civit.
1303 2513 1376 2546 Dei
1399 2512 1485 2558 (cap.
1508 2513 1610 2556 ult.)‚·

55 2575 140 2610 ergo
161 2565 311 2606 videtur,
333 2565 429 2611 quod
452 2566 710 2611 praesumptio,
737 2576 828 2611 quae
858 2574 911 2599 est
939 2574 1129 2611 peccatum
1156 2565 1193 2599 in
1224 2565 1396 2610 Spiritum
1425 2565 1610 2606 Sanctum,

54 2618 212 2654 maxime
234 2618 404 2652 innitatur
426 2619 546 2652 virtuti
567 2619 762 2652 humanae.

127 2682 156 2716 3.
178 2671 412 2705 PRAETEREA.
440 2671 637 2706 Peccatum
662 2671 827 2718 provenit
849 2683 889 2705 ex
913 2673 1148 2705 conversione
1176 2671 1379 2705 inordinata
1402 2670 1446 2704 ad
1472 2671 1611 2704 bonurn

56 2723 330 2757 commutabile:
354 2724 415 2757 sed
436 2725 680 2770 praesumptio
696 2733 748 2758 est
767 2725 950 2770 quoddam
966 2733 1175 2770 peccatum;
1199 2736 1284 2769 ergo
1301 2723 1417 2769 magis
1434 2724 1611 2770 contingit

57 2786 99 2810 ex
120 2777 355 2811 conversione
379 2777 421 2810 ad
442 2777 611 2811 virtutem
632 2778 844 2819 humanam,
867 2789 958 2823 quae
981 2785 1033 2811 est
1049 2778 1185 2811 bonum
1207 2776 1478 2819 commutabile,
1501 2788 1610 2823 quarn

59 2839 102 2863 ex
122 2830 359 2864 conversione
382 2830 424 2863 ad
446 2830 613 2864 virtutem
635 2830 806 2872 divinam,
825 2841 915 2876 quae
939 2838 991 2864 est
1011 2831 1148 2864 bonum
1170 2829 1479 2864 incommutabile.
