1859 3122
130 145 241 185 1006
517 156 737 191 QUAESTIO
773 157 887 186 CLIV.
921 158 1164 187 ARTICULUS
1196 159 1285 188 VIII.

125 240 158 272 ἱιι
179 240 291 272 virum
318 250 412 272 snum
434 237 581 283 deliquit,
604 238 640 271 in
663 249 734 283 quo
756 237 843 272 facit
864 247 989 273 contra
1012 240 1264 274 certitudinem
1286 241 1396 286 prolis
1418 243 1513 286 ejus:
1537 243 1628 277 tertio
1648 243 1686 276 in

124 291 283 325 adulterio
293 291 469 336 fornicata
486 296 540 332 est,
563 296 594 325 et
618 303 657 325 ex
678 292 742 325 alio
768 293 844 326 viro
868 293 954 336 filios
974 295 1088 327 statuit
1111 295 1185 335 sibi,
1209 294 1306 339 quod
1328 303 1380 329 est
1402 304 1526 329 contra
1546 295 1683 329 bonum

123 345 288 390 propriae
308 343 435 389 prolis:
459 343 521 378 sed
537 345 689 389 primum
716 352 769 378 est
791 356 988 379 commune
1007 346 1042 379 in
1065 346 1232 381 omnibus
1266 348 1423 393 peccatis
1454 347 1683 382 mortalibus:

122 398 190 432 alia
211 408 297 430 vero
312 397 375 430 dem
390 396 593 442 specialiter
611 398 789 443 pertinent
807 398 850 432 ad
866 397 1133 433 deformitatem
1148 399 1329 441 adulterii,
1344 401 1438 434 unde
1453 401 1685 435 manifestum

123 459 185 491 est,
206 450 301 496 quod
321 449 537 484 adulterium
557 459 610 484 est
631 451 868 485 determinata
886 452 1024 497 species
1051 451 1222 495 luxuriae,
1250 461 1377 499 utpote
1403 454 1599 499 specialem
1626 454 1685 488 de-

122 503 342 537 formitatem
363 503 500 537 habens
529 503 624 537 circa
651 512 751 538 actus
777 516 963 539 venereos.

193 557 253 590 AD
275 567 424 590 PRIMUM
447 567 534 602 ergo
557 557 761 599 dicendum,
785 558 881 603 quod
903 558 933 592 si
950 557 1010 592 ille
1033 559 1094 604 qui
1114 559 1224 593 habet
1245 570 1397 593 uxorem
1430 560 1474 593 ad
1500 559 1610 594 aliam
1632 571 1687 594 ac—

123 610 236 651 cedat,
259 618 450 656 peccatum
473 611 547 655 ejus
570 618 688 656 potest
709 611 956 646 denominari:
978 612 1029 645 val
1055 623 1097 645 ex
1118 619 1216 657 parte
1235 624 1318 655 sua,
1345 621 1380 647 et
1400 613 1451 647 sic
1473 624 1614 658 semper
1633 621 1686 647 est

123 662 352 705 adulterium,
380 663 462 708 quia
485 671 609 697 contra
624 663 732 698 fidem
750 665 975 698 matrimonii
993 665 1082 710 agit:
1097 666 1150 699 val
1164 677 1205 699 ex
1224 674 1323 711 parte
1337 665 1497 700 mulieris
1517 666 1559 699 ad
1575 677 1685 712 quam

123 716 279 758 accedit,
302 724 336 750 et
357 716 407 750 sic
430 717 647 762 quandoque
671 725 724 751 est
745 717 973 759 adulterium,
995 726 1080 763 puta
1108 729 1191 751 cum
1225 720 1441 764 conjugatus
1475 719 1615 753 accedit
1641 719 1685 753 ad

122 780 271 803 uxorem
295 769 456 811 alterius3
476 770 691 816 quandoque
714 778 835 804 autem
857 771 965 804 habet
986 772 1164 805 rationem
1185 772 1308 817 stupri,
1329 771 1388 806 vel
1423 772 1573 817 alicujus
1604 771 1687 806 alte-

121 823 205 864 rius,
227 823 428 856 secundum
447 823 604 857 diversas
629 824 853 858 conditiones
876 823 1081 866 mulierum,
1105 825 1149 858 ad
1171 836 1259 870 quas
1282 825 1438 859 accedit:
1473 826 1610 859 dictum
1632 832 1686 859 est

123 884 243 910 autem
266 887 371 922 supra
393 876 474 921 (art.
497 889 523 911 I.
546 877 614 922 lmj.
631 876 692 922 q),
713 877 811 922 quod
829 877 966 922 species
988 877 1148 912 luxuriae
1171 878 1396 923 accipiuntur
1416 878 1617 912 secundum
1639 878 1687 911 di-

120 941 242 964 versas
263 929 457 962 mulierum
480 929 718 964 conditiones.

192 983 251 1017 AD
274 993 481 1016 SECUNDUM
504 983 710 1025 dicendum,
733 983 829 1029 quod
861 983 1136 1017 matrimonium
1158 983 1361 1030 specialiter
1394 991 1447 1018 est
1479 984 1686 1018 ordinatum

121 1036 164 1070 ad
186 1036 324 1070 bonurn
345 1036 526 1070 humanae
550 1036 672 1081 prolis,
694 1037 786 1070 sicut
807 1037 943 1070 dictum
960 1045 1011 1071 est
1025 1037 1106 1081 (art.
1123 1049 1153 1072 2.
1169 1037 1237 1083 huj.
1254 1037 1316 1083 q..)·
1333 1037 1550 1071 adulterium
1565 1045 1686 1071 autem

121 1089 323 1135 specialiter
334 1089 568 1123 matrimonio
586 1090 834 1131 contrariatur,
848 1090 1063 1136 inquantum
1080 1090 1192 1124 violat
1207 1091 1431 1124 matrimonii
1445 1090 1564 1132 fidem,
1577 1102 1686 1136 quam

121 1143 198 1189 quis
222 1142 368 1188 conjugi
394 1142 515 1184 debet,
539 1150 572 1176 et
594 1143 676 1188 quia
697 1142 758 1177 ille
781 1143 841 1189 qui
863 1151 915 1177 est
937 1143 1119 1177 ardentior
1141 1153 1281 1177 amator
1303 1144 1436 1186 uxoris,
1454 1143 1541 1177 facit
1560 1151 1686 1177 contra

119 1196 257 1230 bonum
280 1195 514 1237 matrimonii,
536 1195 727 1230 inhoneste
750 1207 794 1230 eo
817 1205 931 1238 utens,
953 1196 1036 1230 licet
1058 1197 1166 1230 fidem
1193 1208 1267 1230 non
1293 1197 1425 1239 violet3
1452 1197 1535 1231 ideo
1555 1196 1688 1243 aliqua-

120 1249 199 1283 liter
220 1257 338 1294 potest
359 1248 497 1282 adulter
517 1249 710 1291 nominari,
733 1258 767 1283 et
788 1249 904 1295 magis
930 1249 1002 1291 ille,
1023 1250 1083 1295 qui
1105 1258 1158 1284 est
1179 1250 1361 1284 ardentior
1380 1258 1522 1284 amator
1540 1249 1685 1284 alterius

120 1301 292 1336 mulieris.

192 1356 251 1389 AD
272 1365 443 1389 TERTIUM
459 1355 663 1397 dicendum,
679 1355 775 1401 quod
790 1367 880 1390 uxor
895 1364 947 1389 est
961 1356 996 1389 in
1011 1364 1187 1401 potestate
1198 1356 1276 1398 viri,
1291 1357 1383 1390 sicut
1396 1356 1429 1390 ei
1442 1356 1678 1390 matrimonio

121 1408 307 1454 copulata:
330 1407 451 1454 puella
479 1415 599 1442 autem
627 1416 679 1442 est
704 1409 768 1442 sub
795 1417 972 1454 potestate
994 1409 1113 1455 patris,
1136 1410 1229 1443 sicut
1255 1421 1317 1454 per
1340 1421 1423 1443 eum
1450 1410 1682 1444 matrimonio

119 1461 341 1507 copulandag
365 1469 399 1494 et
416 1461 498 1495 ideo
522 1461 593 1495 alio
614 1461 726 1495 modo
747 1470 873 1495 contra
894 1462 1033 1496 bonum
1055 1462 1278 1495 matrimonii
1298 1470 1351 1496 est
1367 1470 1559 1507 peccatum
1585 1461 1683 1496 adul-

119 1515 210 1556 terii,
233 1514 304 1548 alio
327 1514 440 1548 modo
463 1522 655 1560 peccatum
676 1514 808 1560 stupri,
831 1524 866 1548 et
887 1523 1033 1561 propter
1051 1515 1121 1548 hoc
1144 1523 1326 1560 ponuntur
1345 1516 1507 1549 diversae
1522 1514 1682 1548 luxuriae

120 1568 275 1614 species:
299 1567 342 1601 de
365 1567 442 1601 aliis
466 1576 587 1601 autem
601 1567 644 1601 ad
664 1567 880 1602 adulterium
895 1569 1152 1613 pertinentibus
1172 1569 1309 1603 dicetur
1323 1569 1359 1603 in
1378 1581 1406 1615 3.
1421 1577 1522 1615 parte
1536 1569 1684 1614 (sednon

119 1622 277 1662 absol-uit,-
300 1621 369 1655 vid.
392 1633 423 1665 4.
452 1621 540 1656 Dz'st.
563 1622 629 1666 41.)
655 1632 738 1655 cum
761 1622 804 1656 de
826 1622 1061 1656 matrimonio
1081 1623 1298 1657 tractabitur.

675 1763 1020 1808 ARTICULUS
1057 1765 1133 1807 ix.
1616 1786 1685 1821 750

254 1871 408 1901 UTRUM
436 1872 646 1901 INCESTUS
676 1872 743 1901 SIT
771 1873 1086 1902 DETERMINATA
1113 1873 1283 1903 SPECIES
1312 1873 1544 1903 LUXURIAE.

170 1960 283 2006 (Supr.
307 1965 371 1994 art.
401 1973 427 1994 Ι.
448 1967 538 2006 corp.
565 1966 595 1995 et
619 1972 651 2004 4.
679 1961 768 1995 Dist.
788 1973 838 2005 41.
859 1966 922 1995 art.
949 1972 982 2005 4.
1006 1973 1035 2006 q.
1059 1974 1085 1995 Ι.
1107 1967 1137 1995 et
1157 1973 1188 1996 2.
1211 1966 1240 1996 et
1266 1961 1350 1995 Mal.
1373 1973 1402 2007 q.
1425 1973 1468 2006 15.
1491 1966 1554 1995 art.
1579 1962 1636 2007 3.).

190 2050 250 2084 AD
277 2061 419 2084 NONL'M
445 2050 496 2084 sic
519 2049 734 2096 proceditur.
756 2049 918 2091 Videtur,
942 2049 1038 2095 quod
1061 2050 1217 2083 incestus
1238 2059 1311 2082 non
1339 2049 1384 2082 sit
1409 2048 1546 2095 species
1573 2048 1684 2083 deter-

119 2103 257 2136 minata
278 2103 456 2136 luxuri-ae:
479 2103 636 2136 incestus
651 2103 748 2136 enim
762 2103 890 2137 dicitur
905 2114 967 2148 per
981 2102 1222 2148 privationem
1237 2102 1427 2137 castitatis:
1447 2102 1509 2136 sed
1529 2102 1683 2136 castitati

120 2156 369 2190 universaliter
392 2157 586 2201 opponitur
608 2156 765 2197 luxuria3
789 2167 875 2201 ergo
898 2156 1048 2198 videtur,
1071 2156 1168 2201 quod
1189 2156 1346 2190 incestus
1374 2167 1449 2190 non
1475 2156 1520 2190 sit
1544 2156 1683 2202 species

119 2209 292 2251 luxuriae,
320 2209 381 2243 sed
405 2210 450 2243 sit
470 2209 722 2243 universaliter
743 2210 819 2254 ipsa
845 2209 996 2243 luxuria.

192 2272 222 2296 2.
246 2263 482 2296 PRAETEREA.
505 2262 545 2296 In
567 2263 732 2296 Decretis
754 2262 883 2295 dicitur
908 2260 958 2307 36.
983 2274 1015 2308 q.
1037 2272 1065 2295 1.
1081 2262 1132 2306 (ιίι
1154 2261 1289 2308 append.
1313 2262 1411 2297 Grat.
1432 2261 1474 2296 ad
1500 2268 1593 2308 cap..·
1613 2262 1684 2296 Lex

119 2315 208 2360 illa),
233 2316 330 2362 quod
352 2316 509 2350 incestus
525 2323 578 2350 est
605 2315 970 2361 consanguinearum,
996 2314 1055 2349 vel
1081 2314 1242 2349 affinium
1269 2315 1416 2349 abusus:
1445 2315 1507 2349 sed
1529 2314 1682 2350 affinitas

120 2368 237 2403 differt
266 2380 285 2402 a
317 2368 651 2414 consanguinitate3
683 2379 769 2414 ergo
799 2369 956 2402 incestus
983 2379 1057 2402 non
1084 2376 1137 2402 est
1165 2380 1234 2401 una
1262 2369 1400 2414 species
1422 2367 1593 2410 luxuriae,
1620 2368 1682 2402 sed

119 2422 248 2468 plures.

192 2487 221 2520 3.
242 2476 477 2510 PRAETEREA.
494 2475 597 2517 Illud,
614 2474 710 2520 quod
730 2475 772 2508 de
794 2486 834 2508 se
852 2486 926 2508 non
942 2475 1112 2520 importat
1133 2475 1292 2520 aliquam
1314 2474 1593 2516 deformitatem,
1607 2484 1682 2508 non

122 2529 307 2563 constituit
329 2528 488 2574 aliquam
507 2528 782 2562 determinatam
805 2528 963 2572 speciem
989 2528 1084 2561 vitii:
1113 2528 1173 2561 sed
1198 2528 1370 2561 accedere
1399 2528 1442 2561 ad
1469 2526 1683 2573 consangui-

119 2594 217 2624 neas,
239 2582 297 2616 vel
320 2581 455 2624 affines,
477 2593 552 2616 non
575 2590 629 2616 est
649 2581 848 2615 secundum
875 2592 912 2614 se
936 2580 1115 2623 deforme3
1138 2581 1225 2615 alias
1251 2581 1351 2614 nullo
1377 2589 1542 2627 tempore
1567 2580 1684 2615 licuis-

120 2644 191 2677 set,
214 2647 301 2681 ergo
324 2636 480 2669 incestus
499 2646 574 2669 non
597 2644 650 2669 est
671 2634 908 2668 determinata
929 2634 1067 2679 species
1088 2634 1261 2668 luxuriae.

192 2688 266 2722 SED
290 2699 444 2722 CONTRA
465 2696 528 2729 est,
551 2687 647 2734 quod
669 2687 806 2734 species
825 2686 984 2720 luxuriae
1004 2687 1269 2731 distinguuntur
1290 2688 1489 2721 secundum
1509 2670 1683 2721 conditio-

120 2754 182 2776 nes
205 2741 410 2784 mulierum,
433 2742 560 2787 quibus
583 2741 692 2787 aliqui
715 2741 922 2774 abutuntur:
946 2740 1007 2773 scd
1036 2740 1071 2773 in
1099 2741 1236 2774 incestu
1267 2740 1483 2786 importatur
1516 2738 1682 2786 specialis

121 2795 280 2829 conditio
297 2795 508 2836 mulierum3
532 2795 615 2840 quia
633 2802 686 2828 est
701 2794 831 2828 abusus
847 2794 1212 2838 consanguinearum,
1230 2793 1288 2827 vel
1303 2792 1474 2835 affinium,
1490 2801 1528 2827 ut
1545 2793 1681 2826 dictum

121 2855 175 2882 cst
196 2848 248 2892 (in
264 2860 334 2893 arg.
350 2859 380 2882 2.
400 2853 427 2882 et
445 2853 510 2882 art.
528 2860 556 2882 Ι.
572 2848 640 2893 lmj.
657 2848 726 2892 q.),·
743 2858 829 2892 ergo
844 2847 1001 2880 incestus
1024 2853 1075 2879 est
1094 2846 1331 2880 determinata
1353 2847 1490 2892 species
1509 2845 1679 2879 luxuriae.
