1859 3122
165 169 249 212 450
620 166 838 201 QUAESTIO
872 166 957 195 LXI.
991 165 1234 196 ARTICULUS
1267 165 1294 195 1.
1347 159 1349 161 ¹

164 251 322 298 justitiae
359 249 508 295 species,
531 248 627 294 quod
649 247 868 282 multitudini
889 255 1015 291 nocet;
1039 258 1122 281 cum
1143 247 1277 293 justitia
1303 246 1347 281 ad
1367 246 1506 281 bonum
1528 258 1723 282 commune

166 305 365 339 ordinetur:
389 302 451 336 sed
474 302 682 336 distribuere
704 301 799 335 bona
822 300 1033 335 communia
1064 300 1100 333 in
1121 299 1267 342 multos,
1289 308 1398 334 nocet
1417 300 1514 334 bono
1537 302 1724 335 communi

165 357 418 392 multitudinis:
441 364 519 390 tum
541 355 623 401 quia
642 355 899 389 exhauriuntur
919 365 1004 399 opes
1028 364 1260 388 communes:
1282 361 1360 388 tum
1380 354 1486 387 etiam
1501 353 1584 399 quia
1605 365 1724 388 mores

164 411 357 445 hominum
377 417 671 455 corrumpuntur:
694 408 779 442 dicit
801 408 895 441 enim
920 407 1063 441 Tullius
1078 407 1114 440 in
1128 407 1186 440 lib.
1209 417 1240 440 2.
1260 407 1303 440 de
1320 406 1426 441 Offic.
1444 408 1494 450 (in
1513 408 1576 442 tit.:
1591 408 1724 454 Duplex

164 464 371 499 liberalitatis
391 474 499 509 genus,
522 464 596 507 etc.)
614 475 624 496 .·
657 474 674 493 «
696 461 750 495 Fit
783 461 939 495 deterior
966 461 1026 507 qui
1059 460 1200 506 accipit,
1223 468 1257 494 et
1279 460 1322 494 ad
1344 460 1440 494 idem
1461 471 1603 506 semper
1624 472 1725 506 expe-

165 518 334 552 ctandum
357 516 514 562 paratior
539 528 572 558 »3
600 526 686 561 ergo
709 514 909 549 distributio
936 525 1010 548 non
1036 514 1189 559 pertinet
1217 513 1260 547 ad
1283 512 1441 559 aliquam
1467 513 1622 560 justitiae
1649 525 1725 560 spe-

165 583 269 606 ciem.

236 635 267 659 2.
295 624 531 658 PRAETEREA.
554 622 716 668 Justitiae
739 629 838 656 actus
870 629 922 655 est
955 620 1104 655 reddere
1127 619 1321 666 unicuique
1347 619 1443 665 quod
1465 631 1571 654 suum
1593 628 1656 662 est,
1687 627 1725 654 ut

165 689 271 724 supra
303 677 466 711 habiturn
493 684 546 710 est
569 676 612 721 (q.
636 677 687 721 58.
710 680 773 709 art.
801 676 888 720 II.):
916 675 977 708 sed
999 674 1035 708 in
1058 673 1305 708 distributione
1331 684 1406 706 non
1438 672 1595 707 redditur
1617 673 1724 707 alicui

165 731 261 777 quod
276 741 381 764 suum
405 737 490 771 erat,
512 729 572 763 sed
600 729 642 762 de
664 740 761 762 novo
781 728 1029 774 appropriatur
1047 727 1114 761 sibi
1134 727 1169 761 id
1188 727 1284 773 quod
1303 734 1378 760 erat
1396 737 1613 770 commune3
1636 738 1723 773 ergo

164 785 236 819 hoc
259 784 302 817 ad
324 783 495 828 justitiam
509 794 582 816 non
605 782 768 828 pertinet.

239 849 266 883 3.
290 837 524 871 PRAETEREA.
543 836 683 881 Justitia
709 846 783 869 non
805 834 922 869 solum
939 842 991 868 est
1005 834 1040 867 in
1062 833 1305 880 principe,sed
1327 832 1435 867 etiam
1460 832 1497 866 in
1518 833 1724 876 subditis,ut

164 902 272 936 supra
292 890 456 924 habitum
480 897 532 923 est
554 889 601 934 (q.
621 889 673 934 58.
695 894 758 923 art.
786 888 833 934 6.)
848 901 858 922 .·
881 888 942 922 sed
965 887 1175 921 distribuere
1196 897 1340 932 semper
1366 886 1409 920 ad
1430 886 1630 933 principem
1649 898 1724 933 per-

164 946 272 986 tinet;
295 954 381 989 ergo
405 942 627 977 distributiva
652 953 726 975 non
753 941 904 988 pertinet
930 952 1072 986 semper
1094 940 1136 974 ad
1162 939 1347 986 justitiam.

236 1007 267 1040 4.
291 997 525 1031 PRAETEREA.
553 996 811 1029 Distrilmtivzmz
829 997 956 1040 justum
977 999 1021 1028 est
1043 995 1204 1028 bonorum
1223 994 1460 1035 communium,
1480 1000 1518 1027 ut
1539 992 1667 1027 dicitur
1686 993 1723 1027 in

164 1062 196 1094 4.
216 1050 332 1085 Ethic.
355 1052 442 1096 (cap.
457 1061 487 1084 2.
512 1051 570 1083 cir.
584 1049 648 1094 fin.
666 1054 693 1083 ct
715 1055 785 1094 cap.
804 1048 872 1094 3.):
899 1047 960 1081 sed
985 1047 1192 1081 communia
1215 1047 1393 1093 pertinent
1411 1046 1453 1080 ad
1480 1046 1653 1091 justitiam
1673 1046 1723 1081 le-

163 1104 302 1150 galem3
323 1115 409 1148 ergo
439 1103 571 1147 justitia
593 1102 815 1136 distributiva
848 1111 922 1134 non
951 1109 1002 1134 est
1037 1100 1173 1146 species
1202 1100 1359 1146 justitiae
1392 1099 1628 1145 particularis,
1660 1100 1723 1134 sed

163 1158 317 1203 justitiae
340 1156 476 1201 legalis.

241 1222 268 1256 5.
292 1211 515 1245 PRAETEREA
557 1210 678 1251 Unum,
703 1217 737 1243 et
771 1208 873 1242 multa
906 1219 979 1241 non
1013 1206 1255 1240 diversificant
1286 1206 1444 1251 speciem
1473 1206 1633 1242 virtutis:
1660 1206 1722 1241 sed

163 1265 297 1311 justitia
319 1263 579 1297 commutativa
601 1262 763 1296 consistit
785 1263 819 1295 in
841 1261 924 1302 hoc,
939 1260 1034 1306 quod
1051 1260 1183 1305 aliquid
1206 1259 1363 1293 redditur
1385 1260 1463 1302 uni;
1486 1259 1621 1304 justitia
1634 1271 1720 1294 vero

165 1319 386 1352 distributiva
416 1318 452 1350 in
474 1317 557 1358 hoc,
577 1316 672 1362 quod
695 1315 828 1361 aliquid
856 1315 957 1348 datur
984 1313 1120 1355 multis,
1143 1324 1229 1359 ergo
1256 1324 1330 1346 non
1357 1321 1438 1346 sunt
1460 1312 1620 1347 diversae
1648 1324 1722 1359 spe-

167 1372 238 1406 cies
261 1371 426 1417 justitiae.

239 1425 312 1459 SED
329 1434 483 1458 CONTRA
495 1431 557 1464 est,
569 1422 664 1468 quod
675 1421 810 1456 Philos.
825 1421 860 1454 in
880 1432 907 1466 3.
919 1420 1034 1454 Ethic.
1049 1420 1133 1466 (cap.
1145 1421 1192 1465 2.)
1209 1419 1310 1464 ponit
1321 1419 1408 1453 duas
1422 1426 1538 1465 partes
1552 1419 1719 1464 justitiae3

166 1486 199 1512 et
222 1478 317 1519 dicit,
340 1478 435 1523 quod
458 1488 527 1510 una
551 1484 602 1510 est
624 1476 794 1509 directiva
816 1475 852 1508 in
875 1473 1192 1514 distributionibus,
1212 1472 1280 1506 alia
1298 1473 1335 1505 in
1358 1472 1714 1507 commutationibus.

236 1531 464 1565 Rrspoxnro
487 1530 691 1570 dicendum,
715 1529 822 1574 quod,
841 1528 933 1562 sicut
954 1528 1089 1560 dictum
1112 1535 1164 1560 est
1189 1526 1232 1572 (q.
1248 1527 1299 1572 58.
1318 1531 1381 1560 art.
1405 1537 1447 1572 7.·
1461 1532 1492 1561 et
1508 1526 1570 1571 8.),
1589 1527 1722 1572 justitia

166 1584 387 1631 particularis
416 1583 599 1617 ordinatur
626 1583 668 1616 ad
691 1582 849 1628 aliquam
871 1581 1046 1627 privatam
1069 1591 1280 1626 personam3
1308 1590 1399 1625 quae
1422 1587 1652 1625 comparatur
1678 1580 1721 1614 ad

166 1638 479 1678 communitatem,
494 1637 585 1670 sicut
602 1647 682 1682 pars
699 1636 740 1669 ad
756 1643 892 1669 totum:
916 1641 1033 1680 potest
1055 1641 1176 1667 autem
1199 1633 1241 1666 ad
1265 1632 1422 1678 aliquam
1444 1641 1583 1678 partem
1602 1632 1721 1679 duplex

166 1693 255 1726 ordo
279 1691 431 1725 attendi:
452 1702 535 1724 unus
556 1690 701 1736 quidem
724 1689 832 1735 partis
855 1689 897 1721 ad
920 1695 1078 1733 partem3
1101 1687 1158 1720 cui
1180 1686 1306 1720 similis
1334 1693 1387 1720 est
1413 1686 1502 1720 ordo
1524 1687 1628 1720 unius
1655 1687 1721 1732 pri-

164 1753 268 1780 vatae
302 1754 477 1791 personae
511 1743 554 1776 ad
589 1743 715 1784 aliam3
749 1749 783 1775 et
814 1741 910 1775 hunc
940 1740 1104 1774 ordinem
1138 1739 1257 1785 dirigit
1291 1740 1551 1773 commutativa
1576 1739 1721 1785 justitia,

165 1810 257 1845 quae
280 1798 442 1832 consistit
456 1797 491 1830 in
506 1797 573 1835 his,
588 1807 679 1842 quae
701 1803 826 1829 mutuo
849 1794 938 1828 fiunt
958 1794 1050 1827 inter
1071 1793 1158 1827 duas
1181 1803 1352 1838 personas
1375 1792 1418 1826 ad
1440 1792 1615 1835 invicem;
1638 1793 1722 1827 alius

165 1853 254 1886 ordo
277 1851 468 1885 attenditur
489 1850 598 1884 totius
621 1850 663 1882 ad
685 1857 818 1895 partes:
842 1856 876 1882 et
897 1847 980 1881 huic
1003 1846 1120 1880 ordini
1155 1845 1371 1880 assimilatur
1397 1846 1486 1880 ordo
1514 1847 1601 1892 ejus,
1623 1846 1720 1892 quod

165 1915 217 1940 est
238 1915 434 1939 commune
461 1904 504 1937 ad
531 1902 689 1949 singulas
716 1913 906 1948 personas:
930 1912 1037 1946 quem
1065 1899 1209 1946 quidem
1244 1899 1408 1932 ordinem
1442 1899 1562 1945 dirigit
1587 1899 1720 1945 justitia

165 1959 397 1999 distributiva,
417 1968 507 2003 quae
527 1965 579 1990 est
593 1956 816 1990 distributiva
835 1953 1086 1989 communium
1105 1952 1306 1987 secundum
1323 1952 1717 1998 proportionalitatem3

165 2021 199 2047 et
219 2013 300 2046 ideo
324 2012 413 2045 duae
435 2018 516 2044 sunt
536 2010 690 2056 justitiae
713 2009 869 2055 species3
891 2007 1046 2042 scilicet:
1070 2005 1303 2045 distributiva,
1325 2013 1359 2039 et
1381 2005 1652 2039 commutativa.

235 2066 295 2100 AD
316 2075 465 2099 PRIMUM
480 2075 565 2109 ergo
585 2063 789 2103 dicendum,
808 2061 903 2108 quod
922 2061 1013 2094 sicut
1034 2060 1069 2093 in
1091 2058 1339 2103 largitionibus
1361 2059 1581 2104 privatarum
1603 2069 1724 2105 perso-

164 2130 292 2153 narum
314 2117 590 2152 commendatur
611 2116 825 2156 moderatio,
848 2113 974 2148 effusio
994 2123 1080 2147 vero
1101 2112 1282 2156 culpatur:
1304 2112 1352 2146 ita
1375 2112 1484 2145 etiarn
1502 2113 1538 2146 in
1561 2112 1720 2146 distribu-

165 2174 263 2207 tione
287 2171 538 2205 communium
566 2170 745 2203 bonorum
772 2176 824 2202 est
856 2166 1058 2201 moderatio
1081 2165 1265 2206 servanda,
1293 2166 1328 2199 in
1351 2176 1422 2210 quo
1450 2165 1567 2211 dirigit
1587 2165 1720 2211 justitia

166 2225 397 2261 distributiva.

239 2280 297 2313 AD
321 2287 526 2313 SECUNDUM
554 2275 757 2317 dicendum,
785 2274 880 2320 quod
907 2274 998 2308 sicut
1031 2283 1123 2318 pars,
1146 2280 1180 2306 et
1201 2279 1316 2305 totum
1340 2271 1612 2317 quodammodo
1639 2279 1721 2306 sunt

166 2334 281 2368 idem:
304 2333 352 2366 ita
373 2332 408 2365 id
430 2330 525 2376 quod
549 2338 601 2364 est
626 2329 747 2369 totius,
769 2326 1042 2374 quodammodo
1070 2333 1122 2359 est
1143 2325 1270 2371 partis:
1299 2333 1333 2358 et
1358 2325 1406 2358 ita
1437 2336 1520 2358 cum
1546 2336 1588 2359 ex
1613 2325 1717 2359 bonis

166 2386 420 2421 communibus
436 2383 567 2430 aliquid
583 2383 618 2416 in
634 2381 794 2427 singulos
811 2380 1038 2420 distribuitur,
1054 2378 1200 2424 quilibet
1219 2378 1339 2424 aliquo
1359 2378 1469 2412 modo
1485 2378 1610 2424 recipit
1623 2378 1718 2425 quod

165 2452 270 2475 suum
294 2447 356 2473 est.

234 2494 294 2527 AD
317 2502 486 2526 TERTHJM
513 2490 717 2529 dicendum,
740 2488 835 2534 quod
858 2494 957 2520 actus
992 2485 1259 2526 distributionis,
1290 2485 1350 2530 qui
1383 2492 1435 2518 est
1468 2485 1718 2519 communium

164 2548 356 2586 bonorum,
383 2545 535 2591 pertinet
561 2543 678 2577 solum
715 2542 757 2574 ad
792 2540 1055 2586 praesidentem
1079 2538 1331 2572 communibus
1358 2537 1480 2572 bonis:
1502 2538 1562 2571 sed
1596 2546 1718 2572 tamen

164 2600 295 2645 justitia
319 2598 538 2632 distributiva
562 2604 614 2630 est
636 2596 745 2630 etiam
767 2594 802 2627 in
825 2593 983 2634 subditis,
1006 2592 1132 2638 quibus
1159 2591 1388 2632 distribuitur,
1414 2591 1627 2636 inquantum
1654 2591 1719 2625 sci-

164 2654 250 2687 licet
271 2660 353 2686 sunt
374 2651 534 2685 contenti
556 2651 645 2695 justa
669 2647 932 2681 distributione:
956 2645 1121 2691 quamvis
1145 2645 1253 2679 etiam
1280 2644 1479 2678 distributio
1502 2644 1717 2690 quandoque

167 2707 225 2740 liat
246 2707 427 2740 bonorum
450 2703 712 2742 communium,
739 2712 812 2734 non
840 2699 984 2745 quidem
1013 2698 1157 2739 civitati,
1185 2699 1245 2732 sed
1274 2698 1334 2731 uni
1361 2696 1535 2740 familiae3
1562 2709 1715 2743 quorum

166 2759 365 2794 distributio
388 2757 461 2791 fieri
485 2764 602 2803 potest
623 2756 833 2790 auctoritate
856 2752 1004 2797 alicujus
1026 2752 1182 2797 privatae
1205 2761 1390 2797 personae.

236 2814 295 2847 AD
318 2822 504 2851 QUARTUM
528 2810 731 2850 dicendum,
750 2808 845 2854 quod
868 2814 987 2839 motus
1009 2805 1138 2850 accipit
1159 2805 1316 2851 speciem
1339 2815 1358 2837 a
1375 2803 1528 2838 termino
1547 2803 1589 2837 ad
1606 2815 1713 2849 quem:

168 2876 202 2902 ct
223 2867 305 2901 ideo
329 2867 371 2901 ad
393 2865 563 2911 justitiam
586 2863 740 2910 legalem
763 2860 915 2908 pertinet
936 2859 1100 2894 ordinare
1123 2869 1175 2900 ca,
1191 2869 1281 2904 quae
1304 2865 1384 2892 sunt
1406 2857 1623 2903 privatarum
1641 2868 1716 2904 per-
