1859 3122
214 122 296 165 902
591 122 811 156 QUAESTIO
846 122 1022 152 CXXXVI.
1055 124 1299 153 ARTICULUS
1333 125 1390 155 IV.

213 202 263 237 eis
284 204 463 243 tristetur;
487 209 521 236 et
541 201 623 235 ideo
645 201 818 237 fortitudo
834 211 887 237 est
899 203 1042 249 proprie
1056 204 1093 237 in
1109 204 1290 247 irascibili,
1304 206 1475 252 patientia
1493 215 1614 242 autern
1633 208 1670 242 in
1689 219 1774 244 con-

213 255 425 301 cupiscibili.
447 254 524 288 Nec
546 254 617 288 hoc
640 255 802 301 impedit,
825 256 910 302 quin
931 257 1103 302 patientia
1124 257 1169 291 sit
1188 270 1270 304 pars
1290 258 1524 303 fortitudinis;
1545 261 1629 307 quia
1651 262 1774 307 adjun-

212 308 284 342 ctio
306 308 445 342 virtutis
468 308 511 341 ad
532 308 702 342 virtutem
724 320 798 343 non
821 310 1015 343 attenditur
1030 311 1229 345 secundum
1250 312 1463 357 subjectum,
1485 314 1546 347 sed
1573 314 1772 348 secundum

212 361 414 403 materiam,
428 361 486 395 vel
499 360 675 396 formam:
690 374 757 396 nec
771 371 893 397 tamen
906 363 1078 409 patientia
1092 365 1237 410 ponitur
1254 377 1336 411 pars
1353 368 1625 413 temperantiae,
1648 380 1773 415 quam-

211 414 266 447 vis
287 421 438 459 utraque
460 414 505 448 sit
524 414 560 448 in
584 415 876 461 concupiscibili:
899 416 982 462 quia
1003 419 1244 463 temperantia
1267 426 1319 453 est
1339 419 1461 453 solum
1483 421 1577 454 circa
1601 421 1773 465 tristitias,

212 478 303 512 quae
327 475 558 513 opponuntur
579 467 877 503 delectationibus
899 477 1037 512 tactus;
1059 479 1144 516 puta
1166 483 1257 517 quae
1279 480 1362 506 sunt
1382 483 1424 506 ex
1446 473 1658 508 abstinentia
1679 475 1775 510 cibo-

211 531 303 561 rum,
324 520 382 553 vel
403 531 659 554 venereorum:
679 521 740 555 sed
760 522 931 568 patientia
949 524 1142 570 praecipue
1158 533 1210 559 est
1232 525 1327 559 circa
1342 526 1512 568 tristitias,
1527 539 1618 573 quae
1634 528 1676 562 ab
1696 528 1773 563 aliis

211 572 426 608 inferuntur:
447 582 481 608 et
498 574 629 608 iterum
645 575 688 608 ad
702 576 982 621 temperantiam
997 578 1150 622 pertinet
1162 577 1364 612 refraenare
1378 579 1588 624 hujusmodi
1600 581 1773 624 tristitias,

212 627 304 661 sicut
331 635 365 660 et
391 626 647 662 delectationes
676 629 892 663 contrarias:
922 629 965 663 ad
993 630 1202 676 patientiam
1229 639 1350 665 autem
1375 633 1540 678 pertinet,
1566 641 1605 668 ut
1628 642 1774 680 propter

212 681 422 726 hujusmodi
442 681 612 724 tristitias,
635 690 948 728 quantaecumque
970 683 1050 726 sint,
1072 684 1186 718 homo
1208 696 1282 719 non
1304 686 1448 719 recedat
1468 698 1488 720 a
1507 686 1605 721 bono
1622 687 1772 722 virtutis.

283 735 342 768 AD
363 744 533 768 TERTIUM
549 734 754 777 dicendum,
777 736 873 781 quod
887 736 1059 781 patientia
1075 745 1193 783 potest
1207 746 1381 783 quantum
1405 738 1449 772 ad
1471 738 1604 786 aliquid
1618 740 1673 774 sui
1686 741 1774 787 poni

213 799 293 833 pars
315 786 498 833 integralis
521 786 758 822 fortitudinis:
783 788 825 822 de
848 800 918 834 qua
939 798 1038 834 parte
1062 790 1218 835 objectio
1241 791 1413 836 procedit,
1432 801 1539 838 prout
1555 793 1694 827 scilicet
1715 793 1775 828 ali-

214 841 292 886 quis
310 841 486 885 patienter
503 841 654 875 sustinet
673 841 781 883 mala,
801 853 892 887 quae
911 843 1091 888 pertinent
1106 844 1149 878 ad
1163 844 1322 890 pericula
1337 845 1481 879 mortis:
1497 857 1563 880 nec
1579 853 1631 880 est
1648 854 1773 881 contra

213 894 393 928 rationem
414 894 618 940 patientiae,
646 895 743 940 quod
774 895 912 941 aliquis,
943 897 1086 942 quando
1118 908 1207 943 opus
1236 896 1352 939 fuerit,
1381 898 1515 932 insiliat
1541 899 1578 932 in
1608 910 1692 933 eum
1713 900 1774 946 qui

213 947 309 981 mala
330 946 433 981 facit:
457 947 550 993 quia,
573 955 611 982 ut
633 947 762 993 Chrys.
785 948 871 982 dicit
891 960 998 995 super
1023 949 1112 984 illud
1132 950 1260 984 Matth.
1281 961 1335 993 4:
1369 951 1455 985 Vade
1475 952 1600 986 Satana
1623 952 1724 997 (hom.
1743 964 1771 999 5.

213 1002 248 1034 in
266 1007 315 1046 op.
335 1001 447 1046 imp),
473 1013 491 1032 «
509 1001 546 1034 in
565 1001 702 1046 injuriis
722 1002 873 1047 propriis
895 1002 1091 1048 patientem
1114 1014 1190 1037 esse
1211 1003 1391 1038 laudabile
1406 1013 1478 1047 est;
1492 1005 1638 1051 injurias
1652 1014 1772 1040 autem

212 1053 281 1087 Dei
304 1053 479 1099 patienter
500 1055 685 1096 sustinere,
707 1055 814 1088 nimis
837 1063 890 1089 est
910 1056 1095 1101 impium»
1113 1069 1121 1098 3
1145 1064 1179 1090 et
1199 1056 1424 1102 Augustinus
1446 1057 1531 1092 dicit
1555 1058 1592 1092 in
1615 1059 1773 1105 quadam

213 1107 364 1152 epistola
387 1107 469 1153 (138.
492 1108 532 1141 ol.
547 1107 596 1153 5.)
619 1108 662 1141 ad
684 1107 948 1150 Marcellinum,
972 1109 1068 1154 quod
1090 1118 1313 1156 «praecepta
1331 1111 1524 1156 patientiae
1542 1123 1616 1146 non
1637 1120 1774 1146 contra-

212 1161 348 1193 riantur
367 1160 465 1194 bono
488 1160 717 1207 reipublicae,
740 1173 803 1207 pro
826 1173 897 1207 quo
921 1163 1170 1196 conservando
1199 1172 1324 1197 contra
1350 1164 1518 1198 inimicos
1539 1173 1719 1211 pugnatur
1731 1177 1771 1199 »z

212 1214 412 1247 secundum
431 1225 518 1248 vero
542 1214 639 1260 quod
660 1215 831 1260 patientia
853 1226 890 1248 se
911 1215 1020 1249 habet
1041 1216 1137 1249 circa
1158 1227 1407 1262 quaecumque
1429 1217 1499 1251 alia
1520 1218 1628 1260 mala,
1652 1219 1774 1264 adjun-

212 1266 317 1315 gitur-
327 1266 536 1309 fortitudini,
559 1275 597 1301 ut
617 1267 728 1301 virtus
749 1268 961 1302 secundaria
983 1268 1184 1314 principali.

783 1409 1128 1454 ARTICULUS
1154 1411 1208 1452 V.
1705 1423 1772 1468 672

391 1516 543 1546 UTRUM
575 1517 812 1547 PATIENTIA
845 1517 912 1546 SIT
946 1518 1055 1547 IDEM
1089 1518 1213 1553 QUOD
1248 1518 1594 1549 LONGANIMITAS.

274 1604 386 1651 (Schr.
409 1617 439 1651 q.
461 1616 529 1650 117.
551 1610 615 1639 art.
634 1617 663 1651 5.
686 1605 728 1638 αᾶ
746 1617 773 1651 3.
796 1609 824 1639 et
841 1616 902 1639 1-2.
926 1617 955 1650 q.
979 1616 1032 1651 70.
1055 1610 1118 1639 art.
1137 1617 1165 1651 3.
1188 1611 1275 1651 corp.
1298 1611 1327 1640 et
1347 1617 1378 1640 2.
1402 1605 1481 1639 Cor.
1501 1605 1533 1640 6.
1556 1606 1625 1640 lect.
1646 1606 1707 1650 2.).

285 1691 343 1725 AD
367 1702 546 1730 QUINTUM
568 1692 618 1726 sic
641 1693 856 1738 proceditur.
883 1691 1045 1734 Videtur,
1073 1693 1169 1738 quod
1195 1692 1366 1738 patientia
1392 1693 1435 1726 sit
1460 1692 1558 1727 idem
1579 1692 1675 1738 quod
1697 1691 1775 1726 lon-

213 1745 424 1790 ganimitas:
447 1745 532 1779 dicit
553 1745 650 1779 enim
671 1745 824 1791 August.
836 1745 872 1778 in
886 1745 946 1779 lib.
962 1745 1005 1779 de
1018 1745 1171 1779 Patient.
1187 1745 1344 1792 (capa),
1361 1746 1458 1791 quod
1482 1759 1500 1778 «
1514 1745 1685 1792 patientia
1702 1745 1773 1780 Dei

212 1809 286 1832 non
308 1798 533 1844 praedicatur
553 1798 589 1832 in
610 1799 694 1840 hoc,
717 1798 812 1844 quod
836 1798 981 1844 aliquod
1003 1798 1141 1832 malum
1167 1799 1332 1844 patiatur,
1354 1799 1416 1833 sed
1438 1799 1475 1832 in
1496 1799 1567 1832 hoc
1590 1799 1688 1844 quod
1719 1809 1773 1832 ex-

212 1859 332 1897 pectat
353 1851 482 1893 malos,
503 1860 541 1885 ut
563 1860 819 1886 convertantur
832 1863 871 1885 »1
894 1851 988 1885 unde
1010 1851 1120 1885 Eccli.
1144 1863 1172 1896 ς.
1191 1852 1341 1886 dicitur:
1361 1852 1686 1898 Altissimuspatiens
1699 1851 1772 1886 red-

213 1905 300 1939 ditor
321 1911 384 1945 asu·
408 1916 494 1951 ergo
516 1905 668 1947 videtur,
690 1905 787 1951 quod
809 1905 979 1951 patientia
1000 1905 1045 1939 sit
1065 1905 1161 1938 idem
1184 1905 1280 1951 quod
1307 1904 1578 1950 longanimitas.

285 1968 315 1991 2.
338 1958 573 1993 PRAETEREA.
596 1959 695 1992 Idem
717 1969 790 1992 non
813 1967 866 1992 est
887 1959 1092 2004 oppositum
1117 1958 1273 1992 duobus:
1297 1958 1358 1992 sed
1377 1958 1600 2004 impatientia
1622 1957 1774 2004 opponi-

212 2020 269 2045 tur
290 2011 568 2057 longanimitati,
590 2023 652 2057 per
674 2024 783 2058 quam
818 2011 945 2058 aliquis
978 2023 1121 2045 moram
1156 2019 1337 2058 expectat:
1365 2012 1493 2046 dicitur
1519 2012 1617 2046 enim
1645 2011 1772 2058 aliquis

212 2065 404 2110 impatiens
427 2076 562 2107 morae,
590 2065 682 2099 sicut
708 2065 862 2099 aliorum
890 2064 1090 2107 malorum3
1118 2076 1204 2111 ergo
1229 2065 1381 2107 videtur,
1408 2065 1505 2111 quod
1531 2065 1702 2111 patientia
1729 2066 1773 2100 sit

212 2118 309 2152 idem
333 2118 613 2163 longanimitati.

288 2183 317 2217 3.
336 2171 571 2206 PRAETEREA.
595 2171 696 2205 Sicut
715 2179 857 2218 tempus
885 2180 937 2206 est
963 2172 1140 2218 quaedam
1168 2172 1437 2206 circumstantia
1458 2171 1650 2215 malorum,
1673 2182 1765 2218 quae

215 2225 444 2266 sustinentur,
466 2224 515 2258 ita
537 2224 644 2258 etiam
667 2224 788 2258 locus:
811 2225 873 2259 sed
887 2236 929 2259 ex
950 2233 1049 2270 parte
1063 2225 1135 2259 loci
1149 2236 1224 2259 non
1242 2226 1394 2259 sumitur
1408 2225 1526 2271 aliqua
1540 2226 1663 2267 virtus,
1679 2236 1770 2271 quae

215 2278 451 2323 distinguatur
478 2289 497 2311 a
523 2277 712 2323 patientia;
740 2289 826 2323 ergo
854 2278 1018 2312 similiter
1043 2289 1109 2312 nec
1136 2278 1405 2324 longanimitas,
1433 2290 1524 2324 quae
1550 2279 1704 2313 sumitur
1730 2289 1773 2312 ex

213 2339 313 2377 parte
346 2331 531 2377 temporis,
559 2332 772 2376 inquantum
806 2331 943 2365 scilicet
970 2331 1097 2377 aliquis
1126 2331 1186 2365 diu
1213 2340 1386 2378 expectat,
1413 2332 1641 2378 distinguitur
1667 2343 1687 2366 a
1713 2342 1773 2378 pa-

216 2385 352 2418 tientia.

287 2437 360 2471 SED
383 2447 537 2472 CONTRA
561 2445 624 2480 est,
646 2437 742 2483 quod
763 2448 869 2483 super
889 2437 976 2472 illud
997 2438 1039 2472 ad
1058 2438 1165 2472 Rom.
1186 2448 1236 2472 2.:
1252 2439 1308 2473 An
1325 2438 1462 2473 divitias
1481 2439 1632 2474 bonitatis
1647 2440 1726 2484 ejus,
1745 2443 1774 2473 et

210 2492 404 2537 patisntiaa,
427 2496 457 2525 at
470 2491 730 2536 lnganimitalis
748 2492 951 2526 contemnis?
970 2491 1055 2525 dicit
1075 2491 1192 2526 Gloss.
1208 2492 1320 2536 (ΘΙ-ιζ,
1336 2492 1392 2526 lib.
1407 2503 1439 2527 2.
1455 2496 1624 2526 comment.
1640 2493 1675 2526 in
1688 2492 1772 2526 hanc

214 2546 304 2590 epist.
328 2550 400 2590 cap.
422 2545 491 2587 2.).·
517 2557 535 2576 «
553 2544 704 2578 Videtur
725 2543 983 2589 longanimitas
1011 2556 1029 2578 a
1057 2545 1225 2590 patientia
1248 2544 1406 2579 differre:
1435 2545 1518 2591 quia
1544 2546 1603 2590 qui
1624 2544 1772 2578 infirmi-

214 2605 286 2631 tate
308 2597 423 2642 magis
447 2609 557 2643 quam
578 2597 764 2643 proposito
783 2597 1005 2643 delinquunt,
1021 2598 1211 2632 sustentari
1231 2609 1294 2644 per
1314 2597 1629 2643 longanimitatem
1652 2598 1772 2632 dicun-

214 2658 288 2684 tur:
312 2651 372 2696 qui
392 2661 478 2684 vero
499 2651 673 2696 pertinaci
694 2658 814 2684 mente
836 2650 996 2684 exultant
1012 2651 1047 2684 in
1070 2650 1208 2685 delictis
1229 2651 1312 2693 suis,
1334 2650 1416 2685 ferri
1437 2652 1612 2697 patienter
1631 2651 1773 2685 dicendi

217 2712 299 2737 sunt
313 2718 344 2736 )).

286 2756 513 2791 Rrspoxoro
536 2757 740 2799 dicendum,
763 2757 858 2803 quod
881 2757 971 2790 sicut
993 2757 1273 2801 magnanimitas
1291 2757 1430 2799 dicitur,
1449 2768 1511 2802 per
1533 2768 1641 2803 quam
1663 2757 1771 2791 habet

217 2809 344 2855 aliquis
367 2810 528 2844 animum
543 2810 712 2844 tendendi
727 2811 761 2844 in
778 2821 929 2855 magna,
951 2810 999 2843 ita
1021 2810 1129 2844 etiam
1144 2810 1400 2856 longanimitas
1422 2810 1561 2852 dicitur,
1581 2821 1643 2856 per
1662 2821 1769 2856 quam
