1859 3122
499 169 721 206 QUAESTIO
755 169 935 199 LXXXIII.
969 169 1215 200 ARTICULUS
1249 169 1294 200 11.
1593 159 1673 214 581

118 254 270 288 nexione
285 263 492 287 causarum:
515 261 549 286 et
563 251 762 287 secundum
781 252 849 285 hos
868 251 977 285 etiam
996 251 1195 286 excluditur
1213 251 1388 286 orationis
1402 251 1557 286 utilitas:
1581 253 1680 288 tertia

118 307 184 342 fuit
199 307 321 354 opinio
340 306 552 352 ponentium
572 306 719 352 quidem
751 316 806 339 res
828 305 1008 339 humanas
1029 305 1150 338 divina
1172 305 1395 351 providentia
1418 306 1504 351 regi,
1528 314 1563 340 et
1583 307 1680 352 quod

119 372 174 395 res
192 360 374 394 humanae
389 371 462 393 non
481 359 697 405 proveniunt
714 371 756 393 cx
771 359 1002 393 necessitate:
1025 358 1086 392 sed
1110 358 1277 392 dicebant
1298 359 1462 394 similiter
1479 359 1681 405 dispositio-

118 425 203 448 nem
229 414 370 447 divinae
392 413 638 459 providentiae
660 412 870 446 variabilem
891 424 980 453 csse,
1000 420 1034 446 et
1056 412 1152 457 quod
1175 413 1409 454 orationibus,
1433 421 1466 447 et
1488 413 1566 448 aliis
1588 425 1679 459 quae

120 468 163 502 ad
185 467 347 501 divinum
384 466 520 500 cultum
549 467 738 512 pertinent,
771 465 959 511 dispositio
991 465 1133 499 divinae
1167 466 1413 511 providentiae
1446 467 1680 502 immutatur:

120 522 213 556 haec
237 529 358 555 autem
377 520 501 554 omnia
523 520 558 553 in
586 530 612 554 1.
635 519 693 553 lib.
716 520 919 565 improbata
946 527 1028 553 sunt
1051 519 1096 564 (q.
1112 531 1163 565 19.
1185 524 1249 554 art.
1267 531 1294 565 7.
1311 525 1338 554 et
1357 521 1387 555 8.
1406 526 1435 555 et
1449 533 1478 566 (J.
1497 533 1551 556 22.
1569 526 1633 556 art.
1648 533 1680 556 2.

119 580 146 610 at
160 586 192 619 4.
212 580 242 609 et
258 586 288 620 q.
308 586 368 620 115.
384 579 446 608 art.
467 574 500 608 6.
515 578 543 608 et
561 585 590 619 q.
609 574 716 618 116.);
738 580 772 606 et
786 573 868 606 ideo
883 581 1026 618 oportet
1039 573 1089 606 sic
1105 572 1274 607 inducere
1290 574 1463 608 orationis
1478 574 1680 617 utilitatem,

120 636 158 663 ut
178 639 295 674 neque
318 628 422 661 rebus
443 627 612 661 humanis
628 626 769 660 divinae
791 626 1038 672 providentiae
1060 626 1229 671 subjectis
1251 627 1502 662 necessitatem
1520 628 1682 674 impona-

121 693 213 724 mus,
235 693 351 727 neque
375 681 483 715 etiam
511 680 671 714 divinam
694 679 969 725 dispositionem
991 679 1204 713 mutabilem
1227 680 1476 715 aestimemus:
1505 681 1549 715 ad
1575 682 1681 727 hujus

120 746 207 781 ergo
231 735 449 769 evidentiam
472 733 774 768 considerandum
797 740 860 774 est,
883 732 979 778 quod
1002 744 1043 766 ex
1070 732 1189 766 divina
1211 733 1435 779 providentia
1460 746 1535 769 non
1561 735 1681 769 solum

121 789 323 835 disponitur
344 788 405 834 qui
427 787 574 822 effectus
597 786 693 828 fiant,
721 787 782 821 scd
806 787 915 820 etiam
937 798 979 820 ex
1006 786 1133 832 quibus
1156 787 1284 829 causis,
1307 795 1341 821 et
1363 799 1433 833 quo
1457 788 1582 822 ordine
1604 799 1683 835 pro-

120 843 288 878 veniant:
312 844 403 876 inter
425 841 512 875 alias
539 849 660 875 autem
688 851 815 874 causas
842 848 923 874 sunt
945 840 1053 874 etiam
1076 841 1320 885 quorumdam
1343 851 1473 875 causae
1496 850 1596 876 actus
1616 842 1683 876 hu-

121 897 234 931 mani:
258 896 352 930 unde
374 903 515 942 oportet
529 894 696 928 homines
716 905 822 940 agere
845 893 976 939 aliqua,
990 905 1064 927 non
1080 902 1118 927 ut
1138 905 1201 939 per
1223 905 1306 928 suos
1329 902 1431 928 actus
1454 894 1613 929 divinam
1635 895 1683 929 di-

122 950 360 996 spositionem
387 949 590 989 immutent,
612 947 673 982 sed
695 955 733 981 ut
754 958 818 993 per
840 954 939 980 actus
958 958 1042 981 suos
1069 946 1243 992 impleant
1265 947 1441 993 quosdam
1465 948 1611 983 effectus
1633 961 1684 983 se-

121 1004 279 1038 cundum
295 1003 459 1037 ordinem
475 1014 494 1036 a
514 1002 596 1035 Deo
619 1001 852 1047 dispositum:
875 1009 909 1034 et
922 1001 1019 1034 idem
1041 1001 1151 1034 etiam
1173 1009 1226 1035 est
1246 1001 1282 1034 in
1309 1001 1531 1036 naturalibus
1554 1003 1681 1036 causis:

122 1066 156 1092 ct
177 1056 295 1092 simile
317 1064 369 1091 cst
395 1056 504 1090 etiam
527 1055 569 1089 de
593 1055 776 1088 oratione:
799 1066 873 1088 non
896 1054 993 1088 enim
1015 1062 1161 1100 propter
1182 1054 1253 1088 hoc
1277 1066 1436 1097 oramus,
1458 1063 1496 1089 ut
1523 1055 1683 1089 divinam

122 1110 397 1157 dispositionem
430 1109 677 1151 immutemus,
711 1108 772 1142 sed
800 1116 838 1142 ut
858 1108 893 1141 id
916 1108 1163 1154 impetremus,
1187 1108 1283 1154 quod
1305 1108 1404 1142 Deus
1427 1108 1603 1154 disposuit
1622 1121 1684 1155 per

122 1164 304 1198 orationes
327 1173 404 1197 esse
430 1161 676 1208 implendum3
703 1169 741 1196 ut
767 1161 906 1196 scilicet
931 1161 1099 1195 homines
1122 1161 1340 1206 postulando
1368 1170 1573 1196 mereantur
1595 1163 1685 1196 acci-

121 1229 217 1264 pere,
239 1216 336 1262 quod
359 1216 409 1250 eis
434 1216 535 1249 Deus
558 1216 789 1261 omnipotens
812 1223 894 1250 ante
917 1214 1061 1249 saecula
1084 1214 1259 1261 disposuit
1289 1215 1436 1257 donare,
1470 1223 1509 1249 ut
1531 1216 1683 1262 Gregor.

123 1270 209 1304 dicit
228 1270 264 1303 in
286 1269 346 1303 lib.
373 1279 400 1303 1.
423 1268 570 1314 Dialog.
596 1268 682 1315 (cap.
705 1268 768 1313 8.).

194 1323 254 1357 AD
275 1333 425 1358 PRIMUM
448 1333 534 1368 ergo
554 1321 761 1363 dicendum,
789 1321 885 1368 quod
907 1333 981 1356 non
1009 1330 1062 1356 est
1085 1322 1333 1356 necessarium
1359 1334 1426 1357 nos
1452 1323 1533 1357 Deo
1559 1334 1684 1369 preces

125 1377 321 1422 porrigere,
344 1383 382 1410 ut
412 1375 444 1410 ei
470 1383 612 1409 nostras
642 1375 869 1421 indigentias,
891 1375 950 1409 vel
972 1375 1147 1409 desideria
1169 1375 1453 1418 manifestemus,
1476 1377 1537 1411 sed
1559 1385 1598 1411 ut
1618 1388 1684 1411 nos

124 1430 193 1477 ipsi
214 1429 497 1471 consideremus,
519 1429 556 1462 in
577 1429 633 1463 his
656 1429 699 1462 ad
722 1429 885 1463 divinum
908 1429 1081 1463 auxilium
1103 1440 1181 1463 esse
1202 1429 1471 1463 recurrendum.

199 1483 259 1518 AD
283 1493 490 1517 SECUNDUM
512 1482 719 1524 dicendum,
742 1482 850 1528 quod,
869 1482 961 1516 sicut
983 1482 1119 1516 dictum
1142 1491 1194 1516 est
1212 1483 1262 1527 (in
1278 1489 1367 1530 corp.
1382 1485 1478 1528 art),
1494 1484 1609 1518 oratio
1623 1495 1686 1518 no-

126 1546 198 1572 stra
219 1548 293 1570 non
316 1536 501 1570 ordinatur
523 1536 566 1569 ad
587 1535 883 1569 immutationem
906 1535 1047 1570 divinae
1066 1535 1325 1581 dispositionis,
1346 1536 1409 1570 sed
1430 1544 1468 1571 ut
1482 1537 1686 1572 obtineatur

125 1590 257 1625 nostris
278 1589 457 1636 precibus,
480 1589 577 1635 quod
598 1589 698 1623 Deus
720 1589 906 1635 disposuit.

196 1644 256 1678 AD
276 1653 449 1677 TERTIUM
470 1642 676 1684 dicendum,
703 1643 799 1688 quod
821 1643 922 1676 Deus
943 1642 1047 1677 nobis
1068 1642 1183 1676 multa
1204 1651 1362 1689 praestat
1383 1654 1423 1677 ex
1445 1655 1510 1678 sua
1535 1643 1686 1679 liberali-

125 1705 210 1739 tate,
233 1697 341 1731 etiam
364 1707 439 1730 non
460 1696 589 1742 petita:
611 1696 673 1730 sed
695 1696 791 1742 quod
814 1695 934 1741 aliqua
955 1695 1031 1730 vult
1052 1704 1233 1742 praestare
1255 1697 1360 1731 nobis
1382 1697 1595 1743 petentibus,
1613 1699 1684 1733 hoc

127 1760 181 1786 est
201 1759 348 1798 propter
368 1758 533 1785 nostram
564 1749 780 1792 utilitatem3
808 1758 846 1784 ut
867 1749 1006 1784 scilicet
1038 1750 1209 1784 fiduciam
1239 1751 1435 1796 quamdam
1465 1752 1685 1798 accipiamus

126 1804 333 1840 recurrendi
355 1804 398 1838 ad
419 1804 554 1846 Deum,
582 1811 616 1837 et
641 1811 679 1837 ut
700 1814 1010 1849 recognoscamus
1045 1815 1129 1838 eum
1160 1814 1237 1837 esse
1267 1804 1449 1838 bonorum
1477 1813 1685 1840 nostrorum

129 1867 338 1900 auctorem,
360 1858 454 1891 unde
477 1856 607 1903 Chrys.
630 1857 717 1890 dicit
731 1856 907 1903 (implicite
927 1857 1013 1890 hom.
1036 1868 1067 1892 2.
1087 1857 1123 1891 da
1148 1857 1244 1892 Orat.
1267 1862 1295 1892 et
1316 1857 1401 1892 hom.
1420 1870 1472 1904 30.
1487 1859 1523 1892 in
1540 1859 1684 1905 Genea).-

130 1911 366 1947 «Considera
387 1918 520 1957 quanta
549 1918 602 1945 est
629 1910 694 1944 tibi
715 1921 891 1944 concessa
913 1909 1076 1952 felicitas,
1098 1918 1230 1956 quanta
1258 1910 1374 1956 gloria
1405 1912 1583 1955 attributa,
1611 1924 1688 1947 ora-

126 1965 284 2001 tionibus
305 1964 457 1998 fabulari
484 1975 568 1998 cum
589 1964 683 2005 Deo,
704 1974 787 1997 cum
811 1963 959 1997 Christo
983 1965 1137 1998 miscere
1160 1963 1357 2010 colloquia,
1380 1973 1505 2011 optare
1520 1966 1617 2012 quod
1630 1977 1687 2000 ve-

126 2020 181 2062 lis,
203 2018 298 2065 quod
321 2018 501 2052 desideras
521 2016 751 2064 postulare».

677 2156 1020 2202 ARTICULUS
1048 2158 1128 2200 III.
1617 2181 1687 2215 440

442 2264 595 2295 UTRUM
627 2265 793 2294 ORATIO
828 2266 895 2295 SIT
928 2266 1070 2296 ACTUS
1103 2266 1366 2296 RELIGIONIS.

223 2352 326 2397 (Infr.
349 2357 415 2386 art.
436 2362 480 2398 15.
503 2357 591 2397 corp.
614 2357 643 2387 et
663 2353 754 2386 Dist.
776 2364 819 2398 15.
842 2364 873 2398 q.
894 2363 927 2397 4.
949 2358 1014 2388 art.
1037 2365 1068 2388 2.
1090 2365 1120 2399 q.
1142 2365 1173 2388 2.
1192 2359 1222 2388 et
1242 2359 1306 2389 art.
1325 2366 1352 2389 r.
1376 2366 1405 2400 t]-
1424 2367 1452 2389 Ι.
1471 2354 1512 2388 ad
1530 2354 1591 2399 2.).

200 2440 259 2474 AD
279 2450 451 2474 TERTIUM
471 2439 523 2473 sic
542 2440 758 2485 proceditur.
778 2440 940 2482 Videtur,
963 2441 1060 2487 quod
1082 2441 1198 2475 oratio
1214 2453 1289 2475 non
1304 2442 1348 2476 sit
1364 2449 1462 2476 actus
1483 2441 1685 2487 religionis:

130 2493 257 2539 religio
281 2493 389 2535 enim,
423 2504 507 2527 cum
535 2494 579 2527 sit
600 2505 681 2539 pars
702 2494 871 2540 justitiae,
894 2502 946 2528 est
966 2495 1003 2528 in
1024 2495 1210 2529 voluntate
1232 2495 1324 2529 sicut
1355 2495 1392 2528 in
1413 2495 1596 2540 subjecto:
1624 2496 1686 2530 sed

131 2546 248 2580 oratio
262 2546 416 2592 pertinet
433 2547 477 2580 ad
492 2553 631 2592 partem
645 2547 916 2589 intellectivam,
932 2556 970 2581 ut
983 2559 1026 2581 ex
1039 2559 1145 2594 supra
1164 2548 1266 2582 dictis
1279 2556 1376 2594 patet
1390 2549 1472 2592 (art.
1491 2560 1518 2582 Ι.
1537 2549 1604 2594 huj.
1624 2549 1686 2594 q),-

132 2610 219 2644 ergo
242 2599 357 2633 oratio
379 2610 454 2633 non
475 2599 616 2634 videtur
638 2611 715 2634 esse
730 2608 830 2634 actus
856 2600 1053 2646 religionis,
1076 2601 1138 2635 sed
1160 2601 1247 2634 doni
1271 2600 1486 2642 intellectus,
1507 2612 1570 2647 per
1591 2602 1687 2647 quod

132 2663 234 2686 mens
256 2652 417 2686 ascendit
433 2652 469 2686 in
487 2652 619 2686 Deum.

203 2715 235 2738 2.
257 2705 493 2740 PRAETEREA.
515 2706 629 2740 Actus
655 2705 780 2740 latriae
804 2706 899 2740 cadit
920 2707 983 2741 sub
1010 2707 1223 2741 necessitate
1249 2707 1453 2752 praecepti:
1484 2707 1546 2741 sed
1572 2707 1687 2742 oratio

132 2768 207 2791 non
226 2757 366 2792 videtur
387 2758 515 2792 cadere
542 2759 605 2793 sub
627 2759 841 2793 necessitate
868 2761 1063 2806 praecepti,
1085 2760 1148 2794 sed
1171 2771 1213 2793 ex
1235 2770 1334 2792 mera
1355 2759 1541 2795 voluntate
1566 2771 1691 2807 proce-

134 2810 236 2852 dere;
259 2821 342 2844 cum
362 2810 454 2844 nihil
474 2811 570 2845 aliud
591 2812 647 2854 sit,
670 2823 780 2858 quam
800 2812 998 2847 volitorum
1025 2812 1149 2860 petitio
1168 2824 1177 2854 3
1197 2823 1285 2859 ergo
1312 2813 1428 2847 oratio
1454 2825 1528 2847 non
1549 2814 1689 2848 videtur

135 2873 212 2897 esse
232 2863 417 2909 religionis
445 2872 555 2898 actus.

281 2943 310 2970 S.
330 2943 452 2970 Tamus
474 2944 578 2970 Summa
603 2945 763 2980 Tbeologica.
783 2945 848 2971 Vol.
870 2945 922 2972 III.
1518 2949 1548 2981 38
