1859 3122
170 126 255 181 870
574 133 793 169 QUAESTIO
829 132 976 162 CXXIX.
1009 131 1252 162 ARTICULUS
1284 132 1324 161 V.

738 295 1082 340 ARTICULUS
1116 295 1169 338 V.
1661 305 1728 351 647

394 405 547 435 UTRUM
579 404 909 434 MAGNANIMITAS
944 403 1011 432 SIT
1045 403 1145 432 PARS
1179 402 1508 432 FORTITUDINIS.

611 491 726 537 (Supr.
745 503 774 536 q.
798 491 869 525 123.
892 495 919 524 et
940 489 1018 524 locis
1039 488 1117 523 ibid.
1140 487 1293 533 notatis).

244 583 303 616 AD
319 591 499 620 QUINTUM
516 580 565 614 sic
580 579 798 625 proceditur.
810 578 971 617 Videtur,
987 578 1081 623 quod
1099 576 1378 622 magnanimitas
1396 586 1471 609 non
1485 576 1529 610 sit
1543 587 1624 622 pars
1637 575 1733 609 forti-

172 635 323 670 tudinis:
339 635 435 668 idem
451 634 548 667 enim
562 644 636 667 non
652 641 704 666 est
719 644 800 678 pars
816 632 869 666 sui
884 632 1011 677 ipsius:
1027 631 1088 664 sed
1103 630 1383 673 magnanimitas
1396 629 1537 663 videtur
1547 628 1643 662 idem
1654 639 1731 663 esse

173 688 389 722 fortitudini:
407 687 491 721 dicit
506 687 603 727 enim
623 686 762 720 Seneca
776 686 812 718 in
827 685 886 718 lib.
905 685 948 718 de
969 684 1136 724 Quatuor
1154 683 1340 716 virtutibus
1361 682 1446 728 (cap.
1467 682 1502 716 de
1521 682 1731 726 illagnanim.

172 743 207 775 in
224 742 386 787 princip.)
399 753 409 775 .·
435 753 452 771 «
467 739 758 784 Magmmimstas,
781 749 872 784 quae
891 746 924 772 et
942 737 1113 771 fortitudo
1129 736 1268 777 dicitur,
1280 736 1308 769 si
1322 736 1406 769 insit
1420 735 1542 769 animo
1557 743 1631 776 tuo,
1648 745 1731 768 cum

173 794 304 828 fiducia
326 804 458 838 magna
480 793 579 827 vives
590 804 631 834 »3
665 800 699 825 et
727 791 869 825 Tullius
897 791 982 824 dicit
1003 790 1038 823 in
1065 800 1091 822 1.
1115 789 1158 823 de
1182 788 1289 823 Offic.
1313 788 1365 832 (in
1387 790 1450 822 tit..·
1473 787 1728 829 Fortitudinem,

173 849 199 882 si
221 849 260 882 ab
283 848 446 881 honestate
472 845 611 886 recedat,
635 845 726 889 etc.):
749 843 884 878 «Viros
905 843 1015 877 fortes
1037 842 1292 887 magnanimos
1307 842 1456 875 eosdem
1470 851 1547 875 esse
1561 840 1731 874 volumus

176 901 335 934 veritatis
359 900 508 941 amicos,
531 898 754 944 minimeque
775 897 922 931 fallaces
937 909 969 938 »ς
993 907 1079 941 ergo
1103 895 1384 941 magnanimitas
1405 905 1480 929 non
1495 902 1547 928 est
1568 904 1648 940 pars
1663 892 1732 928 for-

173 954 345 989 titudinis.

247 1017 278 1040 2.
301 1007 538 1041 PRAETEREA.
557 1004 694 1038 Philos.
711 1004 747 1037 in
768 1013 801 1046 4.
816 1003 932 1037 Ethic.
950 1002 1036 1048 (cap.
1050 1014 1076 1047 3.
1097 1013 1116 1035 a
1138 1001 1235 1046 med.)
1253 1001 1348 1042 dicit,
1365 1000 1461 1046 quod
1480 999 1734 1046 magnanimus

176 1073 250 1095 non
273 1069 325 1095 est
346 1059 640 1106 philokindynos‚
671 1058 762 1091 idest
791 1064 933 1090 amator
960 1055 1128 1101 periculi:
1153 1055 1195 1088 ad
1222 1054 1353 1088 fortem
1376 1063 1497 1088 autem
1518 1053 1672 1099 pertinet
1697 1065 1735 1088 se

179 1126 358 1160 exponere
382 1112 568 1159 periculis3
592 1123 678 1157 ergo
695 1110 978 1157 magnanimitas
993 1120 1067 1143 non
1087 1108 1257 1142 convenit
1272 1119 1356 1142 cum
1369 1107 1590 1148 fortitudine,
1605 1115 1644 1141 ut
1656 1118 1736 1153 pos-

176 1169 222 1202 sit
244 1168 314 1202 dici
335 1179 416 1213 pars
438 1167 524 1211 ejus.

253 1233 282 1266 3.
304 1221 540 1255 PRAETEREA.
562 1217 844 1263 Magnanimitas
871 1216 1014 1261 respicit
1041 1227 1216 1261 magnum
1245 1215 1281 1248 in
1310 1215 1414 1249 bonis
1442 1214 1646 1260 sperandis:
1668 1213 1737 1247 for-

176 1275 291 1308 titudo
315 1282 435 1308 autem
448 1272 600 1320 ‘respicit
623 1282 797 1316 magnum
818 1271 854 1303 in
877 1269 980 1303 malis
1001 1269 1182 1309 timendis,
1213 1268 1269 1302 vel
1299 1267 1488 1302 audendis:
1516 1268 1577 1301 sed
1598 1267 1735 1301 bonum

179 1336 231 1362 est
252 1327 496 1373 principalius,
530 1337 639 1371 quam
669 1324 826 1365 malum3
856 1334 942 1368 ergo
973 1322 1253 1368 magnanimitas
1279 1329 1331 1355 est
1360 1320 1593 1367 principalior
1613 1321 1736 1361 virtus,

179 1393 288 1427 quam
310 1380 501 1420 fortitudo;
523 1389 597 1411 non
621 1388 708 1423 ergo
731 1385 784 1410 est
804 1387 885 1422 pars
908 1377 994 1420 ejus.

250 1434 324 1468 SED
352 1442 506 1467 CONTRA
527 1439 589 1472 est,
613 1430 709 1476 quod
731 1429 937 1463 Macrobius
952 1429 1027 1473 (lib.
1043 1441 1069 1463 Ι.
1085 1429 1120 1462 in
1135 1428 1246 1462 Somn.
1266 1428 1355 1473 Scip.
1379 1433 1450 1473 cap.
1469 1428 1527 1471 8.),
1548 1435 1582 1461 et
1599 1427 1738 1461 Andro-

178 1488 280 1521 nicus
302 1493 440 1532 ponunt
462 1483 798 1529 magnanimitatem
819 1481 1037 1516 fortitudinis
1059 1489 1209 1527 partem.

249 1540 478 1574 RESPONDEO
501 1537 707 1578 dicendum,
730 1536 838 1581 quod,
861 1535 951 1569 sicut
979 1545 1085 1580 supra
1116 1535 1251 1568 dictum
1282 1542 1334 1567 est
1368 1533 1444 1577 (1-2.
1472 1545 1501 1578 q.
1524 1533 1575 1568 61.
1598 1537 1661 1567 art.
1677 1533 1736 1578 3.)‚

178 1592 384 1638 principalis
407 1592 518 1625 virtus
541 1598 604 1631 est,
627 1590 670 1623 ad
693 1600 802 1634 quam
824 1588 977 1634 pertinet
1000 1587 1157 1633 aliquem
1180 1586 1388 1633 generalem
1416 1587 1567 1620 modum
1595 1586 1736 1620 virtutis

179 1646 397 1680 constituere
420 1646 455 1678 in
478 1644 597 1689 aliqua
619 1642 771 1676 materia
792 1641 997 1687 principali:
1022 1642 1113 1675 inter
1135 1640 1224 1674 alios
1248 1648 1367 1674 autem
1396 1639 1579 1685 generales
1608 1640 1738 1674 modos

177 1700 316 1734 virtutis
338 1709 429 1732 unus
452 1705 505 1732 est
526 1697 675 1730 firmitas
700 1696 833 1729 animi:
857 1696 940 1740 quia
960 1695 1102 1737 firmiter
1121 1706 1151 1728 se
1174 1695 1289 1728 habere
1309 1695 1494 1739 requiritur
1509 1695 1543 1727 in
1565 1694 1656 1727 omni
1668 1694 1736 1727 vir-

178 1759 256 1795 tute,
279 1760 318 1786 ut
339 1752 467 1785 dicitur
489 1752 525 1784 in
548 1760 578 1784 2.
601 1749 682 1783 Eth.
707 1749 792 1794 (cap.
813 1748 884 1792 4.):
908 1747 1100 1793 praecipue
1122 1755 1243 1781 tamen
1266 1746 1432 1780 laudatur
1452 1747 1524 1780 hoc
1546 1746 1583 1780 in
1603 1746 1741 1780 virtuti-

178 1807 255 1848 bus,
278 1816 369 1851 quae
391 1806 427 1838 in
449 1803 595 1850 aliquod
619 1803 772 1836 arduum
792 1802 954 1843 tendunt,
973 1801 1009 1834 in
1032 1801 1158 1846 quibus
1181 1800 1434 1834 difficillimum
1458 1808 1511 1834 est
1531 1800 1740 1834 firmitatem

178 1870 320 1894 servare
337 1871 344 1900 ;
364 1866 398 1892 et
420 1858 500 1891 ideo
521 1864 655 1902 quanto
671 1855 850 1889 difficilius
872 1863 926 1888 est
946 1855 981 1888 in
998 1853 1118 1899 aliquo
1135 1854 1246 1888 arduo
1267 1853 1417 1887 firmiter
1438 1864 1475 1887 se
1493 1853 1625 1887 habere
1639 1861 1739 1887 tanto

179 1911 412 1959 principalior
433 1918 486 1944 est
505 1910 616 1943 virtus
639 1920 731 1954 quae
754 1909 850 1942 circa
870 1907 958 1941 illud
981 1907 1188 1940 firmitatem
1214 1914 1370 1953 praestat
1397 1907 1539 1940 animo:
1563 1905 1741 1940 difficilius

181 1973 302 1999 autem
325 1972 378 1998 cst
399 1963 548 1996 firmiter
571 1974 607 1996 se
623 1962 755 1995 habere
777 1962 813 1994 in
828 1960 996 2007 periculis
1019 1961 1157 2001 mortis,
1176 1960 1210 1993 in
1227 1960 1353 2005 quibus
1369 1959 1560 1993 confirmat
1577 1959 1740 1993 animum

178 2018 364 2058 fortitudo,
388 2027 496 2062 quam
519 2016 554 2048 in
577 2015 743 2048 maximis
770 2015 874 2048 bonis
901 2014 1096 2059 sperandis,
1118 2013 1176 2047 vel
1199 2013 1447 2058 adipiscendis,
1475 2013 1519 2046 ad
1541 2024 1632 2058 quae
1659 2023 1742 2046 con-

179 2071 299 2105 firmat
321 2070 483 2103 animum
506 2068 804 2113 magnanimitas3
824 2067 907 2112 quia
929 2067 1021 2100 sicut
1042 2067 1156 2099 homo
1179 2066 1335 2100 maxime
1358 2065 1473 2111 diligit
1493 2066 1602 2099 vitam
1626 2077 1741 2107 suam,

178 2125 227 2158 ita
250 2124 408 2157 maxime
429 2121 559 2165 refugit
580 2122 706 2155 mortis
730 2120 908 2166 pericula;
930 2120 981 2154 sic
1005 2131 1091 2165 ergo
1114 2127 1220 2165 patet,
1243 2119 1339 2165 quod
1359 2119 1638 2164 magnanimitas
1659 2130 1743 2153 con-

180 2177 299 2211 firmat
309 2176 471 2209 animum
487 2175 581 2208 circa
598 2174 730 2219 aliquid
745 2173 906 2206 arduum:
923 2172 1043 2206 deficit
1058 2180 1176 2206 autem
1190 2173 1231 2206 ab
1245 2183 1284 2205 ea
1299 2172 1336 2205 in
1346 2172 1428 2214 hoc,
1441 2173 1536 2217 quod
1552 2171 1743 2206 confirmat

181 2231 345 2265 animum
367 2230 402 2262 in
425 2239 481 2269 eo,
497 2228 591 2261 circa
607 2227 703 2272 quod
722 2226 862 2260 facilius
877 2234 930 2260 est
950 2225 1157 2259 firmitatem
1172 2236 1325 2266 servare,
1348 2225 1441 2258 unde
1461 2224 1742 2269 magnanimitas

181 2284 326 2330 ponitur
347 2293 427 2328 pars
449 2280 679 2322 fortitudinis,
701 2280 783 2325 quia
803 2279 1006 2324 adjungitur
1028 2279 1060 2312 ei
1082 2279 1173 2313 sicut
1194 2278 1405 2312 secundaria
1427 2277 1625 2324 principali.

251 2337 310 2370 AD
332 2345 481 2370 PRIMUM
503 2344 591 2378 ergo
614 2332 820 2373 dicendum,
843 2332 951 2377 quod,
966 2332 1058 2365 sicut
1080 2331 1171 2365 Phil.
1194 2331 1280 2365 dicit
1300 2331 1336 2364 in
1362 2342 1389 2375 5.
1412 2331 1492 2364 Eth.
1515 2331 1606 2377 (cap.
1630 2342 1657 2365 Ι.
1680 2330 1740 2365 cir.

181 2390 262 2424 med.
285 2394 313 2423 et
331 2394 403 2435 cap.
422 2388 479 2433 3.),
503 2397 624 2420 carere
647 2385 745 2418 malo
769 2385 942 2429 accipitur
963 2385 998 2418 in
1025 2385 1163 2418 ratione
1190 2384 1294 2426 boni;
1317 2384 1411 2418 unde
1433 2392 1468 2417 et
1488 2395 1563 2417 non
1581 2383 1742 2429 superari

184 2443 226 2476 ab
251 2442 371 2487 aliquo
394 2441 495 2486 gravi
515 2438 626 2480 malo,
648 2446 734 2484 puta
757 2449 776 2471 a
795 2437 962 2482 periculis
982 2437 1119 2478 mortis,
1139 2437 1310 2482 accipitur
1325 2436 1595 2482 quadammodo
1617 2448 1682 2482 pro
1698 2446 1742 2470 eo

184 2495 281 2542 quod
304 2503 356 2529 est
379 2494 552 2539 attingere
575 2492 618 2525 ad
641 2502 815 2536 magnum
837 2491 994 2524 bonum:
1019 2502 1174 2536 quorum
1194 2490 1351 2536 primum
1373 2490 1526 2535 pertinet
1544 2490 1587 2523 ad
1608 2489 1743 2523 fortitu-

185 2550 318 2589 dinem,
346 2547 407 2581 sed
435 2545 634 2580 secundum
663 2545 705 2578 ad
733 2544 1085 2587 magnanimitatem,
1112 2551 1146 2577 et
1172 2543 1373 2577 secundum
1400 2543 1469 2577 hoc
1496 2542 1682 2584 fortitudo,
1709 2550 1744 2576 et

183 2600 464 2646 magnanimitas
487 2609 552 2644 pro
575 2598 705 2632 eodem
729 2596 843 2642 accipi
865 2604 1033 2641 possunt:
1058 2596 1139 2641 quia
1161 2604 1285 2630 tamen
1313 2596 1381 2629 alia
1406 2596 1496 2629 ratio
1525 2595 1742 2629 difficultatis

186 2663 237 2688 cst
258 2654 294 2687 in
316 2662 468 2698 utroque
491 2651 776 2697 praedictorum3
799 2649 881 2682 ideo
904 2649 1046 2694 proprie
1069 2649 1252 2694 loquendo
1280 2648 1560 2694 magnanimitas
1582 2660 1601 2682 a
1623 2647 1744 2681 Philo-

184 2707 300 2753 sopho
325 2705 399 2750 (lib.
421 2717 452 2740 2.
475 2705 548 2739 ΕΗ).
569 2710 641 2750 cap.
665 2702 713 2748 7.)
735 2702 878 2747 ponitur
900 2700 969 2734 alia
986 2701 1097 2735 virtus
1120 2713 1139 2735 a
1161 2701 1378 2735 fortitudine.

258 2760 317 2793 AD
340 2768 545 2793 SECUNDUM
568 2756 773 2797 dicendum,
795 2755 891 2800 quod
914 2763 1053 2788 amator
1075 2754 1224 2800 periculi
1250 2755 1390 2795 dicitur,
1416 2754 1476 2799 qui
1500 2753 1743 2788 indifferenter

187 2824 224 2847 sc
247 2811 413 2858 periculis
436 2810 600 2857 exponit:
625 2809 721 2855 quod
739 2808 877 2842 videtur
900 2807 1076 2852 pertinere
1100 2808 1142 2841 ad
1162 2819 1257 2849 eum,
1284 2809 1344 2853 qui
1365 2806 1610 2842 indifferenter
1628 2806 1741 2841 multa
