1859 3122
215 146 322 188 1082
622 158 842 192 QUAEsrro
876 157 1019 187 CLXVI.
1053 156 1296 187 ARTICULUS
1331 157 1358 185 1.

210 238 419 285 gnoscendo
442 237 547 280 illud3
570 238 664 272 unde
685 249 748 284 per
768 239 864 283 prius
882 249 985 272 mens
1005 237 1203 284 applicatur
1217 238 1261 271 ad
1275 237 1534 283 cognitionem,
1552 236 1765 275 secundario

211 301 331 326 autem
353 291 552 336 applicatur
574 291 617 325 ad
640 302 692 332 ea,
714 291 750 324 in
773 291 899 336 quibus
921 292 1035 325 homo
1058 303 1119 337 per
1142 291 1390 337 cognitionem
1416 291 1597 336 dirigitur;
1625 298 1659 325 et
1683 290 1766 324 ideo

210 346 366 379 studium
394 355 456 389 per
481 344 577 389 prius
604 344 748 389 respicit
773 344 1034 389 cognitionem,
1061 352 1096 378 et
1121 355 1183 390 per
1208 345 1384 390 posterius
1410 355 1659 389 quaecumque
1686 342 1768 384 alia,

212 399 253 431 ad
277 409 366 443 quae
389 397 569 442 operanda
594 397 790 430 directione
814 397 1031 442 cognitionis
1052 397 1276 442 indigemus:
1304 397 1451 436 virtutes
1479 404 1600 430 autem
1625 397 1768 442 proprie

211 452 276 484 sibi
298 450 493 484 attribuunt
513 449 613 482 illam
636 450 837 491 materiam,
861 451 955 483 circa
978 461 1087 496 quam
1108 450 1225 495 primo
1246 457 1279 484 et
1294 449 1536 496 principaliter
1556 457 1657 492 sunt;
1678 449 1770 484 sicut

211 504 382 537 fortitudo
406 502 564 548 pericula
587 503 724 544 mortis,
748 511 781 536 et
802 504 1040 548 temperantia
1067 503 1345 541 delectationem
1371 511 1507 545 tactus;
1534 511 1569 540 et
1593 502 1675 539 ideo
1697 510 1770 541 stu-

213 557 360 590 diositas
382 555 523 600 proprie
546 555 674 589 dicitur
696 556 789 590 circa
813 557 1071 601 cognitionem.

283 610 342 642 A»
364 619 512 642 PRIMUM
528 620 613 653 ergo
636 609 841 650 dicendum,
865 610 960 654 quod
980 610 1075 644 circa
1098 609 1183 644 alias
1206 610 1374 644 materias
1396 621 1470 643 non
1491 616 1609 655 potest
1635 607 1768 654 aliquid

215 671 310 696 recte
330 661 418 703 fieri,
441 661 509 695 nisi
530 662 729 695 secundum
757 663 853 707 quod
876 671 929 696 est
949 663 1242 708 praeordinatum
1264 674 1327 708 per
1347 664 1525 696 rationem
1547 672 1771 708 cognoscen—

210 724 303 756 tem3
326 723 359 749 et
380 715 462 748 ideo
485 726 547 759 per
569 715 664 760 prius
686 715 891 749 studiositas
914 716 1160 761 cognitionem
1183 716 1338 761 respicit,
1361 716 1576 761 cuicumque
1599 714 1771 754 materiae

210 769 367 803 studium
390 768 610 801 adhibeatur.

282 822 341 855 AD
369 831 576 855 SECUNDUM
603 821 807 864 dicendum,
826 822 923 867 quod
942 833 983 856 ex
1005 821 1133 856 affectu
1156 822 1315 856 hominis
1336 821 1488 856 trahitur
1509 832 1611 856 mens
1633 821 1708 866 ejus
1727 820 1771 854 ad

209 875 468 909 intendendum
490 875 557 915 his,
581 875 623 908 ad
646 886 736 920 quae
759 874 921 917 afficitur,
943 875 1142 909 secundum
1164 875 1252 909 illud
1274 875 1401 910 Matth.
1424 873 1478 910 6.:
1507 876 1572 909 Ubi
1589 879 1632 909 est
1649 875 1773 910 thesau-

211 941 266 963 rus
288 934 371 970 tuus,
395 929 440 962 ibi
461 933 503 962 cst
524 933 554 962 at
575 940 632 962 1-111·
653 934 768 968 tuscum
799 937 832 962 et
859 929 941 974 quia
969 929 1063 962 circa
1091 941 1144 971 ea,
1172 929 1298 974 quibus
1326 940 1410 963 caro
1436 928 1589 970 fovetur,
1616 928 1772 962 maxime

211 983 324 1016 homo
348 980 510 1022 afficitur,
533 992 757 1026 consequens
781 990 833 1015 est
855 982 950 1027 quod
973 982 1134 1028 cognitio
1156 982 1315 1016 hominis
1337 990 1498 1016 versetur
1517 981 1610 1016 circa
1630 992 1683 1023 ea,
1701 981 1773 1027 qui-

212 1036 276 1069 bus
299 1046 383 1068 caro
405 1034 564 1076 fovetur3
588 1042 624 1068 ut
645 1034 782 1068 scilicet
804 1035 918 1068 homo
938 1036 1103 1081 inquirat,
1123 1035 1274 1081 qualiter
1293 1035 1428 1081 optime
1446 1035 1559 1081 possit
1577 1035 1674 1069 carni
1688 1045 1773 1068 suae

212 1089 419 1129 subvenire3
443 1097 477 1121 et
498 1088 698 1121 secundum
719 1088 790 1122 hoc
815 1089 1002 1123 curiositas
1024 1089 1168 1134 ponitur
1191 1089 1286 1122 circa
1302 1100 1355 1131 ea,
1371 1100 1462 1134 quae
1478 1088 1522 1122 ad
1537 1099 1683 1123 carnem
1700 1098 1776 1134 per-

211 1143 324 1176 tinent
346 1142 484 1175 ratione
507 1153 645 1182 eorum,
668 1152 758 1186 quae
780 1142 958 1187 pertinent
980 1142 1022 1175 ad
1045 1142 1306 1187 cognitionem.

283 1196 342 1229 AD
356 1206 525 1229 TERTIUM
541 1195 746 1236 dicendum,
761 1195 857 1240 quod
873 1195 1020 1229 avaritia
1036 1195 1149 1229 inhiat
1163 1196 1206 1229 ad
1222 1195 1321 1229 lucra
1337 1195 1602 1241 conquirenda;
1618 1194 1662 1228 ad
1677 1193 1774 1241 quod

213 1250 368 1283 maxime
391 1249 592 1282 necessaria
615 1257 667 1282 est
688 1249 866 1294 quaedam
888 1249 1013 1294 peritia
1035 1257 1258 1283 terrenarum
1276 1260 1417 1291 rerum;
1437 1256 1470 1283 et
1488 1248 1688 1288 secundum
1702 1248 1774 1282 hoc

214 1304 371 1337 studium
395 1302 595 1336 attribuitur
616 1302 682 1339 his,
705 1313 795 1347 quae
819 1303 861 1336 ad
885 1302 1072 1336 avaritiam
1094 1310 1267 1348 spectant.

784 1425 1127 1470 ARTICULUS
1158 1426 1212 1468 Π.
1703 1436 1768 1471 801

451 1533 603 1562 UTRUM
631 1533 921 1562 STUDIOSITAS
949 1534 1016 1562 SIT
1044 1533 1146 1562 PARS
1175 1533 1523 1563 TEMPERANTIAE.

286 1622 345 1656 AD
368 1632 574 1656 sECUNDUM
597 1621 646 1655 sic
669 1621 885 1667 proceditur.
907 1621 1069 1663 Videtur,
1091 1621 1187 1667 quod
1207 1621 1412 1655 studiositas
1433 1631 1508 1654 non
1530 1619 1574 1654 sit
1588 1630 1669 1666 pars
1689 1625 1777 1653 tem-

214 1676 416 1721 perantiae:
439 1675 620 1709 studiosus
640 1675 736 1708 enim
756 1675 884 1708 dicitur
899 1674 1025 1720 aliquis
1041 1675 1241 1709 secundum
1263 1674 1548 1708 studiositatem:
1564 1673 1626 1707 sed
1640 1673 1778 1706 univer-

214 1729 334 1762 saliter
356 1729 474 1762 omnis
497 1728 676 1761 virtuosus
698 1737 847 1762 vocatur
869 1728 1060 1770 studiosus,
1083 1736 1121 1762 ut
1142 1736 1238 1774 patet
1259 1739 1322 1774 per
1340 1727 1476 1761 Philos.
1496 1727 1556 1773 qui
1574 1726 1778 1772 frequenter

215 1783 264 1816 sic
288 1783 396 1816 utitur
417 1783 565 1815 nomine
587 1782 738 1815 studiosi
760 1782 851 1826 (hala.
876 1787 924 1816 tin·
941 1783 995 1816 lib.
1020 1794 1051 1828 9.
1073 1782 1183 1816 Ethic.
1204 1788 1275 1827 cap.
1298 1793 1330 1825 4.
1354 1786 1381 1815 et
1403 1782 1450 1815 bis
1471 1787 1541 1827 cap.
1573 1781 1604 1815 8.
1624 1785 1653 1814 et
1667 1781 1779 1825 septies

215 1843 285 1881 sup.
309 1848 339 1881 9.
363 1841 390 1870 et
412 1836 467 1869 lib.
491 1848 517 1870 1.
537 1836 652 1880 Affagn.
675 1836 800 1869 Afforal.
824 1837 902 1870 [ἱνα.
919 1837 1029 1881 princ.
1048 1837 1147 1881 juxta
1164 1847 1271 1880 graec.
1291 1834 1377 1879 lit.);
1397 1845 1483 1880 ergo
1502 1833 1707 1868 studiositas
1727 1840 1780 1867 est

216 1890 392 1933 generalis
415 1889 536 1931 virtus,
561 1897 594 1922 et
614 1900 687 1922 non
711 1898 762 1922 est
784 1900 864 1934 pars
891 1889 1162 1934 temperantiae.

287 1953 318 1976 2.
340 1943 576 1976 PRAETEREA.
601 1942 828 1983 studiositas,
850 1942 942 1975 sicut
963 1942 1099 1976 dictum
1123 1950 1175 1976 est
1199 1941 1439 1986 (art.p1·uec.),
1464 1940 1507 1975 ad
1529 1940 1779 1986 cognitionem

215 1996 380 2042 pertinet:
408 1996 468 2029 sed
492 1995 652 2039 cognitio
676 2005 748 2028 non
771 1995 923 2040 pertinet
945 1996 988 2028 ad
1009 1995 1156 2029 virtutes
1181 1994 1349 2036 morales,
1372 2005 1463 2040 quae
1485 2001 1566 2028 sunt
1588 1995 1623 2028 in
1645 1993 1779 2039 appeti-

215 2051 287 2083 tiva
310 2050 452 2082 animae
475 2057 585 2093 parte,
605 2049 666 2082 sed
690 2050 804 2093 magis
828 2049 870 2082 ad
894 2048 1166 2090 intellectuales,
1189 2059 1280 2094 quae
1303 2057 1384 2082 sunt
1408 2048 1444 2081 in
1471 2055 1570 2093 parte
1592 2046 1780 2092 cognosci-

215 2104 305 2144 tiva3
328 2103 421 2135 unde
445 2110 478 2135 et
512 2101 704 2135 solicitudo
734 2110 784 2135 est
812 2111 910 2136 actus
938 2102 1157 2148 prudentiae,
1189 2110 1227 2135 ut
1256 2112 1361 2147 supra
1390 2101 1554 2135 habitum
1582 2108 1635 2134 est
1657 2100 1701 2145 (q.
1723 2110 1778 2145 47.

215 2161 281 2190 art.
304 2157 374 2200 9.),·
399 2166 485 2200 ergo
507 2155 713 2188 studiositas
735 2166 807 2188 11011
831 2164 883 2189 est
905 2166 984 2201 pars
1007 2155 1278 2200 temperantiae.

290 2220 318 2254 3.
341 2209 576 2242 PRAETEREA.
600 2207 721 2241 Virtus
744 2220 834 2253 quae
858 2209 1001 2254 ponitur
1023 2220 1102 2254 pars
1126 2208 1274 2253 alicujus
1297 2207 1501 2254 principalis
1522 2206 1674 2248 virtutis,
1697 2206 1780 2240 assi-

217 2261 361 2296 milatur
384 2262 415 2295 ei
437 2269 611 2307 quantum
634 2262 677 2294 ad
696 2261 864 2296 modum:
884 2262 944 2295 sed
964 2262 1170 2296 studiositas
1189 2272 1262 2295 non
1283 2260 1500 2295 assimilatur
1520 2259 1779 2306 temperantiae

216 2324 390 2360 quantum
414 2315 456 2348 ad
479 2315 647 2348 modum:
673 2315 755 2360 quia
781 2315 1040 2360 temperantiae
1068 2326 1204 2349 nomen
1230 2315 1382 2348 sumitur
1409 2325 1450 2348 ex
1477 2313 1633 2359 quadam
1654 2312 1781 2348 refrae-

216 2369 382 2410 natione,
405 2367 498 2401 unde
522 2368 637 2412 magis
660 2368 853 2413 opponitur
871 2368 970 2409 vitio,
986 2368 1082 2413 quod
1105 2376 1158 2402 est
1178 2368 1213 2401 in
1236 2378 1401 2401 excessu:
1417 2378 1553 2401 nomen
1572 2374 1693 2400 autem
1711 2375 1780 2400 stu-

217 2422 392 2455 diositatis
414 2421 567 2455 sumitur
589 2432 606 2454 e
630 2421 810 2454 contrario
834 2433 875 2454 ex
898 2421 1138 2466 applicatione
1161 2421 1303 2455 animae
1320 2421 1363 2454 ad
1378 2420 1531 2466 aliquid3
1554 2420 1647 2454 unde
1663 2419 1779 2465 magis

216 2475 356 2508 videtur
379 2475 515 2520 opponi
536 2474 621 2507 vitio
645 2474 740 2520 quod
764 2482 816 2507 est
835 2475 869 2507 in
888 2474 1040 2515 defectu,
1059 2474 1196 2508 scilicet
1210 2474 1451 2519 negligentiae
1473 2473 1650 2516 studendi,
1671 2484 1780 2518 quam

217 2528 304 2561 vitio
332 2527 428 2572 quod
456 2535 508 2561 est
528 2527 564 2560 111
588 2538 746 2568 excessu,
773 2526 910 2560 scilicet
932 2528 1149 2569 curiositati;
1171 2527 1264 2561 unde
1292 2535 1436 2572 propter
1462 2527 1594 2560 horum
1621 2525 1784 2560 similitu-

218 2581 340 2614 dinem
363 2581 449 2614 dicit
470 2580 595 2614 Isidor.
619 2580 653 2613 in
676 2580 734 2613 lib.
763 2591 814 2614 10.
837 2580 953 2625 Etym.
977 2581 1034 2624 (ad
1059 2581 1106 2614 lit.
1129 2581 1179 2625 S),
1209 2581 1305 2626 quod
1327 2580 1507 2614 studiosus
1529 2579 1658 2613 dicitur
1680 2579 1781 2625 quasi

219 2634 343 2667 studiis
366 2634 549 2675 curiosus,
573 2644 658 2678 ergo
681 2633 886 2667 studiositas
908 2644 981 2666 non
1004 2642 1056 2667 est
1078 2645 1158 2680 pars
1180 2633 1450 2679 temperantiae.

290 2688 364 2721 SED
388 2698 542 2721 CONTRA
566 2695 628 2728 est,
651 2687 748 2732 quod
770 2687 922 2732 August.
946 2687 1030 2721 dicit
1052 2687 1086 2720 in
1109 2687 1168 2721 lib.
1192 2687 1234 2721 de
1249 2686 1340 2720 Mor.
1357 2685 1453 2720 Eccl.
1470 2686 1560 2733 (cap.
1574 2687 1664 2731 21.):
1682 2685 1782 2720 «Cu-

219 2741 302 2773 riosi
325 2752 401 2774 esse
425 2740 669 2786 prohibemur,
692 2740 787 2785 quod
811 2751 984 2784 magnum
1007 2740 1265 2785 temperantiae
1288 2751 1418 2774 munus
1441 2747 1493 2774 est
1511 2751 1548 2773 »ε
1576 2739 1638 2773 sed
1665 2738 1778 2772 curio-

218 2794 301 2827 sitas
324 2794 532 2839 prohibetur
554 2805 615 2839 per
637 2793 901 2828 studiositatem
921 2792 1165 2835 moderatam;
1189 2804 1275 2838 ergo
1297 2793 1504 2828 studiositas
1523 2800 1575 2827 est
1593 2803 1674 2838 pars
1692 2799 1782 2826 tem-

220 2856 412 2891 perantlae.
