1859 3122
444 200 665 236 QUAESTIO
701 200 903 231 CLXXXVI.
937 200 1181 231 ARTICULUS
1215 201 1241 230 Ι.
1513 202 1622 246 1219

135 278 290 315 Octavo.
312 280 367 315 De
391 281 661 327 comparatione
684 292 810 316 eorum
833 281 875 315 ad
903 281 1071 316 invicem.

131 332 251 367 Nono.
275 333 406 368 Utrum
429 335 617 380 religiosus
639 346 780 382 semper
803 335 1001 370 mortaliter
1026 343 1162 382 peccet,
1190 336 1334 382 quando
1356 337 1619 383 transgreditur

61 393 234 420 statutum
256 399 341 422 suae
363 389 521 433 regulae.

130 440 297 475 Decimo.
321 441 462 483 Utrum,
485 442 633 476 caeteris
655 442 807 488 paribus,
834 443 870 476 in
897 442 1027 477 eodem
1053 453 1184 488 genere
1213 444 1350 489 peccati
1381 443 1460 490 plus
1487 450 1614 490 peccet

60 493 261 539 religiosus,
284 506 391 541 quam
415 495 619 530 saecularis.

629 638 974 683 ARTICULUS
1011 639 1042 681 I.
1551 652 1619 696 884

252 745 402 775 UTRUM
435 746 610 776 Remoto
644 747 867 777 IMPORTET
901 747 1079 777 STATUM
1105 747 1428 778 PERFECTIONIS.

392 834 532 879 (Quodl.
551 847 579 880 5.
602 840 665 870 art.
687 847 735 870 21.
755 842 843 881 corp.
866 841 895 870 ct
917 841 1022 880 opusc.
1046 836 1096 870 18.
1119 842 1188 881 (ap.
1208 834 1286 879 16).

130 923 188 957 AD
203 933 351 957 PRtMUM
370 923 419 957 sic
442 923 656 969 proceditur.
678 923 833 964 Videtur,
850 923 945 969 quod
961 922 1088 967 religio
1107 934 1180 957 non
1203 923 1374 969 importet
1396 931 1527 957 statum
1543 935 1619 970 per-

57 976 240 1011 fectionis:
264 975 350 1010 illud
374 977 468 1010 enim
493 977 587 1022 quod
616 985 668 1011 est
695 977 737 1010 de
759 977 971 1010 necessitate
994 976 1128 1017 salutis,
1156 987 1229 1010 non
1251 977 1392 1010 videtur
1415 977 1457 1011 ad
1484 984 1616 1012 statum

58 1029 286 1076 perfectionis
308 1031 503 1076 pertinere:
527 1031 586 1064 sed
609 1031 736 1076 religio
760 1038 813 1064 est
835 1030 877 1063 de
895 1031 1108 1064 necessitate
1131 1029 1275 1064 salutis:
1296 1031 1377 1076 quia
1394 1036 1455 1077 per
1473 1043 1544 1065 eam
1560 1033 1618 1065 uni

57 1085 270 1130 onnzipotmtz'
293 1084 363 1117 Deo
386 1084 576 1127 religamur,
606 1084 697 1117 sicut
719 1084 812 1127 Aug.
841 1083 926 1117 dicit
947 1083 982 1116 in
1004 1082 1063 1116 lib.
1086 1083 1129 1116 de
1152 1083 1247 1116 Vera
1266 1083 1382 1129 Relig.
1403 1084 1493 1130 (rap.
1513 1084 1613 1128 ult.);

56 1137 112 1172 vel
136 1136 261 1181 religio
284 1137 412 1170 dicitur
434 1148 475 1170 ex
498 1148 553 1178 ρο,
576 1137 671 1182 quod
695 1138 805 1170 Deum
829 1137 1022 1181 redigimus,
1051 1148 1145 1182 quem
1173 1138 1387 1172 amiseramus
1413 1139 1615 1183 negligentes,

57 1199 95 1225 ut
116 1191 209 1236 Aug.
233 1191 317 1224 dicit
338 1191 373 1224 in
399 1201 450 1225 10.
473 1190 516 1224 de
536 1190 615 1224 Civ.
635 1190 701 1224 Dei
723 1190 812 1236 (cap.
835 1190 900 1234 4.)‚·
925 1201 1011 1235 ergo
1029 1189 1180 1232 videtur,
1203 1190 1299 1236 quod
1321 1190 1448 1236 religio
1464 1202 1537 1224 non
1555 1202 1618 1225 no-

57 1246 168 1279 minet
190 1243 420 1289 perfectionis
442 1251 585 1277 statum.

128 1308 158 1335 2.
172 1298 407 1332 PRAETEREA.
430 1298 551 1342 Religio
573 1297 774 1331 secundum
794 1295 958 1330 Tullium
981 1297 1056 1341 (lili.
1073 1307 1103 1331 2.
1119 1296 1154 1330 de
1169 1297 1313 1341 Inveni.)
1332 1305 1393 1339 est,
1412 1310 1430 1328 «
1445 1309 1536 1343 quae
1554 1308 1615 1331 na-

54 1361 154 1386 turae
184 1351 324 1385 divinae
347 1350 496 1391 cultum,
528 1358 562 1384 et
584 1351 854 1384 caeremoniam
877 1349 978 1384 affert
1000 1363 1039 1392 »3
1063 1351 1123 1384 sed
1148 1349 1273 1384 afferre
1292 1351 1372 1384 Deo
1404 1351 1552 1393 cultum,
1580 1360 1614 1386 et

57 1405 327 1439 caeremoniam
349 1405 463 1448 magis
486 1404 626 1438 videtur
647 1404 823 1450 pertinere
843 1404 885 1437 ad
906 1404 1076 1450 mysteria
1095 1415 1282 1438 sacrorum
1304 1403 1484 1446 ordinum,
1503 1416 1611 1450 quam

56 1458 99 1492 ad
122 1458 363 1492 diversitatem
387 1465 555 1498 statuum,
578 1465 616 1490 ut
638 1468 679 1490 ex
702 1468 807 1502 supra
831 1457 932 1490 dictis
956 1465 1052 1502 patet
1074 1458 1213 1503 (implic.
1237 1469 1266 1503 q.
1289 1459 1338 1492 81.
1358 1463 1420 1492 art.
1440 1470 1470 1493 2.
1487 1459 1566 1505 ad3.
1586 1464 1613 1494 et

54 1517 119 1547 art.
137 1511 203 1556 4.),·
227 1522 313 1556 ergo
335 1510 485 1551 videtur,
509 1510 604 1556 quod
627 1509 752 1555 religio
774 1521 848 1544 non
866 1511 1030 1544 nominet
1050 1510 1280 1556 perfectionis
1301 1517 1446 1545 statum.

129 1576 158 1611 3.
177 1565 412 1599 PRAETEREA.
430 1563 549 1597 Status
568 1563 797 1608 perfectionis
813 1563 1042 1608 distinguitur
1058 1571 1183 1598 contra
1198 1571 1331 1598 statum
1348 1564 1609 1610 incipientium,

56 1626 90 1652 et
109 1617 392 1664 proficientium:
416 1617 478 1650 sed
501 1617 609 1650 etiam
630 1617 666 1650 in
687 1615 861 1662 religione
884 1624 965 1650 sunt
984 1616 1094 1662 aliqui
1114 1617 1336 1662 incipientes,
1352 1625 1386 1652 et
1404 1617 1512 1664 aliqui
1530 1630 1612 1664 pro-

55 1671 235 1712 ficiente53
257 1681 343 1716 ergo
366 1669 491 1715 religio
514 1681 587 1704 non
607 1671 771 1704 nominat
794 1669 1023 1716 perfectionis
1045 1677 1187 1704 statum.

125 1734 157 1767 4.
180 1725 415 1759 PRAETEREA.
442 1723 583 1769 Religio
610 1723 749 1757 videtur
776 1734 853 1757 esse
879 1724 1120 1768 poenitentiae
1146 1723 1266 1757 locus:
1295 1723 1422 1758 dicitur
1449 1725 1546 1758 enirn
1573 1725 1610 1758 in

0 1767 1 1792 ³
54 1778 219 1813 Decretis
241 1788 272 1823 7.
292 1789 324 1823 q.
344 1787 372 1811 1.
394 1778 500 1823 (caps
522 1777 597 1811 Hoc
618 1777 857 1822 nequaqzmm):
882 1790 899 1808 «
922 1776 1099 1821 Praecipit
1125 1784 1248 1811 sancta
1275 1776 1455 1823 Synodus,
1478 1786 1515 1812 ut
1541 1779 1614 1824 qui-

55 1842 209 1878 cumque
233 1831 275 1864 de
296 1830 494 1876 pontificali
519 1829 691 1875 dignitate
719 1829 761 1863 ad
788 1829 1056 1864 monachorum
1079 1830 1201 1872 vitam,
1229 1837 1263 1864 et
1288 1831 1528 1876 poenitentiae
1557 1832 1613 1865 de-

54 1885 234 1919 scenderit
254 1883 390 1925 locum,
404 1894 604 1929 numquam
620 1883 663 1916 ad
677 1882 927 1928 pontificatum
949 1891 1111 1928 resurgat
1124 1896 1155 1917 »z
1168 1883 1229 1917 sed
1245 1883 1346 1917 locus
1369 1884 1611 1929 poenitentiae

55 1938 247 1984 opponitur
267 1937 372 1971 statui
394 1936 635 1983 perfectionis,
658 1936 752 1970 unde
774 1936 925 1982 Dionys.
949 1936 984 1969 in
1007 1936 1065 1969 lib.
1090 1947 1166 1981 cap.
1190 1936 1286 1971 Eccl.
1309 1937 1405 1971 hier.
1429 1937 1568 1983 (parum
1590 1949 1611 1972 α

53 1991 182 2038 princ.)
207 1991 308 2037 ponit
333 1990 558 2035 poenitentes
584 1990 619 2023 in
646 1989 771 2023 infimo
798 1989 895 2031 loco,
931 1989 1067 2024 scilicet
1087 1989 1178 2024 inter
1199 1990 1423 2036 purgandos3
1451 2002 1537 2037 ergo
1564 1991 1612 2025 vi-

55 2045 168 2086 detur,
190 2045 286 2090 quod
308 2044 434 2089 religio
457 2054 532 2076 non
558 2043 601 2077 sit
622 2050 733 2076 status
756 2041 996 2087 perfectionis.

127 2097 200 2131 SED
235 2107 389 2131 CONTRA
420 2104 483 2137 est,
503 2095 599 2142 quod
620 2096 656 2129 in
690 2095 956 2130 Collationibus
979 2096 1128 2130 Patrum
1165 2095 1286 2140 (collat.
1308 2109 1336 2131 Ι.
1359 2103 1429 2143 cap.
1453 2097 1501 2143 7.)
1525 2097 1611 2132 dicit

55 2151 177 2185 Abbas
199 2150 346 2196 Moyses
368 2149 410 2183 de
433 2149 609 2194 religiosis
636 2148 806 2194 loquens:
832 2162 850 2180 ((
867 2149 1092 2195 Jejuniorum
1120 2150 1267 2195 inedias,
1289 2150 1442 2196 vigilias,
1469 2151 1610 2186 labores

57 2204 228 2249 corporis,
243 2203 454 2244 nuditatem,
468 2202 674 2243 lectionem,
691 2210 920 2248 caeterasque
939 2202 1086 2236 virtutes
1109 2203 1237 2237 debere
1259 2215 1325 2238 nos
1348 2205 1528 2249 suscipere
1549 2217 1611 2239 no-

54 2259 223 2299 verimus,
246 2264 281 2290 ut
305 2256 347 2290 ad
370 2255 628 2301 perfectionem
651 2255 832 2289 charitatis
854 2255 929 2289 istis
952 2256 1118 2300 gradibus
1145 2256 1325 2301 possimus
1354 2257 1547 2291 ascendere
1568 2269 1608 2292 »ε

55 2312 117 2346 sed
139 2323 180 2345 ea
201 2321 292 2356 quae
315 2310 358 2343 ad
380 2309 560 2342 humanos
584 2316 682 2342 actus
704 2309 892 2353 pertinent,
915 2308 956 2342 ab
980 2309 1176 2343 intentione
1198 2309 1277 2343 finis
1300 2311 1470 2355 speciem,
1489 2318 1523 2344 et
1549 2322 1610 2345 no-

56 2377 141 2399 rnen
162 2364 353 2409 recipiunr3
375 2374 459 2408 ergo
482 2361 642 2407 religiosi
662 2362 839 2406 pertinent
854 2361 897 2395 ad
913 2369 1043 2395 statum
1063 2361 1310 2407 perfectionis:
1326 2363 1477 2409 Dionys.
1500 2365 1609 2398 etiam

55 2417 87 2452 6.
111 2429 186 2463 cap.
210 2416 306 2451 Eccl.
330 2416 427 2449 Hier.
451 2415 530 2460 (loc.
553 2415 623 2459 cit.)
647 2415 731 2448 dicit
756 2427 773 2446 ‹<
795 2426 868 2456 eos,
891 2415 950 2460 qui
968 2415 1200 2449 nominantur
1222 2415 1290 2449 Dei
1311 2415 1449 2458 famuli,
1480 2428 1521 2450 ex
1539 2417 1608 2451 Dei

56 2482 146 2518 puro
169 2470 327 2511 servitio,
350 2478 384 2503 et
401 2467 588 2509 famulatu,
610 2468 702 2501 uniri
724 2468 766 2501 ad
790 2467 983 2502 amabilem
1005 2467 1264 2514 perfectionem
1286 2482 1318 2502 ³).

127 2524 356 2558 RESPONDEO
384 2521 587 2562 dicendum,
609 2520 717 2566 quod,
739 2521 830 2555 sicut
851 2532 893 2554 ex
914 2532 1020 2566 supra
1042 2521 1144 2555 dictis
1171 2529 1268 2567 patet
1289 2522 1336 2567 (q.
1359 2533 1428 2566 141.
1451 2529 1522 2569 cap.
1545 2523 1608 2568 2.)‚

56 2577 90 2612 id
111 2577 207 2623 quod
235 2575 477 2610 communiter
504 2573 624 2607 multis
652 2574 830 2616 convenit,
854 2574 1142 2608 antonomastice
1170 2575 1371 2608 attribuitur
1397 2575 1438 2618 ei,
1466 2576 1521 2609 cui
1548 2587 1610 2621 per

56 2630 307 2665 excellentiam
331 2628 512 2663 convenit:
537 2628 627 2661 sicut
648 2638 784 2660 nomen
805 2626 1021 2661 fortitudinis
1042 2627 1199 2661 vindicat
1220 2628 1285 2661 sibi
1304 2627 1365 2661 illa
1378 2629 1500 2670 virtus,
1519 2640 1609 2674 quae

58 2684 151 2718 circa
174 2681 383 2716 difficillima
406 2681 610 2714 firmitatem
647 2680 758 2713 animi
779 2689 906 2722 servat,
935 2689 968 2714 et
993 2682 1252 2726 temperantiae
1284 2692 1420 2715 nornen
1453 2683 1610 2716 vindicat

57 2737 123 2771 sibi
144 2736 204 2770 illa
218 2737 338 2777 virtus,
354 2745 444 2780 quae
458 2741 634 2780 temperat
655 2734 830 2767 maximas
853 2733 1127 2768 delectationes:
1151 2733 1277 2779 religio
1297 2742 1427 2776 autem,
1447 2743 1484 2768 ut
1502 2747 1609 2781 supra

57 2790 220 2824 habitum
243 2796 297 2822 est
317 2789 364 2833 (q.
380 2788 430 2823 81.
446 2792 508 2822 art.
527 2787 588 2831 2.),
613 2794 665 2820 est
687 2787 864 2832 quaedam
885 2788 1006 2828 virtus,
1021 2797 1082 2832 per
1104 2798 1214 2832 quam
1236 2787 1361 2834 aliquis
1385 2788 1427 2821 ad
1448 2789 1517 2822 Dei
1535 2800 1608 2822 ser—

57 2844 195 2885 vitium,
218 2850 252 2876 et
274 2841 410 2876 cultum
433 2840 564 2887 aliquid
587 2840 748 2881 exhibet3
770 2848 804 2874 et
824 2840 906 2874 ideo
926 2841 1162 2875 antomastice
1183 2840 1340 2887 religiosi
1360 2841 1524 2875 dicuntur
1545 2841 1604 2884 illi:

59 2898 170 2944 quise
184 2896 342 2931 totaliter
357 2894 564 2940 mancipant
585 2894 704 2928 divino
727 2893 883 2936 servitio,
898 2893 999 2939 quasi
1019 2893 1275 2928 holocaustum
1296 2894 1377 2929 Deo
1397 2893 1605 2930 offerentes:
