1859 3122
454 157 675 194 QUAESTIO
711 155 838 187 CLXV.
872 153 1116 185 ARTICULUS
1149 153 1193 183 11.
1490 138 1594 180 1081

46 240 236 287 cupiditate
258 239 454 285 deceperis,
482 240 572 274 idest
598 247 818 285 peccatores,
849 237 909 283 qui
942 244 1057 271 terrae
1088 234 1237 270 nomine
1259 233 1520 280 significantur:
1543 231 1601 266 vel

45 302 139 328 certe
160 295 303 328 tertium
326 305 438 338 genus
459 293 666 327 tentationis
688 292 743 326 his
765 292 882 326 verbis
904 290 1087 335 figuratur,
1109 288 1206 335 quod
1228 296 1281 322 est
1307 287 1512 321 curiositas:
1535 293 1602 320 ter-

43 359 121 382 ram
140 348 238 382 enirn
251 347 312 393 qui
326 347 531 389 manducat,
550 345 738 393 profunda,
755 354 790 380 et
803 345 994 379 tenebrosa
1012 350 1183 389 penetrat.
1199 341 1267 375 Per
1281 341 1352 375 hoc
1369 348 1488 374 autem
1503 338 1599 386 quod

44 400 253 435 inimicitiae
275 408 456 446 ponuntur
478 400 568 434 inter
590 400 719 446 ipsum,
742 407 775 433 et
802 397 1005 438 mulierem,
1033 396 1230 430 ostenditur
1255 406 1322 428 nos
1347 405 1421 428 non
1448 404 1553 440 posse
1581 403 1601 426 a

45 453 190 488 diabolo
212 454 351 495 tentari,
374 454 442 487 nisi
464 465 525 499 per
547 453 647 487 illam
670 451 865 486 animalem
888 459 1037 497 partem,
1060 461 1150 496 quae
1174 449 1275 495 quasi
1297 447 1456 482 mulieris
1478 446 1602 491 imagi-

44 519 128 541 nem
150 507 186 541 in
207 507 356 541 homine
380 509 480 551 gerit,
502 507 576 541 sive
599 506 771 541 ostendit:
795 517 918 540 semen
945 513 1065 538 autem
1093 503 1227 537 diaboli
1253 511 1306 536 est
1331 512 1496 548 perversa
1518 511 1600 545 sug-

45 561 172 607 gestio,
195 572 320 595 semen
343 560 502 594 mulieris
524 559 658 594 fructus
679 560 764 594 boni
787 559 916 604 operis,
950 569 1021 604 quo
1056 568 1244 603 perversae
1271 555 1496 601 suggestioni
1521 556 1602 588 resi-

45 614 124 657 stit;
143 622 178 648 et
191 614 273 648 ideo
296 615 462 648 observat
480 625 625 660 serpens
644 613 804 660 plantam
827 612 997 653 mulieris,
1014 619 1051 645 ut
1069 611 1097 645 si
1112 611 1255 656 quando
1270 610 1306 643 in
1320 609 1444 643 illicita
1462 608 1603 649 labitur,

46 667 238 702 delectatio
257 667 355 701 illam
372 668 507 712 capiat:
524 675 558 701 et
576 666 636 700 illa
657 667 823 700 observat
838 673 945 712 caput
959 666 1044 710 ejus,
1060 672 1097 698 ut
1111 675 1193 698 eum
1213 664 1248 697 in
1267 663 1346 709 ipso
1365 662 1466 696 initio
1486 661 1604 695 malae

45 721 222 755 suasionis
249 720 424 755 excludat.

509 982 863 1044 QUAESTIO
912 980 1136 1028 CLXVI.

241 1114 304 1146 DE
330 1112 683 1150 STUDIOSITATE,
713 1112 764 1142 IN
790 1111 915 1143 DUOS
942 1110 1203 1141 ARTICULOS
1230 1108 1404 1140 DIVISA.

118 1255 250 1289 Postea
271 1253 573 1289 considerandum
596 1261 650 1287 est
669 1252 713 1286 de
739 1251 975 1294 studiositate‚
997 1259 1032 1286 et
1053 1249 1260 1284 curiositate
1282 1248 1349 1283 sibi
1370 1247 1546 1294 opposita.

436 1342 538 1377 Circa
556 1341 788 1376 stadfositatem
810 1346 916 1375 autem
935 1345 1137 1387 quaarzcnlm·
1155 1339 1228 1374 duo.

122 1414 257 1448 Primo.
281 1413 387 1454 Quae
409 1414 454 1448 sit
475 1413 625 1447 materia
647 1412 890 1447 studiositatis.

123 1467 305 1502 Secundo.
328 1467 460 1502 Utrum
482 1467 526 1501 sit
548 1478 627 1512 pars
649 1466 918 1512 temperantiae.

628 1609 970 1654 ARTICULUS
1005 1609 1038 1651 I.
1541 1619 1609 1653 800

184 1719 337 1750 UTRUM
364 1719 554 1749 MATERIA
581 1717 915 1748 STUDIOSITATIS
944 1717 1010 1746 SIT
1039 1716 1214 1746 PROPRIE
1243 1714 1474 1745 COGNITIO.

285 1807 402 1854 (Supr.
425 1819 454 1853 q.
477 1807 551 1842 160.
574 1812 639 1842 art.
662 1818 692 1841 2.
715 1812 805 1853 corp.
828 1810 855 1839 et
875 1805 956 1851 infr.
978 1817 1007 1850 q.
1030 1805 1102 1850 167.
1122 1809 1182 1838 art.
1208 1816 1234 1839 1.
1257 1803 1378 1849 corp).

127 1896 185 1930 AD
214 1907 364 1931 PRIMUM
394 1896 444 1930 sic
474 1896 691 1942 proceditur.
721 1895 882 1937 Videtur,
910 1894 1005 1940 quod
1032 1893 1184 1927 materia
1210 1891 1443 1926 studiositatis
1468 1902 1542 1924 non
1570 1890 1615 1924 sit

55 1949 198 1996 proprie
221 1949 400 1995 cognitio:
423 1949 604 1984 studiosus
627 1949 723 1982 enim
746 1949 874 1982 dicitur
895 1947 1021 1993 aliquis
1042 1959 1084 1981 ex
1103 1958 1159 1988 eo,
1178 1945 1274 1992 quod
1295 1945 1440 1978 adhibet
1456 1944 1615 1978 studium

57 2003 233 2049 aliquibus
254 2003 378 2038 rebus:
400 2003 461 2036 sed
487 2003 523 2036 in
551 2002 708 2048 qualibet
733 2002 883 2036 materia
910 2001 1014 2035 debet
1038 2001 1152 2034 homo
1179 1999 1337 2034 studium
1364 1998 1544 2042 adhibere,
1572 1997 1616 2031 ad

56 2057 128 2090 hoc
156 2056 252 2102 quod
278 2064 375 2090 recte
401 2055 509 2090 faciat
535 2056 630 2101 quod
658 2063 710 2089 est
734 2055 956 2098 faciendum3
979 2065 1065 2100 ergo
1087 2053 1237 2095 videtur,
1259 2052 1356 2099 quod
1377 2063 1451 2086 non
1473 2052 1517 2086 sit
1543 2062 1618 2096 spe-

59 2109 159 2144 cialis
180 2110 330 2143 materia
352 2109 586 2143 studiositatis
608 2109 781 2154 cognitio.

131 2172 161 2196 2.
183 2163 419 2197 PRAETEREA.
448 2162 662 2196 Studiositas
693 2162 890 2196 curiositati
916 2161 1126 2207 opponitur:
1156 2161 1218 2194 sed
1248 2159 1447 2200 curiositas,
1479 2169 1570 2204 quae
1597 2168 1617 2191 a

61 2227 145 2250 cura
166 2215 306 2257 dicitur,
325 2223 443 2261 potest
460 2227 537 2250 esse
553 2215 661 2249 etiarn
680 2215 775 2249 circa
789 2223 956 2249 ornatum
970 2214 1136 2255 vestium,
1152 2222 1187 2248 et
1200 2213 1294 2248 circa
1310 2212 1379 2246 alia
1397 2210 1620 2257 hujusmodi,

61 2281 152 2315 quae
173 2269 351 2316 pertinent
373 2269 416 2302 ad
439 2280 588 2314 corpus;
610 2269 703 2303 unde
726 2268 891 2314 Apostol.
915 2268 1000 2302 dicit
1021 2268 1063 2301 ad
1087 2268 1193 2301 Rom.
1217 2278 1287 2312 13.:
1309 2266 1431 2300 Carnis
1445 2276 1561 2300 curam
1580 2276 1618 2297 ne

58 2324 202 2368 feceritis
219 2324 254 2356 in
275 2322 463 2362 desiduus,-
487 2333 574 2367 ergo
597 2322 801 2356 studiositas
823 2333 897 2355 non
920 2330 973 2356 est
993 2321 1114 2355 solum
1137 2321 1232 2354 circa
1255 2320 1515 2365 cognitionem.

136 2387 165 2422 3.
187 2377 422 2410 PRAETEREA.
446 2375 604 2409 Hierem.
627 2376 658 2409 6.
682 2376 826 2409 dicitur:
846 2377 876 2410 A
896 2377 1023 2409 minora
1045 2386 1140 2420 nsque
1162 2373 1204 2407 ad
1227 2375 1385 2418 szjon’m
1409 2383 1516 2406 omnes
1537 2382 1619 2405 avez-

61 2431 161 2464 ritiae
181 2429 304 2464 student
317 2442 326 2463 .·
347 2429 408 2462 sed
431 2428 577 2462 avaritia
598 2440 672 2462 non
695 2436 746 2462 est
767 2429 906 2474 proprie
930 2428 1024 2462 circa
1043 2427 1302 2473 cognitionem,
1318 2425 1379 2460 sed
1394 2425 1510 2471 magis
1525 2424 1621 2458 circa

62 2483 331 2530 possessionem
353 2482 568 2523 divitiarum,
583 2489 621 2515 ut
634 2493 739 2528 supra
758 2482 894 2516 dictum
909 2490 962 2515 est
976 2483 1020 2527 (q.
1040 2482 1107 2515 118.
1127 2486 1192 2515 art.
1207 2481 1277 2525 2.);
1299 2490 1385 2524 ergo
1402 2478 1621 2518 studiositas,

64 2547 156 2582 quae
179 2547 198 2569 a
219 2536 336 2570 studio
359 2535 498 2576 dicitur,
519 2546 593 2568 non
616 2542 668 2569 est
688 2536 830 2581 proprie
853 2535 948 2568 circa
971 2533 1230 2579 cognitionem.

137 2589 211 2624 SED
227 2598 383 2623 CONTRA
401 2596 465 2630 est,
487 2588 583 2634 quod
606 2588 734 2622 dicitur
754 2588 860 2622 Prov.
881 2598 935 2633 27.
951 2599 958 2621 z
976 2587 1074 2622 Stude
1094 2588 1285 2633 sapientiae,
1303 2585 1351 2628 fili
1369 2586 1427 2627 mi,
1442 2590 1471 2619 et
1485 2584 1623 2626 laetifica

66 2655 123 2678 cor
143 2655 265 2683 meum,
288 2646 324 2676 ut
340 2642 441 2687 possis
462 2641 649 2687 respondere
667 2643 880 2687 exprobranti
897 2653 1077 2675 sermonem
1093 2653 1102 2674 .·
1119 2640 1180 2674 sed
1199 2639 1326 2673 eadem
1341 2638 1546 2673 studiositas
1562 2645 1626 2678 est,

67 2706 158 2741 quae
179 2695 344 2729 laudatur
365 2702 403 2728 ut
423 2694 546 2736 virtus,
569 2702 603 2728 et
624 2694 667 2728 ad
689 2706 797 2740 quam
818 2694 875 2728 lex
896 2694 1038 2736 invitat3
1067 2704 1152 2738 ergo
1180 2692 1385 2726 studiositas
1412 2699 1464 2725 est
1485 2690 1627 2736 proprie

68 2749 164 2783 circa
185 2748 446 2794 cognitionem.

139 2801 368 2835 RESPONDEO
392 2800 596 2842 dicendum,
615 2800 712 2846 quod
729 2800 887 2835 studium
901 2800 1044 2846 proprie
1060 2799 1230 2845 importat
1244 2798 1499 2832 vehementem
1521 2795 1633 2842 appli-

70 2855 254 2889 cationem
275 2854 407 2888 mentis
430 2853 473 2887 ad
496 2853 647 2900 aliquid:
671 2865 772 2888 mens
795 2862 916 2888 autem
937 2865 1011 2887 non
1034 2852 1232 2899 applicatur
1254 2851 1296 2886 ad
1320 2851 1465 2897 aliquid,
1487 2850 1554 2884 nisi
1574 2861 1631 2884 co-
