1905 3137
261 189 338 218 112
694 188 914 224 QUAESTIO
947 189 1004 219 XI.
1038 189 1282 220 ARTICULUS
1315 189 1375 219 111.

254 269 322 304 tius
344 269 533 311 intuentes,
555 269 646 304 sicut
668 270 762 315 Aug.
786 270 871 305 dicit
891 271 966 317 (lib.
990 284 1016 306 Ι.
1040 271 1075 306 de
1100 271 1180 306 Gen.
1204 275 1286 306 cont.
1314 271 1462 306 Matzich.
1489 278 1559 318 cap.
1586 271 1658 317 1.):
1686 271 1748 306 sed
1770 282 1812 306 ex

253 323 451 357 intentione
473 334 600 357 eorum
615 331 667 357 θεῖ
685 335 915 370 corrumpere
936 324 1064 367 fidem3
1081 324 1176 371 quod
1193 332 1244 358 est
1262 324 1410 358 maximi
1424 325 1634 359 nocumenti
1649 337 1657 367 3
1679 332 1714 359 et
1731 324 1812 358 ideo

256 376 371 421 magis
392 376 658 422 respiciendum
680 385 732 411 est
762 377 804 411 ad
825 377 872 419 id,
904 378 999 424 quod
1023 386 1075 412 est
1105 389 1167 424 per
1188 389 1225 412 se
1253 377 1295 411 de
1318 389 1446 412 eorum
1467 378 1678 421 intentione,
1700 385 1738 412 ut
1759 388 1813 411 ex-

257 428 456 471 cludantur,
498 441 606 475 quam
634 430 676 463 ad
710 430 793 472 hoc,
821 431 916 476 quod
951 439 1003 465 θεῖ
1035 439 1175 477 praeter
1209 442 1336 465 eorum
1370 431 1619 473 intentionem,
1649 438 1687 464 ut
1712 430 1813 465 susti-

255 490 416 515 neantur.

325 535 384 569 AD
413 545 584 570 TERT1UM
611 536 814 579 dicendum,
842 537 950 583 quod,
965 537 1056 572 sicut
1073 538 1225 571 habetur
1251 537 1286 571 in
1316 538 1423 571 Decr.
1447 547 1500 579 24.
1526 537 1570 582 (q.
1589 549 1616 583 3.
1633 543 1726 583 calm
1747 537 1813 571 Νο-

255 588 419 633 tandmn),
447 602 463 620 «
487 589 582 623 aliud
605 599 657 624 est
679 591 1065 632 exconiimmicatiQet
1084 591 1179 625 aliud
1202 591 1395 625 eradicatio
1416 605 1446 624 n.
1468 591 1815 624 Excomniunicatur

255 642 349 675 enim
375 642 417 675 ad
439 643 509 677 hoc
534 643 672 689 aliquis,
695 652 733 678 ut
755 645 802 678 ait
821 645 947 689 Apost.
972 645 1016 689 (r.
1043 645 1120 679 Cor.
1145 645 1183 689 5.)
1205 650 1240 679 nt
1257 645 1391 691 spiritns
1412 647 1480 690 ejus
1499 645 1611 678 salvus
1623 645 1688 690 fiat
1709 645 1743 678 in
1764 643 1814 678 dic

255 697 421 730 Domini.-
445 697 473 729 si
492 704 612 730 tamen
635 697 774 731 totalite
797 698 1023 732 eradicentur
1045 709 1106 743 per
1125 706 1281 732 mortem
1315 698 1498 740 haeretici,
1530 709 1603 731 non
1631 705 1684 731 est
1706 697 1814 731 etiam

255 757 380 782 contra
407 750 617 784 mandatum
639 751 809 793 Dominig
833 751 929 797 quod
952 759 1003 785 est
1025 751 1060 784 in
1083 762 1126 785 eo
1150 763 1234 785 casu
1261 751 1547 797 intelligendum,
1570 750 1714 797 quando
1736 761 1810 784 non

254 811 404 848 possunt
426 804 591 849 extirpari
612 804 747 837 zizania
769 805 845 838 sine
861 804 1096 850 extirpatione
1115 805 1233 846 tritici,
1252 812 1290 838 ut
1307 816 1412 850 supra
1428 804 1564 839 dictum
1579 811 1631 838 est
1648 805 1815 850 (q.praec.

256 861 318 890 art.
342 857 373 891 S.
400 868 471 902 arg.
494 857 552 901 L),
573 869 655 892 curn
677 857 720 891 de
742 857 946 892 infidelibus
968 858 1003 891 in
1031 858 1219 892 communi
1241 865 1416 903 ageretur.

803 998 1146 1044 ARTICULUS
1182 999 1257 1042 IV.
1770 1009 1815 1046 66

286 1105 437 1135 UTRUM
460 1106 765 1136 REVERTENTES
794 1107 844 1135 ΑΒ
873 1107 1053 1137 HAERESI
1081 1107 1178 1138 SINT
1205 1107 1257 1136 AB
1285 1106 1494 1136 ECCLESIA
1520 1106 1781 1137 RECIPIENDI.

838 1195 976 1240 (Quodl.
992 1208 1046 1232 20.
1065 1201 1129 1230 art.
1153 1195 1236 1238 16).

328 1284 387 1318 AD
410 1294 597 1322 QUARTUM
631 1284 680 1318 sic
714 1285 927 1330 proceditur.
950 1285 1112 1327 Videtur,
1147 1285 1243 1331 quod
1276 1292 1493 1319 revertentes
1521 1284 1562 1318 ab
1583 1284 1725 1318 haeresi
1746 1284 1815 1320 sint

261 1337 410 1370 ornnino
434 1338 475 1370 ab
498 1337 659 1371 Ecclesia
682 1339 891 1384 recipiendi:
920 1339 1048 1372 dicitur
1070 1339 1165 1372 enim
1183 1339 1314 1383 Jerem.
1340 1350 1367 1384 3.
1397 1350 1438 1373 ex
1465 1349 1619 1384 persona
1640 1338 1814 1372 Domini:

257 1391 439 1425 Fornisataez
460 1403 489 1425 es
516 1403 589 1425 cum
612 1393 814 1426 amatoribus
831 1393 960 1432 mzdtis;
985 1398 1091 1427 tamen
1110 1398 1272 1427 revertere
1298 1392 1340 1426 ad
1359 1405 1420 1434 ma,
1440 1392 1520 1426 dicit
1543 1393 1731 1426 Dominus:
1753 1392 1814 1426 sed

257 1443 440 1478 Ecclesiae
462 1444 635 1489 judicium
670 1453 722 1479 θεῖ
754 1446 928 1490 judicium
949 1446 1030 1487 Dei,
1052 1445 1252 1480 secundum
1278 1445 1365 1479 illud
1391 1446 1498 1480 Deut.
1526 1456 1570 1479 1.:
1598 1446 1651 1480 Ita
1667 1451 1815 1491 parvum

256 1497 392 1531 audistis
413 1502 446 1530 ul
468 1509 621 1541 nmgmtm
640 1511 649 1532 .·
672 1511 770 1544 nequa
784 1501 946 1545 arripiatis
969 1502 1163 1545 cujusquam
1181 1505 1370 1545 personam,
1387 1501 1465 1545 qnia
1488 1500 1556 1533 Dal*
1567 1499 1734 1544 judicium
1748 1504 1813 1540 est;

257 1562 342 1596 ergo
365 1551 394 1584 si
416 1550 529 1596 aliqui
550 1550 714 1585 fornicati
729 1551 859 1586 tuerint
882 1564 944 1598 per
966 1552 1225 1594 infidelitatem,
1249 1564 1340 1599 quae
1363 1560 1415 1587 est
1436 1551 1628 1599 spiritualis
1660 1551 1812 1586 fornica·
1860 1550 1861 1553 ’

257 1604 320 1646 tio,
342 1603 578 1638 nihilominus
601 1613 683 1639 sunt
705 1606 911 1652 recipiendi.

329 1667 358 1691 2.
387 1658 621 1692 PRAETEREA.
644 1659 826 1693 Dominus
861 1659 988 1694 Matth.
1031 1660 1082 1694 18.
1117 1660 1223 1694 Petro
1259 1659 1417 1701 mandat,
1451 1667 1489 1694 ut
1525 1658 1623 1694 fratri
1648 1658 1814 1706 peccanti

256 1710 409 1744 dimittat
424 1723 487 1744 non
503 1712 607 1745 solnm
622 1714 741 1757 septies,
753 1713 804 1747 sad
822 1725 919 1758 nsque
931 1715 1110 1759 septuagies
1126 1715 1237 1760 septies
1248 1726 1257 1748 ,·
1270 1724 1332 1759 per
1347 1724 1438 1759 quae
1460 1712 1681 1758 intelligitur,
1692 1723 1816 1746 secun-

256 1764 342 1797 dum
361 1764 623 1809 expositionem
646 1765 794 1799 Hieron.
819 1766 867 1809 (in
883 1767 965 1801 Imm-
989 1767 1080 1811 lotz),
1099 1767 1195 1812 quod
1213 1767 1513 1812 quotiescumque
1536 1765 1663 1812 aliquis
1685 1777 1815 1812 pecca-

255 1817 355 1858 verit,
376 1825 427 1851 est
449 1818 479 1851 ei
502 1818 874 1865 diniittendt11n30rg0
890 1820 1189 1866 quotiescumque
1209 1819 1336 1866 aliquis
1354 1820 1558 1865 peccaverit
1579 1819 1614 1852 in
1636 1818 1816 1853 haeresim

257 1870 428 1916 relapsus,
452 1871 516 1904 erit
539 1871 579 1904 ab
603 1871 764 1906 Ecclesia
786 1873 1044 1919 suscipiendus.

332 1935 360 1969 3.
376 1923 611 1958 PRAETEREA.
628 1924 794 1959 Haeresis
814 1934 864 1960 est
888 1926 1066 1972 quaedam
1087 1926 1292 1960 infidelitas:
1317 1925 1378 1960 sed
1401 1925 1460 1959 alii
1478 1925 1641 1960 infideles
1654 1924 1817 1960 volentes

259 1977 421 2011 converti
442 1977 483 2010 ab
506 1977 668 2012 Ecclesia
689 1979 949 2025 suscipiuntur,
972 1991 1058 2026 ergo
1082 1980 1191 2014 etiam
1209 1979 1381 2014 haeretici
1402 1987 1484 2013 sunt
1505 1979 1710 2025 recipiendi.

332 2030 406 2064 SED
429 2041 583 2065 CONTRA
607 2040 670 2073 θεῖ,
693 2032 789 2077 quod
810 2033 1027 2067 Decretalis:
1052 2033 1107 2068 Ad
1139 2032 1332 2067 abolendam
1360 2032 1412 2078 (de
1435 2033 1633 2075 Haereticis,
1661 2038 1734 2079 cap.
1766 2031 1818 2078 9.)

260 2083 356 2123 dicit,
371 2084 467 2129 quod
489 2084 518 2118 si
540 2084 648 2130 aliqui
666 2093 747 2131 post
769 2086 1030 2131 abjurationem
1051 2087 1179 2120 erroris
1195 2086 1410 2132 deprehensi
1423 2085 1554 2120 fuerint
1568 2087 1603 2120 in
1619 2085 1818 2131 abjuratam

259 2136 439 2170 haeresim
461 2137 642 2179 recidisse,
665 2138 839 2172 saeculari
861 2139 995 2185 judicio
1018 2149 1100 2174 sunt
1121 2139 1362 2186 relinquendi3
1385 2150 1458 2173 non
1481 2150 1568 2185 ergo
1591 2139 1632 2173 ab
1655 2138 1818 2173 Ecclesia

261 2197 343 2224 sunt
363 2190 569 2236 recipiendi.

332 2243 559 2278 ResPoNnEo
591 2244 796 2287 dicendum,
823 2245 919 2291 quod
950 2246 1112 2280 Ecclesia
1139 2246 1339 2281 secundum
1366 2245 1517 2279 Domini
1546 2245 1819 2286 institutionem,

263 2296 475 2330 charitatem
497 2308 599 2331 suam
623 2298 780 2332 extendit
801 2299 843 2332 ad
864 2310 991 2334 omnes
1013 2311 1086 2333 non
1108 2299 1229 2334 solum
1257 2299 1406 2340 amicos,
1428 2310 1555 2332 verum
1577 2298 1685 2333 etiam
1707 2297 1822 2333 inimi-

263 2361 337 2392 cos,
360 2358 394 2384 et
414 2359 680 2396 persequentes,
708 2352 907 2386 secundun]
934 2352 1020 2386 illud
1049 2353 1174 2387 Matth.
1202 2364 1249 2398 5.:
1272 2353 1412 2398 Diligit&
1440 2352 1590 2386 inimicos
1614 2357 1745 2394 vestros,
1774 2353 1821 2386 be-

262 2404 402 2447 nefacite
425 2404 483 2445 his,
504 2405 560 2449 qui
581 2403 716 2438 oderunt
736 2416 815 2439 vos:
838 2406 990 2451 pertinet
1013 2414 1132 2440 autem
1160 2406 1202 2440 ad
1232 2406 1455 2447 charitatem,
1477 2413 1514 2439 ut
1537 2405 1662 2451 aliquis
1683 2406 1820 2440 bonum

263 2457 417 2502 proximi
441 2465 474 2491 et
494 2456 590 2499 velit,
615 2466 649 2492 et
675 2466 859 2504 operetur:
884 2467 936 2492 est
958 2467 1077 2492 autem
1104 2459 1222 2505 duplex
1248 2459 1406 2492 bonum:
1429 2471 1532 2492 unum
1559 2459 1703 2505 quidem
1725 2458 1822 2504 spiri-

262 2509 369 2551 tuale,
392 2509 528 2544 scilicet
554 2510 649 2544 salus
677 2512 829 2553 animae,
857 2512 952 2557 quod
980 2512 1222 2558 principaliter
1251 2512 1396 2558 respicit
1425 2511 1598 2546 charitas:
1626 2512 1696 2546 hoc
1724 2512 1820 2546 enim

264 2563 411 2608 quilibet
432 2574 473 2597 ex
496 2564 668 2598 charitate
692 2565 795 2598 debet
817 2565 876 2597 alii
897 2565 1008 2607 velle3
1032 2566 1124 2599 unde
1149 2573 1322 2611 quantum
1346 2565 1388 2598 ad
1411 2565 1494 2606 hoc,
1516 2565 1688 2599 haeretici
1709 2576 1821 2599 rever-

263 2625 388 2658 tentes,
409 2617 705 2663 quotiescumque
725 2617 852 2663 relapsi
867 2617 1008 2660 fuerint,
1024 2619 1065 2651 ab
1083 2618 1242 2652 Ecclesia
1258 2618 1477 2663 recipiuntur
1492 2618 1534 2651 ad
1550 2618 1820 2664 poenitentiam,

265 2682 327 2715 per
341 2681 448 2715 quam
464 2670 682 2716 impenditur
701 2671 750 2704 eis
765 2671 820 2704 via
839 2671 977 2705 salutis:
1002 2671 1092 2705 alind
1115 2680 1233 2705 autem
1254 2679 1306 2705 est
1319 2671 1467 2713 bonum,
1491 2671 1586 2716 quod
1608 2671 1820 2705 secundario

265 2722 409 2767 respicit
431 2723 596 2764 charitas,
612 2723 747 2757 scilicet
761 2723 896 2757 bonum
919 2723 1137 2769 temporale,
1158 2725 1249 2757 sicut
1268 2732 1318 2757 est
1329 2724 1401 2757 vita
1417 2723 1626 2769 corporalis,
1641 2723 1820 2768 possessio

267 2776 460 2817 mundana,
483 2784 516 2810 et
537 2776 632 2809 bona
654 2775 760 2818 sama,
788 2785 821 2810 et
848 2777 1000 2822 dignitas
1024 2777 1278 2818 ecclesiastica,
1300 2778 1373 2810 sive
1396 2776 1604 2811 saecularis:
1631 2777 1702 2810 hoc
1725 2776 1821 2810 enim

267 2839 340 2862 non
361 2836 526 2863 tenemur
549 2842 588 2863 ex
612 2830 785 2864 charitate
813 2829 889 2864 aliis
911 2829 1015 2871 velle,
1042 2830 1108 2863 nisi
1131 2830 1164 2864 in
1189 2830 1313 2864 ordine
1337 2830 1379 2863 ad
1407 2830 1559 2864 salutem
1579 2837 1761 2864 aeternam
1788 2836 1822 2863 et

268 2893 406 2925 eorum,
429 2891 463 2917 et
486 2883 658 2926 aliorum3
682 2884 775 2918 unde
798 2884 825 2918 si
849 2883 979 2930 aliquid
1008 2884 1050 2919 de
1077 2884 1287 2929 hujusmodi
1308 2883 1411 2918 bonis
1435 2884 1587 2918 existens
1608 2884 1643 2917 in
1666 2895 1738 2917 uno
1759 2883 1823 2917 im-
