1859 3122
169 185 254 240 980
604 193 825 229 QUAESTIO
861 193 960 222 CLII.
995 193 1239 222 ARTICULUS
1272 193 1299 221 Ι.

167 277 273 311 debet
292 276 327 309 in
350 275 535 321 proposito
559 285 695 319 gerere,
718 282 756 307 ut
776 281 950 319 perpetuo
976 273 1011 307 in
1038 273 1109 307 hoc
1137 281 1358 319 perseveret:
1386 274 1421 308 id
1446 286 1534 310 vero
1556 276 1652 321 quod
1675 283 1728 310 est

167 329 365 369 materiale,
386 329 543 373 tangitur
560 328 596 361 in
612 327 771 373 obliquo,
792 338 874 360 cum
890 327 1028 368 dicitur,
1044 328 1305 373 incorruptionis
1321 328 1355 361 in
1375 339 1473 363 carne
1493 330 1705 375 corruptibili
1714 341 1726 370 ,-

167 383 262 428 quod
283 382 423 415 additur
441 381 483 414 ad
503 380 765 414 ostendendam
779 380 994 424 virginitatis
1010 380 1278 415 difficultatem:
1299 391 1385 414 nam
1400 381 1429 414 si
1445 392 1529 415 caro
1545 383 1729 428 corrumpi

167 447 239 469 non
259 442 392 480 posset,
410 445 484 467 non
503 441 597 467 esset
613 432 756 466 difficile
772 441 983 478 perpetuam
997 433 1277 478 incorruptionis
1293 434 1568 468 meditationem
1582 434 1727 470 habere.

239 488 297 521 AD
312 497 518 521 SECUNDUM
532 486 738 527 dicendum,
755 486 850 531 quod
865 486 1036 531 pudicitia
1056 494 1108 519 est
1126 486 1272 531 quidem
1288 487 1523 521 essentialiter
1539 487 1576 521 in
1596 488 1729 530 anima,

167 540 400 575 materialiter
422 548 540 573 autern
564 539 599 572 in
622 550 745 572 carne:
766 547 800 573 et
817 539 982 573 similiter
1000 539 1206 584 virginitas;
1225 540 1318 573 unde
1338 539 1432 585 Aug.
1452 540 1538 574 dicit
1553 540 1590 574 in
1608 540 1667 574 lib.
1685 540 1730 575 de

167 595 267 639 Virg.
290 594 378 639 (cap.
397 594 457 636 8.),
477 593 573 638 quod
598 605 616 624 «
634 593 717 626 licet
730 592 916 638 virginitas
935 592 970 625 in
991 603 1097 626 carne
1112 600 1282 633 servetur,
1299 603 1339 626 ac
1358 603 1421 638 per
1438 593 1508 626 hoc
1530 593 1729 638 corporalis

167 648 222 689 sit,
244 655 366 681 tamen
388 646 579 692 spiritualis
602 653 665 686 est,
688 657 797 691 quam
819 645 928 687 fovet,
953 653 987 679 et
1009 654 1127 679 servat
1149 646 1372 679 continentia
1394 646 1535 691 pietatis
1553 659 1585 680 ».

239 700 298 734 AD
323 710 492 734 TERTIUM
515 699 719 740 dicendum,
741 698 850 744 quod,
878 699 969 732 sicut
996 699 1132 732 dictum
1161 707 1212 732 est
1236 699 1285 742 (in
1307 705 1394 745 corp.
1423 701 1517 743 art),
1541 700 1728 746 integritas

169 752 367 800 corporalis
389 752 543 786 membri
563 763 626 797 per
649 752 814 786 accidens
833 763 870 785 se
888 752 997 785 habet
1016 752 1059 785 ad
1077 752 1339 797 virginitatem3
1358 753 1573 798 inquantum
1592 754 1730 788 scilicet

168 818 230 854 per
251 807 322 840 hoc
345 806 440 852 quod
468 817 509 839 ex
535 805 720 851 proposito
747 804 942 838 voluntatis
966 805 1118 838 abstinet
1145 805 1222 850 quis
1250 816 1270 838 a
1295 805 1535 840 delectatione
1560 817 1728 849 venerea,

169 868 332 894 remanet
352 859 536 904 integritas
558 859 594 892 in
617 858 781 892 membro
806 869 1002 903 corporeo;
1024 859 1118 892 unde
1141 859 1170 892 si
1192 859 1389 904 contingat,
1412 859 1508 904 quod
1530 870 1593 905 per
1615 859 1727 893 alium

169 914 319 948 modum
343 913 463 958 aliquo
487 924 571 946 casu
594 912 748 946 membri
769 912 954 957 integritas
978 919 1240 957 corrumpatur,
1261 923 1336 945 non
1363 912 1479 958 magis
1506 912 1730 959 praejudicat

167 967 374 1013 virginitati,
397 978 506 1012 quam
528 966 556 1000 si
579 973 828 1011 corrumpatur
847 976 987 1007 manus,
1011 974 1070 999 aut
1091 977 1164 1011 pes.

240 1021 299 1054 An
321 1030 508 1059 QUARTUM
531 1019 735 1060 dicendum,
751 1019 846 1064 quod
866 1018 1069 1060 delectatio,
1089 1029 1180 1064 quae
1200 1026 1252 1053 est
1267 1030 1308 1052 ex
1327 1019 1474 1054 seminis
1492 1019 1729 1062 resolutione,

169 1074 342 1120 dupliciter
363 1081 482 1119 potest
503 1073 732 1117 contingere:
761 1084 823 1106 nno
850 1072 946 1105 modo
974 1080 1010 1105 ut
1037 1073 1210 1117 procedat
1236 1084 1278 1106 ex
1305 1073 1435 1106 mentis
1462 1073 1667 1119 proposito:
1696 1081 1731 1107 et

169 1127 219 1162 sic
240 1126 334 1160 tollit
354 1126 608 1171 virginitatem,
631 1125 704 1159 sive
723 1125 784 1159 fiat
805 1136 867 1170 per
889 1126 1134 1166 concubitum,
1157 1125 1230 1158 sive
1254 1125 1387 1171 absque
1408 1126 1620 1160 concubitu:
1644 1126 1731 1160 facit

170 1188 291 1214 autem
312 1180 537 1213 mentionem
556 1180 650 1224 Aug.
673 1179 716 1213 de
739 1179 944 1220 concubitu,
965 1179 1046 1224 quia
1061 1179 1270 1223 hujusmodi
1285 1179 1458 1213 resolutio
1475 1180 1730 1222 communiter,

169 1242 203 1268 et
223 1233 433 1267 naturaliter
455 1244 497 1267 ex
519 1233 712 1266 concubitu
736 1241 924 1266 causatur:
948 1233 1013 1266 alio
1035 1232 1130 1266 modo
1150 1240 1268 1277 potest
1284 1234 1475 1277 provenire
1493 1241 1634 1278 praeter
1652 1245 1733 1279 pro-

169 1287 327 1333 positum
349 1286 492 1328 mentis,
514 1285 571 1319 vel
591 1286 628 1318 in
649 1285 876 1326 dormiendo,
898 1285 957 1319 vel
978 1296 1040 1331 per
1061 1285 1273 1319 violentiam
1291 1285 1440 1327 illatam,
1461 1286 1517 1320 cui
1535 1297 1638 1320 mens
1656 1297 1731 1320 non

171 1339 360 1380 consentit,
383 1339 548 1385 quamvis
579 1349 663 1371 caro
692 1338 971 1372 delectationem
1002 1338 1214 1383 experiatur,
1240 1338 1299 1372 vel
1326 1339 1434 1372 etiam
1461 1350 1503 1372 ex
1524 1339 1731 1373 infirmitate

170 1401 330 1434 naturae,
353 1400 390 1426 ut
418 1399 516 1438 patet
540 1392 576 1425 in
598 1391 653 1425 his
675 1391 736 1436 qui
756 1391 893 1424 fluxum
923 1391 1069 1424 seminis
1100 1391 1298 1436 patiuntur:
1328 1399 1362 1425 et
1389 1391 1438 1425 sic
1469 1403 1543 1426 non
1573 1392 1732 1438 perditur

170 1446 372 1491 virginitas;
395 1445 478 1491 quia
498 1445 578 1479 talis
600 1444 753 1491 pollutio
775 1455 850 1478 non
873 1444 1004 1478 accidit
1024 1455 1086 1490 per
1106 1444 1382 1490 impudicitiam,
1410 1456 1519 1490 quam
1545 1445 1732 1491 virginitas

173 1498 339 1533 excludit.

726 1614 1069 1659 ARTICULUS
1105 1615 1160 1657 Π.
1665 1639 1728 1675 733

577 1713 729 1742 UTRUM
751 1712 1000 1741 VIRGINiTAS
1025 1711 1091 1740 SIT
1115 1711 1321 1741 ILLICITA.

171 1790 275 1835 (Infr.
297 1794 360 1824 art.
378 1801 406 1835 3.
429 1794 457 1823 et
477 1799 510 1833 4.
533 1793 561 1823 et
582 1799 614 1832 4.
639 1788 725 1822 Dist.
742 1798 791 1833 32.
815 1799 844 1832 q.
862 1799 890 1833 3.
914 1791 977 1821 art.
1000 1798 1031 1821 2.
1047 1786 1088 1820 ad
1102 1798 1132 1820 2.
1155 1791 1222 1832 5133.
1238 1791 1266 1820 et
1281 1786 1406 1831 Man.
1423 1797 1466 1832 15.
1489 1791 1551 1821 art.
1570 1798 1601 1821 2.
1628 1787 1671 1822 ad
1687 1800 1730 1834 13.

491 1847 518 1877 at
546 1842 627 1876 Virt.
650 1853 680 1887 t]-
703 1853 729 1875 Ι.
753 1845 815 1874 art.
839 1852 880 1886 13.
904 1840 945 1874 ad
967 1840 998 1875 6.
1022 1844 1051 1874 et
1072 1851 1101 1874 2.
1126 1840 1231 1874 Ethic.
1255 1839 1325 1874 lact.
1348 1840 1409 1884 2.).

242 1924 302 1959 AD
325 1934 532 1959 SECUNDUM
550 1923 601 1957 sic
623 1922 839 1969 proceditur.
862 1922 1023 1964 Videtur,
1046 1922 1143 1968 quod
1164 1921 1348 1967 virginitas
1379 1921 1424 1955 sit
1452 1920 1596 1957 illicita:
1623 1932 1734 1956 omne

173 1978 270 2012 enim
291 1978 388 2023 quod
410 1977 648 2011 contrariatur
668 1984 860 2021 praecepto
883 1975 973 2021 legis
992 1983 1151 2016 naturae,
1171 1982 1224 2009 est
1241 1974 1426 2008 illicitum:
1446 1975 1508 2009 sed
1526 1975 1619 2009 sicut
1637 1986 1735 2021 prae-

173 2039 319 2076 ceptum
340 2030 430 2075 legis
451 2038 601 2064 naturae
624 2030 667 2063 ad
687 2029 1001 2063 conservationem
1020 2029 1194 2062 individui
1210 2036 1273 2070 est,
1289 2029 1385 2074 quod
1399 2029 1556 2074 tangitur
1571 2029 1664 2064 Gen.
1684 2040 1733 2063 1.:

172 2085 226 2118 De
247 2085 337 2117 omni
357 2084 456 2128 ligno,
477 2083 562 2128 quod
579 2088 621 2117 est
643 2084 675 2116 in
687 2082 855 2128 paradiso,
872 2083 1018 2123 [emerim
1038 2083 1087 2116 ita
1106 2083 1214 2116 etiam
1233 2090 1466 2128 praeceptum
1481 2082 1570 2128 legis
1585 2090 1734 2127 naturae

175 2144 226 2171 est
247 2137 290 2170 ad
313 2136 627 2170 conservationem
650 2136 794 2180 speciei,
816 2136 912 2181 quod
934 2136 1079 2181 ponitur
1106 2135 1198 2170 Gen.
1225 2146 1271 2168 1.:
1296 2135 1447 2176 Crescite,
1479 2141 1509 2170 et
1535 2136 1735 2182 multiplica-

173 2192 267 2232 mini,
287 2195 314 2224 εἰ
332 2191 447 2237 replete
465 2195 612 2230 territum
636 2200 722 2235 ergo
739 2189 830 2222 sicut
844 2196 1021 2234 peccaret,
1037 2189 1097 2234 qui
1112 2188 1305 2222 abstineret
1324 2188 1365 2221 ab
1381 2189 1482 2222 omni
1498 2188 1590 2230 cibo,
1609 2196 1734 2235 utpote

173 2243 309 2278 faciens
333 2251 455 2278 contra
477 2243 614 2276 bonum
633 2242 825 2283 individui3
844 2242 892 2275 ita
908 2243 1016 2276 etiam
1034 2250 1171 2288 peccat,
1187 2241 1247 2287 qui
1262 2241 1412 2275 omnino
1428 2241 1580 2276 abstinet
1595 2241 1636 2275 ab
1652 2249 1734 2276 actu

174 2296 430 2343 generationis,
451 2303 574 2342 utpote
595 2295 729 2329 faciens
753 2304 879 2329 contra
897 2295 1035 2328 bonum
1057 2295 1199 2341 speciei.

246 2361 277 2384 2.
300 2350 535 2384 PRAETEREA.
560 2349 683 2384 Omne
704 2348 792 2382 illud
814 2348 909 2394 quod
932 2348 1067 2382 recedit
1088 2359 1108 2382 a
1127 2348 1249 2382 medio
1266 2347 1417 2390 virtutis,
1435 2346 1575 2381 videtur
1593 2358 1670 2381 esse
1687 2348 1736 2381 vi-

173 2405 325 2439 tiosum:
347 2404 409 2438 sed
429 2403 614 2449 virginitas
635 2402 771 2435 recedit
797 2412 816 2435 a
842 2401 964 2435 medio
987 2401 1138 2443 virtutis,
1167 2401 1208 2434 ab
1238 2400 1405 2435 omnibus
1433 2399 1730 2435 delectationibus

173 2457 335 2492 venereis
357 2456 555 2490 abstinens:
579 2455 664 2489 dicit
693 2455 790 2488 enim
812 2454 949 2488 Philos.
971 2454 1006 2487 in
1028 2464 1059 2488 2.
1082 2454 1242 2488 Ethicor.
1265 2457 1354 2500 (cap.
1376 2465 1407 2488 2.
1430 2454 1485 2488 lib.
1502 2465 1530 2499 3.
1553 2460 1626 2500 cap.
1652 2455 1729 2499 IL),

174 2510 271 2557 quod
295 2524 313 2542 ‹<
335 2510 395 2556 qui
418 2509 518 2544 omni
538 2508 722 2554 voluptate
744 2507 888 2554 potitur,
910 2518 1027 2552 neque
1050 2507 1091 2540 ab
1114 2518 1185 2540 una
1208 2507 1353 2548 recedit,
1379 2507 1638 2552 intemperatus
1665 2514 1733 2549 est3

175 2564 234 2610 qui
258 2571 378 2598 autem
409 2573 537 2597 omnes
563 2561 664 2607 fugit,
686 2561 778 2595 sicut
804 2560 965 2605 agrestis,
986 2559 1202 2594 insensibilis
1225 2568 1277 2594 est
1294 2572 1334 2602 »3
1358 2570 1444 2605 ergo
1471 2559 1656 2605 virginitas
1683 2567 1736 2594 est

176 2616 307 2662 aliquid
327 2616 509 2650 vitiosum.

250 2681 278 2715 3.
301 2670 536 2703 PRAETEREA.
567 2668 692 2702 Poena
717 2677 790 2700 non
819 2666 966 2699 debetur
992 2666 1060 2699 nisi
1082 2666 1191 2700 vitio:
1214 2665 1274 2699 sed
1302 2665 1394 2711 apud
1423 2665 1588 2711 antiquos
1614 2664 1735 2710 punie-

176 2723 304 2756 bantur
322 2723 520 2757 secundum
540 2721 638 2767 leges
657 2720 719 2762 illi,
735 2721 793 2766 qui
813 2730 956 2764 semper
975 2718 1151 2752 coelibem
1168 2719 1278 2751 vitam
1301 2718 1488 2759 ducebant,
1503 2725 1540 2751 ut
1555 2717 1734 2751 Maximus

178 2776 341 2810 Valerius
375 2776 460 2809 dicit
483 2775 556 2818 (lili.
579 2786 609 2809 2.
641 2780 711 2820 cap.
733 2784 765 2817 4.
788 2784 877 2806 num.
900 2773 960 2815 2.),
984 2771 1077 2804 unde
1100 2779 1134 2804 et
1163 2771 1267 2804 Plato
1301 2771 1498 2805 secundum
1522 2770 1675 2815 August.
1696 2770 1732 2804 in

178 2829 236 2862 lib.
259 2829 302 2863 de
324 2829 419 2862 Vera
440 2827 555 2873 Relig.
578 2828 668 2873 (rap.
691 2826 749 2872 3.),
783 2838 801 2857 «
823 2824 1042 2859 sacrificasse
1068 2832 1216 2857 naturae
1237 2824 1377 2865 dicitur,
1401 2831 1438 2857 ut
1464 2830 1635 2869 perpetua
1657 2823 1732 2868 ejus

180 2883 400 2918 continentia
420 2891 604 2927 tamquam
629 2890 819 2926 peccatum
841 2877 1044 2912 aboleretur
1062 2890 1102 2919 »ς
1121 2888 1208 2921 ergo
1230 2877 1414 2923 virginitas
1436 2885 1488 2911 est
1506 2883 1708 2923 peccatum.
