1859 3122
455 178 676 215 QUAESTIO
710 178 889 208 CLXXIII.
921 177 1166 208 ARTICULUS
1199 178 1227 207 1.
1511 177 1616 208 1121

648 347 992 393 ARTICULUS
1018 348 1051 391 I.
1556 358 1625 401 824

251 456 404 486 UTRUM
430 456 690 486 PROPHETAE
716 457 910 487 VIDEANT
938 457 1064 486 IPSAM
1091 457 1163 486 DEI
1190 456 1445 486 ESSENTIAM.

189 545 300 592 (Supr.
328 557 357 591 q.
386 557 452 591 171.
480 550 544 580 art.
572 557 602 580 2.
629 550 656 580 et
683 551 746 580 art.
774 556 806 590 4.
833 551 862 580 et
895 546 980 580 Veri.
1009 557 1038 592 q.
1065 557 1114 580 12.
1142 550 1206 580 art.
1235 545 1267 580 6.
1295 549 1322 579 at
1349 545 1399 579 Ps.
1423 544 1506 590 50).

137 633 196 668 AD
217 644 366 668 PR1MUM
389 634 438 668 sic
461 634 676 680 proceditur.
701 633 858 675 Videtur,
877 633 973 679 quod
997 633 1200 679 Prophetae
1218 633 1333 679 ipsam
1348 631 1418 665 Dei
1433 631 1627 665 essentiam

65 687 225 721 videant:
247 687 329 732 quia
350 698 456 733 super
471 687 557 720 illud
573 687 639 721 Isa.
663 688 732 731 38.:
752 688 898 733 Dispone
911 687 1024 721 domui
1042 692 1126 728 tuae,
1143 692 1214 728 etc„
1230 686 1315 720 dicit
1331 684 1451 720 Gloss.
1469 684 1627 729 (ordin.).·

69 753 86 772 «
105 740 309 786 Prophetae
328 741 363 774 in
385 741 463 786 ipso
484 741 575 774 libro
596 740 853 787 praescientiae
872 740 952 782 Dei,
967 741 1002 774 in
1018 752 1089 786 quo
1109 740 1233 774 omnia
1247 740 1378 784 scripta
1393 746 1486 780 sunt,
1505 738 1627 783 legere

67 802 219 839 possunt
237 805 275 827 »z
295 794 356 828 sed
378 794 636 839 praescientiae
651 794 721 828 Dei
739 802 792 829 est
809 794 885 840 ipsa
900 795 975 840 ejus
992 794 1163 837 essentia;
1186 805 1273 840 ergo
1288 793 1491 840 Prophetae
1506 792 1629 826 vident

67 848 182 894 ipsam
205 848 274 882 Dei
296 848 499 882 essentiam.

140 911 171 936 2.
194 901 429 936 PRAETEREA.
446 902 600 946 August.
619 901 703 935 dicit
717 901 753 934 in
771 913 802 947 9.
819 902 862 935 de
878 900 1007 936 Trinit.
1025 901 1111 947 (cap.
1128 902 1187 947 7.),
1205 900 1301 946 quod
1320 913 1338 932 ‹<
1356 900 1392 934 in
1407 899 1468 934 illa
1484 907 1628 934 aeterna

67 957 228 997 veritate,
242 966 284 989 ex
300 966 369 1000 qua
386 954 601 1000 temporalia
614 954 708 988 facta
722 963 804 988 sunt
819 956 954 995 omnia,
969 953 1137 996 formam,
1152 953 1353 988 secundum
1368 965 1477 1000 quam
1492 964 1629 994 sumus,

69 1017 103 1043 et
124 1009 324 1043 secundum
346 1020 454 1054 quam
477 1019 681 1054 operamur,
702 1008 780 1042 visu
803 1008 933 1041 mentis
958 1008 1153 1052 aspicimus
1171 1019 1208 1041 »ς
1231 1007 1293 1041 sed
1312 1007 1516 1052 Prophetae
1538 1006 1630 1040 inter

69 1074 197 1096 omnes
216 1063 384 1096 homines
400 1062 612 1096 altissimam
627 1062 760 1096 habent
772 1062 977 1095 divinorum
997 1061 1264 1107 cognitionem3
1284 1071 1371 1106 ergo
1387 1061 1455 1107 ipsi
1472 1059 1631 1094 maxime

69 1116 230 1150 divinam
252 1116 445 1150 essentiam
466 1115 598 1149 vident.

144 1180 172 1214 3.
194 1169 430 1204 PRAETEREA.
448 1169 581 1202 Futura
603 1168 850 1213 contingentia
871 1174 1230 1214 praecognoscuntur
1252 1179 1271 1201 a
1292 1167 1484 1213 Prophetis
1506 1177 1630 1200 secun-

69 1223 156 1257 dum
177 1221 404 1256 immobilem
425 1222 631 1256 veritatem:
654 1222 705 1256 sic
729 1230 850 1256 autem
871 1233 946 1255 non
967 1230 1049 1255 sunt
1071 1221 1137 1255 uisi
1158 1221 1194 1254 in
1216 1221 1295 1266 ipso
1317 1221 1419 1262 Deo;
1443 1231 1530 1266 ergo
1549 1219 1634 1253 Pro-

71 1277 200 1323 phetae
221 1276 339 1321 ipsum
361 1276 481 1309 Deum
502 1275 635 1309 vident.

143 1329 217 1364 SED
240 1339 395 1363 CONTRA
423 1337 485 1369 est,
514 1329 610 1374 quod
639 1328 728 1362 visio
756 1328 898 1362 divinae
922 1328 1097 1363 essentiae
1118 1339 1193 1362 non
1210 1335 1410 1362 ‘evacuatur
1435 1327 1471 1360 in
1501 1326 1631 1372 patria:

71 1383 260 1430 prophetia
283 1390 403 1416 autem
425 1390 630 1424 evacuatur,
653 1390 691 1415 ut
711 1382 863 1416 habetur
893 1393 921 1416 1.
948 1382 991 1416 ad
1015 1381 1102 1418 Cor.
1129 1392 1200 1427 13.;
1228 1392 1315 1427 ergo
1342 1380 1533 1427 prophetia
1558 1391 1633 1414 non

71 1437 110 1471 fit
131 1448 193 1483 per
212 1435 391 1470 visionem
414 1435 555 1469 divinae
577 1435 765 1470 essentiae.

144 1490 374 1524 RESPONDEO
397 1489 602 1531 dicendum,
625 1488 721 1534 quod
743 1488 931 1534 prophetia
953 1490 1125 1534 importat
1146 1488 1395 1534 cognitionem
1417 1487 1578 1521 divinam
1596 1494 1635 1521 ut

74 1542 202 1590 procul
223 1543 452 1584 existentem3
475 1542 569 1576 unde
592 1550 627 1576 et
647 1542 690 1575 de
710 1542 901 1587 Prophetis
924 1542 1053 1575 dicitur
1074 1542 1183 1576 Hebr.
1210 1553 1261 1576 11.
1283 1541 1380 1587 quod
1401 1545 1472 1575 erat
1497 1552 1517 1574 a
1543 1541 1634 1585 longe

74 1598 284 1644 aspicientes:
306 1595 358 1629 illi
380 1604 501 1629 autem
522 1596 582 1642 qui
604 1604 686 1630 sunt
707 1597 742 1629 in
764 1597 889 1641 patria,
911 1596 947 1629 in
973 1604 1067 1630 statu
1088 1595 1316 1630 beatitudinis
1339 1595 1541 1636 existentes,
1560 1604 1635 1627 non

74 1651 197 1684 vident
217 1657 255 1683 ut
277 1661 296 1683 a
317 1650 477 1691 remotis,
499 1649 561 1684 sed
584 1650 700 1694 magis
724 1650 825 1695 quasi
847 1662 888 1684 ex
910 1650 1125 1696 propinquo,
1141 1649 1339 1684 secundum
1357 1649 1444 1682 illud
1463 1649 1520 1682 Ps.
1539 1658 1634 1693 1393

75 1705 284 1738 Habitczbunt
311 1704 390 1737 recti
412 1715 485 1737 cum
506 1703 601 1737 vultu
624 1708 698 1743 tu0;
722 1703 816 1737 unde
839 1702 1071 1737 manifestum
1093 1711 1156 1744 est,
1179 1703 1275 1748 quod
1299 1702 1459 1748 cognitio
1481 1701 1636 1747 prophe-

75 1758 146 1792 tica
168 1756 238 1791 alia
259 1764 312 1790 est
334 1767 352 1789 a
375 1755 583 1801 cognitione
610 1755 779 1802 perfecta,
801 1767 892 1802 quae
919 1756 984 1790 erit
1006 1758 1041 1790 in
1063 1756 1196 1802 patria;
1223 1755 1317 1789 unde
1345 1764 1380 1789 et
1406 1754 1636 1800 distinguitur

78 1811 119 1844 ab
143 1821 195 1851 ea,
217 1810 310 1843 sicut
330 1808 581 1855 imperfectum
601 1821 620 1842 a
644 1808 812 1855 perfecto,
832 1817 867 1843 et
885 1820 926 1843 ea
946 1810 1158 1843 adveniente
1181 1816 1386 1850 evacuatur,
1406 1816 1444 1842 ut
1461 1815 1558 1854 patet
1575 1818 1639 1852 per

76 1862 297 1909 Apostolum
323 1874 351 1896 1.
375 1862 417 1895 ad
441 1861 529 1898 Cor.
555 1873 606 1908 13.
626 1862 786 1896 Fuerunt
812 1870 932 1896 autem
954 1863 1102 1908 quidum,
1127 1863 1185 1908 qui
1213 1862 1461 1907 cognitionem
1484 1861 1639 1907 prophe-

77 1918 188 1952 ticam
211 1927 230 1950 a
252 1916 460 1961 cognitione
481 1915 671 1949 beatorum
693 1916 910 1960 distinguere
931 1915 1106 1957 volentes,
1130 1916 1293 1949 dixerunt
1311 1915 1408 1961 quod
1434 1914 1639 1960 Prophetae

78 1971 202 2004 vident
218 1970 335 2016 ipsam
350 1969 509 2002 divinam
525 1969 729 2010 essentiam,
745 1980 853 2015 quam
868 1977 1001 2003 vocant
1016 1969 1183 2015 speculum
1197 1970 1408 2013 αείενηῐίαιιῇς,
1422 1979 1496 2002 non
1516 1976 1639 2002 tamen

78 2023 279 2059 secundum
301 2022 398 2068 quod
420 2030 473 2056 est
494 2023 677 2067 obJ'ectum
698 2023 900 2064 beatorum,
926 2023 988 2056 sed
1015 2022 1215 2057 secundum
1239 2022 1334 2068 quod
1362 2029 1444 2055 sunt
1465 2022 1500 2054 in
1524 2032 1566 2055 ea
1587 2032 1639 2054 ra-

21 2079 23 2083 ’
78 2079 196 2112 tiones
215 2075 419 2110 futurorum
447 2083 661 2117 eventuum3
692 2076 788 2121 quod
815 2076 960 2122 quidem
988 2084 1040 2110 est
1067 2076 1218 2110 omnino
1245 2075 1490 2122 impossibile:
1517 2075 1638 2108 Deum

23 2152 24 2158 κ
80 2132 178 2165 enim
196 2138 249 2164 est
264 2130 446 2174 objectum
459 2129 686 2163 beatitudinis
701 2130 899 2163 secundum
914 2130 1029 2175 ipsam
1044 2130 1099 2164 sui
1117 2129 1323 2170 essentiam,
1338 2129 1535 2163 secundum
1551 2127 1639 2162 illud

81 2184 177 2230 quod
200 2182 424 2229 Augustinus
446 2182 532 2216 dicit
551 2182 587 2215 in
612 2193 640 2225 5.
664 2181 830 2216 Confess.
854 2182 939 2229 (cap.
965 2194 997 2227 4.
1021 2185 1111 2217 circa
1133 2184 1274 2228 princ.):
1301 2195 1319 2214 «
1336 2183 1467 2216 Beatus
1495 2189 1557 2224 est,
1579 2181 1641 2227 qui

25 2249 26 2282 ξ
81 2246 115 2272 te
137 2237 214 2279 scit,
237 2236 378 2270 etiamsi
406 2235 479 2277 illa,
500 2236 579 2270 idest
603 2241 780 2278 creaturas,
803 2237 940 2270 nesciat
954 2249 992 2278 »3
1024 2248 1098 2270 non
1122 2245 1173 2271 est
1196 2244 1318 2270 autem
1339 2235 1522 2281 possibile,
1543 2235 1639 2281 quod

26 2302 27 2336 j
82 2290 209 2336 aliquis
230 2290 349 2323 videat
370 2289 526 2323 rationes
549 2297 792 2323 creaturarum
812 2290 849 2323 in
870 2290 947 2335 ipsa
969 2290 1088 2323 divina
1104 2290 1268 2331 essentia,
1284 2289 1332 2323 ita
1349 2289 1444 2334 quod
1464 2300 1546 2323 eam
1565 2299 1640 2321 non

26 2339 29 2379 ’ζ
82 2344 217 2378 videat:
239 2352 317 2377 tum
339 2343 421 2388 quia
443 2343 519 2388 ipsa
541 2342 662 2376 divina
691 2342 843 2376 essentia
866 2351 919 2377 est
940 2344 1030 2377 ratio
1062 2343 1228 2377 omnium
1259 2353 1386 2376 eorum
1416 2353 1507 2387 quae
1534 2341 1641 2382 fiunt3

28 2422 29 2428 ,
82 2398 172 2431 ratio
195 2405 316 2430 autern
338 2395 464 2430 idealis
489 2407 563 2429 non
590 2395 687 2429 addit
713 2407 818 2442 supra
848 2396 1007 2430 divinam
1037 2396 1241 2437 essentiam,
1269 2395 1337 2429 nisi
1366 2403 1571 2440 respectum
1599 2394 1641 2428 ad

83 2458 303 2484 creaturam:
326 2457 403 2482 tum
425 2449 534 2482 etiam
556 2449 639 2494 quia
660 2449 756 2494 prius
779 2457 830 2483 est
852 2460 1075 2495 cognoscere
1100 2449 1233 2494 aliquid
1256 2450 1290 2482 in
1313 2460 1362 2489 se,
1387 2448 1483 2494 quod
1506 2456 1559 2482 est
1581 2459 1643 2482 co-

30 2496 31 2513 *
83 2514 257 2549 gnoscere
285 2503 417 2543 Deum,
448 2510 485 2535 ut
514 2510 566 2536 est
595 2502 777 2547 objectum
804 2503 1044 2543 beatitudinis,
1073 2514 1181 2548 quam
1213 2512 1437 2547 cognoscere
1468 2501 1559 2534 illud
1582 2512 1644 2546 per

32 2595 34 2598 y
83 2556 396 2602 comparationem
418 2555 461 2588 ad
484 2554 648 2597 alterum,
670 2555 766 2601 quod
786 2564 839 2590 est
861 2567 1083 2601 cognoscere
1111 2557 1232 2589 Deum
1260 2554 1460 2589 secundum
1486 2555 1644 2588 rationes

82 2621 203 2644 rerum
223 2609 259 2642 in
281 2609 359 2655 ipso
386 2609 596 2650 existentes3
627 2616 660 2643 et
681 2609 763 2642 ideo
785 2621 859 2643 non
881 2617 1000 2655 potest
1027 2620 1116 2650 esse,
1144 2609 1239 2654 quod
1267 2608 1473 2654 Prophetae
1499 2608 1647 2642 videant

82 2664 203 2697 Deum
222 2662 421 2696 secundum
448 2662 605 2695 rationes
632 2670 889 2704 creaturarum,
917 2671 951 2697 et
977 2674 1050 2696 non
1078 2670 1185 2708 prout
1211 2670 1263 2696 est
1290 2662 1473 2706 objectum
1499 2661 1647 2695 beatitu-

35 2748 36 2751 ,
83 2716 194 2757 dinis3
218 2723 252 2748 et
272 2715 355 2748 ideo
383 2715 577 2748 dicendum
604 2722 667 2756 est,
695 2716 791 2760 quod
816 2716 907 2750 visio
934 2716 1145 2761 prophetica
1172 2726 1246 2748 non
1275 2723 1327 2748 est
1353 2714 1444 2748 visio
1467 2715 1577 2759 ipsius
1599 2714 1647 2747 di-

35 2762 36 2774 *
82 2770 187 2802 vinae
210 2768 398 2809 essentiae,
420 2779 536 2813 neque
558 2768 594 2801 in
615 2768 691 2813 ipsa
715 2769 833 2803 divina
855 2771 1010 2803 essentia
1036 2769 1158 2802 vident
1186 2779 1227 2802 ea
1255 2779 1345 2814 quae
1367 2768 1499 2809 vident,
1522 2768 1582 2802 sed
1609 2768 1646 2801 in

37 2843 38 2856 ;
82 2822 297 2868 quibusdam
328 2821 631 2862 similitudinibus,
657 2822 857 2855 secundum
889 2822 1167 2856 illustrationem
1202 2821 1314 2854 divini
1347 2820 1516 2862 luminis3
1552 2821 1646 2855 unde

38 2887 39 2927 ξ
85 2876 236 2921 Dionys.
260 2875 346 2909 dicit
366 2875 402 2908 in
423 2884 455 2917 4.
478 2885 556 2920 cap.
578 2874 681 2909 Coel.
704 2875 842 2910 Hierar.
864 2877 939 2920 (cir.
960 2875 1056 2920 med.)
1077 2875 1120 2909 de
1138 2875 1336 2909 visionibus
1358 2874 1579 2920 propheticis
1597 2873 1648 2908 lo-
