1859 3122
474 179 694 216 QUAESTIO
729 179 842 209 CLIX.
875 177 1118 209 ARTICULUS
1151 177 1194 207 11.
1506 176 1610 219 1041

61 262 122 298 sed
144 261 497 310 superexcellentiori
518 261 651 303 virtuti,
678 272 788 308 quam
815 259 950 295 Philos.
979 258 1052 304 (lib.
1080 272 1108 307 7.
1131 259 1270 305 Emi-c),
1290 267 1397 293 vocat
1418 259 1616 300 heroicam,

61 315 118 351 vel
139 316 309 357 divinam,
331 325 421 362 quae
444 315 642 350 secundum
664 326 731 349 nos
753 314 893 349 videtur
914 314 1090 361 pertinere
1113 313 1156 348 ad
1179 313 1273 347 dona
1302 313 1453 359 Spiritus
1474 312 1616 354 Sancti;

62 369 154 405 unde
177 377 294 416 potest
315 369 395 410 dici,
418 369 514 414 quod
542 369 689 404 saevitia
711 368 844 403 directe
867 368 1060 414 opponitur
1086 367 1183 401 dono
1205 367 1357 413 pietatis.

132 423 191 458 AD
214 433 419 458 SECUNDUM
442 422 647 464 dicendum,
671 423 765 468 quod
793 433 936 456 severus
965 432 1039 455 non
1070 421 1198 454 dicitur
1231 419 1442 466 simpliciter
1469 430 1616 461 saevus3

61 477 144 523 quia
165 477 237 511 hoc
261 483 366 510 sonat
383 476 418 510 in
439 476 584 510 vitium:
609 477 669 510 sed
685 476 812 510 dicitur
826 487 953 510 saevus
970 475 1065 509 circa
1083 474 1312 508 severitatem
1333 473 1393 519 [al.
1412 473 1616 518 veritatem]

62 537 206 577 propter
228 529 386 576 aliquam
409 529 680 564 similitudinem
703 529 883 570 saevitiae,
906 539 997 575 quae
1019 539 1092 562 non
1108 535 1160 561 est
1181 527 1393 561 diminutiva
1407 537 1617 572 poenarum.

133 583 192 618 AD
213 593 384 618 TERTIUM
410 583 614 624 dicendum,
637 583 732 629 quod
755 582 918 617 remissio
940 582 975 615 in
998 581 1180 627 puniendo
1207 592 1280 614 non
1307 588 1360 615 est
1386 580 1525 621 vitium,
1551 579 1620 614 nisi

61 638 273 684 inquantum
295 637 588 682 praetermittitur
610 637 698 670 ordo
720 636 887 681 justitiae,
910 646 981 682 quo
1010 635 1137 681 aliquis
1164 634 1310 669 deberet
1335 633 1451 680 puniri
1474 641 1619 680 propter

63 690 219 736 culpam,
241 701 349 736 quam
372 690 512 724 excedit
533 690 740 731 crudelitas3
767 689 914 723 saevitia
937 695 1057 723 autem
1079 689 1219 735 penitus
1241 688 1337 721 hunc
1361 687 1526 722 ordinem
1544 697 1619 720 non

62 744 226 785 attendit3
253 743 347 778 unde
372 744 536 777 remissio
564 743 759 790 punitionis
785 742 918 777 directe
945 742 1139 789 opponitur
1166 740 1378 784 crudelitati,
1400 751 1473 775 non
1496 749 1617 775 autem

63 805 242 833 saev1t1ae.

571 1068 926 1130 QUAEsTlo
968 1067 1120 1115 CLX.

308 1194 372 1225 DE
395 1192 650 1231 MODESTIA,
681 1192 732 1223 IN
761 1191 886 1223 DUOS
911 1190 1174 1223 ARTICULOS
1199 1191 1374 1222 DIVISA.

133 1324 275 1360 Deinde
297 1324 600 1360 considerandum
615 1332 668 1359 est
681 1324 724 1359 de
739 1324 937 1367 modestia3
960 1332 994 1359 et
1010 1326 1125 1372 primo
1140 1324 1184 1359 de
1197 1324 1275 1371 ipsa
1295 1324 1331 1358 in
1353 1324 1558 1359 communi:
1580 1336 1622 1359 se-

64 1379 167 1414 cundo
189 1378 232 1414 de
254 1378 415 1425 singulis,
437 1390 529 1425 quae
551 1379 614 1413 sub
637 1389 679 1413 ea
701 1378 940 1412 continentur.

552 1468 653 1503 Circa
671 1469 822 1514 primum
844 1473 1049 1513 quaeruntur
1069 1467 1142 1501 duo.

135 1540 271 1575 Primo.
294 1539 425 1574 Utrum
448 1539 626 1574 modestia
647 1539 690 1573 sit
712 1550 793 1585 pars
814 1538 1084 1584 temperantiae.

137 1593 317 1628 Secundo.
342 1593 448 1634 Quae
469 1593 514 1627 sit
535 1593 684 1627 materia
706 1592 916 1626 modestiae.

631 1734 976 1779 ARTICULUS
1009 1734 1042 1776 Ι.
1556 1744 1622 1792 776

331 1842 484 1872 UTRUM
516 1842 742 1871 MODESTIA
774 1843 840 1871 SIT
874 1842 975 1872 PARS
1009 1842 1356 1872 TEMPERANTIAE.

87 1930 202 1976 (Supr.
225 1942 254 1976 q.
273 1942 339 1975 143.
358 1935 423 1964 art.
441 1942 468 1964 Ι.
488 1935 518 1965 et
531 1941 562 1964 2.
581 1931 668 1964 Dist.
687 1941 743 1974 44.
763 1942 791 1975 q.
809 1942 836 1975 3.
851 1935 914 1964 art.
934 1943 960 1964 I.
979 1929 1022 1964 ad
1037 1942 1064 1975 3.
1080 1935 1108 1964 et
1122 1942 1148 1975 3.
1165 1931 1308 1976 Dist.33.
1324 1942 1353 1976 q.
1366 1942 1393 1977 3.
1410 1935 1473 1965 art.
1493 1943 1523 1966 2.
1536 1943 1566 1977 q.
1581 1943 1612 1966 2.

641 1988 671 2018 et
689 1983 730 2017 ad
747 1995 775 2029 3.
797 1989 826 2017 ct
847 1983 889 2017 ad
914 1984 978 2018 Tit.
998 1986 1054 2029 3.).

137 2071 197 2106 AD
218 2082 367 2106 PR1MUM
389 2073 438 2106 sic
461 2071 676 2118 proceditur.
699 2071 862 2115 Videtur,
890 2072 986 2118 quod
1012 2072 1190 2106 modestia
1216 2083 1290 2106 non
1317 2073 1361 2106 sit
1386 2084 1466 2119 pars
1493 2081 1626 2119 tempe-

66 2125 222 2159 rantiae:
245 2126 421 2159 modestia
445 2127 541 2159 enim
564 2137 583 2158 a
601 2125 713 2159 modo
733 2125 879 2159 dicitur:
903 2125 963 2159 sed
985 2125 1210 2159 inomnibus
1231 2126 1419 2160 virtutibus
1436 2127 1627 2172 requiritur

68 2178 217 2212 modus:
240 2190 325 2212 nam
345 2179 456 2212 virtus
478 2178 663 2212 ordinatur
685 2179 727 2212 ad
743 2179 898 2212 bonum:
917 2192 935 2210 (ε
952 2179 1094 2212 Bonum
1114 2186 1245 2221 autem,
1261 2187 1298 2213 ut
1317 2180 1470 2225 August.
1488 2180 1572 2213 dicit
1590 2180 1626 2213 in

68 2232 126 2266 lib.
150 2231 194 2266 de
215 2231 352 2265 Natura
374 2231 467 2265 Boni
491 2231 648 2278 (capy),
674 2232 835 2265 consistit
857 2232 892 2265 in
915 2233 1037 2274 modo,
1053 2233 1184 2277 specie,
1200 2241 1235 2267 et
1250 2233 1375 2267 ordine
1389 2246 1426 2276 »3
1450 2245 1537 2279 ergo
1550 2245 1624 2267 mo-

68 2286 180 2320 destia
203 2293 256 2319 est
277 2284 453 2331 generalis
474 2285 602 2328 virtus3
625 2297 699 2319 non
722 2297 807 2331 ergo
830 2286 934 2319 debet
956 2286 1041 2331 poni
1062 2297 1142 2331 pars
1163 2286 1436 2332 temperantiae.

139 2350 169 2373 2.
191 2339 426 2374 PRAETEREA.
449 2339 544 2373 Laus
564 2340 824 2385 temperantiae
838 2340 977 2373 videtur
992 2340 1189 2374 consistere
1205 2340 1396 2386 praecipue
1412 2341 1447 2373 in
1464 2340 1620 2386 quadarn

70 2393 338 2427 moderatione:
363 2404 404 2426 ex
425 2393 493 2426 hac
525 2400 645 2426 autem
667 2394 820 2426 sumitur
845 2404 980 2427 nomen
1007 2393 1224 2435 modestiae3
1253 2405 1339 2439 ergo
1370 2394 1548 2427 modestia
1575 2402 1628 2428 est

68 2446 165 2480 idem
187 2446 283 2491 quod
305 2446 551 2491 temperantia,
574 2453 608 2479 et
628 2457 702 2480 non
729 2457 808 2492 pars
832 2447 918 2491 ejus.

143 2510 175 2544 3.
187 2499 421 2533 PRAETEREA.
434 2499 613 2532 Modestia
627 2499 767 2533 videtur
778 2500 974 2534 consistere
987 2500 1081 2534 cirszt
1096 2501 1345 2546 proximorum
1362 2500 1627 2534 correctionem

69 2552 268 2586 secundum
289 2552 377 2585 illud
406 2562 436 2585 2.
466 2552 508 2585 ad
537 2552 701 2586 Timoth.
725 2563 774 2586 2.:
796 2554 936 2587 Ser-vtem
963 2555 1029 2588 Dei
1055 2565 1117 2587 non
1145 2558 1270 2600 oportet
1296 2554 1438 2598 litigare,
1461 2554 1512 2587 secl
1540 2565 1630 2587 man—

68 2610 190 2640 metum
211 2617 271 2640 esse
297 2605 339 2639 ad
364 2617 483 2646 onmes,
507 2617 580 2639 cum
607 2605 761 2640 modestia
788 2608 1020 2653 corripientem
1043 2619 1103 2648 2305,
1132 2608 1189 2652 qni
1214 2608 1363 2641 rasz'slunt
1382 2608 1538 2641 veritati:
1566 2607 1628 2640 sed

71 2659 247 2693 correctio
270 2658 554 2704 delinquentium
581 2667 633 2693 est
655 2667 753 2693 actus
774 2661 939 2705 justitiae,
961 2661 1019 2694 vel
1046 2661 1239 2702 charitatis,
1267 2669 1304 2694 ut
1330 2672 1437 2706 supra
1463 2661 1627 2694 habitum

71 2720 124 2746 est
144 2713 191 2758 (q.
207 2724 251 2758 33.
271 2718 334 2746 art.
362 2725 387 2746 Ι.
413 2717 440 2746 et
461 2713 510 2757 2.)
520 2725 532 2753 ;
557 2723 643 2758 ergo
665 2713 814 2755 videtur,
837 2714 933 2760 quod
956 2714 1134 2748 modestia
1156 2714 1272 2760 magis
1295 2714 1338 2748 sit
1359 2725 1439 2760 pars
1461 2714 1628 2759 justitiae,

71 2777 180 2811 quam
200 2765 472 2810 temperantiae.

143 2818 216 2852 SED
233 2829 387 2852 CONTRA
409 2826 472 2860 est,
494 2818 590 2865 quod
613 2817 754 2854 Tullius
777 2819 851 2863 (lib.
867 2831 897 2855 2.
913 2820 948 2855 de
962 2820 1108 2864 Invant.)
1135 2820 1237 2866 ponit
1258 2820 1474 2854 modestiam
1489 2828 1628 2866 partem

72 2879 342 2918 temperantiae.
