1859 3122
542 184 762 219 QUAESTIO
797 184 928 214 cxxx.
962 183 1206 214 ARTICULUS
1239 182 1266 212 1.
1603 169 1682 224 875

700 353 1042 398 ARTICULUS
1078 353 1110 395 Ι.
1618 361 1681 406 651

483 461 635 490 UTRUM
662 461 964 491 PRAESUMPTIO
989 461 1056 490 SIT
1080 460 1328 490 PECCATUM.

429 548 544 595 (Supr.
569 560 597 594 q.
621 560 669 584 21.
693 554 755 583 art.
779 560 808 584 2.
832 548 873 583 ad
894 561 920 583 1.
943 554 973 583 et
993 560 1022 594 q.
1046 560 1099 594 70.
1123 553 1185 582 art.
1205 559 1232 593 3.
1255 547 1297 581 ad
1317 546 1378 591 2.).

196 636 256 671 AD
278 647 424 672 PRIMUM
447 638 497 671 sic
520 638 737 683 proceditur.
752 637 916 679 Videtur,
932 637 1027 683 quod
1044 637 1289 684 praesumptio
1313 647 1387 670 non
1408 635 1456 670 sit
1477 642 1684 681 peccatum:

127 689 213 723 dicit
235 690 332 724 enim
354 691 494 736 Apost.,
517 691 559 724 ad
582 691 737 737 Philipp.
764 702 811 736 3.:
836 692 931 735 Quae
957 696 1044 725 retro
1070 696 1145 725 sunt
1163 691 1364 731 obliviscens,
1380 688 1422 723 ad
1443 690 1611 723 anteriora
1633 699 1682 722 ma

125 743 280 778 attendo:
302 743 364 777 sed
386 744 457 777 hoc
480 745 620 778 videtur
642 745 685 778 ad
708 744 1041 790 praesumptionem
1068 744 1256 790 pertinere,
1284 743 1381 788 quod
1404 742 1531 788 aliquis
1558 741 1681 775 tendat

125 796 161 829 in
183 808 236 839 ea,
259 808 349 842 quae
371 806 454 831 sunt
475 808 580 843 supra
599 798 777 843 scipsum3
801 808 887 842 ergo
906 797 1152 843 praesumptio
1174 807 1249 830 non
1268 804 1320 830 est
1341 803 1542 841 peccatum.

197 859 227 883 2.
251 850 485 885 PRAETEREA.
509 850 644 884 Philos.
669 851 753 884 dicit
774 851 810 884 in
837 861 887 884 10.
904 850 1018 884 Ethic.
1035 850 1124 896 (cap.
1141 850 1199 896 7.),
1224 850 1320 895 quod
1346 856 1523 894 «oportet
1543 859 1617 882 non
1635 858 1689 881 se-

127 903 285 937 cundum
295 904 485 937 suadentes
496 903 656 938 humana
672 915 797 950 sapere
813 903 1003 937 hominem
1020 911 1151 944 entem,
1162 914 1278 948 neque
1294 901 1462 936 mortalia
1477 900 1682 942 mortalem,

126 956 185 990 sed
208 956 421 1002 inquantum
444 957 622 1002 contingit
641 956 890 990 immortalem
917 956 1035 991 facere
1052 970 1090 999 »3
1121 965 1155 990 et
1183 957 1220 990 in
1255 967 1281 989 1.
1311 955 1470 1000 Metaph.
1500 955 1589 1001 (cap.
1621 955 1685 1000 7.),

126 1009 222 1051 dicit,
245 1011 342 1055 quod
367 1023 384 1041 «
399 1010 513 1044 hoino
540 1010 645 1044 debet
666 1022 704 1044 se
726 1010 868 1044 trahere
891 1010 934 1043 ad
957 1010 1089 1051 divina,
1115 1010 1330 1055 inquantum
1352 1016 1470 1054 potest
1483 1020 1522 1041 »2
1549 1008 1611 1042 sed
1638 1008 1686 1041 di-

125 1063 219 1105 vina,
241 1071 276 1097 et
296 1064 516 1097 immortalia
538 1064 694 1097 maxime
716 1064 881 1097 videntur
904 1074 980 1098 esse
1003 1075 1109 1109 supra
1127 1063 1337 1105 hominem3
1360 1074 1444 1096 cum
1467 1073 1553 1107 ergo
1573 1062 1616 1095 de
1635 1073 1688 1094 ra-

125 1117 223 1151 tione
245 1117 547 1163 praesumptionis
569 1118 623 1158 sit,
646 1117 743 1162 quod
765 1116 893 1163 aliquis
915 1117 1039 1150 tendat
1059 1117 1095 1150 in
1117 1128 1159 1150 ea
1173 1128 1265 1162 quae
1285 1123 1366 1150 sunt
1385 1127 1491 1161 supra
1512 1115 1685 1160 seipsum,

128 1170 267 1204 videtur
289 1171 384 1215 quod
406 1172 651 1216 praesumptio
674 1181 748 1204 non
771 1170 815 1204 sit
835 1178 1037 1216 peccatum,
1060 1170 1121 1204 sed
1143 1170 1260 1215 magis
1281 1169 1324 1203 sit
1348 1169 1480 1215 aliquid
1495 1167 1685 1202 laudabile.

201 1234 229 1269 3.
252 1223 488 1258 PRAETEREA.
512 1223 712 1269 Apostolus
735 1223 820 1257 dicit
841 1233 872 1257 2.
896 1224 939 1257 ad
959 1223 1045 1257 Cor.
1071 1235 1118 1269 3.:
1136 1223 1213 1257 Non
1229 1234 1340 1257 sumus
1356 1223 1543 1268 sufficientes
1561 1221 1687 1266 aliquid

127 1277 268 1321 cogitare
289 1287 308 1310 a
330 1277 433 1319 nobis,
453 1278 546 1322 quasi
566 1289 605 1312 ex
626 1278 738 1317 nol1i5;
763 1277 793 1310 si
814 1287 900 1322 ergo
924 1276 1182 1322 praesumptio,
1204 1275 1405 1310 secundum
1427 1286 1535 1321 quam
1558 1274 1686 1319 aliquis

124 1329 247 1363 nititur
264 1329 302 1363 in
324 1341 377 1372 ea,
401 1330 444 1363 ad
466 1341 558 1375 quae
579 1342 653 1364 non
677 1329 817 1371 sufficit,
840 1330 884 1364 sit
905 1338 1109 1376 peccatum,
1129 1329 1271 1363 videtur
1292 1329 1389 1375 quod
1410 1328 1525 1362 homo
1547 1339 1613 1361 nec
1630 1338 1688 1361 co-

126 1382 239 1428 gitare
266 1382 413 1428 aliquod
433 1383 571 1417 bonum
593 1383 689 1418 licite
719 1384 842 1429 possit,
873 1384 970 1429 quod
997 1392 1050 1417 est
1074 1382 1354 1425 inconveniens;
1376 1393 1452 1416 non
1479 1392 1566 1427 ergo
1588 1392 1687 1427 prae-

129 1435 287 1481 sumptio
311 1444 363 1470 est
384 1445 584 1482 peccatum.

201 1489 275 1523 SED
299 1499 453 1523 CONTRA
478 1497 541 1531 est,
563 1488 660 1535 quod
682 1489 811 1524 dicitur
833 1488 943 1523 Eccli.
970 1500 1042 1535 37.:
1068 1489 1098 1524 O
1116 1490 1344 1535 praesumptio
1366 1489 1574 1534 nequissima,
1601 1487 1683 1521 unda

127 1547 238 1576 creata
251 1543 306 1577 es?
321 1542 380 1575 ubi
394 1543 588 1588 respondet
603 1542 722 1577 Gloss.
739 1542 879 1588 (interl.)
901 1556 919 1575 «
935 1543 977 1577 de
989 1542 1085 1576 mala
1096 1542 1235 1576 scilicet
1244 1541 1430 1576 voluntate
1449 1549 1633 1574 creaturae
1649 1552 1680 1573 »t

128 1595 189 1630 sed
213 1606 321 1629 omne
341 1596 438 1641 quod
456 1596 619 1642 procedit
640 1607 682 1630 ex
695 1596 815 1630 radice
831 1595 948 1630 malae
963 1595 1170 1638 voluntatis,
1189 1603 1242 1630 est
1259 1603 1449 1641 peccatum
1464 1607 1471 1637 3
1486 1605 1573 1639 ergo
1588 1604 1686 1640 prae-

126 1649 284 1694 sumptio
307 1657 361 1683 est
381 1658 582 1694 peccatum.

196 1702 425 1737 RESPONDEO
453 1703 659 1744 dicendum,
681 1702 778 1748 quod
801 1714 885 1737 cum
911 1714 953 1737 ea
974 1713 1065 1748 quae
1088 1710 1170 1736 sunt
1190 1701 1390 1736 secundum
1411 1708 1590 1742 naturam,
1616 1700 1686 1734 sint

126 1755 290 1789 ordinata
306 1755 444 1790 ratione
463 1756 594 1798 divina,
610 1767 719 1802 quarn
737 1756 898 1789 humana
916 1756 1006 1790 ratio
1023 1756 1126 1789 debet
1140 1755 1284 1797 imitari,
1299 1754 1469 1800 quidquid
1485 1754 1684 1788 secundum

126 1809 304 1843 rationem
328 1809 527 1842 humanam
549 1809 598 1851 fit,
620 1809 716 1855 quod
739 1817 792 1843 est
814 1817 939 1843 contra
962 1809 1127 1843 ordinem
1149 1809 1391 1843 communiter
1411 1808 1447 1841 in
1462 1806 1684 1841 naturalibus

125 1862 230 1896 rebus
251 1863 449 1904 inventum,
473 1871 526 1896 est
550 1862 735 1904 vitiosum,
757 1870 792 1896 et
812 1871 1024 1908 peccatum:
1046 1862 1118 1896 hoc
1146 1870 1266 1896 autem
1289 1861 1532 1895 communiter
1553 1861 1588 1894 in
1611 1871 1686 1894 om-

126 1915 228 1949 nibus
251 1915 354 1949 rebus
380 1915 601 1950 naturalibus
623 1916 813 1957 invenitur,
842 1916 937 1961 quod
960 1915 1140 1961 quaelibet
1167 1915 1262 1948 actio
1285 1921 1599 1948 commensuratur
1620 1913 1686 1946 vir-

125 1969 192 2003 tuti
215 1969 372 2013 agenti83
392 1980 460 2003 nec
484 1968 629 2014 aliquod
652 1980 762 2014 agens
784 1968 946 2003 naturale
964 1969 1088 2002 nititur
1106 1968 1148 2002 ad
1165 1968 1345 2013 agendum
1360 1967 1406 2009 id,
1426 1967 1522 2013 quod
1548 1966 1687 2000 excedit

127 2033 230 2056 suam
256 2021 484 2064 facultatem3
512 2030 547 2056 et
570 2022 652 2056 ideo
679 2023 851 2056 vitiosum
878 2031 940 2063 est,
969 2030 1004 2056 et
1031 2030 1223 2067 peccatum
1250 2021 1351 2067 quasi
1370 2029 1494 2054 contra
1522 2019 1686 2054 ordinem

126 2074 329 2109 naturalem
359 2075 524 2117 existens,
547 2076 643 2121 quod
665 2075 792 2121 aliquis
808 2083 968 2109 assumat
989 2075 1032 2108 ad
1052 2075 1233 2120 agendum
1255 2085 1307 2117 ea,
1326 2085 1418 2120 quae
1439 2073 1687 2119 praeferuntur

127 2139 213 2162 suae
230 2128 368 2162 virtuti:
385 2128 480 2173 quod
495 2129 647 2174 pertinet
665 2129 707 2162 ad
722 2128 898 2162 rationem
915 2128 1227 2174 praesumptionis,
1242 2128 1334 2162 sicut
1348 2135 1381 2162 et
1406 2127 1525 2172 ipsum
1550 2137 1686 2160 nomen

134 2180 357 2223 manifestat3
378 2181 472 2215 unde
494 2180 725 2216 manifestum
748 2190 811 2224 est,
834 2181 930 2227 quod
952 2181 1196 2228 praesumptio
1216 2189 1269 2215 est
1288 2189 1490 2226 peccatum.

198 2235 258 2268 AD
285 2245 434 2269 PRIMUM
460 2246 547 2280 ergo
571 2234 775 2276 dicendum,
803 2234 899 2280 quod
925 2234 1016 2268 nihil
1042 2235 1219 2280 prohibet,
1243 2233 1376 2280 aliquid
1399 2245 1475 2268 esse
1497 2244 1603 2278 supra
1625 2243 1685 2278 po·

127 2288 277 2322 tentiam
304 2288 460 2321 activam
487 2287 637 2333 alicujus
666 2288 717 2321 rei
742 2287 924 2330 naturalis,
952 2288 1048 2333 quod
1075 2299 1149 2321 non
1176 2296 1229 2322 est
1255 2298 1360 2333 supra
1387 2286 1587 2332 potentiam
1608 2296 1685 2330 pas-

129 2342 243 2376 sivam
265 2341 444 2386 ejusdem:
467 2341 560 2375 inest
581 2341 678 2374 enim
704 2341 776 2375 aeri
797 2341 958 2387 potentia
981 2341 1133 2387 passiva,
1155 2353 1219 2387 per
1241 2352 1349 2386 quarn
1371 2348 1488 2386 potest
1509 2347 1685 2373 transmu-

127 2395 195 2429 tari
215 2395 252 2428 in
273 2395 356 2436 hoc,
379 2395 475 2440 quod
493 2395 624 2428 habeat
642 2395 837 2437 actionem,
856 2403 890 2429 et
905 2404 1044 2429 motum
1064 2395 1169 2440 ignis,
1186 2406 1277 2440 quae
1293 2395 1469 2428 excedunt
1485 2392 1684 2438 potentiam

130 2448 287 2482 activam
310 2448 419 2482 aeris:
443 2448 492 2481 sic
516 2448 626 2481 etiam
647 2448 823 2482 visiosum
845 2456 950 2490 esset,
969 2456 1004 2482 et
1020 2456 1373 2494 praesumptuosum,
1395 2446 1491 2492 quod
1505 2445 1631 2490 aliquis
1649 2445 1686 2478 in

127 2509 221 2536 statu
246 2501 477 2547 imperfectae
503 2501 642 2535 virtutis
670 2501 834 2543 existens,
862 2509 1052 2536 attentaret
1078 2501 1199 2535 statim
1230 2500 1373 2545 assequi
1403 2510 1455 2540 ea,
1486 2509 1577 2544 quae
1603 2506 1684 2531 sunt

129 2554 307 2600 perfectae
330 2554 488 2588 virtutis:
511 2555 572 2588 sed
595 2555 624 2588 si
646 2555 723 2600 quis
746 2556 788 2588 ad
810 2555 881 2589 hoc
908 2555 1043 2596 tendat,
1070 2563 1108 2588 ut
1133 2554 1297 2600 proficiat
1324 2555 1359 2586 in
1385 2553 1554 2586 virtutem
1575 2550 1687 2597 perfe-

129 2616 236 2649 ctam,
259 2608 330 2641 hoc
351 2618 426 2641 non
449 2615 502 2641 est
521 2615 874 2653 praesumptuosum,
900 2619 967 2642 nec
989 2608 1174 2649 vitiosum,
1197 2615 1231 2641 et
1253 2607 1323 2640 hoc
1346 2606 1457 2639 modo
1485 2604 1684 2650 Apostolus

128 2661 165 2694 in
187 2661 367 2694 anteriora
389 2671 426 2694 se
449 2660 672 2701 extendebat,
695 2660 831 2694 scilicet
852 2673 916 2706 per
937 2661 1152 2694 continuum
1178 2659 1391 2706 profectum.

201 2714 260 2747 AD
278 2723 484 2748 SECUNDUM
499 2713 703 2755 dicendum,
726 2714 821 2759 quod
844 2714 975 2755 divina,
999 2722 1033 2748 et
1054 2713 1276 2747 immortalia
1297 2711 1497 2746 secundum
1520 2710 1685 2744 ordinem

131 2774 279 2800 naturae
301 2774 383 2800 sunt
404 2777 510 2811 supra
530 2766 739 2801 hominem:
761 2767 902 2801 homini
928 2774 1051 2801 tamen
1077 2767 1170 2800 inest
1195 2765 1373 2811 quaedam
1400 2764 1561 2810 potentia
1588 2772 1689 2797 natu-

131 2819 225 2861 ralis,
246 2818 384 2853 scilicet
404 2819 619 2861 intellectus,
641 2831 704 2864 per
724 2831 832 2865 quam
851 2828 969 2866 potest
991 2819 1162 2864 conjungi
1179 2817 1458 2859 immortalibus,
1481 2825 1515 2851 et
1547 2816 1686 2850 divinis.

132 2879 166 2906 et
187 2872 386 2906 secundum
411 2872 482 2906 hoc
509 2872 602 2906 Phil.
630 2872 726 2914 dicit,
754 2873 850 2918 quod
877 2881 1021 2918 oportet
1041 2872 1231 2906 hominem
1253 2882 1291 2905 se
1312 2871 1454 2905 trahere
1476 2870 1518 2904 ad
1540 2869 1687 2903 immor-
