1859 3122
242 178 265 207 ιο

271 178 295 208 to

644 175 866 212 QUAESTIO
900 176 1003 205 XLII.
1036 175 1281 206 ARTICULUS
1314 176 1342 205 1.

213 179 233 236 ,ΚΝ

776 364 1122 410 ARTICULUS
1157 365 1190 407 Ι.
1699 389 1763 426 231

256 485 407 515 UTRUM
433 485 610 514 SEDITIO
636 485 703 515 SIT
731 485 936 515 SPECIALE
959 484 1197 514 PECCATUM
1222 486 1275 515 AB
1297 485 1408 515 ALIIS
1436 485 1722 517 DISTINCTUM.

732 585 847 632 (Supr.
866 597 894 631 q.
914 597 966 631 39.
989 590 1053 620 art.
1079 595 1107 618 1.
1131 585 1247 631 corp).

282 686 342 720 AD
364 696 514 720 PRIMUM
540 685 589 720 sic
612 686 827 732 proceditur.
849 686 1011 728 Videtur,
1034 685 1130 732 quod
1152 685 1280 720 seditio
1301 696 1376 720 non
1397 685 1443 720 sit
1463 685 1618 732 speciale
1647 697 1771 732 pecca-

210 747 288 773 tum
311 739 352 773 ab
376 739 454 773 aliis
476 739 702 774 distinctum:
726 740 821 786 quia,
843 748 881 774 ut
910 740 1069 774 Isidorus
1092 740 1178 774 dicit
1198 739 1235 772 in
1255 739 1314 773 lib.
1342 750 1392 774 10.
1415 739 1533 786 Etym.
1556 739 1616 785 (ad
1637 740 1686 775 lit.
1707 741 1744 786 S)
1758 753 1768 775 .-

214 806 232 824 ((
263 793 463 827 Seditiosus
495 801 558 835 est,
581 793 641 839 qui
671 793 934 828 dissensionem
964 794 1170 827 animorum
1195 792 1291 834 facit,
1315 801 1349 827 et
1370 793 1567 827 discordias
1594 793 1708 839 gignit
1728 805 1768 827 ›>:

211 847 272 881 sed
295 857 337 881 ex
358 847 429 880 hoc
452 847 548 892 quod
571 846 698 893 aliquis
720 847 866 893 aliquod
888 855 1078 892 peccatum
1099 854 1280 892 procurat,
1301 857 1375 880 non
1388 854 1516 892 peccat
1537 845 1608 881 alio
1629 847 1770 893 peccati

211 911 356 945 genere,
378 900 446 934 nisi
467 899 543 941 illo,
566 900 662 946 quod
684 909 869 946 procurat,
893 911 978 946 ergo
1006 900 1156 941 videtur,
1179 899 1275 945 quod
1294 899 1421 934 seditio
1448 911 1523 934 non
1544 899 1590 934 sit
1614 899 1770 946 speciale

211 961 401 999 peccatum
424 965 443 987 a
465 953 645 987 discordia
663 954 882 988 distinctum.

281 1017 312 1040 2.
335 1007 570 1041 PRAETEREA.
595 1007 734 1042 Seditio
757 1007 973 1041 divisionem
992 1006 1189 1053 quamdam
1207 1006 1398 1053 importat:
1421 1006 1483 1041 sed
1501 1017 1639 1041 nomen
1660 1006 1770 1041 etiam

211 1061 416 1096 schismatis
438 1061 591 1096 sumitur
618 1073 638 1095 a
664 1061 831 1103 scissura,
852 1069 891 1095 ut
911 1072 1018 1107 supra
1039 1060 1176 1095 dictum
1199 1069 1251 1095 est
1274 1060 1318 1106 (q.
1334 1073 1386 1107 30.
1413 1066 1476 1094 art.
1494 1060 1560 1105 1.)‚·
1584 1071 1670 1106 ergo
1691 1071 1771 1107 pec-

211 1122 332 1149 catum
354 1114 540 1149 seditionis
561 1125 636 1148 non
657 1115 797 1149 videtur
818 1126 894 1149 esse
917 1114 1125 1148 distinctum
1151 1126 1172 1148 a
1192 1122 1342 1160 peccato
1365 1114 1581 1149 schismatis.

284 1179 314 1212 3.
335 1168 572 1202 PRAETEREA.
597 1167 720 1203 Onme
743 1167 899 1214 speciale
914 1176 1104 1214 peccatum
1120 1167 1162 1201 ab
1179 1167 1256 1201 aliis
1271 1168 1491 1210 distinctum,
1505 1167 1564 1202 vel
1577 1175 1630 1202 est
1643 1167 1769 1202 vitium

213 1220 378 1267 capitale,
407 1229 468 1255 aut
489 1232 531 1254 ex
559 1220 680 1267 aliquo
706 1221 794 1255 vitio
828 1220 974 1266 capitali
999 1221 1126 1255 oritur:
1153 1220 1216 1255 sed
1242 1221 1370 1255 seditio
1396 1232 1514 1267 neque
1540 1228 1771 1267 computatur

211 1274 304 1309 inter
324 1275 411 1308 vitia
432 1274 611 1319 capitalia,
632 1285 750 1320 neque
776 1274 869 1308 inter
887 1275 984 1316 vitia,
1006 1285 1097 1320 quae
1119 1285 1161 1307 ex
1184 1273 1394 1319 capitalibus
1421 1274 1594 1316 oriuntur,
1615 1282 1654 1308 ut
1673 1282 1772 1321 patet

215 1327 253 1361 in
278 1339 331 1373 31.
354 1327 483 1361 Moral.
512 1328 597 1374 (cap.
620 1329 698 1374 17.),
720 1327 780 1361 ubi
800 1336 949 1373 utraque
971 1328 1057 1361 vitia
1085 1335 1339 1370 numerantur,
1362 1338 1448 1374 ergo
1471 1327 1600 1362 seditio
1621 1339 1696 1362 non
1718 1335 1771 1362 est

212 1380 368 1427 speciale
391 1389 581 1426 peccatum
603 1381 644 1415 ab
669 1380 746 1415 aliis
769 1381 988 1415 distinctum.

284 1433 358 1468 SED
382 1444 536 1468 CONTRA
565 1442 627 1475 est,
650 1434 746 1480 quod
769 1444 800 1468 2.
825 1434 867 1468 ad
888 1434 974 1468 Cor.
1001 1444 1052 1468 12.
1083 1433 1277 1468 seditiones
1300 1434 1341 1468 ab
1365 1433 1442 1469 aliis
1468 1434 1626 1480 peccatis
1651 1434 1771 1470 distin-

212 1495 378 1533 guuntur.

282 1541 511 1575 RESPONDEO
527 1540 734 1582 dicendum,
750 1541 844 1586 quod
861 1541 989 1575 seditio
1006 1548 1058 1575 est
1073 1540 1256 1586 quoddam
1275 1540 1431 1586 speciale
1446 1549 1652 1587 peccatum:
1672 1541 1769 1587 quod

211 1602 385 1640 quantum
405 1594 447 1628 ad
471 1594 605 1640 aliquid
627 1595 797 1628 convenit
819 1606 902 1628 cum
923 1594 1032 1636 bello,
1055 1602 1090 1628 et
1110 1594 1202 1637 rixa3
1230 1602 1405 1640 quantum
1428 1603 1548 1629 autem
1570 1595 1614 1629 ad
1635 1594 1769 1641 aliquid

211 1647 328 1682 differt
350 1648 391 1681 ab
415 1648 485 1682 eis:
514 1648 684 1682 convenit
710 1648 856 1694 quidem
885 1659 969 1681 cum
999 1648 1049 1682 eis
1071 1648 1107 1681 in
1137 1647 1220 1689 hoc,
1248 1647 1345 1693 quod
1371 1647 1544 1694 importat
1573 1648 1769 1694 quamdam

210 1701 547 1735 contradictionem.
570 1701 701 1735 Differt
722 1710 843 1736 autem
866 1702 908 1735 ab
931 1701 981 1736 eis
1000 1701 1036 1735 in
1051 1701 1195 1735 duobus:
1209 1703 1322 1747 primo
1338 1701 1496 1747 quidem,
1517 1702 1600 1748 quia
1621 1701 1768 1744 bellum,

210 1763 244 1789 et
266 1755 340 1788 rixa
366 1755 565 1801 important
591 1763 755 1789 mutuam
783 1755 1098 1801 impugnationem
1125 1755 1161 1788 in
1184 1763 1283 1796 actu;
1311 1755 1372 1789 sed
1393 1755 1522 1789 seditio
1548 1763 1667 1801 potest
1687 1755 1769 1798 dici,

209 1809 283 1842 sive
301 1808 363 1843 fiat
383 1808 593 1854 hujusmodi
615 1809 842 1854 impugnatio
869 1809 906 1842 in
933 1818 1026 1850 actu,
1048 1808 1122 1842 sive
1144 1809 1188 1842 sit
1209 1809 1433 1854 praeparatio
1456 1809 1500 1842 ad
1522 1809 1632 1843 talem
1656 1809 1770 1855 impu-

209 1863 439 1908 gnationem3
459 1863 552 1897 unde
577 1862 696 1897 Gloss.
719 1863 863 1909 (interl.)
888 1873 919 1896 2.
940 1862 983 1896 ad
1007 1862 1093 1896 Cor.
1120 1872 1171 1896 12.
1195 1862 1280 1908 (sup.
1303 1862 1406 1897 illud:
1428 1862 1618 1904 seditiones,
1641 1864 1770 1897 animo-

206 1918 327 1958 sitates,
357 1916 431 1960 etc.)
459 1916 555 1957 dicit,
589 1916 685 1961 quod
708 1917 903 1950 seditiones
933 1924 1015 1949 sunt
1040 1915 1214 1949 tumultus
1248 1915 1291 1949 ad
1318 1927 1494 1961 pugnam3
1522 1927 1606 1950 cum
1632 1915 1771 1951 scilicet

209 1969 319 2015 aliqui
337 1980 374 2003 se
396 1977 621 2015 praeparant,
638 1976 671 2003 et
685 1969 875 2003 intendunt
889 1980 1049 2015 pugnare
1061 1981 1069 2010 3
1083 1968 1221 2003 saczmdo
1244 1968 1422 2010 differunt,
1437 1969 1520 2014 quia
1540 1968 1676 2003 bellum
1690 1980 1770 2016 pro—

209 2024 284 2068 prie
306 2031 359 2056 est
385 2032 510 2056 contra
537 2031 725 2056 extraneos
752 2023 886 2064 hostes,
915 2022 1016 2068 quasi
1043 2021 1280 2056 multitudinis
1308 2022 1351 2055 ad
1378 2022 1666 2066 multitudinem3
1693 2023 1768 2057 rixa

211 2084 331 2110 autem
354 2084 406 2110 est
427 2076 531 2110 unius
558 2076 601 2109 ad
629 2087 753 2117 unum,
774 2075 832 2109 vel
853 2087 1054 2122 paucorum
1081 2076 1124 2109 ad
1146 2087 1301 2121 paucos,
1323 2076 1451 2110 seditio
1479 2084 1600 2110 autem
1626 2078 1769 2123 proprie

211 2138 264 2164 est
283 2130 375 2163 inter
396 2138 513 2175 partes
535 2131 638 2164 unius
661 2129 898 2163 multitudinis
920 2130 1010 2163 inter
1032 2141 1069 2163 se
1092 2129 1361 2172 dissentientes;
1383 2138 1467 2176 puta
1490 2141 1574 2164 cum
1595 2142 1667 2164 una
1686 2141 1768 2177 pars

211 2183 363 2217 civitatis
385 2183 558 2217 excitatur
578 2183 615 2216 in
636 2182 832 2217 tumultum
856 2191 981 2216 contra
1003 2182 1129 2225 aliam3
1153 2191 1187 2216 et
1208 2183 1289 2217 ideo
1312 2185 1394 2229 quia
1413 2183 1542 2218 seditio
1564 2183 1673 2218 habet
1694 2195 1769 2230 spe-

210 2236 300 2270 ciale
321 2237 471 2278 bonum,
494 2236 551 2270 cui
573 2236 777 2282 opponitur,
795 2236 932 2271 scih'cet
952 2236 1140 2278 unitatem,
1155 2245 1189 2270 et
1206 2247 1335 2282 pacem
1358 2236 1606 2279 multitudinis,
1628 2245 1681 2272 est
1694 2248 1769 2283 spe-

210 2289 300 2324 ciale
322 2298 523 2336 peccatum.

280 2344 340 2377 AD
361 2354 510 2377 PRIMUM
538 2354 624 2388 ergo
647 2343 853 2385 dicendum,
880 2343 976 2389 quod
1003 2343 1193 2377 seditiosus
1221 2343 1349 2377 dicitur
1369 2343 1440 2386 ille,
1467 2344 1528 2390 qui
1552 2344 1768 2378 seditionem

209 2397 357 2438 excitat3
381 2405 414 2431 et
435 2397 518 2442 quia
545 2396 672 2430 seditio
700 2397 895 2442 quamdam
923 2396 1143 2430 discordiam
1168 2397 1350 2442 importat,
1378 2397 1460 2431 ideo
1487 2397 1678 2432 seditiosus
1704 2405 1768 2439 est,

209 2451 270 2496 qui
291 2450 510 2484 discordiam
525 2449 620 2491 facit,
634 2461 708 2483 non
724 2461 1004 2495 quamcumque,
1026 2450 1088 2484 sed
1103 2450 1195 2484 inter
1209 2459 1327 2496 partes
1343 2451 1492 2496 alicujus
1512 2450 1769 2493 multitudinis;

209 2512 397 2549 peccatum
421 2512 541 2537 autem
563 2503 746 2537 seditionis
769 2514 843 2536 non
864 2503 983 2537 solum
1007 2511 1059 2537 est
1076 2503 1111 2536 in
1134 2515 1190 2545 eo,
1213 2504 1272 2549 qui
1287 2504 1505 2538 discordiam
1526 2504 1692 2546 seminat,
1706 2505 1767 2539 sed

209 2559 316 2591 etiam
335 2558 371 2591 in
393 2557 455 2598 eis,
477 2557 538 2602 qui
558 2557 760 2590 inordinate
783 2557 824 2590 ab
848 2557 1003 2590 invicem
1025 2557 1247 2591 dissentiunt.

280 2612 340 2644 AD
363 2621 569 2645 sichNDUM
589 2610 793 2651 dicendum,
813 2611 909 2655 quod
924 2610 1052 2644 seditio
1073 2610 1189 2644 differt
1204 2622 1222 2644 a
1238 2611 1432 2645 schismate
1447 2612 1481 2644 in
1497 2611 1766 2658 duobus,·prim0

209 2664 366 2710 quidem,
389 2664 471 2710 quia
493 2664 652 2697 schisma
675 2664 868 2709 opponitur
889 2663 1062 2708 spirituali
1079 2664 1203 2698 unitati
1220 2665 1468 2706 multitudinis,
1483 2664 1620 2699 scilicet
1641 2665 1768 2699 unitati

209 2718 501 2752 Ecclesiasticae:
525 2717 652 2751 seditio
676 2725 796 2750 autem
820 2717 1013 2762 opponitur
1029 2717 1231 2763 temporali,
1254 2718 1310 2752 vel
1332 2718 1507 2752 saeculari
1530 2718 1766 2752 multitudinis

208 2771 346 2812 unitati,
369 2779 453 2816 puta
476 2771 639 2812 civitatis,
661 2770 719 2804 vel
740 2770 858 2815 regni:
880 2770 1029 2808 secundo,
1053 2771 1134 2816 quia
1149 2771 1306 2805 schisma
1327 2783 1401 2805 non
1416 2773 1587 2817 importat
1608 2770 1766 2817 aliquam

209 2824 520 2869 praeparationem
552 2824 594 2858 ad
618 2835 777 2869 pugnam
808 2823 1047 2869 corporalem,
1082 2824 1141 2857 sed
1164 2824 1283 2858 solum
1305 2825 1475 2870 importat
1504 2825 1765 2858 dissensionem

209 2877 451 2923 spiritualem,
474 2877 601 2912 seditio
624 2886 743 2911 autem
764 2877 936 2923 importat
956 2877 1267 2923 praeparationem
1284 2878 1326 2911 ad
1345 2889 1504 2924 pugnam
1526 2877 1763 2924 corporalem.

1856 2304 1859 2315 l

1856 2347 1859 2356 ,

1854 2410 1859 2448 n'

1854 2450 1859 2476 i:
