1905 3137
226 123 280 178 78
685 137 905 172 QUAESTIO
938 139 1028 168 vm.
1062 140 1306 170 ARTICULUS
1339 141 1367 170 1.

745 376 1100 437 QUAESTIO
1141 378 1267 425 vm.

322 499 385 529 DE
424 498 558 529 DONO
596 499 930 540 INTELLECTUS,
972 502 1022 532 IN
1061 502 1182 533 OCTO
1221 502 1483 534 ARTICULOS
1521 503 1696 535 DIVISA.

296 638 436 672 Deinde
459 639 762 674 considerandum
786 649 838 674 est
859 641 902 674 de
925 641 1021 675 dono
1044 642 1261 685 Intellectus,
1277 651 1312 677 et
1327 643 1519 685 Scientiae,
1535 655 1626 689 quae
1644 655 1787 690 respon-

228 690 312 725 dent
332 691 453 725 virtuti
474 691 567 726 fidei.

600 784 642 817 Et
659 784 749 817 cissa
771 783 891 817 donum
915 784 1087 818 intellectus
1109 789 1314 830 quaeruntur
1336 790 1416 819 octo.

298 853 434 887 Primo.
457 853 589 887 Utrum
609 853 815 887 intellectus
837 854 881 887 sit
903 853 1038 887 donum
1063 854 1215 900 Spiritus
1238 854 1373 889 Sancti.

298 906 478 940 Secundo.
501 906 633 940 Utrum
656 907 768 952 possit
789 906 897 941 simul
919 918 995 941 esse
1017 908 1053 940 in
1076 908 1205 942 eodem
1225 919 1308 941 cum
1326 907 1406 941 fide.

299 959 436 994 Tertio.
460 960 592 994 Utrum
613 960 826 1003 intellectus,
849 960 910 1006 qui
932 969 984 995 est
1005 961 1142 995 donum
1158 962 1308 1008 Spiritus
1323 961 1459 1003 Sancti,
1481 961 1525 996 sit
1545 961 1788 1008 speculativus

227 1021 378 1055 tantum,
400 1013 459 1047 vel
481 1014 589 1047 etiarn
611 1014 800 1059 practicus.

300 1066 453 1106 Quarto.
477 1067 609 1100 Utrum
627 1078 766 1108 omnes,
789 1067 849 1112 qui
871 1075 952 1101 sunt
972 1067 1008 1101 in
1031 1068 1157 1113 gratia,
1178 1068 1336 1102 habeant
1356 1068 1494 1102 donum
1515 1067 1729 1103 intellectus.

300 1119 450 1159 Quinto.
474 1120 605 1154 Utrum
626 1120 697 1154 hoc
720 1120 858 1153 donum
880 1120 1083 1154 inveniatur
1104 1121 1140 1154 in
1164 1121 1340 1167 aliquibus
1363 1121 1496 1167 absque
1519 1121 1643 1167 gratia.

299 1172 419 1206 Sexto.
442 1172 643 1213 Quomodo
671 1184 708 1207 se
730 1173 861 1207 habeat
883 1173 1019 1207 donum
1041 1174 1245 1208 intellectus
1268 1174 1312 1208 ad
1334 1174 1403 1208 alia
1425 1175 1532 1208 dona.

299 1225 474 1271 Septimo.
496 1227 552 1260 De
575 1237 630 1268 eo,
653 1227 749 1272 quod
772 1227 965 1271 respondet
986 1227 1070 1260 huic
1094 1227 1191 1261 dono
1213 1228 1249 1261 in
1270 1227 1560 1262 beatitudinibus.

301 1279 456 1314 Octavo.
478 1280 534 1314 De
557 1291 613 1322 eo,
635 1279 732 1325 quod
754 1281 948 1325 respondet
969 1280 1001 1314 ei
1022 1280 1059 1314 in
1080 1280 1264 1315 fructibus.

804 1420 1148 1465 ARTICULUS
1184 1422 1217 1465 1.
1746 1447 1787 1483 39

406 1529 559 1559 UTRUM
591 1529 893 1559 INTELLECTUS
927 1530 994 1559 SIT
1022 1530 1182 1560 DONUM
1215 1530 1408 1559 SPIRITUS
1441 1530 1612 1561 SANCTI.

592 1615 631 1661 (3.
655 1616 742 1650 Dist.
760 1628 803 1662 35.
827 1628 857 1662 q.
879 1628 910 1650 2.
933 1621 997 1651 art.
1020 1628 1050 1650 2.
1074 1621 1104 1651 et
1124 1616 1187 1650 Ira.
1210 1628 1256 1650 rr.
1278 1616 1347 1650 lect.
1370 1616 1431 1660 2.).

298 1703 357 1737 AD
379 1714 528 1737 PRmmi
551 1703 600 1737 sic
628 1704 845 1749 proceditur.
864 1703 1026 1745 Videtur,
1054 1704 1150 1750 quod
1172 1703 1375 1738 intellectus
1397 1714 1471 1737 non
1489 1703 1534 1737 sit
1555 1703 1693 1737 donum
1716 1704 1792 1750 Spi-

228 1757 313 1790 ritus
338 1757 480 1790 Sancti:
504 1757 599 1791 dona
621 1758 718 1791 enim
738 1758 891 1803 gratuita
911 1758 1176 1803 distinguuntur
1198 1769 1217 1791 a
1240 1757 1343 1790 donis
1364 1756 1604 1791 naturalibus:
1626 1757 1791 1803 superad-

228 1810 358 1843 duntur
379 1811 477 1843 enim
499 1810 566 1845 eis:
589 1811 653 1844 sed
674 1810 877 1844 intellectus
899 1819 952 1844 est
974 1811 1120 1856 quidam
1142 1810 1282 1844 habitus
1303 1809 1476 1844 naturalis
1497 1810 1533 1843 in
1556 1810 1688 1852 anima,
1716 1821 1788 1856 quo

229 1871 499 1908 cognoscuntur
520 1863 695 1909 principia
716 1863 924 1897 naturaliter
945 1871 1043 1905 nota,
1065 1871 1103 1897 ut
1123 1871 1221 1909 patet
1239 1863 1277 1896 in
1299 1860 1330 1896 6.
1353 1862 1469 1896 Ethic.
1493 1862 1581 1909 (cap.
1604 1864 1655 1908 6.)
1666 1876 1678 1903 ,·
1702 1874 1790 1909 ergo

227 1927 301 1949 non
324 1916 430 1950 debet
452 1917 538 1962 poni
561 1917 697 1950 donum
721 1916 872 1962 Spiritus
897 1916 1031 1950 Sancti.

300 1979 331 2002 2.
354 1969 590 2003 PRAETEREA.
613 1969 721 2002 Dona
749 1969 868 2002 divina
898 1969 1156 2014 participantur
1187 1979 1206 2001 a
1234 1968 1405 2002 creaturis
1435 1969 1636 2003 secundum
1666 1980 1791 2004 earum

227 2022 514 2068 proportionem,
534 2030 568 2056 et
589 2022 752 2063 modum,
781 2030 817 2056 ut
843 2030 940 2068 patet
966 2033 1027 2068 per
1053 2022 1162 2055 Dion.
1190 2021 1226 2054 in
1252 2021 1311 2055 lib.
1339 2021 1381 2055 de
1408 2022 1491 2056 Div.
1513 2022 1622 2056 Nom.
1646 2023 1736 2069 (cap.
1755 2034 1789 2067 4.

229 2075 297 2110 lect.
325 2077 390 2121 5.):
413 2076 475 2109 sed
497 2075 627 2109 modus
649 2076 830 2109 humanae
852 2083 1001 2109 naturae
1036 2083 1099 2116 est,
1122 2083 1160 2108 ut
1185 2086 1259 2108 non
1286 2074 1496 2120 simpliciter
1518 2075 1707 2109 veritatem
1734 2087 1792 2110 co-

229 2137 381 2174 gnoscat
412 2129 526 2174 (quod
549 2129 702 2174 pertinet
736 2128 778 2162 ad
813 2128 993 2162 rationem
1026 2127 1261 2171 intellectus),
1288 2128 1350 2161 sed
1377 2128 1572 2161 discursive
1600 2129 1714 2174 (quod
1740 2137 1792 2164 est

226 2183 412 2228 proprium
434 2182 612 2225 rationis),
635 2190 672 2216 ut
693 2190 790 2227 patet
811 2193 872 2227 per
894 2181 1002 2214 Dion.
1024 2181 1060 2214 in
1084 2192 1114 2225 7.
1132 2192 1207 2226 cap.
1232 2181 1274 2215 de
1288 2181 1370 2214 Div.
1390 2181 1499 2215 Nom.
1517 2180 1603 2224 (lect.
1619 2183 1683 2226 2.)‚·
1700 2193 1787 2228 ergo

229 2235 389 2281 cognitio
405 2235 536 2277 divina,
552 2247 642 2281 quae
657 2235 866 2268 hominibus
881 2235 994 2276 datur,
1010 2234 1126 2279 magis
1141 2234 1246 2268 debet
1261 2234 1331 2267 dici
1349 2234 1488 2268 donum
1506 2234 1666 2276 rationis,
1681 2247 1791 2281 quam

228 2288 441 2323 intellectus.

302 2353 330 2387 3.
349 2341 585 2376 PRAETEREA.
600 2341 640 2374 In
656 2341 824 2386 potentiis
841 2341 981 2374 animae
995 2340 1199 2374 intellectus
1222 2348 1347 2374 contra
1368 2339 1593 2375 voluntatem
1609 2341 1787 2384 dividitur,

230 2403 267 2428 ut
289 2402 386 2440 patet
407 2395 443 2427 in
470 2406 497 2439 3.
521 2394 563 2427 de
586 2395 655 2428 An.
680 2394 756 2437 (tex.
775 2395 868 2440 58.).·
892 2394 952 2427 sed
968 2393 1108 2427 nullum
1123 2393 1260 2426 donum
1281 2393 1431 2439 Spiritus
1448 2393 1571 2428 Sancti
1590 2395 1718 2428 dicitur
1731 2406 1791 2429 vo—

227 2448 362 2489 luntas3
386 2459 472 2493 ergo
495 2448 604 2481 etiam
626 2447 766 2481 nullum
790 2447 927 2481 donum
950 2447 1102 2492 Spiritus
1126 2446 1248 2480 Sancti
1272 2446 1376 2480 debet
1398 2447 1468 2480 dici
1490 2447 1703 2482 intellectus.

299 2502 373 2535 SED
397 2511 551 2535 CONTRA
579 2510 642 2542 est,
670 2501 766 2546 quod
793 2501 921 2534 dicitur
948 2500 1015 2534 Isa.
1048 2511 1117 2534 11.:
1146 2501 1331 2545 Requiescet
1355 2506 1453 2546 super
1473 2513 1545 2535 cum
1566 2503 1702 2547 spiritus
1722 2502 1791 2535 Do-

228 2556 321 2595 mini,
344 2557 480 2601 spiritus
500 2556 691 2601 sapientiam,
712 2559 739 2588 cl
759 2554 946 2588 intellectus.

299 2608 528 2642 Regios-nro
544 2607 857 2652 dicendum‚qu0d
880 2617 1015 2640 nomen
1038 2605 1240 2639 intellectus
1263 2606 1458 2651 quamdam
1480 2606 1646 2640 intimam
1669 2607 1789 2653 cogni-

226 2661 364 2694 tionem
386 2661 572 2706 importat:
597 2661 725 2694 dicitur
747 2660 843 2693 enim
867 2660 1053 2704 intelligere,
1076 2659 1178 2705 quasi
1201 2661 1286 2693 intus
1307 2660 1427 2704 legere:
1448 2669 1482 2694 et
1502 2660 1573 2694 hoc
1597 2660 1786 2695 manifeste

227 2722 324 2759 patet
345 2714 654 2748 considerantibus
678 2712 916 2747 differentiam
936 2712 1150 2753 intellectus,
1173 2720 1207 2746 et
1228 2723 1369 2746 sensus:
1393 2725 1478 2746 nam
1501 2713 1661 2758 cognitio
1683 2713 1792 2748 sensi-

227 2767 299 2801 tiva
322 2775 519 2812 occupatur
542 2767 635 2800 circa
657 2765 845 2812 qualitates
868 2765 1052 2800 sensibiles
1081 2765 1291 2799 exteriores:
1317 2767 1476 2811 cognitio
1509 2775 1629 2800 autern
1656 2765 1793 2800 intelle—

229 2820 321 2853 ctiva
347 2828 510 2866 penetrat
537 2831 647 2866 usquc
677 2820 718 2853 ad
747 2819 940 2853 essentiam
969 2819 1037 2852 rei:
1067 2819 1249 2864 objectum
1277 2819 1373 2852 enim
1400 2819 1604 2854 intellectus
1631 2819 1790 2865 estquod
