1859 3122
517 155 738 191 QUAESTIO
774 155 886 185 CLIV.
921 154 1164 184 ARTICULUS
1198 154 1256 184 IX.
1561 154 1668 196 1007

180 237 409 271 RESPONDEO
428 237 634 278 dicendum,
657 237 766 282 quod,
788 237 879 271 sicut
897 236 1032 270 dictum
1056 243 1108 270 cst
1131 235 1211 279 (art.
1228 248 1251 269 l.
1271 240 1299 269 et
1317 236 1349 269 6.
1372 235 1439 280 huj.
1463 235 1523 280 q.)‚
1543 234 1591 268 ibi
1613 246 1671 268 ne-

110 302 210 325 cesse
232 299 285 325 est
306 290 457 324 inveniri
476 291 752 324 determinatam
770 290 928 336 speciem
950 289 1123 331 luxuriae,
1146 289 1206 322 ubi
1220 289 1400 323 invenitur
1416 288 1548 334 aliquid
1571 299 1672 334 repu-

110 355 224 389 gnans
242 346 320 378 usui
340 344 459 377 debito
482 355 739 378 venereorum:
763 344 798 378 in
821 355 884 378 usu
909 351 1029 377 autem
1048 343 1414 388 consanguinearum,
1430 342 1487 376 vel
1509 341 1669 375 affinium

110 397 291 431 invenitur
319 396 450 442 aliquid
479 397 719 441 incongruum
748 397 1001 431 commixtioni
1027 407 1202 430 venereae
1229 396 1355 442 triplici
1376 397 1526 429 ratione.
1555 396 1670 429 Primo

109 450 268 496 quidem,
296 450 378 496 quia
400 450 607 484 naturaliter
628 451 742 485 homo
769 451 874 484 debet
895 450 1090 496 quamdam
1112 449 1429 483 honorificentiam
1453 449 1670 494 parentibus,

109 511 144 537 et
161 514 224 548 per
246 514 470 548 consequens
493 503 570 537 aliis
593 504 882 549 consanguineis,
898 504 958 549 qui
973 514 1014 537 ex
1032 503 1169 537 eisdem
1184 502 1389 549 parentibus
1405 502 1447 535 de
1467 502 1670 547 propinquo

110 556 288 602 originem
311 557 471 598 trahunt3
504 558 683 591 intantum
713 557 809 603 quod
834 557 927 603 apud
958 557 1135 602 antiquos,
1158 564 1196 590 ut
1222 555 1388 590 Valerius
1415 555 1595 589 Maximus
1622 566 1671 588 re-

108 609 175 644 fert
195 610 270 655 (lib.
295 622 322 644 2.
350 617 423 655 cup.
447 623 472 645 ι.
502 624 532 645 11.
556 611 615 656 7.)‚
639 622 712 644 non
734 619 809 644 erat
835 610 885 644 fas
913 609 1029 644 filium
1052 609 1159 643 simul
1186 621 1270 642 cum
1299 617 1398 654 patre
1425 608 1599 649 balneari,
1626 619 1670 641 ne

109 662 248 697 scilicet
263 674 299 696 se
318 664 474 697 invicem
489 665 605 697 nudos
620 665 886 708 conspicerent:
904 662 1134 697 manifestum
1150 671 1202 696 est
1216 671 1337 696 autem
1358 662 1557 696 secundum
1574 672 1671 706 prae-

108 716 203 749 dicta
224 716 271 762 (q.
299 728 371 760 142.
392 722 456 751 art.
484 728 518 761 φ
543 722 614 762 atq.
629 729 690 762 151.
713 722 775 750 art.
802 719 865 761 4),
889 716 984 762 quod
1007 717 1042 749 in
1067 716 1202 750 actibus
1224 715 1389 749 venereis
1410 715 1567 748 maxime
1588 725 1671 747 con-

108 769 199 803 sistit
215 770 395 815 quaedam
417 771 599 816 turpitudo
621 770 920 804 honorificentiae
943 771 1142 811 contraria3
1162 769 1255 802 unde
1279 769 1321 802 de
1345 768 1401 802 his
1423 768 1594 801 homines
1615 778 1672 800 ve·

107 823 370 865 recundantur3
405 832 439 858 et
468 824 550 857 ideo
580 824 822 868 incongruum
855 831 918 864 est,
946 823 1042 868 quod
1068 822 1148 856 talis
1177 822 1392 856 commixtio
1428 832 1583 855 venerea
1609 820 1671 854 fiat

107 875 233 910 talium
255 888 492 922 personarum
507 877 550 910 ad
566 877 741 918 invicem3
764 885 798 910 et
820 876 909 910 haec
933 887 1040 910 causa
1062 876 1199 910 videtur
1214 875 1365 921 exprimi
1383 875 1497 908 Levit.
1521 874 1584 916 18„
1612 874 1670 907 ubi

107 929 253 963 dicitur:
277 931 388 965 Mater
409 936 465 964 tua
486 935 539 971 est,
568 942 632 963 non
654 930 813 964 revelabis
834 929 1070 975 turpitudinem
1092 931 1181 974 eju&
1210 937 1245 962 et
1266 929 1363 962 idem
1390 936 1516 974 postea
1543 927 1672 961 dicitur

107 982 143 1016 in
166 982 254 1017 aliis.
277 983 423 1017 Secunda
446 983 536 1017 ratio
559 991 622 1024 est,
645 983 727 1028 quia
749 993 920 1028 personas
942 982 1118 1027 sanguine
1140 983 1355 1026 conjunctas
1377 992 1526 1015 necesse
1549 989 1601 1014 est
1628 980 1670 1014 ad

107 1036 262 1070 invicem
284 1036 391 1070 simul
415 1036 639 1077 conversari3
663 1036 755 1069 unde
778 1035 807 1069 si
828 1036 996 1069 homines
1023 1046 1097 1068 uon
1128 1043 1336 1069 arcerentur
1364 1046 1383 1067 a
1410 1035 1671 1068 commixtione

106 1100 272 1131 venerea,
293 1090 406 1123 nimia
428 1089 677 1135 opportunitas
699 1090 842 1122 daretur
871 1089 1082 1122 hominibus
1111 1099 1287 1122 venereae
1318 1088 1610 1129 commixtionis,
1638 1095 1673 1121 et

107 1142 157 1176 sic
193 1143 304 1176 animi
334 1143 527 1176 hominum
556 1142 664 1176 nimis
693 1141 972 1176 emollescerent
992 1153 1055 1187 per
1083 1141 1289 1183 luxuriam3
1317 1149 1351 1175 et
1377 1141 1459 1174 ideo
1494 1141 1530 1174 in
1558 1140 1669 1174 veteri

106 1195 186 1242 lege
219 1196 302 1230 illae
335 1207 511 1242 personae
541 1195 744 1241 specialiter
773 1196 938 1230 videntur
967 1195 1170 1242 prohibitae
1203 1206 1291 1237 esse,
1319 1206 1407 1240 quas
1436 1205 1585 1228 necesse
1620 1202 1673 1228 est

107 1249 213 1283 simul
237 1250 468 1283 commorari.
511 1250 625 1283 Tertia
654 1249 744 1283 ratio
773 1257 838 1290 est,
865 1249 947 1295 quia
973 1260 1036 1295 per
1061 1249 1132 1282 hoc
1155 1249 1390 1295 impediretur
1417 1247 1671 1293 multiplicatio

107 1302 332 1337 amicorum:
365 1302 450 1336 dum
481 1303 576 1336 enim
616 1302 730 1336 homo
765 1313 916 1336 uxorem
945 1310 1153 1336 extraneam
1191 1302 1333 1348 accipit,
1371 1303 1570 1347 junguntur
1604 1301 1671 1334 sibi

106 1355 262 1401 quadam
284 1355 431 1401 speciali
458 1356 617 1389 amicitia
644 1367 771 1389 omnes
793 1356 1055 1401 consanguinei
1086 1356 1218 1397 uxoris,
1249 1367 1289 1389 ac
1322 1355 1352 1389 si
1373 1363 1493 1388 essent
1519 1366 1671 1388 consan-

107 1408 230 1454 guinei
263 1409 336 1450 sui,
370 1410 463 1443 unde
494 1409 648 1454 August.
679 1409 764 1442 dicit
794 1420 845 1453 15.
877 1409 920 1443 de
955 1409 1034 1443 Civ.
1057 1409 1126 1442 Dei
1155 1409 1244 1455 (cap.
1272 1408 1366 1452 16.).·
1402 1420 1419 1439 «
1455 1408 1587 1441 Habita
1617 1415 1670 1441 est

110 1463 200 1496 ratio
222 1463 423 1496 rectissima
445 1463 640 1504 charitatis,
662 1470 699 1496 ut
720 1463 900 1504 homines,
924 1463 1050 1508 quibus
1066 1470 1159 1496 esset
1174 1461 1281 1503 utilis,
1297 1469 1403 1507 atque
1419 1461 1573 1494 honesta
1589 1472 1673 1494 con-

108 1516 242 1557 cordia,
257 1516 480 1550 diversarum
494 1516 780 1550 vicissitudinum
795 1515 948 1549 vinculis
962 1523 1276 1556 necterentur,nec
1294 1525 1385 1548 unus
1402 1515 1438 1547 in
1454 1525 1525 1547 una
1539 1514 1671 1548 multas

108 1569 268 1610 haberet,
298 1569 359 1603 sed
389 1569 552 1614 singulae
582 1577 837 1615 spargerentur
866 1569 902 1602 in
931 1568 1095 1614 singulos
1119 1582 1150 1602 ›>.
1181 1568 1294 1602 Addit
1324 1568 1434 1602 etiam
1456 1567 1671 1601 Aristoteles

109 1627 265 1667 quartam
292 1622 471 1656 rationem
503 1623 539 1656 in
569 1633 600 1656 2.
631 1622 816 1656 Politicor.
839 1623 930 1669 (cap.
957 1634 987 1657 2.
1016 1624 1076 1656 cir.
1102 1621 1215 1666 med),
1239 1622 1322 1667 quia
1355 1633 1438 1654 cum
1458 1620 1670 1654 naturaliter

109 1675 224 1709 homo
255 1676 565 1721 consanguineam
595 1675 731 1721 diligat,
761 1676 791 1709 si
819 1675 1007 1709 adderetur
1033 1686 1147 1717 amor,
1179 1675 1240 1720 qui
1271 1682 1324 1709 est
1345 1686 1387 1708 ex
1411 1674 1673 1708 commixtione

109 1782 262 1816 castitati
283 1790 476 1828 repugnat3
498 1782 592 1816 unde
611 1781 843 1816 manifestum
866 1791 929 1824 est,
952 1782 1048 1828 quod
1063 1782 1220 1816 incestus
1243 1790 1296 1816 est
1315 1781 1554 1815 determinata
1575 1780 1674 1814 luxu-

107 1836 181 1869 riae
199 1835 348 1881 species.

173 1888 233 1922 AD
245 1899 395 1923 PRtMUM
406 1900 491 1934 ergo
503 1888 708 1930 dicendum,
720 1888 817 1934 quod
828 1889 962 1924 abusus
974 1889 1251 1933 conjunctarum
1264 1899 1503 1935 personarum
1515 1887 1672 1921 maxime

107 1941 294 1976 induceret
323 1941 566 1987 corruptelam
597 1942 788 1984 castitatis;
810 1949 887 1976 tum
917 1950 1062 1988 propter
1092 1942 1413 1988 opportunitatem,
1452 1951 1530 1976 tum
1564 1941 1673 1975 etiam

107 2003 253 2041 propter
270 1995 425 2028 nimium
448 1995 614 2028 ardorem
637 1995 782 2037 amoris,
805 2004 843 2030 ut
864 1996 999 2029 dictum
1022 2002 1074 2029 est
1092 1997 1143 2040 (in
1161 2002 1250 2042 corp.
1270 1997 1375 2040 art.);
1405 2003 1439 2029 et
1464 1995 1547 2029 ideo
1575 2002 1674 2028 anto-

107 2048 310 2082 nomastice
333 2049 463 2082 abusus
483 2048 611 2082 talium
632 2059 869 2094 personarum
890 2057 1042 2083 vocatur
1063 2050 1214 2084 incestus.

179 2102 239 2136 AD
266 2113 473 2136 SECUNDUM
488 2102 692 2143 dicendum,
713 2103 810 2148 quod
831 2114 985 2149 persona
1007 2101 1121 2136 affinis
1145 2103 1380 2148 conjungitur
1395 2102 1504 2136 alicui
1525 2109 1672 2147 propter

107 2166 302 2201 personam
324 2155 637 2201 consanguinitate
659 2156 910 2200 conjunctam3
933 2163 967 2189 et
987 2156 1069 2189 ideo
1092 2156 1176 2201 quia
1204 2167 1318 2189 unum
1350 2164 1402 2190 est
1421 2163 1568 2201 propter
1590 2154 1674 2188 alte-

108 2220 200 2250 rum,
223 2208 386 2254 ejusdem
408 2209 555 2242 rationis
576 2208 909 2243 inconvenientiam
930 2208 1015 2243 facit
1037 2209 1346 2255 consanguinitas,
1369 2217 1403 2243 et
1425 2207 1588 2242 affinitas.

179 2262 239 2296 AD
259 2272 430 2296 TERTIUM
452 2261 656 2303 dicendum,
675 2262 772 2306 quod
790 2262 826 2295 in
849 2262 1110 2296 commixtione
1132 2273 1369 2308 personarum
1393 2263 1671 2306 conjunctarum

109 2313 242 2360 aliquid
264 2323 328 2356 est,
350 2315 446 2360 quod
469 2322 521 2348 est
546 2315 746 2349 secundum
773 2326 810 2349 se
836 2315 1018 2357 indecens,
1045 2324 1080 2349 et
1106 2326 1310 2361 repugnans
1336 2314 1492 2348 naturali
1519 2314 1670 2355 rationi;

108 2368 200 2402 sicut
220 2368 316 2414 quod
339 2367 552 2402 commixtio
575 2367 636 2402 fiat
656 2369 748 2402 inter
767 2375 943 2414 parentes,
966 2376 1001 2402 et
1022 2368 1128 2410 filios,
1148 2379 1303 2414 quorum
1326 2376 1379 2401 est
1400 2379 1464 2413 per
1485 2378 1534 2408 se,
1557 2375 1592 2401 et
1610 2368 1673 2400 im-

108 2421 266 2455 mediata
295 2421 485 2467 cognatio:
512 2432 598 2454 nam
623 2420 688 2454 filii
712 2421 921 2456 naturaliter
950 2421 1131 2455 honorem
1162 2421 1291 2455 debent
1321 2420 1546 2466 parentibus3
1578 2420 1672 2453 unde

108 2473 245 2508 Philos.
268 2475 354 2508 dicit
374 2475 410 2507 in
428 2485 460 2520 9.
483 2474 527 2507 de
548 2474 708 2508 Animal.
730 2475 820 2521 (cap.
841 2474 926 2520 47),
955 2474 1052 2520 quod
1083 2474 1229 2519 quidam
1260 2485 1385 2519 equus,
1414 2473 1475 2518 qui
1502 2473 1672 2518 deceptus

106 2526 182 2569 fuit,
204 2536 243 2561 ut
263 2527 369 2561 matri
391 2527 699 2570 commisceretur,
720 2528 880 2573 seipsum
906 2528 1155 2574 praecipitavit
1185 2527 1287 2573 quasi
1313 2538 1398 2573 prae
1430 2528 1600 2568 horrore3
1628 2537 1672 2560 eo

107 2580 204 2626 quod
225 2581 334 2614 etiam
357 2580 571 2614 animalibus
593 2580 769 2626 aliquibus
789 2581 884 2615 inest
900 2581 1072 2615 naturalis
1091 2581 1292 2615 reverentia
1311 2581 1354 2614 ad
1375 2588 1560 2625 parentes:
1581 2579 1672 2613 aliae

107 2645 194 2667 vero
216 2645 403 2679 personae,
425 2644 516 2679 quae
537 2644 612 2667 non
634 2635 902 2680 conjunguntur
922 2634 1124 2668 secundum
1153 2633 1299 2680 seipsas,
1331 2633 1393 2667 sed
1422 2644 1485 2678 per
1507 2632 1672 2667 ordinem

108 2687 152 2720 ad
173 2695 349 2732 parentes,
370 2698 445 2720 non
466 2687 600 2721 habent
619 2687 669 2721 ita
695 2698 737 2722 ex
758 2688 883 2734 seipsis
909 2687 1172 2722 indecentiam:
1204 2687 1267 2721 sed
1294 2689 1452 2720 variatur
1480 2687 1575 2720 circa
1601 2686 1672 2720 hoc

108 2739 283 2781 decentia,
305 2739 363 2773 vel
383 2740 587 2774 indecentia
608 2741 809 2774 secundum
835 2741 1148 2782 consuetudinem,
1177 2748 1211 2774 et
1236 2739 1356 2785 legem
1379 2740 1593 2780 humanam,
1614 2739 1673 2772 vel

109 2792 287 2826 divinam:
311 2793 404 2838 quia,
427 2801 465 2827 ut
486 2793 622 2827 dictum
640 2801 693 2828 est
712 2793 792 2838 (art.
811 2806 843 2829 2.
860 2795 928 2840 huj.
948 2794 1009 2839 q),
1029 2805 1113 2827 usus
1134 2804 1386 2834 venereorum,
1406 2793 1465 2838 qui
1488 2793 1673 2826 ordinatur

109 2845 154 2879 ad
174 2845 313 2879 bonum
335 2857 542 2888 commune,
560 2846 720 2892 subjacet
734 2846 823 2893 legi;
838 2855 873 2882 et
885 2847 980 2889 ideo,
995 2847 1087 2880 sicut
1101 2847 1253 2892 August.
1269 2846 1356 2880 dicit
1374 2857 1425 2890 15.
1447 2846 1489 2880 de
1509 2845 1588 2879 Civ.
1604 2845 1674 2879 Dei
