1859 3122
232 174 315 216 192
624 171 841 207 QUAESTIO
873 172 989 200 XXIV.
1024 171 1266 201 ARTICULUS
1299 172 1372 202 VII.

758 339 1100 384 ARTICULUS
1135 339 1234 382 VH.
1716 362 1805 398 130x

495 447 648 477 UTRUM
680 447 893 477 CHARITAS
927 447 1160 477 AUGEATUR
1193 447 1237 477 IN
1269 447 1512 477 INFINITUM.

444 534 485 580 (3.
513 534 600 568 Dist.
631 544 681 580 17.
709 546 738 579 q.
765 546 796 569 2.
823 540 887 569 art.
914 546 946 578 4.
974 539 1002 568 et
1035 534 1117 568 l'irt.
1146 545 1175 579 q.
1202 545 1229 568 1.
1257 538 1320 567 art.
1351 544 1402 568 II.
1429 533 1472 567 ad
1496 535 1573 580 17).

294 622 352 655 AD
375 632 566 656 SEPTIMUM
589 622 633 656 sit
653 622 868 668 proceditur.
891 622 1052 663 Videtur,
1075 622 1171 667 quod
1194 622 1347 656 charitas
1362 633 1435 655 non
1458 630 1630 668 augeatur
1652 623 1686 656 in
1708 622 1782 656 infi-

224 675 356 709 nitum:
377 675 493 708 omnis
519 675 616 708 enim
642 683 761 709 motus
785 683 837 708 est
865 675 907 708 ad
934 675 1090 720 aliquem
1113 674 1234 716 finem,
1255 682 1288 708 et
1309 675 1516 714 terminum,
1539 683 1577 708 ut
1598 675 1725 709 dicitur
1745 675 1780 709 in

223 738 253 761 2.
276 727 434 773 Metaph.
460 728 534 770 (tex.
561 728 592 762 8.
616 733 643 761 εἰ
666 727 729 773 9.).·
753 728 814 762 sed
838 736 1073 773 augmentum
1088 727 1270 761 charitatis
1290 735 1343 761 est
1364 728 1510 773 quidam
1532 735 1671 770 motus3
1694 739 1779 774 ergo

221 781 334 814 tendit
348 781 390 813 ad
411 780 569 826 aliquem
583 780 704 821 finem,
720 789 754 814 et
774 781 985 822 terminum3
1002 792 1088 826 ergo
1109 781 1262 814 charitas
1279 782 1312 814 in
1324 780 1503 814 infinitum
1521 792 1594 814 non
1618 788 1778 826 augetur.

295 844 325 867 2.
349 834 583 867 PRAETEREA.
611 833 721 867 Nulla
747 833 863 867 forma
886 834 1025 867 excedit
1051 833 1289 879 capacitatem
1322 833 1379 867 sui
1399 834 1566 878 subjecti:
1597 833 1659 867 sed
1681 845 1782 879 capa—

223 887 310 920 citas
334 895 517 920 creaturae
539 886 736 928 rationalis,
752 898 843 932 quae
866 895 918 920 est
939 887 1138 932 subjectum
1162 886 1356 928 charitatis,
1378 894 1431 920 est
1456 886 1572 928 finita3
1595 897 1681 932 ergo
1701 887 1782 920 cha-

221 940 305 973 ritas
326 939 362 972 in
384 939 562 974 infinitum
586 940 708 985 augeri
729 951 803 973 non
826 948 952 985 potest.

297 1004 324 1038 3.
336 992 570 1027 PRAETEREA.
584 992 705 1027 Omne
727 992 867 1026 finitum
883 1004 945 1038 per
960 992 1172 1026 continuum
1191 999 1427 1038 augmentum
1443 1000 1560 1037 potest
1578 992 1780 1038 pertingere

223 1045 266 1079 ad
289 1045 525 1091 quantitatem
553 1045 695 1079 alterius
729 1045 818 1079 finiti
840 1054 1172 1091 quantumcumque
1211 1045 1380 1089 majoris,
1402 1045 1471 1078 nisi
1503 1044 1594 1078 forte
1615 1044 1662 1086 id,
1684 1043 1780 1090 quod

223 1099 396 1132 accrescit
417 1110 479 1144 per
501 1107 751 1143 augmentum,
778 1109 919 1144 semper
956 1099 999 1132 sit
1033 1098 1151 1132 minus
1174 1106 1208 1132 et
1239 1098 1375 1132 minus:
1408 1097 1499 1131 sicut
1524 1097 1617 1131 Phil.
1639 1097 1725 1130 dicit
1745 1097 1781 1130 in

225 1162 253 1197 3.
276 1151 420 1197 Physic.
443 1152 523 1196 (tax.
542 1163 592 1197 57.
615 1157 644 1186 ct
661 1152 754 1197 seq),
779 1152 874 1197 quod
908 1152 937 1185 si
971 1151 1031 1184 uni
1053 1151 1168 1184 lineae
1191 1150 1351 1192 addatur,
1379 1150 1475 1196 quod
1497 1150 1716 1184 subtrahitur
1737 1149 1779 1183 ab

223 1203 291 1237 alia
313 1204 418 1246 linea,
441 1215 531 1250 quae
553 1205 589 1238 in
611 1204 791 1238 infinitum
813 1205 991 1246 dividitur,
1006 1205 1040 1238 in
1058 1204 1236 1237 infinitum
1253 1204 1433 1237 additione
1454 1203 1559 1245 facta,
1580 1215 1780 1249 numquam

221 1257 442 1303 pertingetur
464 1258 507 1291 ad
530 1258 724 1303 quamdam
756 1258 1030 1292 determinatam
1054 1258 1302 1303 quantitatem,
1325 1268 1415 1302 quae
1443 1265 1496 1290 est
1517 1257 1720 1302 composita
1738 1267 1779 1289 ex

222 1310 358 1344 duabus
376 1310 479 1344 lineis
502 1311 661 1352 diversis,
685 1322 725 1344 ea
748 1310 885 1345 scilicet
907 1322 948 1344 ex
971 1322 1040 1356 qua
1063 1310 1213 1351 additur,
1237 1318 1271 1344 et
1299 1321 1339 1343 ea
1363 1310 1420 1343 cui
1442 1309 1592 1351 additur,
1619 1309 1716 1354 quod
1738 1319 1780 1342 ex

223 1363 291 1396 alia
313 1364 547 1405 subtrahitur,
571 1365 665 1409 quod
690 1364 724 1397 in
757 1365 941 1410 proposito
963 1375 1036 1397 non
1060 1363 1252 1409 contingit:
1276 1374 1349 1396 non
1373 1363 1469 1396 enim
1487 1374 1634 1397 necesse
1657 1370 1721 1403 est,
1743 1369 1781 1396 ut

222 1416 419 1450 secundum
444 1417 626 1450 charitatis
649 1425 885 1462 augmentum
919 1417 963 1450 sit
996 1417 1125 1457 minus,
1148 1427 1255 1461 quam
1284 1416 1458 1461 primum3
1481 1415 1543 1449 sed
1565 1416 1681 1461 magis
1703 1426 1782 1461 pro-

221 1469 338 1503 babile
369 1477 432 1510 est,
463 1469 559 1515 quod
582 1470 626 1502 sit
647 1469 808 1515 aequale,
832 1478 891 1503 aut
914 1471 1047 1514 majus3
1071 1480 1153 1502 cum
1177 1479 1263 1513 ergo
1288 1468 1442 1502 charitas
1464 1469 1598 1514 patriae
1620 1469 1666 1502 sit
1684 1468 1781 1513 quid-

222 1522 305 1555 dam
327 1522 478 1563 finitum,
502 1523 530 1556 si
557 1522 712 1556 charitas
738 1523 816 1556 viae
840 1524 875 1556 in
897 1522 1075 1556 infinitum
1100 1522 1222 1567 augeri
1247 1529 1376 1566 potest,
1399 1521 1558 1567 sequitur
1580 1521 1675 1567 quod
1699 1521 1780 1554 cha-

221 1575 305 1609 ritas
326 1575 405 1609 viae
435 1575 547 1621 possit
577 1576 643 1609 sibi
667 1575 867 1621 adaequare
902 1575 1112 1609 charitatem
1140 1574 1285 1620 patriae,
1309 1575 1405 1620 quod
1428 1582 1481 1608 est
1500 1574 1779 1617 inconveniens;

220 1640 294 1662 non
317 1640 403 1674 ergo
427 1629 581 1662 charitas
603 1629 682 1662 viae
704 1629 739 1661 in
761 1628 938 1662 infinitum
962 1636 1079 1674 potest
1101 1629 1233 1673 augeri.

295 1682 368 1716 SED
396 1692 550 1716 CONTRA
573 1689 635 1723 est,
658 1681 754 1727 quod
776 1682 903 1727 Apost.
922 1681 1007 1715 dicit
1021 1681 1064 1714 ad
1079 1680 1208 1725 Philip.
1227 1691 1274 1726 3.:
1298 1681 1374 1714 Non
1389 1680 1473 1726 quod
1489 1682 1564 1726 jam
1578 1681 1773 1726 acceperim,

222 1740 278 1769 ant
295 1737 368 1780 jam.
386 1736 546 1782 perfectus
567 1737 650 1775 sim,·
672 1747 787 1780 sequor
805 1740 926 1777 antam,
940 1736 967 1768 51'
989 1746 1049 1780 qno
1068 1734 1161 1768 modo
1180 1733 1473 1779 comprehendam:
1496 1733 1555 1766 ubi
1577 1733 1662 1766 dicit
1677 1732 1778 1767 Glos.

223 1788 310 1832 (ord.
333 1789 408 1822 Nic.
431 1788 467 1822 da
488 1789 548 1833 Ly.
570 1800 609 1822 ex
631 1789 718 1833 Aug.
746 1800 837 1822 enar.
858 1790 893 1821 in
915 1788 1000 1822 Psczl.
1029 1788 1122 1833 69)-
1153 1787 1307 1820 «Nemo
1335 1786 1506 1828 fidelium,
1534 1787 1598 1820 etsi
1625 1785 1778 1820 multum

222 1840 422 1887 profecerit,
445 1842 556 1874 dicat:
582 1840 719 1874 Sufficit
739 1841 838 1874 mihi.
860 1841 932 1880 Qui
956 1841 1052 1874 enim
1074 1840 1144 1873 hoc
1167 1840 1261 1880 dicit,
1282 1840 1323 1873 de
1346 1839 1403 1872 via
1426 1840 1496 1873 exit
1517 1848 1598 1873 ante
1616 1839 1724 1872 finem
1740 1851 1777 1881 »3

223 1905 310 1939 ergo
333 1905 474 1939 semper
497 1894 651 1927 charitas
674 1895 707 1927 in
730 1895 787 1927 via
810 1902 927 1939 potest
949 1894 1064 1938 magis
1087 1904 1127 1926 ac
1152 1893 1267 1938 magis
1291 1893 1423 1937 augeri.

292 1946 520 1980 RESPONDEO
544 1947 750 1987 dicendum,
773 1947 868 1992 quod
895 1946 1069 1980 terminus
1097 1953 1292 1990 augmento
1320 1945 1469 1989 alicujus
1496 1944 1634 1979 formae
1661 1952 1779 1991 potest

222 1999 369 2044 praefigi
391 2000 588 2046 tripliciter:
612 2011 676 2033 unu
701 1999 792 2033 modu
815 2010 856 2032 ex
878 1999 1017 2032 ratione
1032 1999 1140 2043 ipsius
1156 1998 1305 2039 formae,
1322 2010 1412 2044 quae
1428 1998 1535 2032 habet
1548 1998 1777 2032 terminatam

223 2064 441 2093 mensuram,
458 2053 500 2085 ad
520 2064 628 2098 quarn
645 2064 726 2085 cum
743 2060 953 2098 perventum
968 2051 1083 2093 fuerit,
1097 2062 1170 2084 non
1186 2059 1304 2096 potest
1318 2050 1408 2084 ultra
1426 2051 1573 2097 procedi
1591 2051 1627 2084 in
1641 2050 1777 2094 forma;

222 2106 283 2139 sed
306 2106 333 2139 si
357 2106 446 2138 ultra
469 2117 679 2151 processum
701 2104 816 2146 suerit,
839 2105 1066 2150 pervenietur
1093 2104 1135 2137 ad
1164 2104 1272 2137 aliam
1300 2103 1475 2138 formam:
1502 2105 1593 2138 sicut
1618 2112 1716 2150 patet
1740 2104 1776 2138 in

222 2158 370 2204 pallore,
399 2159 498 2203 cujus
525 2158 698 2192 terminos
726 2169 788 2203 per
815 2158 1025 2203 continuam
1052 2157 1303 2191 alterationem
1334 2157 1460 2202 aliquis
1487 2157 1623 2198 transit,
1650 2156 1707 2190 vel
1733 2157 1775 2190 ad

223 2211 436 2253 albedinem,
463 2211 519 2245 vel
543 2211 585 2244 ad
608 2211 833 2255 nigredinem
857 2213 1086 2256 perveniens:
1110 2211 1175 2244 alio
1196 2210 1289 2244 modo
1317 2222 1356 2244 ex
1384 2218 1483 2255 parte
1506 2210 1654 2255 agentis,
1676 2211 1776 2255 cujus

221 2265 331 2298 virtus
354 2276 426 2298 non
450 2276 485 2298 se
511 2264 668 2297 extendit
691 2264 732 2297 ad
757 2263 904 2297 ulterius
931 2263 1136 2308 augendum
1164 2263 1319 2297 formam
1345 2263 1380 2296 in
1408 2263 1588 2308 subjecto:
1616 2265 1707 2297 terlio
1735 2274 1776 2297 ex

222 2325 321 2363 parte
343 2317 503 2362 subjecti,
519 2317 614 2362 quod
633 2327 707 2350 non
723 2323 776 2350 est
790 2328 900 2362 capax
917 2316 1093 2349 ulterioris
1112 2316 1351 2361 perfectionis.
1366 2316 1476 2350 Nullo
1492 2325 1611 2350 autem
1625 2316 1776 2350 istorum

222 2370 416 2404 modorum
444 2370 640 2415 imponitur
661 2369 836 2403 terminus
859 2377 1054 2414 augmento
1078 2369 1259 2403 charitatis
1282 2371 1315 2403 in
1338 2377 1431 2403 statu
1453 2370 1548 2404 viae:
1577 2369 1652 2414 ipsa
1680 2369 1776 2402 enim

223 2424 376 2457 charitas
399 2423 597 2457 secundum
624 2422 804 2456 rationem
827 2423 990 2468 propriae
1006 2423 1137 2468 speciei
1151 2423 1347 2456 terminum
1363 2423 1548 2468 augmenti
1565 2434 1638 2456 non
1658 2423 1776 2464 habet,

223 2485 274 2511 est
297 2477 393 2510 enim
415 2476 639 2522 participatio
656 2476 833 2521 quaedam
862 2476 1018 2509 infinitae
1041 2476 1234 2517 charitatis,
1251 2484 1415 2523 quaeest
1438 2476 1588 2521 Spiritus
1604 2476 1774 2510 Sanctus:

222 2530 385 2564 similiter
408 2530 517 2564 etiam
545 2540 651 2563 causa
676 2540 785 2574 agens
810 2529 1021 2562 charitatem
1051 2537 1103 2562 est
1130 2528 1288 2562 infinitae
1310 2525 1460 2570 virtutis,
1488 2529 1626 2563 scilicet
1657 2529 1775 2563 Deus:

223 2583 386 2617 similiter
413 2583 520 2616 etiam
536 2594 578 2615 ex
594 2589 692 2627 parte
716 2582 864 2626 subjecti
888 2581 1061 2614 terminus
1077 2582 1158 2615 huic
1175 2590 1370 2627 augmento
1389 2581 1536 2628 praefigi
1550 2593 1622 2616 non
1642 2590 1775 2628 potest;

223 2636 305 2681 quia
328 2647 469 2681 semper
492 2635 663 2668 charitate
680 2642 898 2675 excresente,
914 2635 1194 2679 superexcrescit
1208 2634 1374 2668 habilitas
1389 2636 1431 2668 ad
1448 2635 1594 2669 ulterius
1609 2646 1777 2680 augmen-

222 2698 319 2730 tum3
342 2689 434 2722 unde
457 2688 676 2733 relinquitur,
692 2686 786 2733 quod
807 2687 988 2720 charitatis
1009 2696 1203 2732 augmento
1227 2688 1345 2721 nullus
1366 2688 1538 2722 terminus
1560 2688 1777 2734 praefigatur

226 2742 261 2775 in
283 2742 350 2775 hac
374 2742 456 2775 vita.

297 2795 355 2827 AD
377 2805 524 2828 PRIMUM
547 2806 633 2839 ergo
657 2792 861 2834 dicendum,
884 2793 979 2838 quod
1002 2802 1235 2837 augmentum
1260 2794 1441 2828 charitatis
1469 2803 1521 2828 est
1548 2794 1591 2828 ad
1619 2794 1775 2840 aliquem

226 2847 350 2881 finem:
373 2847 434 2881 sed
456 2847 515 2880 ille
537 2847 616 2880 finis
638 2857 711 2880 non
734 2853 786 2880 est
806 2846 841 2879 in
864 2845 931 2878 hac
954 2845 1036 2887 vita,
1060 2846 1120 2879 sed
1142 2846 1177 2879 in
1199 2845 1327 2881 futura.
