1859 3122
221 136 298 178 142
623 135 843 171 QUAESTIO
877 137 980 168 XVII.
1013 137 1257 168 ARTICULUS
1290 137 1362 169 VII.

215 216 413 251 secundum
434 216 521 251 illud
536 217 643 251 Hebr.
667 229 679 252 1
691 229 716 252 1.
731 229 738 252 :
754 219 965 254 Accedeatem
986 220 1028 254 ad
1042 221 1152 254 Deum
1172 225 1299 267 oportet
1317 219 1454 262 credere,
1478 221 1557 266 quia
1574 226 1630 264 est,
1645 226 1674 256 et
1690 223 1768 268 quia

214 272 452 316 inquirentibus
479 283 509 305 sa
535 277 766 307 remunerator
798 278 860 314 e5t;
884 274 977 308 unde
1005 273 1236 308 manifestum
1263 281 1326 316 est,
1354 274 1449 320 quod
1476 273 1563 309 fides
1588 276 1768 321 praecedit

216 335 329 370 spem.

285 379 344 412 AD
364 389 511 412 PRIMUM
534 389 619 424 ergo
642 379 847 422 dicendum,
870 380 977 426 quod,
997 381 1088 414 sicut
1111 379 1212 415 Glos.
1235 380 1368 414 ibidem
1389 380 1517 422 subdit,
1539 392 1618 427 spes
1641 382 1769 416 dicitur

215 431 464 477 introitasfidei,
479 432 571 465 idest
592 432 643 466 rei
664 433 838 475 creditae;
861 434 943 479 quia
966 445 1028 480 per
1050 445 1151 480 spem
1172 434 1322 468 intratur
1342 433 1385 467 ad
1402 434 1597 468 videndum
1611 435 1658 477 id,
1673 435 1769 481 quod

217 485 388 518 creditur:
411 484 468 518 vel
490 493 607 530 potest
628 485 709 527 dici,
736 487 832 532 quod
860 494 913 520 est
934 488 1086 522 introitus
1103 487 1196 532 fidei,
1219 487 1302 533 quia
1328 499 1390 533 per
1417 498 1498 521 eam
1522 487 1636 522 homo
1662 488 1770 523 intrat

216 538 259 571 ad
282 538 364 580 hoc,
386 538 483 584 quod
505 538 715 581 stabiliatur,
738 547 772 573 et
792 540 996 586 perficiatur
1018 541 1053 574 in
1076 540 1156 575 fide.

286 591 346 626 AD
368 602 574 626 SECUNDUM
589 592 793 635 dicendum,
816 593 912 638 quod
934 594 969 626 in
996 593 1203 627 definitione
1230 593 1313 627 fidei
1337 594 1482 639 ponitur
1507 605 1562 628 res
1583 595 1770 640 speranda,

216 644 299 690 quia
320 645 505 691 proprium
522 645 704 691 objectum
722 645 805 680 fidei
821 657 895 680 non
915 654 967 680 est
985 658 1159 692 apparens
1179 647 1377 681 secundum
1396 647 1572 693 seipsum3
1594 647 1688 681 unde
1704 646 1771 681 fuit

214 699 469 740 necessarium,
480 706 518 732 ut
532 699 688 745 quadarn
701 699 1024 734 circumlocutione
1038 700 1283 746 designaretur
1296 711 1359 746 per
1372 700 1419 742 id,
1429 700 1525 746 quod
1541 701 1770 747 consequitur

217 752 261 786 ad
282 751 403 786 fidem.

287 806 346 840 AD
370 815 540 840 TERTIUM
568 805 773 848 dicendum,
795 806 891 852 quod
918 817 991 840 non
1014 806 1133 841 omnis
1167 815 1266 841 actus
1299 807 1503 842 meritorius
1535 807 1644 842 habet
1668 819 1770 854 spem

215 859 508 905 praecedentem;
530 859 591 894 sed
614 859 755 902 sufficit,
777 859 806 894 si
827 860 958 894 habeat
984 860 1304 902 concomitantiam,
1326 860 1383 895 vel
1405 869 1699 907 consequentem.

747 1002 1090 1053 ARTICULUS
1124 1002 1246 1046 VIII.
1726 1012 1771 1058 89

599 1111 753 1141 UTRUM
787 1111 1001 1141 CHARITAS
1036 1111 1102 1140 SIT
1136 1111 1264 1140 PRIOR
1297 1110 1384 1139 SPE.

342 1198 422 1243 (1-2.
445 1210 473 1244 q.
497 1199 551 1234 62.
573 1204 636 1233 art.
658 1210 691 1243 4.
713 1204 742 1234 et
758 1211 786 1245 3.
808 1199 896 1234 Dist.
917 1199 973 1234 26.
996 1211 1025 1245 q.
1047 1210 1078 1234 2.
1101 1204 1166 1234 art.
1184 1211 1212 1245 3.
1234 1204 1264 1233 et
1292 1199 1373 1233 Virt.
1396 1210 1425 1244 q.
1448 1208 1480 1242 4.
1503 1202 1564 1232 art.
1585 1197 1645 1245 3.).

287 1286 347 1320 AD
370 1296 557 1321 OCTAVUM
584 1287 633 1321 sic
661 1287 876 1333 proceditur.
899 1286 1060 1329 Videtur,
1087 1286 1184 1332 quod
1211 1286 1365 1320 charitas
1392 1286 1436 1320 sit
1461 1286 1559 1332 prior
1584 1296 1664 1332 spe:
1687 1285 1773 1319 dicit

217 1341 314 1374 enim
328 1340 497 1374 Ambros.
513 1351 619 1386 super
633 1340 719 1374 illud
734 1340 821 1374 Luc.
842 1351 904 1385 17.:
920 1340 956 1375 Si
969 1341 1147 1374 habueritis
1155 1339 1268 1386 fidem,
1284 1340 1366 1374 sicut
1376 1351 1519 1385 granum
1532 1340 1669 1385 sinapis,
1685 1346 1771 1373 etc.:

216 1394 270 1428 Ex
279 1393 346 1439 fide
372 1398 415 1428 est
435 1394 590 1436 charitas,
605 1406 643 1428 ex
658 1394 816 1429 charitate
835 1400 921 1440 spes:
936 1393 998 1428 sed
1019 1393 1106 1428 fides
1121 1401 1174 1427 est
1187 1393 1283 1439 prior
1302 1393 1492 1435 charitate;
1512 1403 1598 1438 ergo
1618 1392 1772 1427 charitas

217 1454 269 1481 est
290 1446 387 1492 prior
408 1457 481 1492 spe.

288 1510 319 1533 2.
341 1500 576 1534 PRAETEREA.
599 1500 751 1546 August.
775 1499 859 1534 dicit
885 1509 934 1542 14.
955 1500 998 1534 de
1018 1499 1126 1534 Civit.
1145 1499 1215 1533 Dei
1235 1499 1321 1546 (cap.
1335 1499 1397 1545 9.)‚
1416 1499 1512 1545 quod
1533 1498 1620 1533 boni
1640 1506 1772 1541 motus,

217 1561 322 1599 atque
345 1552 492 1587 affectus
510 1564 552 1587 ex
574 1564 709 1595 amore,
731 1561 766 1587 et
786 1561 910 1587 sancta
933 1553 1105 1587 charitate
1126 1552 1289 1587 veniunt:
1314 1552 1375 1586 sed
1398 1563 1552 1598 sperare,
1574 1552 1772 1586 secundum

218 1606 313 1652 quod
341 1614 393 1640 est
419 1614 518 1641 actus
545 1606 632 1652 spei,
654 1615 707 1641 est
728 1606 875 1652 quidam
897 1607 1013 1640 bonus
1036 1606 1146 1640 animi
1167 1614 1305 1648 motus;
1328 1616 1415 1652 ergo
1441 1605 1622 1640 derivatur
1648 1616 1667 1639 a
1693 1605 1774 1639 cha-

218 1660 332 1694 ritate.

292 1725 320 1759 3.
340 1713 575 1748 PRAETEREA.
597 1713 771 1759 Magister
793 1713 878 1747 dicit
900 1712 954 1747 26.
978 1713 1056 1747 dist.
1082 1724 1109 1759 3.
1133 1712 1192 1747 lib.
1219 1712 1329 1755 Sent.‚
1345 1712 1441 1759 quod
1467 1723 1547 1758 spes
1575 1723 1616 1746 ex
1638 1711 1774 1746 meritis

217 1766 394 1812 provenit,
416 1778 506 1812 quae
528 1767 748 1812 praecedunt
768 1778 842 1801 non
864 1766 983 1800 solum
1006 1778 1082 1800 rem
1104 1774 1295 1812 speratam,
1317 1766 1378 1800 sed
1401 1766 1509 1800 etiam
1531 1776 1644 1812 spem,
1666 1776 1774 1812 quarn

217 1828 344 1854 natura
366 1821 478 1865 praeit
500 1820 673 1862 charita33
697 1831 783 1865 ergo
807 1820 961 1854 charitas
984 1827 1036 1853 est
1056 1820 1154 1866 prior
1175 1830 1248 1864 spe.

290 1872 364 1907 SED
387 1883 541 1907 CONTRA
565 1881 628 1914 est,
655 1873 752 1918 quod
774 1873 901 1919 Apost.
925 1873 1009 1907 dicit
1034 1884 1061 1906 1.
1085 1873 1128 1906 ad
1152 1872 1289 1907 Timot.
1316 1883 1362 1906 1.:
1390 1873 1487 1907 Finis
1506 1873 1678 1919 praecepti
1704 1871 1775 1906 cha-

218 1927 299 1961 ritas
312 1931 356 1961 est
376 1926 412 1960 de
426 1926 519 1960 corde
533 1932 633 1973 paro,
653 1931 681 1961 et
694 1928 890 1961 conscientia
905 1927 1008 1969 bona,
1030 1925 1132 1960 Glos.
1156 1925 1310 1970 (interl),
1329 1926 1406 1961 idest
1423 1932 1495 1972 spem
1518 1936 1606 1971 ergo
1624 1936 1704 1971 spes
1723 1933 1776 1959 est

219 1980 316 2026 prior
337 1979 522 2014 charitate.

291 2033 518 2067 RESPONDEO
539 2033 743 2075 dicendum,
762 2033 858 2078 quod
873 2033 991 2079 duplex
1005 2041 1057 2067 est
1072 2032 1180 2066 ordo:
1202 2044 1286 2067 unus
1307 2032 1452 2078 quidem
1466 2031 1665 2066 secundum
1678 2031 1774 2065 viam

221 2086 474 2132 generationis,
501 2094 536 2120 et
560 2094 721 2128 naturae,
749 2086 947 2120 secundum
977 2097 1085 2131 quem
1117 2085 1369 2131 imperfectum
1396 2085 1492 2131 prius
1519 2093 1572 2119 est
1597 2084 1774 2131 perfecto:

221 2140 304 2174 alins
326 2147 446 2173 autem
468 2139 558 2173 ordo
581 2147 633 2173 est
654 2139 894 2185 perfectionis,
917 2147 950 2173 et
970 2138 1121 2180 formae,
1143 2139 1342 2173 secundum
1364 2150 1471 2184 quem
1497 2137 1696 2184 perfectum
1717 2149 1776 2171 na-

220 2192 380 2227 turaliter
394 2193 488 2238 prius
504 2200 556 2226 est
570 2192 800 2238 imperfecto:
824 2192 1022 2226 secundum
1045 2203 1130 2237 ergo
1153 2192 1309 2238 primurn
1329 2192 1494 2226 ordinem
1508 2203 1588 2238 spes
1606 2199 1659 2226 est
1679 2191 1776 2237 prior

223 2246 407 2287 charitate,
426 2246 522 2291 quod
545 2246 594 2279 sic
617 2254 728 2291 patet:
752 2246 833 2291 quia
856 2257 947 2291 spes,
963 2254 996 2279 et
1012 2246 1129 2279 omnis
1149 2246 1360 2291 appetitivus
1379 2253 1498 2279 motus
1518 2256 1559 2279 ex
1578 2255 1702 2278 amore
1721 2244 1777 2278 de-

223 2299 366 2340 rivatur,
389 2307 427 2332 ut
448 2310 553 2344 supra
575 2299 737 2332 habitum
761 2307 813 2333 est
835 2299 912 2343 (1-2.
932 2311 961 2344 ‹J-
977 2311 1021 2344 55.
1042 2304 1105 2333 art.
1124 2311 1151 2333 1.
1170 2303 1198 2332 et
1216 2299 1265 2342 2.)
1285 2309 1368 2332 cum
1390 2299 1432 2332 de
1452 2298 1675 2343 passionibus
1698 2308 1776 2343 age-

222 2360 327 2386 retur.
343 2352 459 2385 Amor
478 2359 598 2385 autem
617 2352 749 2397 qnidam
771 2360 822 2385 est
841 2351 1027 2397 perfectus,
1044 2351 1176 2397 quietam
1196 2350 1442 2397 imperfectus:
1456 2352 1616 2397 perfectas
1630 2350 1775 2396 quidem

223 2417 326 2439 arnor
347 2413 410 2447 est,
432 2417 503 2451 quo
527 2404 653 2450 aliquis
680 2406 877 2438 secundum
904 2416 940 2438 se
968 2412 1127 2439 amatur:
1150 2412 1187 2438 ut
1208 2413 1292 2450 puta
1319 2415 1401 2438 cum
1429 2404 1556 2450 aliquis
1577 2403 1775 2438 secundum

222 2470 258 2493 se
279 2458 355 2492 vult
377 2458 483 2492 alicui
508 2459 664 2500 bonum;
687 2459 779 2492 sicut
804 2459 918 2492 homo
947 2466 1043 2492 amat
1065 2458 1235 2499 amicum,
1256 2459 1464 2503 imperfectas
1489 2468 1593 2491 amor
1619 2465 1682 2498 est,
1704 2467 1775 2502 quo

222 2514 300 2559 quis
323 2522 419 2547 amat
441 2513 586 2558 aliquid,
607 2524 680 2546 non
702 2513 901 2546 secundum
923 2512 1052 2556 ipsum,
1075 2512 1134 2545 sed
1157 2520 1195 2545 ut
1216 2511 1303 2544 illud
1325 2511 1460 2545 bonum
1483 2511 1548 2545 sibi
1568 2510 1635 2556 ipsi
1653 2521 1777 2556 prove-

223 2568 312 2601 niat:
335 2567 427 2601 sicut
447 2567 561 2600 homo
585 2574 682 2599 amat
703 2577 791 2607 rem,
814 2577 922 2610 quam
944 2565 1178 2610 concupiscit,
1194 2566 1326 2610 primus
1352 2573 1472 2598 autem
1495 2575 1597 2598 amor
1623 2563 1776 2609 pertinet

224 2621 267 2654 ad
290 2620 514 2661 charitatem,
536 2631 627 2665 quae
645 2619 807 2652 inhaeret
830 2619 911 2652 Deo
934 2619 1131 2652 secundum
1159 2618 1334 2663 seipsum:
1359 2618 1419 2652 scd
1446 2629 1526 2663 spes
1552 2618 1706 2663 pertinet
1731 2617 1774 2651 ad

222 2675 397 2709 secundant
421 2685 603 2715 amorem3
625 2674 707 2719 quia
726 2673 797 2715 ille,
813 2673 872 2718 qui
894 2681 1022 2718 sperat,
1046 2672 1177 2718 aliquid
1192 2672 1257 2705 sibi
1273 2673 1433 2706 obtinere
1447 2672 1619 2713 intendit3
1642 2679 1676 2705 et
1693 2671 1775 2705 ideo

225 2728 259 2761 in
282 2728 338 2761 via
361 2727 602 2773 generationis
624 2738 703 2773 spes
725 2735 777 2760 est
799 2726 895 2772 prior
918 2726 1111 2759 charitate:
1143 2725 1233 2759 sicut
1261 2726 1356 2759 enim
1384 2725 1511 2771 aliquis
1539 2724 1776 2759 introducitur

226 2781 269 2814 ad
293 2780 487 2814 amandum
510 2781 630 2814 Deum
660 2791 722 2826 per
752 2779 835 2820 hoc,
862 2778 956 2824 quod
979 2779 1109 2812 timens
1133 2778 1174 2811 ab
1197 2778 1275 2824 ipso
1298 2779 1415 2824 puniri
1437 2786 1551 2812 cessat
1572 2789 1591 2811 a
1612 2785 1775 2824 peccato,

225 2841 262 2867 ut
283 2833 505 2878 Augustinus
536 2833 621 2867 dicit
650 2844 755 2879 super
785 2832 938 2878 primam
967 2831 1194 2866 eanonicam
1223 2831 1326 2876 Joan.
1359 2831 1472 2875 (tract.
1495 2832 1557 2877 9.)‚
1589 2831 1636 2865 ita
1666 2830 1774 2864 etiarn
