1859 3122
165 147 249 203 438
601 157 821 193 QUAESTIO
855 157 939 186 LIX.
973 155 1218 186 ARTICULUS
1251 155 1294 185 ΙΙ.

728 331 1071 376 ARTICULUS
1100 331 1156 374 H.
1656 353 1716 388 331

421 453 574 483 UTRUM
606 452 783 487 ALIQUIS
817 451 1011 481 DICATUR
1044 451 1244 493 INJUSTUS
1277 452 1332 480 Ex
1365 451 1471 490 Hoc,

671 502 797 553 Quoi)
831 517 959 546 FACIT
992 517 1216 559 INJUSTUM.

389 614 490 661 (Infr.
518 619 582 649 art.
610 625 642 658 4.
669 614 712 648 ad
736 626 763 649 1.
791 619 820 648 et
842 625 870 660 5.
898 614 972 648 ΕΗ).
1000 613 1069 648 lact.
1099 623 1144 660 13.
1170 618 1199 648 et
1224 613 1275 648 Ps.
1299 624 1343 659 35.
1364 612 1505 659 princ).

237 717 297 750 AD
313 725 517 750 SECUNDUM
533 715 583 748 sic
607 714 823 761 proceditur.
837 714 999 756 Videtur,
1014 714 1110 760 quod
1126 714 1252 760 aliquis
1268 714 1405 748 dicatur
1418 713 1568 759 injustus
1583 724 1626 747 ex
1639 713 1723 754 hoc,

166 770 263 816 quod
285 769 369 803 facit
389 769 582 814 injustum:
605 768 747 802 habitus
769 768 865 801 enirn
881 767 1132 814 specificantur
1145 779 1208 813 per
1223 767 1374 812 objecta,
1389 775 1427 800 ut
1442 778 1484 800 ex
1501 777 1608 811 supra
1622 766 1724 800 dictis

166 831 264 870 patet
285 824 368 867 (1-2.
392 835 421 868 q.
440 834 492 868 54.
516 827 579 856 art.
602 824 650 867 2.)
662 835 674 862 ;
698 822 758 856 sed
781 822 966 868 proprium
989 822 1172 867 objectum
1193 821 1346 866 justitiae
1369 828 1423 855 est
1437 822 1576 866 justum,
1596 828 1631 854 et
1646 830 1726 865 pro-

167 878 285 924 prium
307 877 491 922 objectum
513 876 705 921 injustitiae
728 883 780 909 est
801 877 960 920 injustum
970 887 982 915 ;
1007 886 1092 920 ergo
1121 882 1155 908 et
1180 876 1292 919 justus
1321 874 1492 908 dicendus
1519 881 1572 908 est
1598 873 1724 919 aliquis

168 942 210 965 ex
231 931 302 964 hoc
325 929 421 975 quod
441 928 525 963 facit
546 930 692 974 justum,
716 936 750 962 et
770 929 922 974 injustus
945 940 986 962 ex
1007 928 1078 962 hoc
1102 928 1198 974 quod
1219 927 1305 962 facit
1330 927 1513 972 injustum.

241 993 272 1018 2.
294 983 531 1017 PRAETEREA.
559 982 695 1016 Philos.
723 982 808 1016 dicit
830 982 865 1016 in
892 992 919 1026 ς.
942 982 1058 1016 Ethic.
1082 981 1171 1028 (cap.
1191 981 1240 1027 9.)
1261 980 1390 1015 falsam
1412 991 1488 1014 esse
1515 980 1726 1026 opinionem

169 1037 423 1084 quorumdam,
446 1037 506 1082 qui
529 1036 730 1077 aestimant,
758 1036 793 1069 in
819 1043 997 1081 potestate
1022 1035 1182 1069 hominis
1210 1046 1287 1069 esse
1313 1042 1352 1068 ut
1371 1033 1492 1068 statim
1513 1033 1621 1067 faciat
1641 1033 1728 1078 inju-

168 1100 281 1133 stum3
305 1099 339 1125 et
361 1090 456 1136 quod
480 1091 591 1135 justus
613 1101 687 1123 non
710 1090 821 1135 possit
843 1089 961 1123 minus
983 1088 1101 1123 facere
1123 1089 1307 1133 injustum,
1331 1099 1439 1133 quarn
1461 1087 1627 1132 injustus:
1655 1087 1726 1120 hoc

169 1153 290 1179 autem
312 1155 385 1178 non
408 1151 512 1184 esset,
534 1143 602 1177 nisi
628 1142 746 1177 facere
776 1144 947 1187 injustum
979 1150 1072 1176 esset
1099 1142 1284 1188 proprium
1316 1141 1454 1187 injusti3
1484 1151 1570 1186 ergo
1601 1140 1728 1186 aliquis

167 1198 380 1244 judicandus
403 1205 455 1231 est
475 1197 626 1241 injustus
649 1207 690 1230 ex
709 1196 792 1238 hoc,
815 1196 910 1242 quod
929 1195 1014 1230 facit
1034 1196 1217 1240 injustum.

244 1263 271 1297 3.
291 1251 527 1285 PRAETEREA.
550 1249 690 1283 Eodem
712 1250 824 1283 modo
847 1261 883 1283 se
906 1249 1013 1283 habet
1035 1249 1153 1282 omnis
1174 1248 1285 1282 virtus
1313 1248 1355 1281 ad
1382 1247 1567 1293 proprium
1595 1254 1727 1288 actum,

169 1314 204 1339 et
225 1306 353 1339 eadem
376 1305 467 1337 ratio
490 1311 542 1337 est
564 1303 606 1337 de
628 1303 722 1337 vitiis
745 1303 937 1349 oppositis:
958 1303 1019 1336 sed
1041 1302 1260 1348 quicumque
1286 1301 1372 1335 facit
1397 1301 1531 1346 aliquid
1557 1301 1730 1346 intempe-

169 1366 299 1399 ratum,
319 1357 448 1391 dicitur
469 1357 745 1402 intemperatus;
770 1367 856 1401 ergo
879 1356 1098 1402 quicumque
1119 1354 1204 1389 facit
1230 1354 1363 1400 aliquid
1389 1355 1574 1400 injustum,
1601 1354 1729 1387 dicitur

169 1412 331 1458 injustus.

244 1465 318 1499 SED
334 1473 489 1498 CONTRA
512 1470 575 1504 est,
597 1463 694 1509 quod
716 1462 851 1497 Philos.
875 1462 961 1496 dicit
981 1461 1025 1495 in'
1043 1473 1070 1507 ς.
1090 1461 1170 1496 Eth.
1187 1461 1273 1508 (cap.
1289 1461 1351 1507 6.),
1369 1461 1464 1507 quod
1494 1460 1620 1507 aliquis
1645 1459 1730 1495 facit

170 1519 354 1564 injustum,
378 1525 412 1551 et
433 1517 584 1561 injustus
605 1527 679 1550 non
702 1524 765 1550 est.

242 1572 471 1606 RESPONDEO
495 1569 700 1611 dicendum,
724 1570 820 1615 quod
843 1569 934 1603 sicut
956 1568 1139 1613 objectum
1160 1568 1314 1613 justitiae
1342 1576 1394 1602 est
1420 1567 1553 1614 aliquid
1581 1567 1729 1614 aequale

170 1626 206 1659 in
230 1625 335 1659 rebus
363 1623 617 1664 exterioribu53
644 1623 692 1657 ita
720 1623 829 1657 etiam
857 1623 1039 1668 objectum
1065 1622 1258 1667 injustitiae
1286 1629 1339 1656 est
1365 1621 1497 1667 aliquid
1523 1620 1730 1667 inaequale3

170 1686 276 1725 prout
298 1677 436 1712 scilicet
455 1676 562 1710 alicui
581 1676 781 1710 attribuitur
799 1675 890 1722 plus,
912 1675 970 1709 vel
991 1675 1121 1717 minus,
1144 1687 1252 1721 quam
1274 1675 1341 1709 sibi
1363 1682 1563 1720 competat:
1592 1675 1634 1708 ad
1659 1675 1730 1708 hoc

174 1741 295 1766 autem
318 1731 501 1775 objectum
524 1738 755 1776 comparatur
775 1729 918 1763 habitus
947 1729 1140 1774 injustitiae
1168 1729 1348 1763 mediante
1378 1728 1523 1774 proprio
1553 1735 1645 1770 actu,
1672 1727 1732 1773 qui

172 1793 322 1820 vocatur
341 1784 591 1829 injustificati0;
614 1791 733 1829 potest
753 1794 839 1828 ergo
860 1783 1083 1827 contingere,
1105 1783 1201 1828 quod
1220 1783 1279 1828 qui
1294 1781 1379 1816 facit
1392 1782 1576 1827 injustum,
1589 1793 1663 1815 non
1679 1789 1733 1816 est

172 1839 322 1883 injustus
333 1837 525 1884 dupliciter:
542 1848 605 1870 uno
622 1836 714 1870 modo
730 1844 876 1882 propter
891 1835 1071 1870 defectum
1087 1836 1368 1881 comparationis
1384 1835 1494 1881 ipsius
1510 1835 1729 1880 operationis

179 1892 222 1926 ad
249 1891 434 1937 proprium
463 1890 665 1935 objectum3
695 1901 787 1935 quae
815 1890 960 1935 quidem
984 1889 1110 1934 recipit
1133 1889 1303 1935 speciem,
1334 1897 1366 1923 et
1394 1899 1529 1922 nomen
1560 1899 1579 1922 a
1605 1899 1667 1934 per
1693 1899 1730 1922 se

175 1945 331 1989 objecto,
358 1955 432 1977 non
455 1952 577 1977 autem
597 1943 638 1976 ab
658 1943 800 1988 objecto
820 1954 882 1988 per
901 1942 1079 1978 accidens.
1098 1942 1138 1975 In
1160 1943 1215 1976 his
1238 1950 1369 1983 autem,
1388 1953 1479 1987 quae
1494 1949 1575 1975 sunt
1589 1950 1733 1988 propter

177 1999 298 2039 finem,
320 2008 382 2043 per
404 2008 440 2030 se
459 1997 587 2030 dicitur
610 1996 754 2042 aliquid,
777 1996 874 2042 quod
897 2004 950 2030 est
970 1996 1168 2037 intentum3
1195 2007 1256 2041 per
1283 1995 1449 2029 accidens
1477 2003 1609 2036 autem,
1635 1994 1731 2041 quod

175 2060 227 2086 est
249 2059 389 2097 praeter
408 2050 667 2091 intentionem3
690 2057 724 2083 et
744 2049 826 2083 ideo
849 2050 878 2083 si
901 2049 1027 2094 aliquis
1048 2048 1156 2082 faciat
1178 2049 1323 2094 aliquid,
1346 2048 1441 2094 quod
1469 2056 1522 2082 est
1547 2048 1730 2094 injustum,

175 2116 249 2138 non
272 2103 460 2137 intendens
479 2103 650 2147 injustum
672 2102 801 2144 facere,
824 2110 907 2148 puta
931 2113 1013 2136 curn
1036 2102 1106 2136 hoc
1128 2101 1213 2136 facit
1233 2113 1295 2148 per
1309 2102 1563 2147 ignorantiam,
1577 2113 1650 2136 non
1666 2101 1735 2135 exi-

179 2158 328 2192 stimans
350 2167 387 2191 se
409 2157 581 2201 injustum
603 2155 733 2197 facere,
755 2163 838 2189 tunc
862 2166 935 2189 non
956 2154 1041 2188 facit
1062 2155 1247 2200 injustum,
1268 2166 1330 2201 per
1352 2166 1389 2189 se
1413 2163 1447 2189 et
1467 2154 1667 2189 formaliter
1685 2154 1735 2188 lo-

177 2210 332 2256 quendo,
355 2209 417 2243 sed
449 2208 569 2242 solum
596 2219 657 2254 per
684 2208 863 2250 accidens,
891 2216 926 2242 et
952 2208 1052 2254 quasi
1079 2208 1310 2242 materialiter
1335 2207 1471 2242 faciens
1496 2208 1531 2242 id
1558 2208 1654 2254 quod
1681 2217 1734 2242 est

176 2265 369 2309 injustum3
397 2263 490 2296 unde
517 2269 551 2295 et
579 2261 660 2295 talis
690 2262 852 2307 operatio
882 2272 955 2295 non
986 2261 1239 2295 denominatur
1270 2262 1520 2307 injustificatio:
1549 2262 1614 2295 alio
1638 2261 1732 2295 modo

176 2324 295 2364 potest
317 2316 526 2360 contingere
549 2323 693 2360 propter
715 2314 895 2348 defectum
915 2315 1196 2360 comparationis
1218 2315 1328 2360 ipsius
1355 2315 1574 2361 operationis
1602 2315 1644 2348 ad
1671 2314 1732 2348 ha-

174 2371 311 2404 bitum:
334 2376 452 2414 potest
473 2368 570 2401 enirn
589 2367 832 2412 injustificatio
854 2367 1062 2413 procedere,
1084 2367 1276 2413 quandoque
1298 2368 1442 2414 quidem
1466 2379 1507 2402 ex
1527 2367 1644 2413 aliqua
1658 2379 1734 2413 pas-

176 2424 294 2458 sione:
318 2430 403 2468 puta
425 2421 509 2462 irae,
524 2420 583 2454 vel
605 2420 941 2466 concupiscentiae3
964 2421 1155 2466 quandoque
1178 2429 1299 2455 autem
1321 2432 1370 2455 ex·
1385 2420 1573 2462 electione,
1589 2421 1734 2466 quando

178 2476 316 2510 scilicet
337 2475 413 2521 ipsa
433 2473 678 2519 injustificatio
701 2484 762 2519 per
784 2485 820 2507 se
839 2473 973 2519 placet:
998 2483 1031 2508 et
1052 2482 1135 2508 tunc
1164 2474 1306 2520 proprie
1333 2474 1496 2520 procedit
1523 2475 1564 2508 ab
1591 2474 1734 2516 habitu3

177 2530 260 2576 quia
281 2528 474 2573 unicuique
504 2527 649 2561 habenti
679 2526 837 2572 aliquem
866 2527 1028 2560 habitum
1051 2536 1103 2561 est
1124 2528 1323 2562 secundum
1345 2538 1383 2561 se
1411 2536 1611 2573 acceptum,
1639 2529 1734 2573 quod

179 2582 348 2616 convenit
370 2581 421 2614 illi
443 2580 598 2622 habitui3
620 2579 738 2613 facere
762 2591 847 2624 ergo
871 2581 1041 2625 injustum
1065 2592 1106 2614 ex
1125 2581 1335 2622 intentione,
1352 2589 1386 2615 et
1400 2581 1577 2615 electione
1593 2588 1644 2614 est
1658 2592 1736 2626 pro-

181 2635 298 2681 prium
320 2634 452 2679 injusti,
474 2634 673 2667 secundum
693 2634 789 2678 quod
811 2633 962 2678 injustus
985 2634 1123 2675 dicitur,
1146 2634 1205 2680 qui
1227 2634 1335 2668 habet
1352 2634 1543 2679 injustitiae
1553 2634 1734 2668 habitum:

181 2689 243 2722 sed
263 2687 379 2722 facere
402 2687 573 2731 injustum
595 2694 735 2732 praeter
756 2686 1006 2728 intentionem,
1021 2687 1078 2721 vel
1093 2699 1133 2721 ex
1148 2688 1314 2733 passione
1329 2696 1447 2734 potest
1461 2688 1588 2733 aliquis
1603 2687 1735 2734 absque

180 2742 306 2776 habitu
328 2740 533 2786 injustitiae.

251 2794 311 2828 AD
333 2804 481 2828 PRIMUM
501 2804 587 2838 crgo
611 2793 815 2834 dicendum,
835 2794 930 2838 quod
950 2793 1131 2837 objectum
1146 2806 1209 2840 per
1223 2805 1272 2836 se,
1288 2802 1322 2828 et
1335 2793 1533 2828 formaliter
1547 2801 1734 2839 acceptum

181 2847 364 2895 specificat
390 2846 571 2882 habitum:
594 2857 667 2882 non
690 2854 809 2880 autem
831 2854 936 2892 prout
959 2846 1129 2893 accipitur
1150 2847 1393 2890 materialiter,
1416 2854 1449 2882 et
1470 2859 1532 2894 per
1558 2846 1734 2882 accidens.

1831 678 1845 835 2³⁴1&

1834 430 1844 503 ἀὖ
1839 370 1848 414 Αὲᾼ
1847 351 1848 358 ᾼ
1847 322 1848 331 ᾼ
