1859 3122
195 189 280 232 250
627 187 847 222 QUAESTIO
880 187 982 217 XXX.
1016 186 1258 216 ARTICULUS
1291 185 1318 214 1.

196 269 293 316 quod
315 279 400 302 vera
426 267 559 313 justitia
580 278 653 301 non
675 268 785 302 habet
806 268 1112 314 dedignationem,
1134 266 1272 301 scilicet
1297 266 1339 300 ad
1354 271 1550 313 peccatores,
1573 265 1635 301 sed
1658 276 1756 300 com-

193 322 420 368 passionem3
443 329 476 354 et
496 321 623 354 Matth.
645 332 677 367 9.
705 321 851 356 dicitur:
881 321 994 355 Videns
1010 322 1100 365 sasas
1122 321 1233 354 turbas
1255 321 1401 354 misertus
1421 324 1464 354 est
1477 320 1520 354 eis
1529 331 1541 360 ;
1561 320 1640 365 quia
1661 323 1756 354 erant

193 376 318 417 vexati,
338 379 364 408 ct
379 376 534 419 jacentes,
563 375 646 408 sicut
667 385 742 408 oves
758 386 822 407 non
843 374 990 409 habentes
1005 379 1181 420 pastorum.

266 428 324 461 AD
345 437 551 461 SECUNDUM
573 426 777 469 dicendum,
801 427 896 472 quod
916 429 998 473 quia
1017 425 1265 461 misericordia
1284 433 1337 460 est
1358 425 1563 472 compassio
1585 425 1752 460 miseriae

196 481 352 522 alterius,
383 480 526 526 proprie
554 480 801 514 misericordia
835 489 887 514 est
914 481 957 514 ad
989 481 1152 522 alterum,
1182 492 1255 514 non
1278 488 1399 514 autem
1421 480 1464 513 ad
1491 480 1661 526 seipsum,
1687 479 1757 513 nisi

194 533 394 568 secundum
416 533 613 578 quamdam
634 533 926 575 similitudinem3
949 534 1040 567 sicut
1062 542 1096 567 et
1122 533 1265 578 justitia,
1292 533 1492 567 secundum
1513 532 1609 578 quod
1635 533 1672 566 in
1692 532 1757 566 ho-

197 587 294 620 mine
317 586 590 620 considerantur
611 586 774 620 diversae
789 594 918 632 partes,
934 595 972 620 ut
986 587 1114 620 dicitur
1131 587 1167 619 in
1187 597 1213 631 5.
1229 586 1344 620 Ethic.
1367 591 1451 632 (cap.
1467 586 1564 631 ult.);
1583 594 1618 619 et
1634 597 1760 620 secun-

197 641 283 674 dum
305 640 376 673 hoc
399 639 527 673 dicitur
549 639 658 673 Eccli.
684 650 756 685 30.:
780 641 935 674 Miserere
962 641 1093 674 animae
1121 645 1192 674 tuae
1207 640 1339 686 placans
1356 640 1448 680 Dum·
1471 639 1564 673 sicut
1585 650 1672 685 ergo
1694 639 1759 673 mi-

195 693 391 728 sericordia
412 704 486 727 non
508 700 561 726 est
582 694 725 739 proprie
748 693 791 727 ad
815 693 984 739 seipsum,
1007 693 1069 728 sed
1092 693 1213 727 dolor:
1236 701 1320 739 puta
1342 704 1426 726 cum
1444 693 1600 739 patimur
1623 692 1757 738 aliquid

197 746 341 782 crudele
362 746 398 780 in
420 746 543 780 nobis:
566 746 614 780 ita
636 746 745 780 etiam
767 746 795 780 si
817 746 887 780 sint
909 746 1049 793 aliquae
1076 757 1250 792 personae
1271 746 1320 780 ita
1341 746 1444 780 nobis
1472 747 1699 791 conjunctae,
1720 753 1759 780 ut

195 800 265 835 sint
285 799 386 846 quasi
416 799 550 845 aliquid
573 799 698 841 nostri,
725 808 810 846 puta
832 799 906 841 filii,
930 808 990 834 aut
1010 807 1187 846 parentes,
1221 799 1257 833 in
1279 811 1407 834 eorum
1428 798 1533 833 malis
1559 810 1634 833 non
1655 798 1759 832 mise-

195 865 327 895 remur,
349 852 412 887 sed
445 852 623 894 dolemus,
645 852 737 886 sicut
766 854 801 886 in
822 852 1029 887 vulneribus
1055 853 1218 899 propriis,
1247 860 1281 887 et
1302 852 1501 887 secundum
1526 852 1598 887 hoc
1620 851 1757 886 Philos.

196 907 291 948 dicit,
314 905 411 952 quod
430 905 548 939 dirum
570 913 623 940 est
645 904 870 951 expulsivum
892 906 1143 940 miserationis.

270 960 329 994 AD
347 969 518 994 TERTIUM
541 958 744 1000 dicendum,
760 958 857 1004 quod
878 959 970 993 sicut
984 970 1025 993 ex
1047 970 1120 1005 spe,
1143 967 1178 993 et
1199 959 1377 993 memoria
1398 959 1579 993 bonorum
1600 958 1759 1005 sequitur

196 1012 408 1054 delectati03
431 1012 479 1046 ita
513 1023 555 1046 ex
576 1023 650 1058 spe,
685 1020 719 1046 et
740 1012 917 1046 memoria
940 1012 1132 1047 ·malorum
1162 1013 1321 1058 sequitur
1348 1013 1508 1048 tristitia:
1540 1024 1616 1047 non
1635 1020 1759 1047 tamen

197 1074 273 1101 tam
294 1066 502 1107 vehemens,
524 1066 615 1099 sicut
637 1076 679 1099 ex
700 1077 806 1100 sensu
828 1066 1090 1111 praesentium:
1114 1074 1148 1100 et
1168 1066 1250 1100 ideo
1274 1066 1377 1112 signa
1399 1066 1592 1108 malorum,
1612 1066 1761 1112 inquan-

196 1128 275 1154 tum
297 1127 565 1165 repraesentant
597 1119 702 1153 nobis
724 1118 820 1153 mala
841 1119 1070 1162 miserabilia,
1104 1121 1195 1155 sicut
1216 1120 1430 1166 praesentia,
1457 1127 1694 1155 commovent
1715 1118 1759 1154 ad

199 1172 456 1207 miserandum.

769 1313 1114 1358 ARTICULUS
1148 1315 1204 1358 Π.
1696 1325 1760 1372 178

262 1421 413 1451 UTRUM
442 1421 667 1451 DEFECTUS
696 1421 762 1450 SIT
781 1422 915 1451 RATIO
939 1422 1172 1452 MISERENDI
1193 1422 1248 1450 EX
1269 1422 1408 1452 PARTE
1430 1422 1698 1454 MISERENTIS.

674 1509 715 1556 (3.
740 1510 828 1544 Dist.
855 1521 907 1556 27.
935 1522 964 1556 q.
988 1522 1015 1556 3.
1043 1515 1106 1545 art.
1128 1522 1156 1556 3.
1184 1510 1301 1557 corp).

272 1599 332 1633 AD
355 1607 561 1633 SECUNDUM
583 1598 633 1632 sic
660 1598 877 1644 proceditur.
899 1597 1061 1640 Videtur,
1083 1598 1180 1644 quod
1201 1597 1360 1632 defectus
1381 1609 1455 1632 non
1482 1598 1527 1632 sit
1546 1599 1637 1633 ratio
1660 1599 1749 1633 mise

199 1652 300 1686 rendi
335 1663 376 1686 ex
397 1659 494 1698 parte
516 1651 735 1686 miserentis:
757 1651 942 1698 proprium
965 1652 1061 1685 enim
1081 1652 1152 1685 Dei
1182 1659 1236 1686 est
1255 1651 1434 1693 misereri;
1456 1651 1551 1685 unde
1572 1651 1701 1686 dicitur
1721 1652 1756 1685 in

198 1705 257 1739 Ps.
283 1715 377 1748 144:
401 1706 630 1739 Mis-arationes
654 1707 721 1750 ejus
737 1711 834 1751 super
855 1706 966 1739 omnia
985 1711 1084 1752 opera
1102 1707 1169 1750 ejus
1183 1717 1193 1739 :
1213 1704 1274 1739 sed
1296 1705 1332 1738 in
1353 1705 1434 1739 Deo
1456 1704 1575 1739 nullus
1597 1713 1651 1740 est
1667 1704 1759 1739 defe-

200 1767 297 1801 ctus;
319 1770 406 1804 ergo
429 1758 588 1792 defectus
609 1769 683 1792 non
706 1766 822 1804 potest
844 1769 921 1792 esse
941 1759 1031 1792 ratio
1052 1758 1255 1792 miserendi.

271 1823 302 1847 2.
325 1812 559 1847 PRAETEREA.
584 1811 622 1845 Si
643 1811 801 1845 defectus
824 1820 877 1846 est
898 1812 988 1846 ratio
1011 1811 1217 1852 miserendi,
1239 1819 1381 1858 oportet
1408 1811 1504 1857 quod
1526 1811 1578 1846 illi
1600 1811 1659 1857 qui
1677 1819 1760 1846 sunt

200 1866 357 1900 maxime
381 1877 464 1899 cum
486 1864 637 1906 defectu,
664 1865 821 1898 maxime
844 1865 1098 1900 misereantur:
1125 1864 1187 1898 sed
1214 1864 1285 1898 hoc
1308 1873 1361 1899 est
1382 1864 1532 1899 falsum:
1555 1865 1640 1899 dicit
1661 1865 1759 1899 enim

199 1919 336 1953 Philos.
359 1919 394 1952 in
414 1928 444 1951 2.
467 1918 615 1952 Rhetor.
644 1918 730 1964 (rap.
753 1919 816 1963 8.),
846 1919 941 1963 quod
964 1918 1024 1963 qui
1054 1929 1095 1951 ex
1116 1925 1193 1952 toto
1216 1918 1407 1963 perierunt,
1429 1929 1503 1952 non
1525 1915 1762 1960 miserentur3

201 1983 287 2018 ergo
309 1971 459 2012 videtur,
481 1971 577 2016 quod
600 1970 758 2004 defectus
779 1982 852 2004 non
875 1971 918 2005 sit
939 1971 1029 2005 ratio
1052 1971 1246 2005 miserendi
1267 1981 1308 2004 ex
1330 1979 1429 2017 parte
1451 1971 1662 2006 miserentis.

275 2035 303 2070 3.
324 2025 557 2058 PRAETEREA.
582 2024 763 2058 Sustinere
786 2024 944 2069 aliquam
967 2024 1225 2058 contumeliam
1247 2024 1289 2057 ad
1312 2023 1493 2058 defectum
1512 2025 1681 2071 pertinet:
1701 2025 1762 2059 sed

204 2077 340 2111 Philos.
364 2077 450 2111 dicit
476 2076 621 2118 ibidem,
650 2077 745 2122 quod
768 2077 818 2110 illi
846 2078 906 2123 qui
929 2086 1009 2112 sunt
1030 2077 1065 2111 in
1093 2077 1388 2111 contumeliativa
1415 2075 1666 2123 dispositione,
1687 2089 1761 2112 non

205 2131 438 2172 miserentur3
461 2141 547 2175 ergo
570 2129 729 2164 defectus
753 2142 795 2164 ex
817 2139 915 2176 parte
938 2131 1140 2164 miserentis
1161 2142 1235 2164 non
1258 2137 1310 2164 est
1331 2131 1421 2165 ratio
1445 2131 1648 2165 miserendi.

276 2184 349 2218 SED
373 2194 527 2218 CONTRA
555 2191 617 2225 est,
641 2184 736 2229 quod
765 2184 1013 2217 misericordia
1040 2191 1093 2217 est
1125 2184 1264 2217 tristitia
1292 2184 1486 2229 quaedam:
1515 2184 1575 2218 sed
1603 2183 1762 2218 defectus

203 2246 256 2272 est
277 2238 367 2272 ratio
389 2237 568 2271 tristitiae:
591 2238 684 2271 unde
707 2237 838 2271 infirmi
860 2236 999 2271 facilius
1022 2237 1288 2277 contristantur,
1311 2245 1348 2270 ut
1368 2237 1460 2271 infra
1491 2237 1627 2272 dicetur
1648 2238 1695 2283 (q.
1714 2249 1760 2284 35.

202 2297 265 2326 art.
291 2301 319 2324 Ι.
348 2291 389 2324 ad
411 2291 479 2333 2.);
504 2301 591 2335 ergo
613 2291 704 2323 ratio
727 2290 920 2324 miserendi
944 2298 995 2323 est
1017 2289 1176 2323 defectus
1198 2290 1410 2324 miserentis.

273 2344 501 2378 RESPONm-to
525 2343 729 2384 dicendum,
745 2343 841 2388 quod
857 2354 939 2376 cum
955 2343 1202 2377 misericordia
1217 2343 1261 2376 sit
1275 2343 1480 2388 compassio
1500 2354 1604 2389 super
1619 2343 1762 2378 miseria

203 2398 330 2439 aliena,
352 2405 390 2430 ut
412 2397 548 2430 dictum
571 2404 623 2430 est
644 2396 725 2440 (art.
744 2397 884 2441 praec),
909 2408 949 2430 ex
972 2396 1042 2429 hoc
1066 2396 1242 2440 contingit
1268 2396 1364 2441 quod
1386 2395 1513 2441 aliquis
1535 2397 1757 2437 misereatur,

202 2464 244 2486 ex
263 2461 334 2496 quo
357 2450 533 2494 contingit
555 2449 650 2494 quod
666 2449 709 2482 de
732 2449 875 2482 miseria
891 2448 1006 2482 aliena
1022 2448 1159 2482 doleat:
1176 2449 1258 2494 quia
1275 2457 1395 2482 autem
1413 2449 1565 2491 tristitia,
1580 2461 1642 2484 seu
1657 2449 1762 2484 dolor

201 2513 254 2539 est
275 2504 317 2538 de
339 2503 484 2549 proprio
508 2502 617 2543 malo,
648 2502 825 2535 intantum
850 2501 975 2547 aliquis
999 2502 1042 2535 de
1066 2502 1210 2535 miseria
1237 2501 1354 2535 aliena
1375 2502 1543 2545 tristatur,
1572 2511 1631 2537 aut
1652 2502 1761 2544 dolet,

202 2558 414 2603 inquantum
437 2555 620 2590 miseriam
644 2555 799 2588 alienam
822 2555 1056 2600 apprehendit
1075 2563 1111 2588 ut
1133 2566 1246 2588 suam.
1271 2555 1349 2588 Hoc
1374 2564 1494 2589 autem
1510 2555 1686 2601 contingit
1707 2555 1762 2588 dn-

198 2611 341 2656 pliriter.
372 2610 442 2643 Uno
472 2609 565 2643 modo
593 2608 791 2642 secundum
814 2608 987 2642 unionem
1015 2607 1178 2649 affectus3
1202 2608 1297 2653 quod
1321 2607 1357 2642 [it
1379 2620 1442 2654 per
1469 2619 1649 2650 amorem3
1677 2608 1760 2654 quia

203 2665 298 2698 enim
322 2675 446 2697 amans
468 2671 607 2709 reputat
630 2663 788 2696 amicum
810 2670 997 2707 tamquam
1025 2663 1193 2706 seipsum,
1222 2662 1359 2695 malum
1381 2663 1490 2708 ipsius
1513 2670 1652 2708 reputat
1673 2668 1762 2696 tam·-

202 2728 310 2762 quam
333 2728 438 2750 suum
460 2716 609 2757 malum,
633 2724 667 2750 et
688 2715 768 2749 ideo
796 2715 893 2749 dolet
915 2715 957 2749 de
980 2715 1078 2748 malo
1102 2715 1220 2756 amici,
1243 2715 1333 2749 sicut
1359 2715 1401 2748 de
1424 2726 1513 2757 suo;
1536 2723 1570 2749 et
1590 2715 1673 2749 inde
1697 2722 1760 2756 est,

203 2771 298 2815 quod
320 2770 455 2804 Philos.
479 2770 514 2803 in
537 2781 568 2816 9.
592 2769 707 2803 Ethic.
730 2769 817 2815 (cap.
846 2770 894 2814 4.)
919 2770 1009 2802 inter
1031 2767 1100 2801 alia
1135 2768 1335 2802 amicabilia
1364 2769 1465 2814 ponit
1485 2768 1556 2802 hoc
1583 2768 1680 2814 quod
1708 2776 1761 2802 cst

204 2823 398 2857 condolere
422 2823 558 2856 amico:
584 2830 618 2856 et
639 2822 765 2868 Apost.
789 2821 874 2855 dicit
896 2821 938 2854 ad
962 2821 1068 2854 Rom.
1096 2831 1167 2854 12.:
1193 2821 1336 2856 Gaudete
1358 2833 1430 2856 cum
1451 2821 1676 2866 gaudentibus,
1686 2821 1761 2867 flete

204 2887 275 2910 cum
304 2876 462 2919 flentibus.
495 2876 572 2910 Alio
599 2875 693 2909 modo
716 2874 892 2920 contingit
919 2873 1117 2909 secundum
1146 2873 1319 2909 unionem
1346 2873 1499 2916 realem;
1530 2881 1654 2919 utpote
1677 2884 1758 2908 curn
