1859 3122
175 188 261 243 936
590 195 808 231 QUAESTIO
842 195 985 225 CXLIV.
1019 194 1262 225 ARTICULUS
1296 195 1323 225 1.

247 280 307 314 AD
323 288 510 318 QUARTUM
526 276 731 319 dicendum,
754 276 850 323 quod
873 276 1022 322 quilibet
1040 275 1199 310 defectus
1219 283 1344 310 causat
1361 276 1503 311 vitium:
1523 288 1597 311 non
1616 284 1737 311 autem

175 332 360 379 quodlibet
380 332 518 365 bonum
548 329 679 364 sufficit
706 330 749 364 ad
778 330 957 364 rationem
991 330 1149 371 virtutis3
1184 337 1218 364 et
1241 329 1332 363 ·ideo
1359 341 1433 363 non
1460 338 1613 376 oportet,
1640 329 1737 376 quod

176 397 285 420 omne
312 385 411 426 illud,
440 384 497 418 cui
523 384 657 418 directe
680 383 874 430 opponitur
895 383 1033 425 vitium,
1056 383 1100 417 sit
1120 383 1252 417 virtus:
1276 383 1440 429 quamvis
1471 394 1580 418 omne
1609 383 1738 418 vitium
1784 422 1786 424 ,

177 446 380 485 opponatur
402 437 510 472 alicui
529 437 652 471 virtuti
673 437 873 472 secundum
895 448 998 471 suam
1029 436 1226 482 originem3
1257 444 1291 470 et
1320 438 1370 470 sic
1399 437 1664 480 inverecundia,
1690 436 1740 470 in-

176 500 351 538 quantum
373 491 539 537 provenit
560 502 602 524 ex
623 491 737 524 nimio
761 501 886 524 amore
907 490 1181 535 turpitudinum,
1205 490 1399 536 opponitur
1419 492 1690 536 temperantiae.

247 542 306 579 AD
334 555 513 583 QUINTUM
537 544 742 585 dicendum,
765 544 861 590 quod
885 555 927 577 ex
948 543 1133 578 multoties
1154 543 1389 577 verecundari
1411 551 1577 578 causatur
1597 543 1739 578 habitus

176 599 315 633 virtutis
340 598 548 644 acquisitae,
571 608 633 642 per
655 609 764 643 quam
787 596 913 643 aliquis
935 597 1051 642 turpia
1073 597 1171 639 vitet,
1202 597 1244 630 de
1273 597 1399 642 quibus
1430 604 1483 630 est
1511 596 1739 638 verecundia,

177 664 250 686 non
273 659 395 686 autem
417 658 455 685 ut
476 651 604 697 aliquis
626 650 772 685 ulterius
794 650 1074 685 verecundetur:
1097 650 1159 684 sed
1179 661 1221 684 ex
1239 649 1301 684 illo
1320 650 1445 684 habitu
1463 649 1601 684 virtutis
1623 649 1741 696 acqui-

177 706 266 740 sitae
285 706 335 739 sic
355 716 392 739 se
410 705 519 739 habet
541 704 680 750 aliquis,
699 704 796 750 quod
815 704 931 749 magis
949 703 1262 746 verecundaretur,
1281 703 1310 738 si
1329 703 1479 738 materia
1499 703 1739 738 verecundiae

179 759 330 794 adesset.

766 899 1109 945 ARTICULUS
1146 900 1200 943 Π.
1671 910 1739 959 697

474 1009 626 1039 UTRUM
659 1008 941 1039 VERECUNDIA
973 1008 1040 1037 SIT
1068 1009 1126 1037 DE
1152 1007 1281 1038 TURPI
1309 1007 1441 1037 ACTU.

177 1100 225 1144 (4.
248 1098 337 1133 Dist.
359 1108 410 1142 14.
432 1109 462 1143 q.
485 1109 513 1132 r.
535 1102 600 1132 art.
618 1107 646 1142 5.
669 1108 698 1142 q.
721 1108 751 1131 2.
775 1095 817 1130 ad
836 1107 862 1140 5.
885 1101 915 1131 et
942 1096 1029 1130 Veri.
1051 1107 1080 1141 q.
1103 1095 1159 1130 26.
1186 1099 1250 1130 art.
1277 1105 1310 1140 4.
1333 1094 1375 1128 ad
1396 1105 1426 1141 7.
1448 1099 1478 1130 et
1499 1099 1561 1129 art.
1585 1094 1617 1130 6.
1635 1093 1678 1130 ad
1695 1105 1739 1140 15.

570 1155 601 1185 et
624 1151 677 1185 Ps.
704 1161 753 1196 43.
782 1161 864 1184 com.
891 1149 924 1184 6.
951 1154 979 1184 ct
1003 1160 1036 1194 4.
1063 1149 1138 1184 ΕΗ).
1165 1149 1234 1184 lect.
1260 1149 1339 1195 17.).

247 1240 307 1274 AD
330 1249 538 1274 SECUNDUM
565 1238 614 1273 sic
637 1238 853 1285 proceditur.
876 1237 1039 1280 Videtur,
1061 1237 1157 1284 quod
1179 1236 1397 1271 verecundia
1418 1247 1492 1270 non
1513 1235 1558 1270 sit
1583 1236 1626 1270 de
1647 1235 1743 1282 turpi

177 1301 277 1328 actu:
301 1293 387 1326 dicit
409 1292 505 1326 enim
527 1291 663 1326 Philos.
686 1292 722 1325 in
743 1301 776 1334 4.
799 1291 914 1326 Ethic.
938 1292 1027 1337 (cap.
1050 1291 1138 1335 ult),
1156 1290 1252 1336 quod
1266 1290 1484 1324 verecundia
1499 1297 1553 1324 est
1565 1289 1676 1324 timor
1693 1289 1744 1324 in-

176 1346 419 1394 gloriationis:
436 1346 497 1380 sed
514 1346 731 1392 quandoque
747 1345 799 1378 illi
814 1345 874 1390 qui
888 1344 978 1378 nihil
995 1352 1097 1390 turpe
1113 1352 1318 1390 operantur,
1333 1343 1628 1389 ingloriationem
1643 1342 1744 1377 susti-

178 1408 276 1442 nent,
299 1400 498 1434 secundum
521 1398 608 1432 illud
630 1399 688 1432 Ps.
712 1397 788 1433 68.:
812 1399 954 1444 Propter
980 1403 1007 1432 ta
1033 1399 1170 1432 sustinui
1197 1398 1426 1444 opprobrium,
1450 1397 1578 1443 operuit
1595 1397 1742 1443 confusio

171 1455 298 1501 sarciam
320 1465 448 1493 meam;
478 1463 564 1498 ergo
587 1451 805 1486 verecundia
827 1462 899 1485 non
923 1459 975 1485 est
997 1450 1139 1497 proprie
1162 1450 1204 1484 de
1226 1451 1320 1496 turpi
1342 1457 1434 1484 actu.

251 1517 281 1541 2.
300 1507 536 1541 PRAETEREA.
556 1505 621 1539 Illa
640 1505 760 1539 solum
778 1505 943 1539 videntur
963 1516 1039 1538 esse
1058 1504 1185 1550 turpia,
1206 1515 1297 1550 quae
1315 1503 1449 1537 habent
1467 1503 1647 1538 rationem
1665 1514 1744 1550 pec-

178 1562 265 1595 cati:
290 1561 351 1594 sed
375 1561 417 1594 de
440 1559 654 1606 quibusdam
676 1559 791 1593 homo
813 1558 1088 1600 verecundatur,
1111 1568 1202 1603 quae
1224 1569 1297 1591 non
1320 1565 1403 1591 sunt
1423 1565 1591 1603 peccata3
1611 1565 1695 1604 puta
1713 1557 1744 1591 si

177 1614 305 1661 aliquis
328 1621 493 1648 exerceat
514 1613 657 1648 servilia
679 1624 809 1659 opera3
833 1623 919 1657 ergo
941 1612 1092 1654 videtur,
1112 1611 1208 1657 quod
1223 1611 1440 1645 verecundia
1454 1622 1528 1645 non
1542 1611 1586 1645 sit
1599 1610 1743 1657 proprie

178 1668 221 1702 de
244 1668 338 1713 turpi
360 1675 452 1702 actu.

254 1733 280 1767 3.
304 1722 545 1756 PRAETEREA:
565 1719 808 1766 Operationes
830 1719 1001 1753 virtutum
1023 1729 1097 1752 non
1119 1726 1201 1752 sunt
1221 1726 1354 1764 turpes,
1377 1718 1438 1752 sed
1467 1717 1743 1764 pulcherrimae,

180 1783 217 1809 ut
239 1775 368 1809 dicitur
389 1775 425 1808 in
451 1786 479 1808 1.
502 1774 616 1808 Ethic.
640 1774 731 1820 (cup.
752 1784 781 1819 7.
801 1778 829 1807 et
848 1773 913 1817 8).-
937 1772 999 1806 sed
1023 1772 1240 1818 quandoque
1257 1771 1366 1817 aliqui
1380 1772 1668 1806 verecundantur
1686 1771 1746 1805 ali-

179 1840 249 1875 qua
272 1840 380 1875 opera
402 1828 542 1862 virtutis
564 1827 701 1869 facere3
725 1834 762 1860 ut
784 1827 914 1860 dicitur
945 1826 1031 1860 Luc.
1055 1837 1108 1873 9.:
1140 1826 1210 1870 Qui
1235 1827 1404 1861 erubuerit
1428 1838 1490 1869 me,
1517 1831 1544 1860 et
1569 1837 1655 1861 meos
1680 1837 1745 1860 ser-

180 1894 298 1923 mones,
322 1883 406 1916 hunc
420 1882 514 1927 filins
534 1881 674 1915 hominis
695 1882 865 1922 erulwscet,
883 1888 969 1922 etc.;
986 1890 1072 1925 ergo
1094 1879 1311 1913 verecundia
1326 1891 1399 1914 non
1415 1887 1466 1914 est
1482 1879 1523 1913 de
1538 1879 1633 1926 turpi
1651 1886 1743 1913 acm.

250 1945 283 1978 4.
306 1936 542 1969 PRAETEREA.
567 1934 605 1968 Si
628 1934 844 1968 verecundia
867 1934 1009 1980 proprie
1032 1941 1126 1967 esset
1147 1934 1190 1967 de
1212 1935 1305 1980 turpi
1328 1941 1421 1976 actu,
1444 1941 1627 1980 oporteret
1647 1933 1744 1980 quod

180 1990 223 2023 de
247 1989 362 2034 magis
384 1989 544 2034 turpibus
567 1988 680 2021 homo
705 1988 820 2033 magis
842 1987 1161 2021 verecundaretur:
1185 1987 1246 2021 sed
1277 1987 1493 2033 quandoque
1522 1987 1637 2021 homo
1665 1986 1744 2033 plus

179 2042 442 2076 verecundatur
464 2042 505 2075 de
528 2041 594 2082 his,
617 2052 707 2087 quae
730 2049 813 2075 sunt
835 2041 953 2074 minus
975 2048 1141 2087 peccata3
1174 2052 1257 2074 cum
1290 2048 1412 2075 tamen
1447 2041 1489 2075 de
1523 2040 1744 2087 gravissimis

179 2096 392 2142 quibusdam
408 2096 565 2141 peccatis
581 2094 763 2141 glorietur,
783 2094 983 2128 secundum
998 2094 1085 2128 illud
1101 2094 1157 2128 Ps.
1178 2105 1240 2139 51.:
1258 2094 1349 2138 Quid
1366 2095 1524 2140 gloriaris
1541 2095 1576 2129 in
1594 2095 1745 2129 malitia?

180 2151 275 2196 Ergo
298 2149 514 2183 verecundia
536 2160 610 2182 non
631 2149 773 2194 proprie
796 2157 848 2182 est
871 2149 914 2182 de
936 2148 1029 2194 turpi
1051 2155 1143 2181 actu.

253 2203 326 2237 SED
350 2213 505 2237 CONTRA
535 2211 597 2244 est,
628 2202 724 2248 quod
758 2202 975 2235 Damascen.
1000 2201 1084 2234 dicit
1106 2201 1141 2234 in
1165 2211 1196 2234 2.
1220 2200 1278 2235 lib.
1302 2201 1396 2246 (Ort.
1419 2200 1493 2236 Fid.
1516 2206 1586 2247 cap.
1607 2200 1683 2247 15.)‚
1711 2208 1745 2235 et

182 2257 290 2302 Greg.
312 2257 490 2290 Nissenus
512 2256 581 2301 (vel
609 2257 734 2289 Nemes.
763 2255 818 2289 lili.
847 2255 882 2289 de
910 2255 990 2289 Nat.
1018 2254 1120 2288 Hom.
1144 2261 1216 2300 cap.
1235 2254 1321 2299 20),
1342 2254 1439 2300 quod
1458 2254 1674 2289 verecundia
1693 2261 1746 2289 est

177 2311 288 2345 timor
310 2310 344 2343 in
366 2310 460 2356 turpi
483 2317 575 2351 actu,
598 2308 656 2343 vel
678 2309 713 2342 in
736 2308 829 2353 turpi
851 2315 1066 2354 perpetrato.

251 2364 480 2398 RESPONDEO
503 2362 707 2404 dicendum,
731 2362 839 2407 quod,
861 2361 953 2395 sicut
974 2372 1080 2406 supra
1100 2361 1236 2394 dictum
1259 2368 1311 2394 est
1333 2360 1409 2404 (1-2.
1433 2372 1461 2406 q.
1489 2372 1540 2405 41.
1568 2365 1632 2395 art.
1660 2372 1690 2395 2.
1717 2365 1746 2396 et

179 2430 207 2463 q.
235 2429 289 2462 42.
313 2422 375 2451 arl.
395 2417 441 2463 3.)
465 2428 548 2450 cum
571 2416 612 2449 de
636 2416 802 2461 passione
825 2415 965 2448 timoris
988 2422 1164 2457 ageretur,
1199 2415 1308 2448 timor
1342 2414 1484 2460 proprie
1508 2422 1560 2448 est
1581 2414 1623 2448 de
1646 2413 1744 2448 malo

180 2472 303 2512 ardum
327 2471 422 2517 quod
446 2470 583 2504 scilicet
606 2468 748 2503 difficile
770 2470 917 2502 vitatur:
943 2475 994 2502 est
1013 2476 1131 2502 autem
1153 2468 1269 2514 duplex
1286 2467 1480 2513 turpitudo.
1507 2468 1580 2502 Una
1599 2467 1745 2513 quidem

178 2525 320 2566 vitiosa,
344 2535 434 2570 quae
457 2523 595 2557 scilicet
617 2523 780 2556 consistit
801 2523 835 2555 in
853 2521 1079 2556 deformitate
1096 2529 1194 2555 actus
1209 2521 1420 2563 voluntarii3
1437 2528 1471 2554 et
1485 2521 1586 2562 haec,
1602 2520 1744 2566 proprie

181 2578 375 2623 loquendo,
402 2588 475 2610 non
499 2577 605 2610 habet
627 2576 805 2610 rationem
830 2575 916 2608 mali
939 2575 1049 2616 ardui,
1073 2575 1169 2620 quod
1192 2575 1288 2608 enim
1311 2574 1345 2607 in
1365 2574 1441 2607 sola
1459 2573 1644 2608 voluntate
1663 2585 1746 2608 con-

179 2632 280 2672 sistit,
304 2642 376 2664 non
399 2630 539 2664 videtur
559 2641 634 2663 esse
666 2629 829 2670 arduum,
853 2636 886 2662 ct
908 2628 1086 2661 elevatum
1123 2639 1228 2673 super
1261 2627 1419 2661 hominis
1453 2634 1687 2672 potestatem3
1710 2634 1745 2661 et

180 2692 325 2730 propter
346 2684 417 2717 hoc
441 2695 513 2717 non
537 2682 814 2729 apprehenditur
836 2682 898 2715 sub
922 2682 1059 2715 ratione
1089 2680 1271 2722 terribilis3
1295 2689 1328 2714 et
1350 2688 1494 2726 propter
1514 2680 1584 2714 hoc
1607 2679 1743 2714 Philos.

181 2738 266 2771 dicit
288 2738 322 2770 in
346 2748 376 2771 2.
400 2737 548 2770 Rhetor.
573 2737 660 2783 (sap.
680 2737 740 2782 5.),
758 2735 852 2781 quod
870 2735 1001 2768 horum
1025 2735 1205 2768 malorum
1228 2745 1301 2767 non
1325 2742 1376 2767 est
1391 2735 1509 2768 timor.
1527 2733 1606 2768 Alia
1623 2740 1743 2767 autem

180 2798 231 2824 est
253 2790 436 2836 turpitudo
459 2790 558 2836 quasi
584 2789 757 2835 poenalis,
781 2799 871 2834 quae
895 2788 1039 2833 quiden]
1065 2788 1227 2821 consistit
1249 2788 1281 2820 in
1299 2787 1560 2833 vituperatione
1575 2786 1743 2832 alicujus3

180 2845 272 2878 sicut
294 2843 471 2890 quaedam
500 2843 642 2877 claritas
676 2842 814 2887 gloriae
849 2841 1011 2876 consistit
1044 2841 1079 2875 in
1114 2841 1355 2875 honoratione
1390 2840 1558 2885 alicujus3
1592 2847 1626 2873 et
1660 2839 1743 2885 quia

181 2897 388 2943 hujusmodi
410 2896 624 2943 vituperium
646 2897 755 2931 habet
777 2895 956 2930 rationem
974 2894 1057 2928 mali
1074 2894 1186 2936 ardui,
1202 2895 1293 2928 sicut
1306 2894 1426 2928 honor
1440 2893 1547 2927 habet
1564 2892 1742 2927 rationem
