1859 3122
504 226 724 262 QUAESTIO
760 225 949 256 CLXXVII.
983 225 1228 256 ARTICULUS
1260 225 1288 254 Ι.
1561 224 1663 266 1151

177 307 252 342 SED
272 319 307 342 IN
325 319 576 342 CONTRARIUM
600 317 663 349 cst,
684 307 779 353 quod
802 307 931 341 dicitur
946 306 1056 340 Eccli.
1073 305 1122 341 6.:
1144 307 1273 352 Lingua
1295 306 1455 347 eucharis,
1478 304 1569 338 idest
1590 315 1669 350 gra·

105 361 209 403 tiosa‚
227 361 262 394 in
278 363 359 395 lvono
375 362 502 395 homine
516 362 717 396 abundabit:
742 361 803 395 sed
824 361 966 394 bonitas
982 360 1140 394 hominis
1163 369 1215 394 est
1237 372 1279 394 ex
1295 359 1428 405 gratia3
1448 369 1535 403 ergo
1559 357 1667 392 etiam

105 415 312 460 gratiositas
334 415 523 449 sermonis.

177 468 405 503 REspoxm-:o
421 468 623 510 dicendum,
638 468 735 514 quod
750 467 885 513 gratiae
906 467 1015 513 gratis
1030 467 1133 501 datae
1153 467 1281 500 dantur
1304 465 1347 500 ad
1370 465 1561 500 utilitatem
1585 464 1670 499 alio-

106 532 198 563 rum,
220 530 257 555 ut
278 533 383 567 supra
406 522 541 555 dictum
561 531 612 556 est
628 523 706 567 (1-2.
729 534 758 567 q.
782 534 844 556 ιη.
867 526 931 555 art.
955 534 981 556 I.
1004 526 1033 555 et
1053 521 1126 565 4.).·
1153 520 1314 566 cognitio
1331 528 1464 561 autem,
1479 530 1588 564 quam
1609 517 1668 552 ali-

106 576 183 621 quis
207 586 225 608 a
246 575 327 608 Deo
351 575 488 620 accipit,
508 575 543 608 in
567 575 756 609 utilitatem
784 574 927 608 alterius
955 574 1117 608 converti
1144 585 1217 607 non
1239 581 1371 619 posset,
1394 572 1462 606 nisi
1485 573 1668 606 mediante

106 627 309 669 locutione3
333 636 367 662 ct
393 628 476 673 quia
506 628 657 673 Spiritus
689 628 842 662 Sanctus
863 639 944 661 ‘non
967 627 1086 661 deficit
1106 627 1142 661 in
1165 626 1298 673 aliquo,
1322 626 1417 672 quod
1445 625 1599 672 pertinet
1625 625 1669 659 ad

107 680 290 716 Ecclesiae
314 681 516 723 utilitatem,
532 683 641 715 etiam
656 681 819 727 providet
838 681 1009 715 membris
1031 680 1215 715 Ecclesiae
1237 681 1273 714 in
1295 680 1501 722 locutione3
1522 690 1598 713 non
1616 690 1671 714 so-

106 733 182 768 lum
210 742 247 768 ut
273 734 400 780 aliquis
427 735 476 768 sic
504 734 682 780 loquatur,
705 742 743 768 ut
770 745 789 768 a
811 734 958 768 diversis
985 734 1098 780 possit
1124 733 1294 779 intelligi3
1323 732 1419 779 quod
1446 732 1600 777 pertinet
1625 732 1669 766 ad

107 787 244 822 donum
262 787 484 833 linguarum:
509 789 569 821 sed
585 788 693 822 etiam
710 788 806 833 quod
829 786 1022 821 efficaciter
1043 787 1222 833 loquatur,
1242 786 1338 832 quod
1360 786 1512 832 pertinet
1535 786 1577 819 ad
1594 796 1672 831 gra—

106 841 193 875 tiam
216 842 405 875 sermonis.
428 841 470 875 Et
492 842 562 875 hoc
586 841 778 888 tripliciter:
794 842 907 887 primo
931 840 1076 886 quidem
1099 840 1142 874 ad
1161 840 1409 874 instruendum
1433 838 1670 880 intellectum,

108 894 204 940 quod
218 894 360 935 fit,dum
378 894 504 940 aliquis
519 895 569 928 sic
584 894 753 940 loquitur,
768 894 864 940 quod
880 894 1026 928 doceat:
1041 894 1176 928 secundo
1191 893 1235 927 ad
1248 892 1469 927 movendum
1487 891 1670 933 affectum,

107 956 146 982 ut
159 947 297 982 scilicet
318 947 469 982 libenter
491 948 611 982 audiat
630 948 779 981 verbum
795 947 875 988 Dei,
903 947 999 993 quod
1015 947 1062 988 fit,
1079 947 1164 981 dum
1180 946 1307 992 aliquis
1323 947 1372 980 sic
1388 945 1557 992 loquitur,
1574 946 1670 991 quod

108 1000 290 1035 auditores
312 1001 476 1042 delectet,
506 1001 602 1047 quod
624 1012 697 1034 non
725 1001 830 1034 debet
851 999 978 1045 aliquis
1001 1010 1172 1046 quaerere
1195 1007 1340 1045 propter
1361 998 1524 1033 favorem
1547 1009 1665 1040 suum⁷

108 1054 170 1088 sed
193 1062 231 1088 ut
248 1054 415 1088 homines
435 1054 638 1088 alliciantur
656 1054 698 1087 ad
719 1053 937 1086 audiendum
957 1053 1107 1086 verbum
1125 1053 1211 1087 Dei:
1231 1054 1323 1086 tertio
1344 1052 1386 1085 ad
1405 1052 1476 1086 hoc
1497 1051 1593 1098 quod
1613 1051 1673 1085 ali—

109 1107 186 1153 quis
208 1116 304 1142 amet
319 1119 360 1141 ca
375 1119 466 1153 quae
487 1107 603 1141 verbis
625 1106 882 1151 significantur,
906 1114 940 1140 et
956 1105 1043 1140 velit
1062 1117 1103 1139 ea
1121 1105 1285 1152 implere,
1316 1105 1412 1151 quod
1435 1105 1483 1146 fit,
1506 1105 1592 1139 dum
1612 1104 1674 1138 ali-

109 1161 186 1207 quis
208 1161 258 1195 sic
280 1160 448 1206 loquitur,
476 1160 572 1206 quod
595 1160 797 1193 auditorem
819 1159 956 1194 flectat:
980 1159 1023 1192 ad
1045 1158 1142 1204 quod
1169 1159 1315 1204 quidem
1343 1157 1573 1192 efficiendum
1597 1157 1674 1203 Spi-

108 1214 195 1248 ritus
218 1214 372 1248 Sanctus
394 1213 501 1247 utitur
522 1213 645 1258 lingua
666 1213 838 1254 hominis,
861 1212 962 1258 quasi
984 1212 1143 1258 quodam
1170 1212 1427 1253 instrument03
1454 1211 1528 1257 ipse
1551 1218 1672 1244 autem

109 1275 173 1309 est,
195 1267 256 1313 qui
277 1267 415 1313 perficit
437 1267 687 1313 operationem
709 1266 875 1309 interius;
898 1265 992 1299 unde
1021 1265 1220 1311 Gregorius
1242 1265 1328 1299 dicit
1349 1265 1385 1298 in
1407 1264 1518 1298 Hom.
1546 1264 1672 1298 Pente-

109 1329 226 1355 costes
249 1321 349 1366 (quae
370 1326 411 1355 est
428 1332 480 1366 30.
502 1322 535 1354 vin
557 1321 688 1365 Evang.
710 1325 739 1354 et
759 1320 815 1354 lib.
837 1331 892 1365 29.
917 1319 1041 1353 Moral.
1061 1326 1132 1365 cap.
1155 1319 1240 1365 13.):
1263 1318 1375 1352 «Nisi
1397 1318 1507 1352 corda
1535 1317 1672 1351 audito-

108 1385 189 1407 rum
216 1373 368 1420 Spiritus
396 1374 550 1408 Sanctus
585 1373 730 1420 repleat,
758 1373 801 1407 ad
833 1383 934 1407 aures
963 1373 1124 1418 corporis
1151 1383 1222 1406 vox
1251 1372 1461 1405 docentium
1486 1371 1670 1405 incassum

109 1434 214 1462 sonat
227 1440 259 1461 ›).

181 1481 241 1515 AD
262 1491 411 1515 PRIMUM
430 1491 517 1526 ergo
540 1480 745 1521 dicendum,
760 1479 856 1526 quod
875 1479 967 1513 sicut
989 1478 1208 1513 miraculose
1229 1478 1328 1512 Deus
1351 1478 1567 1524 quandoque
1591 1488 1674 1524 ope-

111 1541 208 1568 ratur
235 1533 395 1580 quodam
416 1533 662 1568 excellentiori
688 1533 799 1567 modo
827 1533 937 1566 etiam
964 1544 1017 1574 ea,
1040 1543 1131 1578 quae
1153 1540 1280 1566 natura
1301 1540 1421 1578 potest
1442 1531 1601 1578 operari:
1623 1531 1673 1565 ita

112 1587 221 1622 etiam
244 1586 395 1632 Spiritus
417 1586 570 1621 Sanctus
592 1586 824 1620 excellentius
847 1594 1015 1632 operatur
1037 1597 1100 1631 per
1121 1585 1275 1631 gratiam
1302 1585 1480 1619 sermonis
1506 1584 1553 1627 id,
1575 1584 1673 1630 quod

112 1647 230 1687 potest
251 1651 307 1674 ars
326 1640 468 1686 operari
487 1639 647 1674 inferiori
668 1640 791 1673 modo.

181 1693 242 1727 AD
268 1703 475 1728 SECUNDUM
501 1693 706 1734 dicendum,
735 1692 828 1739 quod
856 1691 1056 1737 Apostolus
1082 1692 1130 1725 ibi
1155 1691 1313 1738 loquitur
1339 1691 1382 1725 de
1409 1702 1589 1733 sermone,
1612 1692 1672 1737 qui

111 1746 273 1780 innititur
286 1746 468 1780 humanae
484 1745 711 1792 eloquentiae
727 1746 861 1792 absque
879 1745 1001 1779 virtuti
1020 1745 1171 1790 Spiritus
1194 1745 1336 1787 Sancti;
1360 1745 1454 1779 unde
1469 1745 1670 1791 praemisit:

113 1799 315 1845 Cognoscam
332 1811 396 1833 non
414 1811 595 1833 sermonem
613 1811 726 1833 eorum
744 1801 800 1844 qui
819 1799 926 1844 inflati
943 1803 1028 1840 stertit,
1045 1798 1098 1833 sed
1110 1800 1287 1838 vimineum
1311 1806 1346 1832 et
1367 1798 1410 1832 de
1431 1798 1550 1844 seipso
1573 1809 1671 1844 prae-

112 1853 260 1887 miserat
279 1853 364 1899 (sup.
387 1859 459 1898 cap.
478 1853 547 1897 2.).·
569 1852 681 1887 Sermo
700 1864 800 1894 meus,
822 1857 850 1886 et
867 1851 1074 1898 praedicatio
1095 1863 1168 1885 mea
1181 1852 1329 1897 nonfuit
1351 1853 1383 1885 in
1401 1851 1674 1898 persuasibilibus

112 1907 275 1940 humanae
291 1907 467 1951 sapientiae
484 1907 603 1948 verbis,
623 1906 674 1940 sed
694 1907 728 1939 in
749 1907 935 1952 operatione
958 1905 1163 1950 (ostensione)
1187 1907 1333 1951 spiritus,
1349 1910 1377 1939 et
1397 1906 1540 1940 virtutis.

183 1959 244 1993 AD
267 1969 438 1993 TERTIUM
457 1959 662 2000 dicendum,
684 1959 793 2004 quod,
815 1959 907 1993 sicut
928 1958 1063 1992 dictum
1087 1966 1139 1992 est
1159 1958 1208 2001 (in
1226 1964 1314 2004 corp.
1342 1960 1436 2002 art),
1460 1957 1575 2003 gratia
1606 1968 1674 1992 ser-

113 2012 232 2046 monis
253 2012 356 2046 datur
379 2012 486 2046 alicui
507 2012 551 2045 ad
573 2011 764 2046 utilitatem
787 2011 961 2054 aliorum;
988 2012 1082 2045 unde
1109 2012 1326 2057 quandoque
1351 2011 1570 2045 subtrahitur
1597 2022 1676 2056 pro-

113 2073 191 2112 pter
217 2065 388 2099 auditoris
416 2065 572 2111 culpam,
600 2065 816 2111 quandoque
847 2073 968 2098 autem
997 2072 1143 2110 propter
1169 2064 1314 2110 culpam
1340 2065 1450 2110 ipsius
1472 2064 1673 2110 loquentis:

113 2119 208 2152 bona
231 2127 352 2152 autem
375 2130 485 2165 opera
507 2118 690 2164 utriusque
712 2129 786 2152 non
808 2125 991 2152 merentur
1012 2118 1146 2152 directe
1168 2118 1262 2152 hanc
1282 2119 1447 2164 gratiam,
1469 2118 1531 2152 sed
1553 2118 1673 2152 solum

113 2171 314 2217 impediunt
334 2171 440 2217 hujus
462 2172 598 2217 gratiae
615 2171 893 2217 impedimenta:
914 2183 999 2205 nam
1016 2171 1126 2205 etiam
1148 2171 1262 2217 gratia
1279 2179 1420 2217 gratum
1439 2171 1575 2206 faciens
1597 2171 1676 2205 sub-

112 2224 266 2259 trahitur
293 2233 439 2270 propter
469 2224 632 2270 culpam:
654 2236 728 2259 non
754 2233 877 2258 tamen
905 2236 985 2258 earn
1013 2233 1170 2258 meretur
1198 2224 1324 2271 aliquis
1346 2236 1410 2271 per
1435 2225 1531 2258 bona
1552 2236 1674 2270 opera,

114 2289 177 2324 per
199 2289 290 2324 quae
310 2278 448 2312 tollitur
467 2286 607 2312 tantum
626 2277 762 2323 gratiae
784 2278 1095 2324 impedimentum.

186 2331 246 2365 AD
268 2341 456 2370 QUARTUM
477 2331 682 2373 dicendum,
699 2331 806 2377 quod,
828 2332 919 2365 sicut
940 2331 1076 2365 dictum
1099 2339 1152 2366 est
1173 2331 1223 2375 (in
1245 2338 1334 2377 corp.
1357 2332 1449 2374 art),
1473 2332 1585 2377 gratia
1607 2342 1676 2365 ser-

115 2384 234 2418 monis
256 2384 441 2418 ordinatur
463 2385 505 2418 ad
528 2383 717 2418 utilitatem
737 2383 910 2419 aliorum:
934 2385 1030 2430 quod
1053 2392 1170 2418 autem
1192 2384 1319 2430 aliquis
1340 2384 1449 2418 fidem
1470 2396 1575 2418 suam
1597 2383 1674 2418 aliis

116 2438 374 2479 communicet,
400 2438 439 2472 fit
464 2449 526 2483 per
550 2448 759 2471 sermonem
785 2437 967 2479 scientiae,
995 2437 1068 2471 sive
1095 2437 1312 2483 sapientiae;
1334 2437 1428 2471 unde
1449 2437 1675 2483 Augustinus

115 2490 200 2524 dicit
222 2501 273 2533 14.
295 2491 338 2525 de
363 2490 490 2524 Trinit.
512 2491 598 2536 (cap.
624 2490 682 2534 L),
706 2490 802 2536 quod
827 2492 949 2524 «scire
972 2490 1283 2536 quemadmodum
1304 2490 1392 2524 fides
1420 2498 1453 2524 et
1474 2490 1540 2536 piis
1563 2492 1676 2536 opitu-

114 2543 218 2585 letur,
240 2551 275 2577 et
296 2551 422 2578 contra
442 2543 575 2590 impios
596 2543 819 2586 defendatur,
839 2543 980 2577 videtur
999 2542 1198 2589 Apostolus
1224 2544 1414 2578 scientiam
1437 2543 1618 2589 appellare
1633 2556 1674 2585 »3

116 2604 150 2630 et
170 2596 253 2630 ideo
274 2608 347 2630 non
371 2596 540 2642 oportuit,
563 2596 658 2642 quod
681 2605 832 2642 poneret
852 2607 1060 2630 sermonem
1082 2596 1182 2638 fidei3
1205 2596 1267 2630 sed
1293 2596 1424 2630 sufficit
1445 2607 1580 2642 ponere
1606 2607 1664 2630 ser

115 2660 265 2684 monem
287 2650 470 2692 scientiae,
492 2658 527 2684 et
547 2649 754 2695 sapientiae.
