1859 3122
527 188 746 225 QUAESTIO
779 188 882 218 xcn.
917 187 1162 218 ARTICULUS
1196 187 1223 216 1.
1575 176 1657 229 659

600 413 956 475 QUAESTIO
997 412 1152 460 XCII.

94 542 158 574 DE
184 540 326 573 VITIIS
354 540 604 571 RELIGIONI
632 539 880 577 OPPOSITIS,
911 538 970 570 ET
997 538 1145 569 PRIMO
1173 538 1235 568 DE
1275 538 1658 576 SUPERSTITIONE,

530 612 579 642 IN
605 611 731 643 DUOS
758 610 1021 642 ARTICULOS
1048 609 1223 640 DIVISA.

166 752 299 787 Postea
327 751 629 786 considerandum
657 759 709 785 est
731 750 774 785 de
793 750 888 785 vitiis
909 750 1077 796 religioni
1100 749 1294 796 oppositis,
1317 755 1351 783 et
1367 749 1481 795 primo
1506 748 1549 782 de
1580 747 1663 790 illis,

97 817 188 852 quae
212 817 295 840 cum
317 806 492 851 religione
516 805 736 839 conveniunt
768 804 802 837 in
829 804 913 846 hoc,
936 804 1033 850 quod
1055 803 1224 838 exhibent
1246 801 1384 836 cultum
1411 802 1590 844 divinumg
1624 814 1666 837 se-

99 859 203 894 cando
234 859 277 894 dc
307 859 402 894 vitiis
429 858 659 893 manifestam
687 857 982 892 contrarietatem
1010 858 1053 891 ad
1087 856 1304 903 religionem
1340 855 1570 898 habentibus,
1602 867 1665 901 per

100 921 351 959 contemptum
388 924 527 955 corum,
562 923 653 958 quae
683 912 861 958 pertinent
896 911 939 945 ad
975 911 1137 945 divinum
1173 910 1327 945 cultum:
1360 911 1513 957 primum
1544 918 1665 944 autem

96 967 230 1001 horum
257 969 410 1012 pertinet
431 966 474 1000 ad
497 965 806 1012 superstitionem:
828 965 1005 1000 secmzdzmz
1027 964 1071 999 ad
1092 964 1417 1010 irreligiositatem3
1440 963 1534 998 unde
1552 965 1664 1010 primo

99 1020 403 1054 considerandum
429 1028 483 1054 est
509 1020 552 1053 de
577 1019 655 1065 ipsa
677 1019 942 1065 superstitione,
964 1026 999 1053 et
1020 1018 1064 1053 de
1085 1018 1243 1065 partibus
1267 1019 1361 1064 ejus:
1384 1017 1496 1052 deinde
1517 1017 1560 1052 de
1582 1017 1667 1052 irre-

98 1073 294 1120 ligiositate
316 1082 350 1109 et
371 1074 529 1120 partibus
551 1073 637 1119 ejus.

581 1161 685 1197 Circa
703 1163 852 1207 primum
879 1165 1087 1207 quaeruntur
1108 1159 1184 1194 duo.

171 1238 306 1273 Primo.
329 1237 461 1273 Utrum
483 1238 688 1285 superstitio
711 1238 754 1272 sit
775 1238 904 1272 vitium
926 1237 1095 1284 religioni
1117 1237 1351 1272 contrarium.

173 1292 353 1327 Secundo.
382 1292 513 1327 Utrum
539 1292 672 1327 habeat
696 1291 816 1338 plures
843 1300 973 1338 partes,
1000 1303 1064 1326 seu
1090 1292 1239 1338 species.

684 1451 1029 1496 ARTICULUS
1059 1451 1092 1494 1.
1600 1472 1668 1509 497

235 1565 388 1596 UTRUM
411 1565 696 1596 SUPERSTITIO
719 1566 786 1596 SIT
808 1565 967 1596 VITIUM
987 1565 1215 1597 RELIGIONI
1241 1564 1543 1596 CONTRARIUM.

217 1663 319 1712 (Infr.
339 1676 369 1711 q.
392 1675 448 1711 94.
470 1670 534 1700 art.
556 1677 583 1700 I.
606 1671 696 1712 corp.
719 1670 747 1699 et
768 1677 797 1711 q.
820 1676 867 1711 95.
890 1669 954 1699 art.
980 1674 1009 1698 1.
1032 1670 1123 1711 corp.
1142 1669 1171 1699 et
1188 1677 1218 1711 q.
1241 1676 1307 1712 132.
1331 1669 1395 1699 art.
1415 1676 1443 1711 3.
1466 1670 1555 1710 corp.

614 1723 643 1754 et
668 1731 695 1754 1.
723 1719 812 1754 Dist.
840 1730 872 1764 9.
899 1730 928 1764 q.
955 1730 985 1753 2.
1014 1723 1077 1753 art.
1104 1718 1162 1763 1.).

199 1825 259 1860 AD
281 1836 431 1860 PRIMUM
453 1825 503 1860 sic
525 1825 742 1872 proceditur.
767 1824 931 1867 Videtur,
954 1825 1051 1871 quod
1079 1825 1285 1872 superstitio
1306 1837 1381 1860 non
1403 1825 1446 1860 sit
1473 1825 1601 1859 vitium
1623 1836 1660 1859 re

104 1879 232 1925 ligioni
255 1879 497 1914 contrarium:
519 1891 633 1912 unum
656 1879 752 1913 enim
777 1879 1041 1913 contrariorum
1062 1891 1137 1912 non
1165 1879 1310 1924 ponitur
1335 1879 1371 1912 in
1399 1879 1608 1913 definitione
1628 1877 1674 1912 al-

105 1933 234 1975 terius;
256 1932 318 1967 sed
340 1932 468 1977 religio
490 1933 636 1978 ponitur
663 1933 700 1966 in
731 1932 939 1967 definitione
966 1932 1250 1978 superstitionis:
1281 1932 1411 1967 dicitur
1432 1934 1529 1966 enim
1556 1943 1675 1978 super-

105 1987 202 2021 stitio
229 1997 306 2020 esse
332 1986 460 2031 religio
491 1997 597 2032 supra
627 1986 779 2020 modum
810 1993 963 2027 servata,
990 1994 1029 2019 ut
1053 1994 1151 2031 patet
1184 1986 1220 2019 in
1256 1986 1389 2020 Glossa
1427 1986 1607 2030 (interlin.)
1630 1986 1673 2019 ad

108 2039 252 2074 Coloss.
275 2050 306 2073 2.
337 2051 441 2085 super
462 2038 568 2073 illud:
593 2040 688 2083 Quae
716 2044 791 2074 sant
809 2040 970 2074 rationem
997 2040 1152 2074 lmbentia
1170 2041 1350 2086 sapientiae
1369 2041 1403 2073 in
1428 2040 1672 2086 superstitionae

108 2104 195 2139 ergo
222 2092 426 2138 superstitio
452 2103 527 2126 non
547 2100 598 2126 est
623 2093 751 2126 vitium
778 2092 947 2137 religioni
969 2093 1203 2127 contrarium.

179 2156 210 2179 2.
233 2145 470 2180 PRAETEREA.
492 2145 652 2179 Isidorus
675 2146 760 2179 dicit
780 2146 817 2179 in
838 2145 898 2179 lib.
925 2156 976 2180 10.
1012 2146 1221 2192 Etymolog.
1245 2145 1305 2192 (ad
1333 2146 1380 2181 lit.
1409 2147 1469 2191 S).·
1502 2159 1520 2178 «
1548 2145 1675 2191 Super-

108 2199 268 2233 stitiosos
290 2200 338 2232 ait
359 2198 491 2233 Cicero
515 2198 727 2244 appellatos,
749 2198 809 2245 qui
830 2206 927 2233 totos
951 2199 1026 2234 dies
1049 2200 1347 2246 deprecabantur,
1367 2207 1402 2234 et
1422 2199 1674 2240 immolabant,

110 2261 147 2286 ut
168 2252 223 2286 sui
248 2251 315 2285 sibi
339 2251 442 2285 liberi
467 2252 675 2297 superstites
702 2252 829 2286 fierent
851 2265 889 2287 »:
917 2253 980 2287 sed
1001 2253 1073 2287 hoc
1102 2254 1211 2288 etiam
1238 2261 1357 2300 potest
1377 2252 1454 2287 fieri
1476 2252 1675 2287 secundum

109 2317 214 2340 verae
236 2304 421 2351 religionis
444 2305 600 2348 cultum3
623 2316 709 2351 ergo
729 2306 936 2352 superstitio
955 2317 1029 2341 non
1049 2315 1102 2341 est
1120 2307 1248 2341 vitium
1268 2306 1436 2353 religioni
1455 2306 1675 2352 oppositum.

184 2370 213 2404 3.
235 2358 472 2393 PRAETEREA.
496 2358 710 2404 Superstitio
731 2360 927 2405 quemdam
946 2371 1134 2395 excessum
1152 2360 1349 2407 importare
1367 2360 1524 2401 videtur3
1546 2360 1608 2394 sed
1627 2371 1677 2393 re-

111 2412 198 2458 ligio
220 2423 295 2446 non
315 2419 433 2458 potest
458 2412 592 2446 habere
615 2423 821 2456 excessum3
842 2413 937 2459 quia,
960 2414 1052 2448 sicut
1074 2426 1181 2460 supra
1203 2414 1340 2448 dictum
1363 2422 1415 2447 est
1433 2414 1481 2459 (q.
1503 2414 1552 2448 81.
1572 2417 1676 2459 art.5.

111 2466 153 2500 ad
167 2467 226 2512 3.),
248 2465 449 2500 secundum
472 2477 553 2499 eam
574 2477 648 2500 non
676 2466 853 2512 contingit
875 2467 1025 2513 aequale
1056 2468 1137 2502 Deo
1160 2467 1310 2502 reddere
1337 2468 1413 2513 ejus
1443 2467 1540 2513 quod
1571 2467 1677 2501 debe-

113 2531 214 2561 mus;
235 2530 322 2565 ergo
345 2518 550 2564 superstitio
571 2530 646 2552 non
670 2527 722 2553 est
742 2520 870 2554 vitium
891 2520 1058 2566 religioni
1081 2521 1300 2568 oppositum.

185 2572 259 2606 SED
274 2583 429 2607 CONTRA,
448 2580 511 2614 est,
524 2572 621 2618 quod
643 2572 797 2618 August.
820 2573 906 2608 dicit
926 2574 963 2607 in
985 2574 1044 2608 lib.
1068 2574 1110 2608 de
1132 2575 1273 2608 Decem
1306 2573 1463 2608 Chordis
1487 2574 1574 2619 (cap.
1602 2585 1634 2619 9.
1658 2585 1678 2607 a

112 2626 232 2669 med.):
258 2639 275 2658 «
298 2625 436 2671 Tangis
459 2626 614 2672 primam
637 2626 824 2669 chordam,
846 2639 917 2673 qua
940 2627 1069 2662 colitur
1090 2639 1182 2662 unus
1205 2629 1317 2669 Deus,
1348 2635 1383 2661 et
1415 2626 1544 2660 cecidit
1565 2626 1677 2660 bestia

114 2679 375 2725 superstitionis
396 2692 435 2722 »3
458 2679 519 2713 sed
542 2678 657 2713 cultus
680 2680 783 2714 unius
797 2681 867 2715 Dei
882 2681 1036 2727 pertinet
1052 2682 1095 2715 ad
1118 2681 1351 2727 religionem3
1367 2691 1454 2726 ergo
1473 2680 1678 2726 superstitio

114 2733 282 2778 religioni
304 2733 508 2779 opponitur.

185 2786 414 2821 RESPONDEO
442 2785 647 2828 dicendum,
663 2786 772 2832 quod,
794 2787 886 2822 sicut
907 2799 1014 2834 supra
1036 2787 1173 2821 dictum
1197 2795 1249 2821 est
1271 2787 1318 2832 (q.
1347 2787 1397 2821 81.
1423 2791 1486 2820 art.
1505 2797 1534 2832 5.
1558 2786 1600 2820 ad
1617 2786 1677 2832 3.),

115 2839 242 2886 religio
265 2848 318 2874 est
342 2840 452 2874 virtus
479 2839 644 2883 moralis;
665 2840 784 2875 omnis
804 2849 925 2875 autem
946 2841 1057 2875 virtus
1079 2840 1228 2874 moralis
1249 2840 1285 2873 in
1308 2839 1429 2874 medio
1449 2839 1623 2882 consistit,
1642 2848 1679 2873 ut

116 2904 222 2939 supra
242 2893 406 2927 habitum
428 2901 482 2928 est
503 2894 585 2938 (1-2.
612 2905 641 2939 q.
665 2893 721 2937 64.
741 2899 803 2929 art.
831 2895 898 2939 1.)‚·
927 2902 961 2928 et
990 2894 1072 2928 ideo
1100 2894 1218 2940 duplex
1243 2893 1371 2928 vitium
1401 2893 1522 2927 virtuti
1548 2893 1679 2927 morali
