<?xml version="1.0" encoding="UTF-8"?>
<!DOCTYPE html PUBLIC "-//W3C//DTD XHTML 1.0 Transitional//EN"
    "http://www.w3.org/TR/xhtml1/DTD/xhtml1-transitional.dtd">
<html xmlns="http://www.w3.org/1999/xhtml" xml:lang="en" lang="en">
 <head>
  <title>
</title>
<meta http-equiv="Content-Type" content="text/html;charset=utf-8" />
  <meta name='ocr-system' content='tesseract 3.04.00' />
  <meta name='ocr-capabilities' content='ocr_page ocr_carea ocr_par ocr_line ocrx_word'/>
</head>
<body>
  <div class='ocr_page' id='page_1' title='image "./divithomaeaquina03thomuoft_0939.png"; bbox 0 0 1859 3122; ppageno 0'>
   <div class='ocr_carea' id='block_1_1' title="bbox 487 138 1629 181">
    <p class='ocr_par' dir='ltr' id='par_1_1' title="bbox 487 138 1629 181">
     <span class='ocr_line' id='line_1_1' title="bbox 487 138 1629 181; baseline -0.002 -12"><span class='ocrx_word' id='word_1_1' title='bbox 487 139 707 175; x_wconf 84' lang='lat' dir='ltr'><strong>QUAESTIO</strong></span> <span class='ocrx_word' id='word_1_2' title='bbox 741 138 871 169; x_wconf 86' lang='lat' dir='ltr'>CXLII.</span> <span class='ocrx_word' id='word_1_3' title='bbox 905 138 1149 168; x_wconf 89' lang='lat' dir='ltr'>ARTICULUS</span> <span class='ocrx_word' id='word_1_4' title='bbox 1182 138 1243 169; x_wconf 90' lang='lat'>111.</span> <span class='ocrx_word' id='word_1_5' title='bbox 1549 138 1629 181; x_wconf 76' lang='lat'>931</span> 
     </span>
    </p>
   </div>
   <div class='ocr_carea' id='block_1_2' title="bbox 72 219 1638 1014">
    <p class='ocr_par' dir='ltr' id='par_1_2' title="bbox 74 219 1638 480">
     <span class='ocr_line' id='line_1_2' title="bbox 76 219 1633 267; baseline -0.001 -12"><span class='ocrx_word' id='word_1_6' title='bbox 76 233 95 255; x_wconf 90' lang='lat' dir='ltr'>a</span> <span class='ocrx_word' id='word_1_7' title='bbox 125 219 334 255; x_wconf 83' lang='lat' dir='ltr'>defensione</span> <span class='ocrx_word' id='word_1_8' title='bbox 364 221 451 255; x_wconf 90' lang='lat' dir='ltr'>boni</span> <span class='ocrx_word' id='word_1_9' title='bbox 478 221 702 256; x_wconf 90' lang='lat' dir='ltr'>communis:</span> <span class='ocrx_word' id='word_1_10' title='bbox 733 221 798 255; x_wconf 79' lang='lat' dir='ltr'>alio</span> <span class='ocrx_word' id='word_1_11' title='bbox 834 220 928 255; x_wconf 80' lang='lat' dir='ltr'>modo</span> <span class='ocrx_word' id='word_1_12' title='bbox 964 232 1006 255; x_wconf 85' lang='lat' dir='ltr'>ex</span> <span class='ocrx_word' id='word_1_13' title='bbox 1032 228 1131 267; x_wconf 89' lang='lat' dir='ltr'>parte</span> <span class='ocrx_word' id='word_1_14' title='bbox 1159 219 1394 263; x_wconf 89' lang='lat' dir='ltr'>difficultatis;</span> <span class='ocrx_word' id='word_1_15' title='bbox 1422 219 1633 266; x_wconf 83' lang='lat' dir='ltr'>inquantum</span> 
     </span>
     <span class='ocr_line' id='line_1_3' title="bbox 75 273 1637 321; baseline -0.001 -12"><span class='ocrx_word' id='word_1_16' title='bbox 75 273 214 309; x_wconf 89' lang='lat' dir='ltr'>scilicet</span> <span class='ocrx_word' id='word_1_17' title='bbox 235 273 414 308; x_wconf 90' lang='lat' dir='ltr'>difficilius</span> <span class='ocrx_word' id='word_1_18' title='bbox 437 282 490 308; x_wconf 90' lang='lat' dir='ltr'>est</span> <span class='ocrx_word' id='word_1_19' title='bbox 512 275 628 309; x_wconf 89' lang='lat' dir='ltr'>subire</span> <span class='ocrx_word' id='word_1_20' title='bbox 652 273 810 321; x_wconf 86' lang='lat' dir='ltr'>pericula</span> <span class='ocrx_word' id='word_1_21' title='bbox 833 274 972 316; x_wconf 88' lang='lat' dir='ltr'>mortis,</span> <span class='ocrx_word' id='word_1_22' title='bbox 990 285 1098 320; x_wconf 90' lang='lat' dir='ltr'>quam</span> <span class='ocrx_word' id='word_1_23' title='bbox 1120 274 1296 308; x_wconf 89' lang='lat' dir='ltr'>abstinere</span> <span class='ocrx_word' id='word_1_24' title='bbox 1314 285 1334 307; x_wconf 93' lang='lat' dir='ltr'>a</span> <span class='ocrx_word' id='word_1_25' title='bbox 1348 273 1563 320; x_wconf 89' lang='lat' dir='ltr'>quibusdam</span> <span class='ocrx_word' id='word_1_26' title='bbox 1581 273 1637 307; x_wconf 92' lang='lat' dir='ltr'>de-</span> 
     </span>
     <span class='ocr_line' id='line_1_4' title="bbox 74 326 1638 374; baseline -0.001 -12"><span class='ocrx_word' id='word_1_27' title='bbox 74 326 318 370; x_wconf 89' lang='lat' dir='ltr'>lectabilibus;</span> <span class='ocrx_word' id='word_1_28' title='bbox 340 335 375 361; x_wconf 91' lang='lat' dir='ltr'>et</span> <span class='ocrx_word' id='word_1_29' title='bbox 396 336 571 373; x_wconf 85' lang='lat' dir='ltr'>quantum</span> <span class='ocrx_word' id='word_1_30' title='bbox 591 327 634 361; x_wconf 89' lang='lat' dir='ltr'>ad</span> <span class='ocrx_word' id='word_1_31' title='bbox 656 328 728 362; x_wconf 86' lang='lat' dir='ltr'>hoc</span> <span class='ocrx_word' id='word_1_32' title='bbox 747 338 820 362; x_wconf 91' lang='lat' dir='ltr'>non</span> <span class='ocrx_word' id='word_1_33' title='bbox 837 335 980 374; x_wconf 84' lang='lat' dir='ltr'>oportet</span> <span class='ocrx_word' id='word_1_34' title='bbox 993 328 1089 373; x_wconf 89' lang='lat' dir='ltr'>quod</span> <span class='ocrx_word' id='word_1_35' title='bbox 1104 327 1277 361; x_wconf 83' lang='lat' dir='ltr'>timiditas</span> <span class='ocrx_word' id='word_1_36' title='bbox 1298 326 1494 374; x_wconf 87' lang='lat' dir='ltr'>praecellat</span> <span class='ocrx_word' id='word_1_37' title='bbox 1510 327 1638 361; x_wconf 91' lang='lat' dir='ltr'>intem-</span> 
     </span>
     <span class='ocr_line' id='line_1_5' title="bbox 75 380 1634 427; baseline 0 -13"><span class='ocrx_word' id='word_1_38' title='bbox 75 380 294 427; x_wconf 88' lang='lat' dir='ltr'>perantiam:</span> <span class='ocrx_word' id='word_1_39' title='bbox 317 380 409 415; x_wconf 89' lang='lat' dir='ltr'>sicut</span> <span class='ocrx_word' id='word_1_40' title='bbox 431 381 527 414; x_wconf 82' lang='lat' dir='ltr'>enim</span> <span class='ocrx_word' id='word_1_41' title='bbox 550 381 697 426; x_wconf 83' lang='lat' dir='ltr'>majoris</span> <span class='ocrx_word' id='word_1_42' title='bbox 718 381 858 415; x_wconf 86' lang='lat' dir='ltr'>virtutis</span> <span class='ocrx_word' id='word_1_43' title='bbox 877 389 930 415; x_wconf 92' lang='lat' dir='ltr'>est</span> <span class='ocrx_word' id='word_1_44' title='bbox 950 392 1024 415; x_wconf 89' lang='lat' dir='ltr'>non</span> <span class='ocrx_word' id='word_1_45' title='bbox 1046 381 1141 414; x_wconf 79' lang='lat' dir='ltr'>vinci</span> <span class='ocrx_word' id='word_1_46' title='bbox 1172 392 1191 414; x_wconf 91' lang='lat' dir='ltr'>a</span> <span class='ocrx_word' id='word_1_47' title='bbox 1221 380 1377 423; x_wconf 86' lang='lat' dir='ltr'>fortiori;</span> <span class='ocrx_word' id='word_1_48' title='bbox 1408 381 1457 415; x_wconf 86' lang='lat' dir='ltr'>ita</span> <span class='ocrx_word' id='word_1_49' title='bbox 1479 381 1589 415; x_wconf 90' lang='lat' dir='ltr'>etiam</span> <span class='ocrx_word' id='word_1_50' title='bbox 1615 391 1634 414; x_wconf 92' lang='lat' dir='ltr'>e</span> 
     </span>
     <span class='ocr_line' id='line_1_6' title="bbox 75 433 1636 480; baseline 0 -12"><span class='ocrx_word' id='word_1_51' title='bbox 75 434 257 468; x_wconf 88' lang='lat' dir='ltr'>contrario</span> <span class='ocrx_word' id='word_1_52' title='bbox 280 434 429 467; x_wconf 85' lang='lat' dir='ltr'>minoris</span> <span class='ocrx_word' id='word_1_53' title='bbox 444 434 518 468; x_wconf 74' lang='lat' dir='ltr'>vitii</span> <span class='ocrx_word' id='word_1_54' title='bbox 534 442 586 468; x_wconf 88' lang='lat' dir='ltr'>est</span> <span class='ocrx_word' id='word_1_55' title='bbox 609 446 627 468; x_wconf 91' lang='lat' dir='ltr'>a</span> <span class='ocrx_word' id='word_1_56' title='bbox 648 434 788 468; x_wconf 89' lang='lat' dir='ltr'>fortiori</span> <span class='ocrx_word' id='word_1_57' title='bbox 810 434 917 476; x_wconf 81' lang='lat' dir='ltr'>vinci,</span> <span class='ocrx_word' id='word_1_58' title='bbox 940 442 974 468; x_wconf 88' lang='lat' dir='ltr'>et</span> <span class='ocrx_word' id='word_1_59' title='bbox 988 434 1136 479; x_wconf 89' lang='lat' dir='ltr'>majoris</span> <span class='ocrx_word' id='word_1_60' title='bbox 1150 434 1225 468; x_wconf 79' lang='lat' dir='ltr'>vitii</span> <span class='ocrx_word' id='word_1_61' title='bbox 1241 445 1260 468; x_wconf 91' lang='lat' dir='ltr'>a</span> <span class='ocrx_word' id='word_1_62' title='bbox 1279 434 1443 468; x_wconf 80' lang='lat' dir='ltr'>debiliori</span> <span class='ocrx_word' id='word_1_63' title='bbox 1465 433 1636 480; x_wconf 88' lang='lat' dir='ltr'>superari.</span> 
     </span>
    </p>

    <p class='ocr_par' dir='ltr' id='par_1_3' title="bbox 73 487 1637 840">
     <span class='ocr_line' id='line_1_7' title="bbox 144 487 1634 534; baseline -0.001 -12"><span class='ocrx_word' id='word_1_64' title='bbox 144 487 204 522; x_wconf 88' lang='lat' dir='ltr'>AD</span> <span class='ocrx_word' id='word_1_65' title='bbox 226 497 433 522; x_wconf 76' lang='lat' dir='ltr'><strong>SECUNDUM</strong></span> <span class='ocrx_word' id='word_1_66' title='bbox 455 487 661 529; x_wconf 85' lang='lat' dir='ltr'>dicendum,</span> <span class='ocrx_word' id='word_1_67' title='bbox 685 488 780 534; x_wconf 89' lang='lat' dir='ltr'>quod</span> <span class='ocrx_word' id='word_1_68' title='bbox 803 498 907 522; x_wconf 90' lang='lat' dir='ltr'>amor</span> <span class='ocrx_word' id='word_1_69' title='bbox 929 487 1213 522; x_wconf 83' lang='lat' dir='ltr'>conservationis</span> <span class='ocrx_word' id='word_1_70' title='bbox 1228 488 1334 529; x_wconf 86' lang='lat' dir='ltr'>vitae,</span> <span class='ocrx_word' id='word_1_71' title='bbox 1356 495 1503 534; x_wconf 88' lang='lat' dir='ltr'>propter</span> <span class='ocrx_word' id='word_1_72' title='bbox 1525 498 1634 533; x_wconf 86' lang='lat' dir='ltr'>quam</span> 
     </span>
     <span class='ocr_line' id='line_1_8' title="bbox 74 539 1636 587; baseline 0 -13"><span class='ocrx_word' id='word_1_73' title='bbox 74 539 231 574; x_wconf 86' lang='lat' dir='ltr'>vitantur</span> <span class='ocrx_word' id='word_1_74' title='bbox 252 540 411 586; x_wconf 85' lang='lat' dir='ltr'>pericula</span> <span class='ocrx_word' id='word_1_75' title='bbox 442 541 580 583; x_wconf 86' lang='lat' dir='ltr'>mortis,</span> <span class='ocrx_word' id='word_1_76' title='bbox 612 549 664 575; x_wconf 91' lang='lat' dir='ltr'>est</span> <span class='ocrx_word' id='word_1_77' title='bbox 691 541 806 575; x_wconf 89' lang='lat' dir='ltr'>multo</span> <span class='ocrx_word' id='word_1_78' title='bbox 829 541 945 586; x_wconf 81' lang='lat' dir='ltr'>magis</span> <span class='ocrx_word' id='word_1_79' title='bbox 969 540 1226 582; x_wconf 87' lang='lat' dir='ltr'>connaturalis,</span> <span class='ocrx_word' id='word_1_80' title='bbox 1249 552 1358 587; x_wconf 90' lang='lat' dir='ltr'>quam</span> <span class='ocrx_word' id='word_1_81' title='bbox 1385 551 1636 587; x_wconf 88' lang='lat' dir='ltr'>quaecumque</span> 
     </span>
     <span class='ocr_line' id='line_1_9' title="bbox 75 593 1637 640; baseline 0 -13"><span class='ocrx_word' id='word_1_82' title='bbox 75 593 333 628; x_wconf 79' lang='lat' dir='ltr'>delectationes</span> <span class='ocrx_word' id='word_1_83' title='bbox 357 594 533 636; x_wconf 87' lang='lat' dir='ltr'>ciborum,</span> <span class='ocrx_word' id='word_1_84' title='bbox 555 594 612 628; x_wconf 80' lang='lat' dir='ltr'>vel</span> <span class='ocrx_word' id='word_1_85' title='bbox 633 605 886 636; x_wconf 77' lang='lat' dir='ltr'>venereorum,</span> <span class='ocrx_word' id='word_1_86' title='bbox 908 605 1000 640; x_wconf 88' lang='lat' dir='ltr'>quae</span> <span class='ocrx_word' id='word_1_87' title='bbox 1023 594 1066 628; x_wconf 88' lang='lat' dir='ltr'>ad</span> <span class='ocrx_word' id='word_1_88' title='bbox 1090 594 1403 628; x_wconf 85' lang='lat' dir='ltr'>conservationem</span> <span class='ocrx_word' id='word_1_89' title='bbox 1424 594 1519 628; x_wconf 85' lang='lat' dir='ltr'>vitae</span> <span class='ocrx_word' id='word_1_90' title='bbox 1545 593 1637 628; x_wconf 90' lang='lat' dir='ltr'>ordi-</span> 
     </span>
     <span class='ocr_line' id='line_1_10' title="bbox 75 647 1636 693; baseline 0 -13"><span class='ocrx_word' id='word_1_91' title='bbox 75 655 223 689; x_wconf 90' lang='lat' dir='ltr'>nantur;</span> <span class='ocrx_word' id='word_1_92' title='bbox 247 654 280 680; x_wconf 90' lang='lat' dir='ltr'>et</span> <span class='ocrx_word' id='word_1_93' title='bbox 302 647 383 682; x_wconf 85' lang='lat' dir='ltr'>ideo</span> <span class='ocrx_word' id='word_1_94' title='bbox 398 647 577 681; x_wconf 86' lang='lat' dir='ltr'>difficilius</span> <span class='ocrx_word' id='word_1_95' title='bbox 593 656 646 682; x_wconf 90' lang='lat' dir='ltr'>est</span> <span class='ocrx_word' id='word_1_96' title='bbox 658 648 804 681; x_wconf 81' lang='lat' dir='ltr'>vincere</span> <span class='ocrx_word' id='word_1_97' title='bbox 819 648 989 682; x_wconf 88' lang='lat' dir='ltr'>timorem</span> <span class='ocrx_word' id='word_1_98' title='bbox 1005 647 1249 693; x_wconf 86' lang='lat' dir='ltr'>periculorum</span> <span class='ocrx_word' id='word_1_99' title='bbox 1264 647 1402 689; x_wconf 86' lang='lat' dir='ltr'>mortis,</span> <span class='ocrx_word' id='word_1_100' title='bbox 1421 658 1530 693; x_wconf 89' lang='lat' dir='ltr'>quam</span> <span class='ocrx_word' id='word_1_101' title='bbox 1553 658 1636 681; x_wconf 92' lang='lat' dir='ltr'>con-</span> 
     </span>
     <span class='ocr_line' id='line_1_11' title="bbox 75 699 1635 747; baseline 0 -14"><span class='ocrx_word' id='word_1_102' title='bbox 75 700 334 746; x_wconf 88' lang='lat' dir='ltr'>cupiscentiam</span> <span class='ocrx_word' id='word_1_103' title='bbox 365 700 661 742; x_wconf 83' lang='lat' dir='ltr'>delectationum,</span> <span class='ocrx_word' id='word_1_104' title='bbox 689 712 780 747; x_wconf 81' lang='lat' dir='ltr'>quae</span> <span class='ocrx_word' id='word_1_105' title='bbox 804 709 857 735; x_wconf 90' lang='lat' dir='ltr'>est</span> <span class='ocrx_word' id='word_1_106' title='bbox 882 701 918 734; x_wconf 88' lang='lat' dir='ltr'>in</span> <span class='ocrx_word' id='word_1_107' title='bbox 946 701 1045 742; x_wconf 89' lang='lat' dir='ltr'>cibis,</span> <span class='ocrx_word' id='word_1_108' title='bbox 1068 708 1102 735; x_wconf 90' lang='lat' dir='ltr'>et</span> <span class='ocrx_word' id='word_1_109' title='bbox 1122 701 1303 735; x_wconf 81' lang='lat' dir='ltr'>venereis:</span> <span class='ocrx_word' id='word_1_110' title='bbox 1327 701 1384 734; x_wconf 92' lang='lat' dir='ltr'>cui</span> <span class='ocrx_word' id='word_1_111' title='bbox 1404 708 1528 735; x_wconf 88' lang='lat' dir='ltr'>tamen</span> <span class='ocrx_word' id='word_1_112' title='bbox 1549 699 1635 734; x_wconf 84' lang='lat' dir='ltr'>diffi-</span> 
     </span>
     <span class='ocr_line' id='line_1_12' title="bbox 74 753 1634 800; baseline 0.001 -13"><span class='ocrx_word' id='word_1_113' title='bbox 74 753 177 788; x_wconf 88' lang='lat' dir='ltr'>cilius</span> <span class='ocrx_word' id='word_1_114' title='bbox 199 761 252 788; x_wconf 90' lang='lat' dir='ltr'>est</span> <span class='ocrx_word' id='word_1_115' title='bbox 269 754 445 796; x_wconf 89' lang='lat' dir='ltr'>resistere,</span> <span class='ocrx_word' id='word_1_116' title='bbox 467 765 577 800; x_wconf 88' lang='lat' dir='ltr'>quam</span> <span class='ocrx_word' id='word_1_117' title='bbox 598 754 684 796; x_wconf 89' lang='lat' dir='ltr'>irae,</span> <span class='ocrx_word' id='word_1_118' title='bbox 709 755 884 796; x_wconf 83' lang='lat' dir='ltr'>tristitiae,</span> <span class='ocrx_word' id='word_1_119' title='bbox 908 761 941 788; x_wconf 86' lang='lat' dir='ltr'>et</span> <span class='ocrx_word' id='word_1_120' title='bbox 961 755 1085 788; x_wconf 89' lang='lat' dir='ltr'>timori</span> <span class='ocrx_word' id='word_1_121' title='bbox 1111 754 1354 800; x_wconf 87' lang='lat' dir='ltr'>quorumdam</span> <span class='ocrx_word' id='word_1_122' title='bbox 1376 754 1531 789; x_wconf 89' lang='lat' dir='ltr'>aliorum</span> <span class='ocrx_word' id='word_1_123' title='bbox 1558 765 1634 788; x_wconf 88' lang='lat' dir='ltr'>rna-</span> 
     </span>
     <span class='ocr_line' id='line_1_13' title="bbox 73 805 204 840; baseline 0 0"><span class='ocrx_word' id='word_1_124' title='bbox 73 805 204 840; x_wconf 89' lang='lat' dir='ltr'>lorum.</span> 
     </span>
    </p>

    <p class='ocr_par' dir='ltr' id='par_1_4' title="bbox 72 860 1635 1014">
     <span class='ocr_line' id='line_1_14' title="bbox 145 860 1634 907; baseline 0.001 -13"><span class='ocrx_word' id='word_1_125' title='bbox 145 860 204 894; x_wconf 88' lang='lat' dir='ltr'>AD</span> <span class='ocrx_word' id='word_1_126' title='bbox 232 870 403 895; x_wconf 75' lang='lat' dir='ltr'>TERTIUM</span> <span class='ocrx_word' id='word_1_127' title='bbox 430 860 636 903; x_wconf 86' lang='lat' dir='ltr'>dicendum,</span> <span class='ocrx_word' id='word_1_128' title='bbox 663 861 759 907; x_wconf 88' lang='lat' dir='ltr'>quod</span> <span class='ocrx_word' id='word_1_129' title='bbox 781 861 817 894; x_wconf 92' lang='lat' dir='ltr'>in</span> <span class='ocrx_word' id='word_1_130' title='bbox 838 861 1030 894; x_wconf 83' lang='lat' dir='ltr'>timiditate</span> <span class='ocrx_word' id='word_1_131' title='bbox 1052 861 1300 895; x_wconf 83' lang='lat' dir='ltr'>consideratur</span> <span class='ocrx_word' id='word_1_132' title='bbox 1327 861 1442 907; x_wconf 88' lang='lat' dir='ltr'>magis</span> <span class='ocrx_word' id='word_1_133' title='bbox 1468 860 1634 895; x_wconf 91' lang='lat' dir='ltr'>volunta-</span> 
     </span>
     <span class='ocr_line' id='line_1_15' title="bbox 74 913 1635 960; baseline 0.001 -13"><span class='ocrx_word' id='word_1_134' title='bbox 74 913 166 947; x_wconf 89' lang='lat' dir='ltr'>rium</span> <span class='ocrx_word' id='word_1_135' title='bbox 189 914 225 947; x_wconf 92' lang='lat' dir='ltr'>in</span> <span class='ocrx_word' id='word_1_136' title='bbox 244 913 451 956; x_wconf 72' lang='lat' dir='ltr'>universali,</span> <span class='ocrx_word' id='word_1_137' title='bbox 473 915 591 949; x_wconf 86' lang='lat' dir='ltr'>minus</span> <span class='ocrx_word' id='word_1_138' title='bbox 612 923 734 948; x_wconf 86' lang='lat' dir='ltr'>tarnen</span> <span class='ocrx_word' id='word_1_139' title='bbox 756 915 792 948; x_wconf 91' lang='lat' dir='ltr'>in</span> <span class='ocrx_word' id='word_1_140' title='bbox 811 913 1028 960; x_wconf 82' lang='lat' dir='ltr'>particulari,</span> <span class='ocrx_word' id='word_1_141' title='bbox 1051 922 1086 948; x_wconf 89' lang='lat' dir='ltr'>et</span> <span class='ocrx_word' id='word_1_142' title='bbox 1103 914 1184 948; x_wconf 87' lang='lat' dir='ltr'>ideo</span> <span class='ocrx_word' id='word_1_143' title='bbox 1198 914 1235 948; x_wconf 92' lang='lat' dir='ltr'>in</span> <span class='ocrx_word' id='word_1_144' title='bbox 1250 925 1292 948; x_wconf 87' lang='lat' dir='ltr'>ea</span> <span class='ocrx_word' id='word_1_145' title='bbox 1306 922 1359 949; x_wconf 91' lang='lat' dir='ltr'>est</span> <span class='ocrx_word' id='word_1_146' title='bbox 1373 914 1489 960; x_wconf 87' lang='lat' dir='ltr'>magis</span> <span class='ocrx_word' id='word_1_147' title='bbox 1509 914 1635 949; x_wconf 90' lang='lat' dir='ltr'>volun·</span> 
     </span>
     <span class='ocr_line' id='line_1_16' title="bbox 72 967 934 1014; baseline 0 -14"><span class='ocrx_word' id='word_1_148' title='bbox 72 967 204 1001; x_wconf 87' lang='lat' dir='ltr'>tarium</span> <span class='ocrx_word' id='word_1_149' title='bbox 226 967 426 1002; x_wconf 91' lang='lat' dir='ltr'>secundum</span> <span class='ocrx_word' id='word_1_150' title='bbox 448 968 544 1014; x_wconf 91' lang='lat' dir='ltr'>quid,</span> <span class='ocrx_word' id='word_1_151' title='bbox 567 976 601 1002; x_wconf 85' lang='lat' dir='ltr'>et</span> <span class='ocrx_word' id='word_1_152' title='bbox 621 979 694 1002; x_wconf 90' lang='lat' dir='ltr'>non</span> <span class='ocrx_word' id='word_1_153' title='bbox 713 967 934 1013; x_wconf 88' lang='lat' dir='ltr'>simpliciter.</span> 
     </span>
    </p>
   </div>
   <div class='ocr_carea' id='block_1_3' title="bbox 115 1085 1634 1305">
    <p class='ocr_par' dir='ltr' id='par_1_5' title="bbox 115 1085 1634 1305">
     <span class='ocr_line' id='line_1_17' title="bbox 631 1085 1634 1143; baseline 0.002 -15"><span class='ocrx_word' id='word_1_154' title='bbox 631 1085 976 1130; x_wconf 80' lang='lat' dir='ltr'><strong>ARTICULUS</strong></span> <span class='ocrx_word' id='word_1_155' title='bbox 1011 1086 1087 1129; x_wconf 74' lang='lat' dir='ltr'>tv.</span> <span class='ocrx_word' id='word_1_156' title='bbox 1565 1095 1634 1143; x_wconf 72' lang='lat'>694</span> 
     </span>
     <span class='ocr_line' id='line_1_18' title="bbox 115 1180 1597 1212; baseline -0.001 -1"><span class='ocrx_word' id='word_1_157' title='bbox 115 1182 269 1212; x_wconf 91' lang='lat' dir='ltr'>UTRUM</span> <span class='ocrx_word' id='word_1_158' title='bbox 295 1182 532 1212; x_wconf 86' lang='lat' dir='ltr'><strong>PECCATUM</strong></span> <span class='ocrx_word' id='word_1_159' title='bbox 559 1182 942 1212; x_wconf 81' lang='lat' dir='ltr'>INTEMPERANTIAE</span> <span class='ocrx_word' id='word_1_160' title='bbox 969 1183 1036 1212; x_wconf 89' lang='lat' dir='ltr'>SIT</span> <span class='ocrx_word' id='word_1_161' title='bbox 1065 1182 1233 1211; x_wconf 90' lang='lat' dir='ltr'>MAXIME</span> <span class='ocrx_word' id='word_1_162' title='bbox 1259 1180 1597 1211; x_wconf 86' lang='lat' dir='ltr'><strong>EXPROBRABILE.</strong></span> 
     </span>
     <span class='ocr_line' id='line_1_19' title="bbox 214 1257 1490 1305; baseline 0 -14"><span class='ocrx_word' id='word_1_163' title='bbox 214 1257 318 1303; x_wconf 85' lang='lat' dir='ltr'>(Infr.</span> <span class='ocrx_word' id='word_1_164' title='bbox 341 1269 370 1304; x_wconf 82' lang='lat' dir='ltr'>q.</span> <span class='ocrx_word' id='word_1_165' title='bbox 392 1269 460 1304; x_wconf 83' lang='lat'><em>143.</em></span> <span class='ocrx_word' id='word_1_166' title='bbox 488 1263 518 1293; x_wconf 80' lang='lat' dir='ltr'>et</span> <span class='ocrx_word' id='word_1_167' title='bbox 538 1270 568 1304; x_wconf 84' lang='lat' dir='ltr'>q.</span> <span class='ocrx_word' id='word_1_168' title='bbox 590 1269 664 1303; x_wconf 81' lang='lat'><em>144.</em></span> <span class='ocrx_word' id='word_1_169' title='bbox 688 1264 752 1293; x_wconf 80' lang='lat' dir='ltr'>art.</span> <span class='ocrx_word' id='word_1_170' title='bbox 774 1271 802 1293; x_wconf 94' lang='grc'>1.</span> <span class='ocrx_word' id='word_1_171' title='bbox 825 1258 867 1293; x_wconf 85' lang='lat' dir='ltr'>ad</span> <span class='ocrx_word' id='word_1_172' title='bbox 892 1270 924 1293; x_wconf 89' lang='lat'>2.</span> <span class='ocrx_word' id='word_1_173' title='bbox 947 1264 977 1294; x_wconf 77' lang='lat' dir='ltr'>et</span> <span class='ocrx_word' id='word_1_174' title='bbox 995 1271 1024 1304; x_wconf 83' lang='lat' dir='ltr'>q.</span> <span class='ocrx_word' id='word_1_175' title='bbox 1047 1271 1109 1305; x_wconf 80' lang='lat'><em>151.</em></span> <span class='ocrx_word' id='word_1_176' title='bbox 1131 1263 1194 1293; x_wconf 81' lang='lat' dir='ltr'>art.</span> <span class='ocrx_word' id='word_1_177' title='bbox 1221 1269 1254 1303; x_wconf 79' lang='lat'>4.</span> <span class='ocrx_word' id='word_1_178' title='bbox 1277 1257 1319 1292; x_wconf 75' lang='lat' dir='ltr'>ad</span> <span class='ocrx_word' id='word_1_179' title='bbox 1336 1270 1367 1293; x_wconf 90' lang='lat'>2.</span> <span class='ocrx_word' id='word_1_180' title='bbox 1390 1262 1418 1292; x_wconf 86' lang='lat' dir='ltr'>et</span> <span class='ocrx_word' id='word_1_181' title='bbox 1434 1258 1490 1304; x_wconf 78' lang='lat'>3).</span> 
     </span>
    </p>
   </div>
   <div class='ocr_carea' id='block_1_4' title="bbox 69 1340 1632 2868">
    <p class='ocr_par' dir='ltr' id='par_1_6' title="bbox 71 1340 1632 1600">
     <span class='ocr_line' id='line_1_20' title="bbox 143 1340 1632 1387; baseline -0.001 -13"><span class='ocrx_word' id='word_1_182' title='bbox 143 1340 202 1375; x_wconf 84' lang='grc' dir='ltr'>ΑΙ)</span> <span class='ocrx_word' id='word_1_183' title='bbox 225 1351 413 1380; x_wconf 66' lang='lat' dir='ltr'><strong>QUARTL&#39;M</strong></span> <span class='ocrx_word' id='word_1_184' title='bbox 432 1341 482 1375; x_wconf 89' lang='lat' dir='ltr'>sic</span> <span class='ocrx_word' id='word_1_185' title='bbox 504 1341 721 1387; x_wconf 86' lang='lat' dir='ltr'>proceditur.</span> <span class='ocrx_word' id='word_1_186' title='bbox 736 1341 898 1384; x_wconf 88' lang='lat' dir='ltr'>Videtur,</span> <span class='ocrx_word' id='word_1_187' title='bbox 913 1341 1009 1387; x_wconf 91' lang='lat' dir='ltr'>quod</span> <span class='ocrx_word' id='word_1_188' title='bbox 1031 1349 1223 1387; x_wconf 89' lang='lat' dir='ltr'>peccatum</span> <span class='ocrx_word' id='word_1_189' title='bbox 1244 1341 1543 1386; x_wconf 82' lang='lat' dir='ltr'>intemperantiae</span> <span class='ocrx_word' id='word_1_190' title='bbox 1558 1351 1632 1374; x_wconf 86' lang='lat' dir='ltr'>non</span> 
     </span>
     <span class='ocr_line' id='line_1_21' title="bbox 72 1393 1631 1440; baseline -0.001 -13"><span class='ocrx_word' id='word_1_191' title='bbox 72 1395 116 1428; x_wconf 89' lang='lat' dir='ltr'>sit</span> <span class='ocrx_word' id='word_1_192' title='bbox 137 1394 295 1428; x_wconf 84' lang='lat' dir='ltr'>maxime</span> <span class='ocrx_word' id='word_1_193' title='bbox 311 1394 575 1440; x_wconf 79' lang='lat' dir='ltr'>exprobrabile:</span> <span class='ocrx_word' id='word_1_194' title='bbox 598 1395 690 1428; x_wconf 90' lang='lat' dir='ltr'>sicut</span> <span class='ocrx_word' id='word_1_195' title='bbox 704 1395 801 1428; x_wconf 88' lang='lat' dir='ltr'>enim</span> <span class='ocrx_word' id='word_1_196' title='bbox 822 1395 942 1429; x_wconf 88' lang='lat' dir='ltr'>honor</span> <span class='ocrx_word' id='word_1_197' title='bbox 964 1395 1110 1428; x_wconf 88' lang='lat' dir='ltr'>debetur</span> <span class='ocrx_word' id='word_1_198' title='bbox 1127 1394 1259 1435; x_wconf 83' lang='lat' dir='ltr'>virtuti,</span> <span class='ocrx_word' id='word_1_199' title='bbox 1278 1394 1327 1427; x_wconf 89' lang='lat' dir='ltr'>ita</span> <span class='ocrx_word' id='word_1_200' title='bbox 1349 1402 1384 1428; x_wconf 90' lang='lat' dir='ltr'>et</span> <span class='ocrx_word' id='word_1_201' title='bbox 1405 1393 1631 1439; x_wconf 81' lang='lat' dir='ltr'>exprobratio</span> 
     </span>
     <span class='ocr_line' id='line_1_22' title="bbox 73 1446 1631 1494; baseline 0 -14"><span class='ocrx_word' id='word_1_202' title='bbox 73 1447 220 1481; x_wconf 81' lang='lat' dir='ltr'>debetur</span> <span class='ocrx_word' id='word_1_203' title='bbox 241 1455 412 1493; x_wconf 87' lang='lat' dir='ltr'>peccato;</span> <span class='ocrx_word' id='word_1_204' title='bbox 435 1448 495 1482; x_wconf 91' lang='lat' dir='ltr'>sed</span> <span class='ocrx_word' id='word_1_205' title='bbox 519 1448 697 1493; x_wconf 85' lang='lat' dir='ltr'>quaedam</span> <span class='ocrx_word' id='word_1_206' title='bbox 719 1456 867 1494; x_wconf 86' lang='lat' dir='ltr'>peccata</span> <span class='ocrx_word' id='word_1_207' title='bbox 889 1456 971 1482; x_wconf 90' lang='lat' dir='ltr'>sunt</span> <span class='ocrx_word' id='word_1_208' title='bbox 997 1448 1174 1493; x_wconf 82' lang='lat' dir='ltr'>graviora,</span> <span class='ocrx_word' id='word_1_209' title='bbox 1201 1459 1311 1493; x_wconf 86' lang='lat' dir='ltr'>quam</span> <span class='ocrx_word' id='word_1_210' title='bbox 1337 1446 1631 1492; x_wconf 82' lang='lat' dir='ltr'>intemperantia3</span> 
     </span>
     <span class='ocr_line' id='line_1_23' title="bbox 71 1499 1632 1547; baseline 0 -14"><span class='ocrx_word' id='word_1_211' title='bbox 71 1499 164 1534; x_wconf 88' lang='lat' dir='ltr'>sicut</span> <span class='ocrx_word' id='word_1_212' title='bbox 184 1500 437 1542; x_wconf 87' lang='lat' dir='ltr'>homicidium,</span> <span class='ocrx_word' id='word_1_213' title='bbox 459 1500 695 1546; x_wconf 87' lang='lat' dir='ltr'>blasphemia,</span> <span class='ocrx_word' id='word_1_214' title='bbox 723 1509 757 1535; x_wconf 90' lang='lat' dir='ltr'>et</span> <span class='ocrx_word' id='word_1_215' title='bbox 783 1501 852 1535; x_wconf 85' lang='lat' dir='ltr'>alia</span> <span class='ocrx_word' id='word_1_216' title='bbox 878 1501 1107 1547; x_wconf 88' lang='lat' dir='ltr'>hujusmodi;</span> <span class='ocrx_word' id='word_1_217' title='bbox 1134 1512 1221 1546; x_wconf 83' lang='lat' dir='ltr'>ergo</span> <span class='ocrx_word' id='word_1_218' title='bbox 1243 1507 1435 1546; x_wconf 87' lang='lat' dir='ltr'>peccatum</span> <span class='ocrx_word' id='word_1_219' title='bbox 1459 1500 1632 1545; x_wconf 87' lang='lat' dir='ltr'>intempe-</span> 
     </span>
     <span class='ocr_line' id='line_1_24' title="bbox 73 1553 840 1600; baseline 0.003 -14"><span class='ocrx_word' id='word_1_220' title='bbox 73 1553 209 1587; x_wconf 87' lang='lat' dir='ltr'>rantiae</span> <span class='ocrx_word' id='word_1_221' title='bbox 230 1565 305 1587; x_wconf 91' lang='lat' dir='ltr'>non</span> <span class='ocrx_word' id='word_1_222' title='bbox 327 1562 381 1588; x_wconf 88' lang='lat' dir='ltr'>est</span> <span class='ocrx_word' id='word_1_223' title='bbox 401 1554 558 1588; x_wconf 63' lang='lat' dir='ltr'>marume</span> <span class='ocrx_word' id='word_1_224' title='bbox 581 1555 840 1600; x_wconf 80' lang='lat' dir='ltr'>exprobrabile.</span> 
     </span>
    </p>

    <p class='ocr_par' dir='ltr' id='par_1_7' title="bbox 70 1607 1632 1868">
     <span class='ocr_line' id='line_1_25' title="bbox 143 1607 1631 1654; baseline 0.001 -14"><span class='ocrx_word' id='word_1_225' title='bbox 143 1617 174 1640; x_wconf 90' lang='lat'>2.</span> <span class='ocrx_word' id='word_1_226' title='bbox 197 1607 432 1642; x_wconf 73' lang='lat' dir='ltr'>PRAETEREA.</span> <span class='ocrx_word' id='word_1_227' title='bbox 455 1608 611 1642; x_wconf 89' lang='lat' dir='ltr'>Peccata</span> <span class='ocrx_word' id='word_1_228' title='bbox 629 1619 720 1654; x_wconf 89' lang='lat' dir='ltr'>quae</span> <span class='ocrx_word' id='word_1_229' title='bbox 743 1616 825 1642; x_wconf 86' lang='lat' dir='ltr'>sunt</span> <span class='ocrx_word' id='word_1_230' title='bbox 843 1608 959 1654; x_wconf 86' lang='lat' dir='ltr'>magis</span> <span class='ocrx_word' id='word_1_231' title='bbox 981 1608 1204 1650; x_wconf 87' lang='lat' dir='ltr'>communia,</span> <span class='ocrx_word' id='word_1_232' title='bbox 1222 1607 1388 1642; x_wconf 87' lang='lat' dir='ltr'>videntur</span> <span class='ocrx_word' id='word_1_233' title='bbox 1408 1607 1527 1641; x_wconf 91' lang='lat' dir='ltr'>minus</span> <span class='ocrx_word' id='word_1_234' title='bbox 1554 1617 1631 1641; x_wconf 89' lang='lat' dir='ltr'>esse</span> 
     </span>
     <span class='ocr_line' id='line_1_26' title="bbox 72 1660 1630 1707; baseline -0.001 -13"><span class='ocrx_word' id='word_1_235' title='bbox 72 1660 350 1706; x_wconf 81' lang='lat' dir='ltr'>exprobrabilia3</span> <span class='ocrx_word' id='word_1_236' title='bbox 379 1672 423 1695; x_wconf 92' lang='lat' dir='ltr'>eo</span> <span class='ocrx_word' id='word_1_237' title='bbox 451 1661 548 1707; x_wconf 88' lang='lat' dir='ltr'>quod</span> <span class='ocrx_word' id='word_1_238' title='bbox 571 1661 613 1694; x_wconf 85' lang='lat' dir='ltr'>de</span> <span class='ocrx_word' id='word_1_239' title='bbox 640 1661 695 1695; x_wconf 89' lang='lat' dir='ltr'>his</span> <span class='ocrx_word' id='word_1_240' title='bbox 721 1661 890 1696; x_wconf 87' lang='lat' dir='ltr'>homines</span> <span class='ocrx_word' id='word_1_241' title='bbox 917 1662 1036 1696; x_wconf 90' lang='lat' dir='ltr'>minus</span> <span class='ocrx_word' id='word_1_242' title='bbox 1062 1661 1370 1696; x_wconf 77' lang='lat' dir='ltr'>verecundantur:</span> <span class='ocrx_word' id='word_1_243' title='bbox 1392 1660 1455 1694; x_wconf 89' lang='lat' dir='ltr'>sed</span> <span class='ocrx_word' id='word_1_244' title='bbox 1481 1668 1630 1706; x_wconf 89' lang='lat' dir='ltr'>peccata</span> 
     </span>
     <span class='ocr_line' id='line_1_27' title="bbox 70 1713 1632 1761; baseline 0 -14"><span class='ocrx_word' id='word_1_245' title='bbox 70 1713 368 1759; x_wconf 82' lang='lat' dir='ltr'>intemperantiae</span> <span class='ocrx_word' id='word_1_246' title='bbox 391 1722 472 1748; x_wconf 90' lang='lat' dir='ltr'>sunt</span> <span class='ocrx_word' id='word_1_247' title='bbox 493 1716 650 1748; x_wconf 79' lang='lat' dir='ltr'>maxime</span> <span class='ocrx_word' id='word_1_248' title='bbox 667 1715 896 1757; x_wconf 80' lang='lat' dir='ltr'>communia3</span> <span class='ocrx_word' id='word_1_249' title='bbox 920 1715 1002 1761; x_wconf 88' lang='lat' dir='ltr'>quia</span> <span class='ocrx_word' id='word_1_250' title='bbox 1017 1724 1098 1750; x_wconf 88' lang='lat' dir='ltr'>sunt</span> <span class='ocrx_word' id='word_1_251' title='bbox 1113 1715 1209 1749; x_wconf 84' lang='lat' dir='ltr'>circa</span> <span class='ocrx_word' id='word_1_252' title='bbox 1224 1726 1265 1749; x_wconf 91' lang='lat' dir='ltr'>ea</span> <span class='ocrx_word' id='word_1_253' title='bbox 1281 1725 1372 1760; x_wconf 84' lang='lat' dir='ltr'>quae</span> <span class='ocrx_word' id='word_1_254' title='bbox 1388 1714 1632 1748; x_wconf 88' lang='lat' dir='ltr'>communiter</span> 
     </span>
     <span class='ocr_line' id='line_1_28' title="bbox 70 1766 1632 1814; baseline 0 -14"><span class='ocrx_word' id='word_1_255' title='bbox 70 1766 107 1800; x_wconf 87' lang='lat' dir='ltr'>in</span> <span class='ocrx_word' id='word_1_256' title='bbox 129 1778 235 1801; x_wconf 90' lang='lat' dir='ltr'>usum</span> <span class='ocrx_word' id='word_1_257' title='bbox 256 1767 438 1801; x_wconf 87' lang='lat' dir='ltr'>humanae</span> <span class='ocrx_word' id='word_1_258' title='bbox 459 1767 554 1801; x_wconf 85' lang='lat' dir='ltr'>vitae</span> <span class='ocrx_word' id='word_1_259' title='bbox 574 1768 735 1810; x_wconf 87' lang='lat' dir='ltr'>veniunt,</span> <span class='ocrx_word' id='word_1_260' title='bbox 756 1769 793 1802; x_wconf 91' lang='lat' dir='ltr'>in</span> <span class='ocrx_word' id='word_1_261' title='bbox 816 1768 943 1814; x_wconf 89' lang='lat' dir='ltr'>quibus</span> <span class='ocrx_word' id='word_1_262' title='bbox 962 1769 1070 1803; x_wconf 88' lang='lat' dir='ltr'>etiam</span> <span class='ocrx_word' id='word_1_263' title='bbox 1090 1768 1236 1814; x_wconf 88' lang='lat' dir='ltr'>plurimi</span> <span class='ocrx_word' id='word_1_264' title='bbox 1257 1775 1427 1814; x_wconf 78' lang='lat' dir='ltr'>peccant3</span> <span class='ocrx_word' id='word_1_265' title='bbox 1447 1778 1534 1812; x_wconf 85' lang='lat' dir='ltr'>ergo</span> <span class='ocrx_word' id='word_1_266' title='bbox 1552 1778 1632 1812; x_wconf 92' lang='lat' dir='ltr'>pec-</span> 
     </span>
     <span class='ocr_line' id='line_1_29' title="bbox 73 1820 1324 1868; baseline -0.001 -14"><span class='ocrx_word' id='word_1_267' title='bbox 73 1827 154 1854; x_wconf 88' lang='lat' dir='ltr'>cata</span> <span class='ocrx_word' id='word_1_268' title='bbox 173 1820 472 1866; x_wconf 87' lang='lat' dir='ltr'>intemperantiae</span> <span class='ocrx_word' id='word_1_269' title='bbox 493 1832 567 1855; x_wconf 91' lang='lat' dir='ltr'>non</span> <span class='ocrx_word' id='word_1_270' title='bbox 588 1821 756 1855; x_wconf 89' lang='lat' dir='ltr'>videntur</span> <span class='ocrx_word' id='word_1_271' title='bbox 777 1832 854 1856; x_wconf 87' lang='lat' dir='ltr'>esse</span> <span class='ocrx_word' id='word_1_272' title='bbox 876 1822 1033 1856; x_wconf 79' lang='lat' dir='ltr'>maxime</span> <span class='ocrx_word' id='word_1_273' title='bbox 1056 1821 1324 1868; x_wconf 85' lang='lat' dir='ltr'>exprobrabilia.</span> 
     </span>
    </p>

    <p class='ocr_par' dir='ltr' id='par_1_8' title="bbox 70 1873 1631 2173">
     <span class='ocr_line' id='line_1_30' title="bbox 145 1873 1630 1921; baseline -0.001 -14"><span class='ocrx_word' id='word_1_274' title='bbox 145 1885 173 1919; x_wconf 86' lang='lat'>3.</span> <span class='ocrx_word' id='word_1_275' title='bbox 193 1873 429 1908; x_wconf 78' lang='lat' dir='ltr'>PRAETEREA.</span> <span class='ocrx_word' id='word_1_276' title='bbox 452 1873 588 1908; x_wconf 87' lang='lat' dir='ltr'>Philos.</span> <span class='ocrx_word' id='word_1_277' title='bbox 612 1874 698 1908; x_wconf 91' lang='lat' dir='ltr'>dicit</span> <span class='ocrx_word' id='word_1_278' title='bbox 717 1875 754 1908; x_wconf 92' lang='lat' dir='ltr'>in</span> <span class='ocrx_word' id='word_1_279' title='bbox 769 1885 800 1919; x_wconf 91' lang='lat'>7.</span> <span class='ocrx_word' id='word_1_280' title='bbox 822 1874 938 1909; x_wconf 89' lang='lat' dir='ltr'>Ethic.</span> <span class='ocrx_word' id='word_1_281' title='bbox 964 1875 1050 1921; x_wconf 78' lang='lat' dir='ltr'>(cap.</span> <span class='ocrx_word' id='word_1_282' title='bbox 1072 1886 1105 1919; x_wconf 82' lang='lat'>4.</span> <span class='ocrx_word' id='word_1_283' title='bbox 1125 1880 1153 1909; x_wconf 70' lang='lat' dir='ltr'>et</span> <span class='ocrx_word' id='word_1_284' title='bbox 1173 1874 1252 1920; x_wconf 82' lang='lat' dir='ltr'>seq.)</span> <span class='ocrx_word' id='word_1_285' title='bbox 1269 1874 1365 1920; x_wconf 84' lang='lat' dir='ltr'>quod</span> <span class='ocrx_word' id='word_1_286' title='bbox 1380 1873 1630 1919; x_wconf 88' lang='lat' dir='ltr'>temperantia,</span> 
     </span>
     <span class='ocr_line' id='line_1_31' title="bbox 70 1926 1630 1974; baseline -0.001 -14"><span class='ocrx_word' id='word_1_287' title='bbox 70 1934 106 1960; x_wconf 89' lang='lat' dir='ltr'>et</span> <span class='ocrx_word' id='word_1_288' title='bbox 125 1926 402 1973; x_wconf 86' lang='lat' dir='ltr'>intemperantia</span> <span class='ocrx_word' id='word_1_289' title='bbox 424 1935 505 1961; x_wconf 90' lang='lat' dir='ltr'>sunt</span> <span class='ocrx_word' id='word_1_290' title='bbox 527 1928 622 1962; x_wconf 90' lang='lat' dir='ltr'>circa</span> <span class='ocrx_word' id='word_1_291' title='bbox 645 1928 969 1974; x_wconf 84' lang='lat' dir='ltr'>concupiscentias,</span> <span class='ocrx_word' id='word_1_292' title='bbox 992 1937 1026 1962; x_wconf 91' lang='lat' dir='ltr'>et</span> <span class='ocrx_word' id='word_1_293' title='bbox 1051 1928 1310 1962; x_wconf 84' lang='lat' dir='ltr'>delectationes</span> <span class='ocrx_word' id='word_1_294' title='bbox 1328 1927 1524 1961; x_wconf 88' lang='lat' dir='ltr'>humanas:</span> <span class='ocrx_word' id='word_1_295' title='bbox 1547 1934 1630 1960; x_wconf 85' lang='lat' dir='ltr'>sunt</span> 
     </span>
     <span class='ocr_line' id='line_1_32' title="bbox 72 1980 1630 2028; baseline 0.001 -15"><span class='ocrx_word' id='word_1_296' title='bbox 72 1987 192 2014; x_wconf 89' lang='lat' dir='ltr'>autem</span> <span class='ocrx_word' id='word_1_297' title='bbox 215 1980 393 2025; x_wconf 89' lang='lat' dir='ltr'>quaedam</span> <span class='ocrx_word' id='word_1_298' title='bbox 416 1981 745 2027; x_wconf 83' lang='lat' dir='ltr'>concupiscentiae,</span> <span class='ocrx_word' id='word_1_299' title='bbox 768 1990 801 2016; x_wconf 90' lang='lat' dir='ltr'>et</span> <span class='ocrx_word' id='word_1_300' title='bbox 823 1982 1082 2016; x_wconf 89' lang='lat' dir='ltr'>delectationes</span> <span class='ocrx_word' id='word_1_301' title='bbox 1107 1983 1285 2028; x_wconf 88' lang='lat' dir='ltr'>turpiores</span> <span class='ocrx_word' id='word_1_302' title='bbox 1313 1981 1630 2027; x_wconf 83' lang='lat' dir='ltr'>concupiscentiis,</span> 
     </span>
     <span class='ocr_line' id='line_1_33' title="bbox 71 2032 1629 2081; baseline 0.002 -15"><span class='ocrx_word' id='word_1_303' title='bbox 71 2040 107 2066; x_wconf 91' lang='lat' dir='ltr'>et</span> <span class='ocrx_word' id='word_1_304' title='bbox 127 2032 426 2068; x_wconf 86' lang='lat' dir='ltr'>delectationibus</span> <span class='ocrx_word' id='word_1_305' title='bbox 446 2034 629 2076; x_wconf 88' lang='lat' dir='ltr'>humanis,</span> <span class='ocrx_word' id='word_1_306' title='bbox 652 2046 743 2080; x_wconf 86' lang='lat' dir='ltr'>quae</span> <span class='ocrx_word' id='word_1_307' title='bbox 766 2035 931 2069; x_wconf 89' lang='lat' dir='ltr'>dicuntur</span> <span class='ocrx_word' id='word_1_308' title='bbox 953 2035 1130 2077; x_wconf 87' lang='lat' dir='ltr'>bestiales,</span> <span class='ocrx_word' id='word_1_309' title='bbox 1153 2044 1188 2070; x_wconf 90' lang='lat' dir='ltr'>et</span> <span class='ocrx_word' id='word_1_310' title='bbox 1214 2035 1504 2081; x_wconf 81' lang='lat' dir='ltr'>aegritudinales,</span> <span class='ocrx_word' id='word_1_311' title='bbox 1531 2043 1569 2069; x_wconf 88' lang='lat' dir='ltr'>ut</span> <span class='ocrx_word' id='word_1_312' title='bbox 1593 2035 1629 2068; x_wconf 88' lang='lat' dir='ltr'>in</span> 
     </span>
     <span class='ocr_line' id='line_1_34' title="bbox 72 2085 1631 2135; baseline 0.002 -16"><span class='ocrx_word' id='word_1_313' title='bbox 72 2085 201 2119; x_wconf 90' lang='lat' dir='ltr'>eodem</span> <span class='ocrx_word' id='word_1_314' title='bbox 223 2085 315 2120; x_wconf 89' lang='lat' dir='ltr'>libro</span> <span class='ocrx_word' id='word_1_315' title='bbox 337 2088 423 2133; x_wconf 77' lang='lat' dir='ltr'>(cap.</span> <span class='ocrx_word' id='word_1_316' title='bbox 442 2087 487 2132; x_wconf 82' lang='lat'>5.)</span> <span class='ocrx_word' id='word_1_317' title='bbox 501 2087 637 2122; x_wconf 65' lang='lat' dir='ltr'>Philos·</span> <span class='ocrx_word' id='word_1_318' title='bbox 661 2088 763 2124; x_wconf 87' lang='lat' dir='ltr'>dicit:</span> <span class='ocrx_word' id='word_1_319' title='bbox 786 2099 872 2134; x_wconf 82' lang='lat' dir='ltr'>ergo</span> <span class='ocrx_word' id='word_1_320' title='bbox 888 2088 1164 2135; x_wconf 88' lang='lat' dir='ltr'>intemperantia</span> <span class='ocrx_word' id='word_1_321' title='bbox 1177 2100 1251 2123; x_wconf 90' lang='lat' dir='ltr'>non</span> <span class='ocrx_word' id='word_1_322' title='bbox 1266 2096 1319 2123; x_wconf 88' lang='lat' dir='ltr'>est</span> <span class='ocrx_word' id='word_1_323' title='bbox 1337 2089 1494 2122; x_wconf 81' lang='lat' dir='ltr'>maxime</span> <span class='ocrx_word' id='word_1_324' title='bbox 1509 2099 1631 2134; x_wconf 90' lang='lat' dir='ltr'>expro-</span> 
     </span>
     <span class='ocr_line' id='line_1_35' title="bbox 71 2138 227 2173; baseline 0 -1"><span class='ocrx_word' id='word_1_325' title='bbox 71 2138 227 2173; x_wconf 89' lang='lat' dir='ltr'>brabilis.</span> 
     </span>
    </p>

    <p class='ocr_par' dir='ltr' id='par_1_9' title="bbox 71 2191 1629 2294">
     <span class='ocr_line' id='line_1_36' title="bbox 144 2191 1629 2242; baseline 0.002 -17"><span class='ocrx_word' id='word_1_326' title='bbox 144 2191 218 2226; x_wconf 78' lang='lat' dir='ltr'>SED</span> <span class='ocrx_word' id='word_1_327' title='bbox 241 2202 396 2227; x_wconf 81' lang='lat' dir='ltr'>CONTRA</span> <span class='ocrx_word' id='word_1_328' title='bbox 419 2200 482 2234; x_wconf 90' lang='lat' dir='ltr'>est,</span> <span class='ocrx_word' id='word_1_329' title='bbox 504 2193 601 2239; x_wconf 91' lang='lat' dir='ltr'>quod</span> <span class='ocrx_word' id='word_1_330' title='bbox 622 2193 759 2228; x_wconf 89' lang='lat' dir='ltr'>Philos.</span> <span class='ocrx_word' id='word_1_331' title='bbox 782 2194 868 2228; x_wconf 88' lang='lat' dir='ltr'>dicit</span> <span class='ocrx_word' id='word_1_332' title='bbox 884 2194 920 2228; x_wconf 87' lang='lat' dir='ltr'>in</span> <span class='ocrx_word' id='word_1_333' title='bbox 939 2205 967 2240; x_wconf 80' lang='lat'>3.</span> <span class='ocrx_word' id='word_1_334' title='bbox 989 2194 1106 2230; x_wconf 88' lang='lat' dir='ltr'>Ethic.</span> <span class='ocrx_word' id='word_1_335' title='bbox 1126 2196 1216 2242; x_wconf 77' lang='lat' dir='ltr'>(cap.</span> <span class='ocrx_word' id='word_1_336' title='bbox 1235 2195 1315 2241; x_wconf 87' lang='lat'>12.),</span> <span class='ocrx_word' id='word_1_337' title='bbox 1339 2195 1436 2241; x_wconf 91' lang='lat' dir='ltr'>quod</span> <span class='ocrx_word' id='word_1_338' title='bbox 1456 2195 1629 2241; x_wconf 88' lang='lat' dir='ltr'>intempe-</span> 
     </span>
     <span class='ocr_line' id='line_1_37' title="bbox 71 2244 1203 2294; baseline 0.004 -16"><span class='ocrx_word' id='word_1_339' title='bbox 71 2245 234 2291; x_wconf 89' lang='lat' dir='ltr'>perantia</span> <span class='ocrx_word' id='word_1_340' title='bbox 255 2245 347 2279; x_wconf 87' lang='lat' dir='ltr'>inter</span> <span class='ocrx_word' id='word_1_341' title='bbox 369 2244 437 2279; x_wconf 86' lang='lat' dir='ltr'>alia</span> <span class='ocrx_word' id='word_1_342' title='bbox 457 2246 544 2280; x_wconf 89' lang='lat' dir='ltr'>vitia</span> <span class='ocrx_word' id='word_1_343' title='bbox 564 2247 704 2280; x_wconf 89' lang='lat' dir='ltr'>videtur</span> <span class='ocrx_word' id='word_1_344' title='bbox 723 2248 814 2293; x_wconf 88' lang='lat' dir='ltr'>juste</span> <span class='ocrx_word' id='word_1_345' title='bbox 836 2248 1092 2294; x_wconf 84' lang='lat' dir='ltr'>exprobrabilis</span> <span class='ocrx_word' id='word_1_346' title='bbox 1114 2260 1203 2284; x_wconf 90' lang='lat' dir='ltr'>esse.</span> 
     </span>
    </p>

    <p class='ocr_par' dir='ltr' id='par_1_10' title="bbox 69 2298 1630 2868">
     <span class='ocr_line' id='line_1_38' title="bbox 142 2298 1627 2348; baseline 0.002 -17"><span class='ocrx_word' id='word_1_347' title='bbox 142 2298 373 2333; x_wconf 77' lang='lat' dir='ltr'>RESPONDEO</span> <span class='ocrx_word' id='word_1_348' title='bbox 390 2299 593 2342; x_wconf 89' lang='lat' dir='ltr'>dicendum,</span> <span class='ocrx_word' id='word_1_349' title='bbox 607 2300 704 2346; x_wconf 90' lang='lat' dir='ltr'>quod</span> <span class='ocrx_word' id='word_1_350' title='bbox 719 2301 946 2347; x_wconf 83' lang='lat' dir='ltr'>exprobratio</span> <span class='ocrx_word' id='word_1_351' title='bbox 963 2302 1098 2348; x_wconf 89' lang='lat' dir='ltr'>opponi</span> <span class='ocrx_word' id='word_1_352' title='bbox 1111 2303 1252 2337; x_wconf 89' lang='lat' dir='ltr'>videtur</span> <span class='ocrx_word' id='word_1_353' title='bbox 1265 2302 1409 2343; x_wconf 89' lang='lat' dir='ltr'>honori,</span> <span class='ocrx_word' id='word_1_354' title='bbox 1424 2309 1458 2335; x_wconf 92' lang='lat' dir='ltr'>et</span> <span class='ocrx_word' id='word_1_355' title='bbox 1472 2300 1627 2347; x_wconf 86' lang='lat' dir='ltr'>gloriae:</span> 
     </span>
     <span class='ocr_line' id='line_1_39' title="bbox 71 2351 1628 2401; baseline 0.003 -17"><span class='ocrx_word' id='word_1_356' title='bbox 71 2351 192 2385; x_wconf 91' lang='lat' dir='ltr'>honor</span> <span class='ocrx_word' id='word_1_357' title='bbox 213 2359 335 2385; x_wconf 88' lang='lat' dir='ltr'>autern</span> <span class='ocrx_word' id='word_1_358' title='bbox 357 2351 591 2386; x_wconf 86' lang='lat' dir='ltr'>excellentiae</span> <span class='ocrx_word' id='word_1_359' title='bbox 613 2353 772 2395; x_wconf 87' lang='lat' dir='ltr'>debetur,</span> <span class='ocrx_word' id='word_1_360' title='bbox 795 2362 833 2388; x_wconf 89' lang='lat' dir='ltr'>ut</span> <span class='ocrx_word' id='word_1_361' title='bbox 854 2366 960 2400; x_wconf 87' lang='lat' dir='ltr'>supra</span> <span class='ocrx_word' id='word_1_362' title='bbox 982 2355 1145 2389; x_wconf 89' lang='lat' dir='ltr'>habitum</span> <span class='ocrx_word' id='word_1_363' title='bbox 1167 2364 1220 2390; x_wconf 86' lang='lat' dir='ltr'>est</span> <span class='ocrx_word' id='word_1_364' title='bbox 1237 2356 1373 2401; x_wconf 81' lang='lat' dir='ltr'><em>(q.102.</em></span> <span class='ocrx_word' id='word_1_365' title='bbox 1393 2359 1446 2389; x_wconf 81' lang='lat' dir='ltr'>art</span> <span class='ocrx_word' id='word_1_366' title='bbox 1466 2366 1497 2389; x_wconf 89' lang='lat'>2.</span> <span class='ocrx_word' id='word_1_367' title='bbox 1520 2359 1550 2389; x_wconf 81' lang='lat' dir='ltr'>et</span> <span class='ocrx_word' id='word_1_368' title='bbox 1566 2355 1628 2400; x_wconf 78' lang='lat'><strong><em>3.):</em></strong></span> 
     </span>
     <span class='ocr_line' id='line_1_40' title="bbox 72 2404 1630 2455; baseline 0.002 -17"><span class='ocrx_word' id='word_1_369' title='bbox 72 2404 188 2451; x_wconf 86' lang='lat' dir='ltr'>gloria</span> <span class='ocrx_word' id='word_1_370' title='bbox 209 2413 331 2439; x_wconf 87' lang='lat' dir='ltr'>autem</span> <span class='ocrx_word' id='word_1_371' title='bbox 353 2404 552 2439; x_wconf 86' lang='lat' dir='ltr'>claritatem</span> <span class='ocrx_word' id='word_1_372' title='bbox 573 2406 764 2452; x_wconf 82' lang='lat' dir='ltr'>importat3</span> <span class='ocrx_word' id='word_1_373' title='bbox 787 2415 839 2442; x_wconf 91' lang='lat' dir='ltr'>est</span> <span class='ocrx_word' id='word_1_374' title='bbox 854 2419 941 2454; x_wconf 85' lang='lat' dir='ltr'>ergo</span> <span class='ocrx_word' id='word_1_375' title='bbox 962 2409 1240 2455; x_wconf 89' lang='lat' dir='ltr'>intemperantia</span> <span class='ocrx_word' id='word_1_376' title='bbox 1262 2409 1419 2443; x_wconf 84' lang='lat' dir='ltr'>maxime</span> <span class='ocrx_word' id='word_1_377' title='bbox 1443 2407 1630 2453; x_wconf 89' lang='lat' dir='ltr'>exprobra-</span> 
     </span>
     <span class='ocr_line' id='line_1_41' title="bbox 71 2458 1628 2508; baseline 0.002 -17"><span class='ocrx_word' id='word_1_378' title='bbox 71 2458 151 2492; x_wconf 91' lang='lat' dir='ltr'>bilis</span> <span class='ocrx_word' id='word_1_379' title='bbox 173 2466 320 2504; x_wconf 88' lang='lat' dir='ltr'>propter</span> <span class='ocrx_word' id='word_1_380' title='bbox 340 2458 430 2500; x_wconf 93' lang='lat' dir='ltr'>duo;</span> <span class='ocrx_word' id='word_1_381' title='bbox 447 2460 561 2505; x_wconf 84' lang='lat' dir='ltr'>primo</span> <span class='ocrx_word' id='word_1_382' title='bbox 577 2460 733 2505; x_wconf 89' lang='lat' dir='ltr'>quidem,</span> <span class='ocrx_word' id='word_1_383' title='bbox 749 2461 831 2506; x_wconf 88' lang='lat' dir='ltr'>quia</span> <span class='ocrx_word' id='word_1_384' title='bbox 845 2462 1004 2496; x_wconf 87' lang='lat' dir='ltr'>maxime</span> <span class='ocrx_word' id='word_1_385' title='bbox 1018 2470 1195 2508; x_wconf 84' lang='lat' dir='ltr'>repugnat</span> <span class='ocrx_word' id='word_1_386' title='bbox 1209 2461 1440 2496; x_wconf 84' lang='lat' dir='ltr'>excellentiae</span> <span class='ocrx_word' id='word_1_387' title='bbox 1455 2461 1628 2503; x_wconf 89' lang='lat' dir='ltr'>hominis,</span> 
     </span>
     <span class='ocr_line' id='line_1_42' title="bbox 71 2511 1630 2560; baseline 0.001 -14"><span class='ocrx_word' id='word_1_388' title='bbox 71 2519 125 2546; x_wconf 90' lang='lat' dir='ltr'>est</span> <span class='ocrx_word' id='word_1_389' title='bbox 146 2511 243 2545; x_wconf 89' lang='lat' dir='ltr'>enim</span> <span class='ocrx_word' id='word_1_390' title='bbox 266 2511 361 2545; x_wconf 76' lang='lat' dir='ltr'>circa</span> <span class='ocrx_word' id='word_1_391' title='bbox 383 2511 640 2547; x_wconf 89' lang='lat' dir='ltr'>delectationes</span> <span class='ocrx_word' id='word_1_392' title='bbox 663 2524 876 2549; x_wconf 89' lang='lat' dir='ltr'>communes</span> <span class='ocrx_word' id='word_1_393' title='bbox 897 2515 1013 2558; x_wconf 89' lang='lat' dir='ltr'>nobis,</span> <span class='ocrx_word' id='word_1_394' title='bbox 1032 2524 1067 2550; x_wconf 91' lang='lat' dir='ltr'>et</span> <span class='ocrx_word' id='word_1_395' title='bbox 1083 2516 1207 2558; x_wconf 90' lang='lat' dir='ltr'>brutis,</span> <span class='ocrx_word' id='word_1_396' title='bbox 1222 2524 1259 2550; x_wconf 90' lang='lat' dir='ltr'>ut</span> <span class='ocrx_word' id='word_1_397' title='bbox 1273 2526 1380 2560; x_wconf 86' lang='lat' dir='ltr'>supra</span> <span class='ocrx_word' id='word_1_398' title='bbox 1397 2514 1562 2548; x_wconf 87' lang='lat' dir='ltr'>habitum</span> <span class='ocrx_word' id='word_1_399' title='bbox 1577 2522 1630 2548; x_wconf 90' lang='lat' dir='ltr'>est</span> 
     </span>
     <span class='ocr_line' id='line_1_43' title="bbox 73 2563 1629 2610; baseline 0.003 -12"><span class='ocrx_word' id='word_1_400' title='bbox 73 2563 119 2610; x_wconf 83' lang='lat' dir='ltr'>(q.</span> <span class='ocrx_word' id='word_1_401' title='bbox 141 2575 210 2608; x_wconf 82' lang='lat'><em>141.</em></span> <span class='ocrx_word' id='word_1_402' title='bbox 234 2570 298 2599; x_wconf 83' lang='lat' dir='ltr'>art.</span> <span class='ocrx_word' id='word_1_403' title='bbox 320 2576 351 2599; x_wconf 85' lang='lat'>2.</span> <span class='ocrx_word' id='word_1_404' title='bbox 374 2564 416 2598; x_wconf 81' lang='lat' dir='ltr'>ad</span> <span class='ocrx_word' id='word_1_405' title='bbox 433 2565 502 2610; x_wconf 79' lang='lat'><em>3.)‚·</em></span> <span class='ocrx_word' id='word_1_406' title='bbox 525 2565 620 2599; x_wconf 90' lang='lat' dir='ltr'>unde</span> <span class='ocrx_word' id='word_1_407' title='bbox 640 2566 678 2599; x_wconf 88' lang='lat' dir='ltr'>in</span> <span class='ocrx_word' id='word_1_408' title='bbox 699 2567 756 2602; x_wconf 88' lang='lat' dir='ltr'>Ps.</span> <span class='ocrx_word' id='word_1_409' title='bbox 777 2567 833 2610; x_wconf 83' lang='grc'>48.</span> <span class='ocrx_word' id='word_1_410' title='bbox 854 2568 997 2602; x_wconf 88' lang='lat' dir='ltr'>dicitur:</span> <span class='ocrx_word' id='word_1_411' title='bbox 1020 2570 1143 2610; x_wconf 85' lang='lat' dir='ltr'>Homo,</span> <span class='ocrx_word' id='word_1_412' title='bbox 1163 2581 1238 2603; x_wconf 83' lang='lat' dir='ltr'>cum</span> <span class='ocrx_word' id='word_1_413' title='bbox 1264 2569 1299 2602; x_wconf 82' lang='lat' dir='ltr'>in</span> <span class='ocrx_word' id='word_1_414' title='bbox 1320 2569 1441 2602; x_wconf 79' lang='lat' dir='ltr'>honore</span> <span class='ocrx_word' id='word_1_415' title='bbox 1469 2572 1543 2602; x_wconf 76' lang='lat' dir='ltr'>esset</span> <span class='ocrx_word' id='word_1_416' title='bbox 1562 2579 1629 2602; x_wconf 83' lang='lat' dir='ltr'>non</span> 
     </span>
     <span class='ocr_line' id='line_1_44' title="bbox 69 2617 1625 2667; baseline 0.003 -16"><span class='ocrx_word' id='word_1_417' title='bbox 69 2617 251 2652; x_wconf 82' lang='lat' dir='ltr'>intellexit:</span> <span class='ocrx_word' id='word_1_418' title='bbox 274 2623 487 2663; x_wconf 75' lang='lat' dir='ltr'>comparatus</span> <span class='ocrx_word' id='word_1_419' title='bbox 506 2623 549 2652; x_wconf 76' lang='lat' dir='ltr'>est</span> <span class='ocrx_word' id='word_1_420' title='bbox 569 2621 729 2664; x_wconf 73' lang='lat' dir='ltr'>jumentis</span> <span class='ocrx_word' id='word_1_421' title='bbox 749 2621 985 2666; x_wconf 77' lang='lat' dir='ltr'>insipientibus,</span> <span class='ocrx_word' id='word_1_422' title='bbox 1004 2627 1032 2656; x_wconf 72' lang='lat' dir='ltr'>et</span> <span class='ocrx_word' id='word_1_423' title='bbox 1052 2622 1169 2656; x_wconf 71' lang='lat' dir='ltr'>similis</span> <span class='ocrx_word' id='word_1_424' title='bbox 1179 2622 1292 2667; x_wconf 74' lang='lat' dir='ltr'>sactus</span> <span class='ocrx_word' id='word_1_425' title='bbox 1310 2626 1351 2655; x_wconf 63' lang='lat' dir='ltr'>est</span> <span class='ocrx_word' id='word_1_426' title='bbox 1372 2621 1458 2655; x_wconf 80' lang='lat' dir='ltr'>illis:</span> <span class='ocrx_word' id='word_1_427' title='bbox 1476 2620 1625 2663; x_wconf 65' lang='lat' dir='ltr'>secundo,</span> 
     </span>
     <span class='ocr_line' id='line_1_45' title="bbox 72 2670 1626 2720; baseline 0.003 -17"><span class='ocrx_word' id='word_1_428' title='bbox 72 2671 155 2716; x_wconf 88' lang='lat' dir='ltr'>quia</span> <span class='ocrx_word' id='word_1_429' title='bbox 174 2670 334 2704; x_wconf 87' lang='lat' dir='ltr'>maxime</span> <span class='ocrx_word' id='word_1_430' title='bbox 356 2679 532 2716; x_wconf 84' lang='lat' dir='ltr'>repugnat</span> <span class='ocrx_word' id='word_1_431' title='bbox 553 2673 628 2717; x_wconf 90' lang='lat' dir='ltr'>ejus</span> <span class='ocrx_word' id='word_1_432' title='bbox 651 2671 813 2715; x_wconf 88' lang='lat' dir='ltr'>claritati,</span> <span class='ocrx_word' id='word_1_433' title='bbox 834 2674 893 2708; x_wconf 83' lang='lat' dir='ltr'>vel</span> <span class='ocrx_word' id='word_1_434' title='bbox 914 2675 1186 2720; x_wconf 71' lang='lat' dir='ltr'>pulchritudini,</span> <span class='ocrx_word' id='word_1_435' title='bbox 1205 2675 1419 2720; x_wconf 87' lang='lat' dir='ltr'>inquantum</span> <span class='ocrx_word' id='word_1_436' title='bbox 1433 2673 1570 2708; x_wconf 88' lang='lat' dir='ltr'>scilicet</span> <span class='ocrx_word' id='word_1_437' title='bbox 1590 2675 1626 2708; x_wconf 90' lang='lat' dir='ltr'>in</span> 
     </span>
     <span class='ocr_line' id='line_1_46' title="bbox 72 2723 1629 2774; baseline 0.004 -18"><span class='ocrx_word' id='word_1_438' title='bbox 72 2723 381 2765; x_wconf 86' lang='lat' dir='ltr'>delectationibus,</span> <span class='ocrx_word' id='word_1_439' title='bbox 404 2724 499 2758; x_wconf 89' lang='lat' dir='ltr'>circa</span> <span class='ocrx_word' id='word_1_440' title='bbox 528 2736 616 2770; x_wconf 88' lang='lat' dir='ltr'>quas</span> <span class='ocrx_word' id='word_1_441' title='bbox 645 2734 697 2759; x_wconf 91' lang='lat' dir='ltr'>est</span> <span class='ocrx_word' id='word_1_442' title='bbox 718 2726 1006 2773; x_wconf 87' lang='lat' dir='ltr'>intemperantia,</span> <span class='ocrx_word' id='word_1_443' title='bbox 1034 2730 1152 2762; x_wconf 89' lang='lat' dir='ltr'>minus</span> <span class='ocrx_word' id='word_1_444' title='bbox 1175 2736 1322 2774; x_wconf 90' lang='lat' dir='ltr'>apparet</span> <span class='ocrx_word' id='word_1_445' title='bbox 1347 2727 1391 2761; x_wconf 89' lang='lat' dir='ltr'>de</span> <span class='ocrx_word' id='word_1_446' title='bbox 1412 2727 1549 2761; x_wconf 89' lang='lat' dir='ltr'>lumine</span> <span class='ocrx_word' id='word_1_447' title='bbox 1575 2739 1629 2761; x_wconf 83' lang='lat' dir='ltr'>ra-</span> 
     </span>
     <span class='ocr_line' id='line_1_47' title="bbox 71 2777 1627 2827; baseline 0.003 -16"><span class='ocrx_word' id='word_1_448' title='bbox 71 2777 192 2819; x_wconf 87' lang='lat' dir='ltr'>tionis,</span> <span class='ocrx_word' id='word_1_449' title='bbox 215 2788 257 2811; x_wconf 91' lang='lat' dir='ltr'>ex</span> <span class='ocrx_word' id='word_1_450' title='bbox 279 2788 348 2823; x_wconf 88' lang='lat' dir='ltr'>qua</span> <span class='ocrx_word' id='word_1_451' title='bbox 371 2784 423 2811; x_wconf 91' lang='lat' dir='ltr'>est</span> <span class='ocrx_word' id='word_1_452' title='bbox 439 2785 515 2812; x_wconf 90' lang='lat' dir='ltr'>tota</span> <span class='ocrx_word' id='word_1_453' title='bbox 530 2777 684 2821; x_wconf 87' lang='lat' dir='ltr'>claritas,</span> <span class='ocrx_word' id='word_1_454' title='bbox 702 2787 737 2813; x_wconf 91' lang='lat' dir='ltr'>et</span> <span class='ocrx_word' id='word_1_455' title='bbox 750 2780 980 2826; x_wconf 89' lang='lat' dir='ltr'>pulchritudo</span> <span class='ocrx_word' id='word_1_456' title='bbox 1001 2782 1157 2824; x_wconf 82' lang='lat' dir='ltr'>virtutis3</span> <span class='ocrx_word' id='word_1_457' title='bbox 1172 2782 1266 2816; x_wconf 90' lang='lat' dir='ltr'>unde</span> <span class='ocrx_word' id='word_1_458' title='bbox 1292 2789 1328 2816; x_wconf 90' lang='lat' dir='ltr'>et</span> <span class='ocrx_word' id='word_1_459' title='bbox 1340 2781 1550 2827; x_wconf 89' lang='lat' dir='ltr'>hujusmodi</span> <span class='ocrx_word' id='word_1_460' title='bbox 1570 2781 1627 2816; x_wconf 88' lang='lat' dir='ltr'>de-</span> 
     </span>
     <span class='ocr_line' id='line_1_48' title="bbox 72 2829 827 2868; baseline 0.005 -4"><span class='ocrx_word' id='word_1_461' title='bbox 72 2829 284 2864; x_wconf 89' lang='lat' dir='ltr'>lectationes</span> <span class='ocrx_word' id='word_1_462' title='bbox 306 2830 471 2865; x_wconf 91' lang='lat' dir='ltr'>dicuntur</span> <span class='ocrx_word' id='word_1_463' title='bbox 492 2831 650 2866; x_wconf 87' lang='lat' dir='ltr'>maxime</span> <span class='ocrx_word' id='word_1_464' title='bbox 670 2832 827 2868; x_wconf 88' lang='lat' dir='ltr'>serviles.</span> 
     </span>
    </p>
   </div>
  </div>
 </body>
</html>
