1859 3122
198 128 279 170 802
598 137 819 172 QUAESTIO
854 137 1001 167 cxvm.
1036 137 1278 167 ARTICULUS
1311 139 1338 169 1.

196 231 271 254 non
291 219 431 253 videtur
453 229 530 253 esse
550 226 743 264 peccatum
763 218 800 252 in
820 218 1045 264 proximum:
1068 218 1151 265 quia
1171 230 1234 265 per
1258 219 1330 253 hoc
1358 220 1454 265 quod
1479 220 1595 255 homo
1620 220 1750 256 retinet

197 285 272 315 sua,
294 272 384 307 nulli
404 272 489 306 facit
509 271 696 317 injuriam3
719 283 806 317 ergo
830 271 977 306 avaritia
998 283 1072 306 non
1099 280 1152 306 est
1171 281 1372 318 peccatum.

271 338 299 372 3.
314 326 549 360 PRAETEREA.
565 325 617 359 Ea
638 336 730 371 quae
751 325 961 360 naturaliter
982 325 1187 368 adveniunt,
1208 337 1283 360 non
1297 333 1379 360 sunt
1397 334 1565 372 peccata:
1587 327 1651 362 sed
1672 338 1750 362 ava-

198 380 276 414 ritia
297 378 506 413 naturaliter
528 379 758 424 consequitur
779 387 1013 420 senectutem,
1036 386 1069 413 et
1092 379 1288 424 quemlibet
1301 379 1494 422 defectum,
1508 388 1547 415 ut
1559 380 1651 416 Phil.
1665 380 1752 416 dicit

196 434 233 467 in
254 443 286 476 4.
309 432 390 466 Eth.
415 432 504 479 (cap.
526 433 593 477 1.);
617 443 704 477 ergo
725 432 873 466 avaritia
893 443 968 466 non
990 440 1042 466 est
1068 440 1269 477 peccatum.

270 486 343 520 SED
367 496 522 520 CONTRA
545 493 608 527 est,
630 485 727 531 quod
751 486 877 520 dicitur
895 485 932 519 in
954 485 1062 519 Hebr.
1085 485 1167 519 ult.:
1189 486 1263 521 Sint
1288 497 1394 521 mores
1419 487 1485 522 sine
1506 488 1655 522 avaritia
1680 499 1753 523 con-

198 541 277 575 tanti
294 540 527 586 praesentibus.

270 593 500 627 RESPONDEO
523 591 729 634 dicendum,
753 592 849 638 quod
870 592 907 625 in
929 592 1214 638 quibuscumque
1235 593 1374 627 bonum
1395 593 1558 628 consistit
1578 594 1615 628 in
1636 593 1754 628 debita

199 657 386 688 mensura3
402 646 496 680 unde
511 656 658 679 necesse
676 653 729 680 est
750 645 846 691 quod
868 656 931 691 per
946 656 1146 688 excessum,
1167 646 1224 680 vel
1246 646 1524 681 diminutionem
1544 647 1639 682 illius
1657 659 1755 682 men-

199 712 304 735 surae
327 699 465 733 malum
479 699 685 745 proveniat:
707 699 744 732 in
767 699 934 732 omnibus
957 707 1079 733 autem
1095 710 1187 745 quae
1209 707 1291 733 sunt
1308 709 1454 746 propter
1474 700 1595 743 finem,
1616 701 1754 735 bonurn

201 753 363 788 consistit
385 755 420 787 in
442 752 598 799 quadam
620 763 804 786 mensura:
827 764 912 786 nam
935 763 976 786 ea
998 764 1088 798 quae
1107 761 1189 787 sunt
1210 753 1252 787 ad
1274 753 1395 796 finem,
1417 765 1563 789 necesse
1585 762 1638 789 est
1658 765 1755 788 com-

202 807 401 842 mensurari
422 806 494 848 fini,
516 806 608 840 sicut
634 806 814 840 medicina
837 814 1151 840 commensuratur
1173 807 1326 848 sanitati,
1349 815 1388 841 ut
1407 815 1505 853 patet
1525 819 1588 853 per
1607 806 1700 841 Phil.
1718 807 1755 841 in

206 873 232 895 1.
255 861 361 895 Polit.
385 861 475 907 (sap.
498 860 570 906 6).-
592 860 688 893 bona
711 867 831 893 autern
854 859 1029 893 exteriora
1051 859 1184 893 habent
1205 860 1385 894 rationem
1406 859 1547 894 utilium
1569 861 1613 895 ad
1633 860 1755 902 finem,

201 915 293 950 sicut
315 914 450 948 dictum
469 922 522 947 est
543 913 590 958 (q.
608 919 722 960 praec.
749 917 812 947 art.
831 925 858 959 3.
877 918 906 947 et
931 924 996 948 1-2.
1019 925 1048 958 q.
1067 925 1098 948 2.
1121 918 1184 947 art.
1206 912 1276 958 1.);
1299 913 1393 947 unde
1414 924 1563 948 necesse
1586 921 1638 948 est
1659 913 1756 960 quod

201 969 339 1002 bonum
360 967 519 1001 hominis
542 967 635 1001 circa
657 978 699 1000 ea
722 966 893 1001 consistat
914 966 950 1000 in
973 966 1128 1012 quadam
1155 978 1340 1009 mensura3
1367 966 1453 1000 dum
1480 966 1617 1001 scilicet
1641 967 1756 1002 honio

201 1021 399 1056 secundum
423 1020 582 1066 aliquam
601 1031 810 1054 mensuram
833 1020 971 1066 quaerit
991 1020 1124 1054 habere
1151 1020 1344 1054 exteriores
1367 1020 1518 1062 divitias,
1544 1028 1651 1067 prout
1675 1028 1757 1055 sunt

202 1075 425 1110 necessariae
449 1075 492 1108 ad
513 1074 625 1108 vitam
648 1074 722 1118 ejus
744 1074 943 1108 secundum
966 1084 1069 1108 suam
1092 1073 1360 1115 conditionem3
1383 1081 1417 1108 et
1441 1074 1525 1108 ideo
1551 1074 1588 1108 in
1610 1085 1758 1108 excessu

202 1130 308 1174 hujus
335 1139 524 1162 mensurae
547 1127 709 1162 consistit
732 1135 942 1173 peccatum3
965 1127 1050 1160 dum
1072 1127 1207 1161 scilicet
1229 1126 1356 1173 aliquis
1377 1138 1482 1174 supra
1503 1127 1663 1162 debitum
1684 1138 1759 1161 mo-

204 1183 290 1216 dum
313 1181 389 1216 vult
407 1193 466 1216 eas
487 1181 682 1227 acquirere,
696 1180 754 1214 vel
769 1180 932 1222 retinere,
952 1181 1048 1226 quod
1062 1180 1215 1226 pertinet
1233 1180 1276 1213 ad
1290 1180 1469 1214 rationem
1483 1180 1653 1215 avaritiae
1667 1191 1758 1227 quae

203 1236 370 1270 definitur
385 1246 461 1270 esse
482 1234 743 1269 immoderatus
765 1245 868 1268 amor
883 1233 1057 1277 habendi;
1079 1233 1173 1268 unde
1195 1242 1303 1280 patet,
1325 1234 1421 1280 quod
1441 1234 1589 1269 avaritia
1607 1242 1660 1269 est
1679 1245 1758 1280 pec-

204 1298 335 1324 catum.

274 1343 334 1377 AD
349 1352 497 1377 PRiMUM
512 1352 598 1387 ergo
619 1341 822 1382 dicendum,
844 1341 940 1386 quod
962 1340 1138 1386 appetitus
1159 1351 1280 1374 rerum
1301 1340 1520 1375 exteriorum
1542 1349 1595 1375 est
1616 1340 1758 1375 homini

204 1396 388 1438 naturalis,
410 1404 448 1430 ut
469 1407 596 1430 eorum
618 1406 709 1441 quae
736 1402 817 1428 sunt
843 1402 989 1440 propter
1014 1393 1146 1437 finem3
1169 1402 1203 1428 et
1221 1393 1304 1427 ideo
1330 1394 1510 1428 intantum
1535 1394 1623 1428 vitio
1651 1402 1758 1437 caret,

205 1452 419 1497 inquantum
442 1449 646 1483 continetur
667 1448 730 1482 sub
749 1448 874 1494 regula
889 1455 1032 1493 sumpta
1047 1459 1088 1481 ex
1102 1447 1240 1481 ratione
1256 1447 1352 1481 finis:
1369 1448 1516 1482 avaritia
1531 1456 1652 1482 autem
1664 1447 1759 1483 hanc

206 1504 370 1550 regulam
394 1503 551 1545 excedit3
575 1511 609 1537 et
629 1502 711 1536 ideo
732 1510 784 1536 est
804 1509 1005 1548 peccatum.

277 1558 337 1592 AD
352 1567 559 1591 SECUNDUM
574 1556 779 1596 dicendum,
796 1555 891 1601 quod
914 1554 1061 1588 avaritia
1083 1561 1201 1600 potest
1220 1553 1417 1600 importare
1442 1553 1760 1588 immoderantiam

209 1611 304 1645 circa
318 1622 373 1644 res
400 1610 592 1644 exteriores
610 1609 805 1655 dupliciter:
828 1620 892 1642 uno
912 1609 1006 1643 modo
1020 1607 1228 1642 immediate
1244 1616 1417 1653 quantum
1441 1607 1483 1642 ad
1498 1608 1760 1654 acceptionem,

205 1664 264 1699 vel
286 1663 601 1698 conservationem
622 1663 794 1708 ipsarum,
816 1670 854 1696 ut
875 1661 1013 1696 scilicet
1033 1662 1147 1695 homo
1169 1661 1248 1707 plus
1274 1661 1393 1695 debito
1421 1672 1481 1696 eas
1508 1661 1678 1707 acquirat,
1703 1660 1760 1695 vel

207 1726 414 1752 conservet:
438 1725 472 1751 et
493 1716 693 1751 secundum
713 1716 784 1750 hoc
801 1723 853 1764 est
867 1715 1000 1749 directe
1014 1723 1206 1761 peccatum
1219 1715 1256 1748 in
1271 1715 1497 1761 proximum3
1520 1715 1603 1760 quia
1620 1714 1657 1748 in
1671 1722 1762 1749 exte-

209 1771 359 1805 rioribus
382 1770 511 1804 divitiis
526 1781 600 1804 non
614 1777 732 1815 potest
749 1780 841 1802 unus
854 1769 969 1803 homo
985 1768 1286 1815 superabundare,
1300 1768 1369 1802 nisi
1387 1767 1489 1802 alteri
1502 1767 1659 1810 deficiat3
1678 1767 1761 1814 quia

208 1826 302 1859 bona
321 1824 535 1870 temporalia
549 1835 622 1857 non
638 1831 787 1869 possunt
802 1822 910 1856 simul
922 1822 1097 1867 possideri
1112 1833 1131 1855 a
1149 1821 1288 1855 multis:
1307 1822 1373 1856 alio
1389 1821 1481 1856 modo
1497 1829 1616 1868 potest
1632 1821 1763 1867 impor-

206 1887 280 1913 tare
302 1878 623 1912 immoderantiam
638 1877 733 1911 circa
753 1877 942 1910 interiores
965 1875 1185 1917 affectiones,
1208 1887 1295 1921 quas
1312 1876 1390 1921 quis
1413 1875 1455 1909 ad
1474 1875 1615 1910 divitias
1635 1875 1762 1918 habet3

207 1941 292 1978 puta
314 1932 410 1978 quod
428 1930 668 1965 immoderate
691 1929 819 1976 aliquis
841 1929 980 1964 divitias
1003 1937 1110 1971 amet,
1133 1937 1193 1963 aut
1215 1929 1402 1972 desideret,
1425 1937 1485 1962 aut
1505 1928 1701 1962 delectetur
1727 1929 1762 1962 in

208 1986 274 2020 eis:
298 1993 332 2019 et
353 1986 403 2019 sic
426 1984 573 2018 avaritia
596 1992 648 2018 est
668 1992 859 2030 peccatum
880 1983 1040 2017 hominis
1067 1983 1103 2016 in
1130 1983 1308 2029 seipsum3
1336 1983 1419 2028 quia
1443 1994 1507 2028 per
1532 1983 1603 2016 hoc
1625 1981 1763 2016 deordi-

207 2047 312 2073 natur
334 2040 408 2084 ejus
431 2037 591 2079 affectus,
615 2037 699 2071 licet
719 2049 793 2071 non
815 2037 1047 2071 deordinetur
1061 2048 1202 2081 corpus,
1224 2036 1316 2070 sicut
1336 2047 1398 2082 per
1418 2036 1503 2070 vitia
1526 2035 1701 2070 carnalia:
1720 2046 1763 2069 ex

210 2091 447 2138 consequenti
468 2099 590 2125 autem
612 2099 664 2125 est
685 2099 875 2137 peccatum
896 2091 932 2124 in
953 2090 1085 2132 Deum,
1107 2090 1198 2123 sicut
1219 2097 1254 2123 et
1267 2090 1390 2123 omnia
1404 2097 1552 2135 peccata
1574 2088 1761 2124 mortalia:

209 2146 422 2192 inquantum
443 2144 557 2178 homo
581 2152 726 2190 propter
746 2144 883 2178 bonum
904 2143 1105 2189 temporale
1128 2143 1328 2177 contemnit
1349 2151 1545 2177 aeternum.

280 2199 339 2232 AD
363 2208 533 2232 TERTIUM
550 2197 754 2239 dicendum,
777 2197 872 2243 quod
891 2197 1144 2231 inclinationes
1165 2196 1345 2230 naturales
1367 2204 1449 2230 sunt
1469 2195 1687 2242 regulandae
1713 2206 1763 2230 se-

211 2252 370 2286 cundum
383 2251 573 2292 rationem,
590 2262 680 2296 quae
697 2251 937 2296 principatum
951 2258 1049 2284 tenet
1062 2250 1098 2283 in
1113 2258 1239 2283 natura
1252 2249 1432 2292 humana3
1455 2257 1490 2283 et
1502 2249 1584 2284 ideo
1599 2248 1763 2295 quamvis

211 2317 314 2340 senes
336 2314 482 2352 propter
502 2313 651 2338 naturae
674 2304 854 2338 defectum
870 2304 1006 2337 avidius
1029 2303 1247 2338 exteriorum
1268 2302 1579 2348 reruminquirant
1595 2301 1764 2344 subsidia,

211 2361 302 2394 sicut
324 2368 358 2393 et
380 2359 498 2393 omnis
519 2358 683 2403 indigens
711 2358 848 2403 quaerit
869 2369 953 2391 suae
975 2357 1193 2403 indigentiae
1215 2356 1525 2401 supplementum;
1546 2366 1620 2389 non
1641 2363 1764 2389 tamen

212 2425 228 2447 a
253 2421 402 2460 peccato
426 2420 650 2453 excusantur,
673 2411 701 2444 si
723 2411 879 2445 debitam
902 2411 1048 2444 rationis
1071 2421 1278 2444 mensuram
1301 2409 1395 2443 circa
1417 2409 1556 2443 divitias
1579 2407 1762 2442 excedant.
