<?xml version="1.0" encoding="UTF-8"?>
<!DOCTYPE html PUBLIC "-//W3C//DTD XHTML 1.0 Transitional//EN"
    "http://www.w3.org/TR/xhtml1/DTD/xhtml1-transitional.dtd">
<html xmlns="http://www.w3.org/1999/xhtml" xml:lang="en" lang="en">
 <head>
  <title>
</title>
<meta http-equiv="Content-Type" content="text/html;charset=utf-8" />
  <meta name='ocr-system' content='tesseract 3.04.00' />
  <meta name='ocr-capabilities' content='ocr_page ocr_carea ocr_par ocr_line ocrx_word'/>
</head>
<body>
  <div class='ocr_page' id='page_1' title='image "./divithomaeaquina03thomuoft_0307.png"; bbox 0 0 1859 3122; ppageno 0'>
   <div class='ocr_carea' id='block_1_1' title="bbox 13 1917 18 2425">
    <p class='ocr_par' dir='ltr' id='par_1_1' title="bbox 13 1917 18 2425">
     <span class='ocr_line' id='line_1_1' title="bbox 13 1917 18 2425; baseline 0 0"><span class='ocrx_word' id='word_1_1' title='bbox 13 1917 18 2425; x_wconf 95' lang='lat' dir='ltr'> </span> 
     </span>
    </p>
   </div>
   <div class='ocr_carea' id='block_1_2' title="bbox 0 0 39 3122">
    <p class='ocr_par' dir='ltr' id='par_1_2' title="bbox 0 0 39 3122">
     <span class='ocr_line' id='line_1_2' title="bbox 0 0 39 3122; baseline 0 0"><span class='ocrx_word' id='word_1_2' title='bbox 0 0 39 3122; x_wconf 95' lang='lat' dir='ltr'> </span> 
     </span>
    </p>
   </div>
   <div class='ocr_carea' id='block_1_3' title="bbox 548 149 1694 192">
    <p class='ocr_par' dir='ltr' id='par_1_3' title="bbox 548 149 1694 192">
     <span class='ocr_line' id='line_1_3' title="bbox 548 149 1694 192; baseline -0.003 -11"><span class='ocrx_word' id='word_1_3' title='bbox 548 150 768 187; x_wconf 79' lang='lat' dir='ltr'><strong>QUAESTIO</strong></span> <span class='ocrx_word' id='word_1_4' title='bbox 803 149 950 179; x_wconf 77' lang='lat' dir='ltr'>XXXVI.</span> <span class='ocrx_word' id='word_1_5' title='bbox 987 150 1231 179; x_wconf 83' lang='lat' dir='ltr'>ARTICULUS</span> <span class='ocrx_word' id='word_1_6' title='bbox 1265 150 1292 179; x_wconf 86' lang='grc' dir='ltr'>Ι.</span> <span class='ocrx_word' id='word_1_7' title='bbox 1612 150 1694 192; x_wconf 76' lang='lat'>299</span> 
     </span>
    </p>
   </div>
   <div class='ocr_carea' id='block_1_4' title="bbox 130 231 1699 866">
    <p class='ocr_par' dir='ltr' id='par_1_4' title="bbox 130 231 1697 492">
     <span class='ocr_line' id='line_1_4' title="bbox 132 231 1697 279; baseline -0.002 -12"><span class='ocrx_word' id='word_1_8' title='bbox 132 242 166 268; x_wconf 89' lang='lat' dir='ltr'>et</span> <span class='ocrx_word' id='word_1_9' title='bbox 187 234 268 267; x_wconf 86' lang='lat' dir='ltr'>inde</span> <span class='ocrx_word' id='word_1_10' title='bbox 291 241 354 274; x_wconf 88' lang='lat' dir='ltr'>cst,</span> <span class='ocrx_word' id='word_1_11' title='bbox 382 233 477 279; x_wconf 89' lang='lat' dir='ltr'>quod</span> <span class='ocrx_word' id='word_1_12' title='bbox 501 241 681 267; x_wconf 80' lang='lat' dir='ltr'>amatores</span> <span class='ocrx_word' id='word_1_13' title='bbox 703 233 854 267; x_wconf 88' lang='lat' dir='ltr'>honoris</span> <span class='ocrx_word' id='word_1_14' title='bbox 876 240 959 266; x_wconf 87' lang='lat' dir='ltr'>sunt</span> <span class='ocrx_word' id='word_1_15' title='bbox 980 232 1097 276; x_wconf 68' lang='lat' dir='ltr'>magis</span> <span class='ocrx_word' id='word_1_16' title='bbox 1120 232 1250 266; x_wconf 90' lang='lat' dir='ltr'>invidi:</span> <span class='ocrx_word' id='word_1_17' title='bbox 1275 239 1308 266; x_wconf 83' lang='lat' dir='ltr'>et</span> <span class='ocrx_word' id='word_1_18' title='bbox 1324 231 1486 265; x_wconf 87' lang='lat' dir='ltr'>similiter</span> <span class='ocrx_word' id='word_1_19' title='bbox 1506 231 1614 264; x_wconf 86' lang='lat' dir='ltr'>etiam</span> <span class='ocrx_word' id='word_1_20' title='bbox 1638 243 1697 277; x_wconf 85' lang='lat' dir='ltr'>pu-</span> 
     </span>
     <span class='ocr_line' id='line_1_5' title="bbox 130 284 1693 332; baseline -0.003 -11"><span class='ocrx_word' id='word_1_21' title='bbox 130 287 329 322; x_wconf 82' lang='lat' dir='ltr'>sillanimes</span> <span class='ocrx_word' id='word_1_22' title='bbox 352 295 432 320; x_wconf 88' lang='lat' dir='ltr'>sunt</span> <span class='ocrx_word' id='word_1_23' title='bbox 454 287 582 320; x_wconf 78' lang='lat' dir='ltr'>invidi:</span> <span class='ocrx_word' id='word_1_24' title='bbox 605 287 686 332; x_wconf 86' lang='lat' dir='ltr'>quia</span> <span class='ocrx_word' id='word_1_25' title='bbox 710 286 833 319; x_wconf 86' lang='lat' dir='ltr'>omnia</span> <span class='ocrx_word' id='word_1_26' title='bbox 856 294 1020 331; x_wconf 82' lang='lat' dir='ltr'>reputant</span> <span class='ocrx_word' id='word_1_27' title='bbox 1043 297 1194 329; x_wconf 68' lang='lat' dir='ltr'>magna:</span> <span class='ocrx_word' id='word_1_28' title='bbox 1223 294 1257 320; x_wconf 85' lang='lat' dir='ltr'>et</span> <span class='ocrx_word' id='word_1_29' title='bbox 1279 285 1450 331; x_wconf 87' lang='lat' dir='ltr'>quidquid</span> <span class='ocrx_word' id='word_1_30' title='bbox 1477 285 1562 318; x_wconf 87' lang='lat' dir='ltr'>boni</span> <span class='ocrx_word' id='word_1_31' title='bbox 1586 284 1693 318; x_wconf 85' lang='lat' dir='ltr'>alicui</span> 
     </span>
     <span class='ocr_line' id='line_1_6' title="bbox 134 338 1694 386; baseline -0.002 -12"><span class='ocrx_word' id='word_1_32' title='bbox 134 341 283 382; x_wconf 74' lang='lat' dir='ltr'>accidat,</span> <span class='ocrx_word' id='word_1_33' title='bbox 306 348 470 386; x_wconf 82' lang='lat' dir='ltr'>reputant</span> <span class='ocrx_word' id='word_1_34' title='bbox 492 352 529 374; x_wconf 89' lang='lat' dir='ltr'>se</span> <span class='ocrx_word' id='word_1_35' title='bbox 556 341 590 373; x_wconf 87' lang='lat' dir='ltr'>in</span> <span class='ocrx_word' id='word_1_36' title='bbox 614 351 749 383; x_wconf 69' lang='lat' dir='ltr'>magno</span> <span class='ocrx_word' id='word_1_37' title='bbox 772 347 959 384; x_wconf 74' lang='lat' dir='ltr'>superatos</span> <span class='ocrx_word' id='word_1_38' title='bbox 990 351 1086 381; x_wconf 77' lang='lat' dir='ltr'>esse3</span> <span class='ocrx_word' id='word_1_39' title='bbox 1111 340 1203 373; x_wconf 86' lang='lat' dir='ltr'>unde</span> <span class='ocrx_word' id='word_1_40' title='bbox 1233 347 1266 372; x_wconf 79' lang='lat' dir='ltr'>ct</span> <span class='ocrx_word' id='word_1_41' title='bbox 1291 339 1358 384; x_wconf 85' lang='lat' dir='ltr'>Job</span> <span class='ocrx_word' id='word_1_42' title='bbox 1386 350 1412 383; x_wconf 77' lang='lat'>5.</span> <span class='ocrx_word' id='word_1_43' title='bbox 1445 338 1589 372; x_wconf 85' lang='lat' dir='ltr'>dicitur:</span> <span class='ocrx_word' id='word_1_44' title='bbox 1614 338 1694 372; x_wconf 50' lang='lat' dir='ltr'>Pru·-</span> 
     </span>
     <span class='ocr_line' id='line_1_7' title="bbox 135 392 1697 438; baseline -0.001 -12"><span class='ocrx_word' id='word_1_45' title='bbox 135 395 247 428; x_wconf 55' lang='lat' dir='ltr'>trulum,</span> <span class='ocrx_word' id='word_1_46' title='bbox 274 394 390 428; x_wconf 58' lang='lat' dir='ltr'>occidi!</span> <span class='ocrx_word' id='word_1_47' title='bbox 413 394 538 427; x_wconf 63' lang='lat' dir='ltr'>invidia</span> <span class='ocrx_word' id='word_1_48' title='bbox 553 407 562 427; x_wconf 94' lang='grc'>.·</span> <span class='ocrx_word' id='word_1_49' title='bbox 583 401 616 427; x_wconf 83' lang='lat' dir='ltr'>ct</span> <span class='ocrx_word' id='word_1_50' title='bbox 635 394 744 437; x_wconf 71' lang='lat' dir='ltr'>Greg.</span> <span class='ocrx_word' id='word_1_51' title='bbox 767 393 852 426; x_wconf 85' lang='lat' dir='ltr'>dicit</span> <span class='ocrx_word' id='word_1_52' title='bbox 874 393 909 425; x_wconf 90' lang='lat' dir='ltr'>in</span> <span class='ocrx_word' id='word_1_53' title='bbox 936 404 962 437; x_wconf 74' lang='lat'>5.</span> <span class='ocrx_word' id='word_1_54' title='bbox 981 392 1109 426; x_wconf 77' lang='lat' dir='ltr'>Moral.</span> <span class='ocrx_word' id='word_1_55' title='bbox 1135 393 1220 438; x_wconf 64' lang='lat' dir='ltr'>(cap.</span> <span class='ocrx_word' id='word_1_56' title='bbox 1241 395 1302 438; x_wconf 71' lang='lat'>31.)</span> <span class='ocrx_word' id='word_1_57' title='bbox 1327 393 1422 438; x_wconf 90' lang='lat' dir='ltr'>quod</span> <span class='ocrx_word' id='word_1_58' title='bbox 1446 392 1604 425; x_wconf 81' lang='lat' dir='ltr'>invidere</span> <span class='ocrx_word' id='word_1_59' title='bbox 1624 403 1697 425; x_wconf 85' lang='lat' dir='ltr'>non</span> 
     </span>
     <span class='ocr_line' id='line_1_8' title="bbox 138 445 1337 492; baseline 0.001 -14"><span class='ocrx_word' id='word_1_60' title='bbox 138 457 336 491; x_wconf 71' lang='lat' dir='ltr'>possumus,</span> <span class='ocrx_word' id='word_1_61' title='bbox 360 447 426 480; x_wconf 79' lang='lat' dir='ltr'>nisi</span> <span class='ocrx_word' id='word_1_62' title='bbox 446 447 507 489; x_wconf 83' lang='lat' dir='ltr'>eis,</span> <span class='ocrx_word' id='word_1_63' title='bbox 531 458 620 492; x_wconf 90' lang='lat' dir='ltr'>quos</span> <span class='ocrx_word' id='word_1_64' title='bbox 642 447 745 479; x_wconf 87' lang='lat' dir='ltr'>nobis</span> <span class='ocrx_word' id='word_1_65' title='bbox 764 446 798 479; x_wconf 88' lang='lat' dir='ltr'>in</span> <span class='ocrx_word' id='word_1_66' title='bbox 823 445 944 491; x_wconf 80' lang='lat' dir='ltr'>aliquo</span> <span class='ocrx_word' id='word_1_67' title='bbox 967 447 1136 479; x_wconf 78' lang='lat' dir='ltr'>meliores</span> <span class='ocrx_word' id='word_1_68' title='bbox 1160 455 1337 492; x_wconf 78' lang='lat' dir='ltr'>putamus.</span> 
     </span>
    </p>

    <p class='ocr_par' dir='ltr' id='par_1_5' title="bbox 135 499 1699 866">
     <span class='ocr_line' id='line_1_9' title="bbox 210 499 1699 545; baseline -0.001 -11"><span class='ocrx_word' id='word_1_69' title='bbox 210 502 265 534; x_wconf 65' lang='grc' dir='ltr'>ΑΙ)</span> <span class='ocrx_word' id='word_1_70' title='bbox 289 511 475 539; x_wconf 76' lang='lat' dir='ltr'><strong>QUARTUM</strong></span> <span class='ocrx_word' id='word_1_71' title='bbox 499 500 705 541; x_wconf 85' lang='lat' dir='ltr'>dicendum,</span> <span class='ocrx_word' id='word_1_72' title='bbox 728 499 823 545; x_wconf 87' lang='lat' dir='ltr'>quod</span> <span class='ocrx_word' id='word_1_73' title='bbox 848 499 1026 534; x_wconf 83' lang='lat' dir='ltr'>memoria</span> <span class='ocrx_word' id='word_1_74' title='bbox 1050 500 1323 544; x_wconf 81' lang='lat' dir='ltr'>praeteritorum</span> <span class='ocrx_word' id='word_1_75' title='bbox 1341 500 1532 541; x_wconf 84' lang='lat' dir='ltr'>bonorum,</span> <span class='ocrx_word' id='word_1_76' title='bbox 1552 499 1699 544; x_wconf 84' lang='lat' dir='ltr'>inquan-</span> 
     </span>
     <span class='ocr_line' id='line_1_10' title="bbox 136 553 1697 598; baseline -0.001 -12"><span class='ocrx_word' id='word_1_77' title='bbox 136 560 212 586; x_wconf 90' lang='lat' dir='ltr'>tum</span> <span class='ocrx_word' id='word_1_78' title='bbox 232 553 370 588; x_wconf 74' lang='lat' dir='ltr'>suerunt</span> <span class='ocrx_word' id='word_1_79' title='bbox 392 554 524 594; x_wconf 82' lang='lat' dir='ltr'>habita,</span> <span class='ocrx_word' id='word_1_80' title='bbox 547 553 825 587; x_wconf 77' lang='lat' dir='ltr'>delectationem</span> <span class='ocrx_word' id='word_1_81' title='bbox 848 562 986 595; x_wconf 87' lang='lat' dir='ltr'>causat;</span> <span class='ocrx_word' id='word_1_82' title='bbox 1003 553 1063 586; x_wconf 82' lang='lat' dir='ltr'>sed</span> <span class='ocrx_word' id='word_1_83' title='bbox 1082 553 1294 598; x_wconf 78' lang='lat' dir='ltr'>inquantum</span> <span class='ocrx_word' id='word_1_84' title='bbox 1313 561 1391 586; x_wconf 89' lang='lat' dir='ltr'>sunt</span> <span class='ocrx_word' id='word_1_85' title='bbox 1409 553 1551 594; x_wconf 81' lang='lat' dir='ltr'>amissa,</span> <span class='ocrx_word' id='word_1_86' title='bbox 1574 560 1697 586; x_wconf 82' lang='lat' dir='ltr'>causat</span> 
     </span>
     <span class='ocr_line' id='line_1_11' title="bbox 135 606 1696 653; baseline 0 -14"><span class='ocrx_word' id='word_1_87' title='bbox 135 607 330 649; x_wconf 76' lang='lat' dir='ltr'>tristitiam3</span> <span class='ocrx_word' id='word_1_88' title='bbox 353 616 386 642; x_wconf 87' lang='lat' dir='ltr'>et</span> <span class='ocrx_word' id='word_1_89' title='bbox 408 608 620 653; x_wconf 83' lang='lat' dir='ltr'>inquantum</span> <span class='ocrx_word' id='word_1_90' title='bbox 639 608 680 640; x_wconf 89' lang='lat' dir='ltr'>ab</span> <span class='ocrx_word' id='word_1_91' title='bbox 704 607 781 640; x_wconf 88' lang='lat' dir='ltr'>aliis</span> <span class='ocrx_word' id='word_1_92' title='bbox 803 607 990 647; x_wconf 80' lang='lat' dir='ltr'>habentur,</span> <span class='ocrx_word' id='word_1_93' title='bbox 1007 614 1130 640; x_wconf 82' lang='lat' dir='ltr'>causat</span> <span class='ocrx_word' id='word_1_94' title='bbox 1148 606 1340 641; x_wconf 76' lang='lat' dir='ltr'>invidiam:</span> <span class='ocrx_word' id='word_1_95' title='bbox 1356 607 1438 651; x_wconf 83' lang='lat' dir='ltr'>quia</span> <span class='ocrx_word' id='word_1_96' title='bbox 1453 607 1523 640; x_wconf 86' lang='lat' dir='ltr'>hoc</span> <span class='ocrx_word' id='word_1_97' title='bbox 1539 606 1696 640; x_wconf 81' lang='lat' dir='ltr'>maxime</span> 
     </span>
     <span class='ocr_line' id='line_1_12' title="bbox 135 659 1699 707; baseline -0.001 -14"><span class='ocrx_word' id='word_1_98' title='bbox 135 660 275 694; x_wconf 86' lang='lat' dir='ltr'>videtur</span> <span class='ocrx_word' id='word_1_99' title='bbox 296 661 431 707; x_wconf 77' lang='lat' dir='ltr'>gloriae</span> <span class='ocrx_word' id='word_1_100' title='bbox 447 661 611 707; x_wconf 85' lang='lat' dir='ltr'>propriae</span> <span class='ocrx_word' id='word_1_101' title='bbox 626 661 820 705; x_wconf 77' lang='lat' dir='ltr'>derogare3</span> <span class='ocrx_word' id='word_1_102' title='bbox 836 668 870 694; x_wconf 91' lang='lat' dir='ltr'>et</span> <span class='ocrx_word' id='word_1_103' title='bbox 888 660 969 694; x_wconf 90' lang='lat' dir='ltr'>ideo</span> <span class='ocrx_word' id='word_1_104' title='bbox 985 660 1071 693; x_wconf 88' lang='lat' dir='ltr'>dicit</span> <span class='ocrx_word' id='word_1_105' title='bbox 1093 659 1228 693; x_wconf 79' lang='lat' dir='ltr'>Philos.</span> <span class='ocrx_word' id='word_1_106' title='bbox 1250 660 1283 692; x_wconf 90' lang='lat' dir='ltr'>in</span> <span class='ocrx_word' id='word_1_107' title='bbox 1296 670 1326 693; x_wconf 82' lang='lat'>2.</span> <span class='ocrx_word' id='word_1_108' title='bbox 1350 660 1499 694; x_wconf 86' lang='lat' dir='ltr'>Rhetor.</span> <span class='ocrx_word' id='word_1_109' title='bbox 1517 660 1603 706; x_wconf 73' lang='lat' dir='ltr'>(cap.</span> <span class='ocrx_word' id='word_1_110' title='bbox 1618 660 1699 704; x_wconf 70' lang='lat'><em>10),</em></span> 
     </span>
     <span class='ocr_line' id='line_1_13' title="bbox 136 713 1699 760; baseline -0.002 -12"><span class='ocrx_word' id='word_1_111' title='bbox 136 714 231 759; x_wconf 85' lang='lat' dir='ltr'>quod</span> <span class='ocrx_word' id='word_1_112' title='bbox 259 726 361 748; x_wconf 79' lang='lat' dir='ltr'>senes</span> <span class='ocrx_word' id='word_1_113' title='bbox 384 715 542 748; x_wconf 83' lang='lat' dir='ltr'>invident</span> <span class='ocrx_word' id='word_1_114' title='bbox 563 714 780 760; x_wconf 81' lang='lat' dir='ltr'>junioribus:</span> <span class='ocrx_word' id='word_1_115' title='bbox 813 721 846 748; x_wconf 86' lang='lat' dir='ltr'>et</span> <span class='ocrx_word' id='word_1_116' title='bbox 868 713 931 755; x_wconf 84' lang='lat' dir='ltr'>illi,</span> <span class='ocrx_word' id='word_1_117' title='bbox 959 714 1018 759; x_wconf 90' lang='lat' dir='ltr'>qui</span> <span class='ocrx_word' id='word_1_118' title='bbox 1041 713 1195 746; x_wconf 90' lang='lat' dir='ltr'>multum</span> <span class='ocrx_word' id='word_1_119' title='bbox 1223 713 1468 758; x_wconf 81' lang='lat' dir='ltr'>expenderunt</span> <span class='ocrx_word' id='word_1_120' title='bbox 1495 714 1538 747; x_wconf 92' lang='lat' dir='ltr'>ad</span> <span class='ocrx_word' id='word_1_121' title='bbox 1566 713 1699 759; x_wconf 78' lang='lat' dir='ltr'>aliquid</span> 
     </span>
     <span class='ocr_line' id='line_1_14' title="bbox 136 766 1698 813; baseline -0.001 -12"><span class='ocrx_word' id='word_1_122' title='bbox 136 768 444 813; x_wconf 83' lang='lat' dir='ltr'>consequendum,</span> <span class='ocrx_word' id='word_1_123' title='bbox 463 768 622 801; x_wconf 90' lang='lat' dir='ltr'>invident</span> <span class='ocrx_word' id='word_1_124' title='bbox 643 767 709 809; x_wconf 86' lang='lat' dir='ltr'>his,</span> <span class='ocrx_word' id='word_1_125' title='bbox 729 767 789 813; x_wconf 89' lang='lat' dir='ltr'>qui</span> <span class='ocrx_word' id='word_1_126' title='bbox 811 767 927 812; x_wconf 79' lang='lat' dir='ltr'>parvis</span> <span class='ocrx_word' id='word_1_127' title='bbox 948 768 1110 812; x_wconf 73' lang='lat' dir='ltr'>expensis</span> <span class='ocrx_word' id='word_1_128' title='bbox 1132 766 1219 800; x_wconf 86' lang='lat' dir='ltr'>illud</span> <span class='ocrx_word' id='word_1_129' title='bbox 1242 774 1323 800; x_wconf 89' lang='lat' dir='ltr'>sunt</span> <span class='ocrx_word' id='word_1_130' title='bbox 1346 766 1550 800; x_wconf 80' lang='lat' dir='ltr'>consecuti:</span> <span class='ocrx_word' id='word_1_131' title='bbox 1574 766 1698 800; x_wconf 84' lang='lat' dir='ltr'>dolent</span> 
     </span>
     <span class='ocr_line' id='line_1_15' title="bbox 137 820 1699 866; baseline -0.001 -12"><span class='ocrx_word' id='word_1_132' title='bbox 137 821 233 855; x_wconf 87' lang='lat' dir='ltr'>enim</span> <span class='ocrx_word' id='word_1_133' title='bbox 256 822 299 855; x_wconf 90' lang='lat' dir='ltr'>de</span> <span class='ocrx_word' id='word_1_134' title='bbox 315 822 509 856; x_wconf 82' lang='lat' dir='ltr'>amissione</span> <span class='ocrx_word' id='word_1_135' title='bbox 524 833 671 856; x_wconf 87' lang='lat' dir='ltr'>suorum</span> <span class='ocrx_word' id='word_1_136' title='bbox 686 821 879 863; x_wconf 88' lang='lat' dir='ltr'>bonorum,</span> <span class='ocrx_word' id='word_1_137' title='bbox 899 828 934 855; x_wconf 88' lang='lat' dir='ltr'>et</span> <span class='ocrx_word' id='word_1_138' title='bbox 948 820 990 854; x_wconf 87' lang='lat' dir='ltr'>de</span> <span class='ocrx_word' id='word_1_139' title='bbox 1012 820 1083 854; x_wconf 89' lang='lat' dir='ltr'>hoc</span> <span class='ocrx_word' id='word_1_140' title='bbox 1099 821 1195 866; x_wconf 86' lang='lat' dir='ltr'>quod</span> <span class='ocrx_word' id='word_1_141' title='bbox 1218 820 1278 854; x_wconf 85' lang='lat' dir='ltr'>alii</span> <span class='ocrx_word' id='word_1_142' title='bbox 1297 820 1483 855; x_wconf 81' lang='lat' dir='ltr'>consecuti</span> <span class='ocrx_word' id='word_1_143' title='bbox 1498 826 1579 854; x_wconf 89' lang='lat' dir='ltr'>sunt</span> <span class='ocrx_word' id='word_1_144' title='bbox 1592 820 1699 854; x_wconf 86' lang='lat' dir='ltr'>bona.</span> 
     </span>
    </p>
   </div>
   <div class='ocr_carea' id='block_1_5' title="bbox 708 963 1692 1014">
    <p class='ocr_par' dir='ltr' id='par_1_6' title="bbox 708 963 1692 1014">
     <span class='ocr_line' id='line_1_16' title="bbox 708 963 1692 1014; baseline -0.002 -7"><span class='ocrx_word' id='word_1_145' title='bbox 708 963 1054 1009; x_wconf 87' lang='lat' dir='ltr'><strong>ARTICULUS</strong></span> <span class='ocrx_word' id='word_1_146' title='bbox 1089 963 1144 1005; x_wconf 90' lang='lat' dir='ltr'>H.</span> <span class='ocrx_word' id='word_1_147' title='bbox 1626 982 1692 1014; x_wconf 72' lang='lat'>214</span> 
     </span>
    </p>
   </div>
   <div class='ocr_carea' id='block_1_6' title="bbox 550 1071 1290 1103">
    <p class='ocr_par' dir='ltr' id='par_1_7' title="bbox 550 1071 1290 1103">
     <span class='ocr_line' id='line_1_17' title="bbox 550 1071 1290 1103; baseline -0.003 -1"><span class='ocrx_word' id='word_1_148' title='bbox 550 1073 704 1103; x_wconf 87' lang='lat' dir='ltr'><strong>UTRUM</strong></span> <span class='ocrx_word' id='word_1_149' title='bbox 736 1072 905 1103; x_wconf 78' lang='lat' dir='ltr'>INVIDIA</span> <span class='ocrx_word' id='word_1_150' title='bbox 939 1073 1005 1102; x_wconf 89' lang='lat' dir='ltr'>SIT</span> <span class='ocrx_word' id='word_1_151' title='bbox 1039 1071 1290 1101; x_wconf 84' lang='lat' dir='ltr'>PECCATUM.</span> 
     </span>
    </p>
   </div>
   <div class='ocr_carea' id='block_1_7' title="bbox 389 1158 1443 1207">
    <p class='ocr_par' dir='ltr' id='par_1_8' title="bbox 389 1158 1443 1207">
     <span class='ocr_line' id='line_1_18' title="bbox 389 1158 1443 1207; baseline -0.004 -12"><span class='ocrx_word' id='word_1_152' title='bbox 389 1160 490 1207; x_wconf 84' lang='lat' dir='ltr'>(Infr.</span> <span class='ocrx_word' id='word_1_153' title='bbox 513 1173 542 1207; x_wconf 85' lang='lat' dir='ltr'>q.</span> <span class='ocrx_word' id='word_1_154' title='bbox 569 1161 637 1207; x_wconf 74' lang='lat'>158.</span> <span class='ocrx_word' id='word_1_155' title='bbox 661 1165 723 1195; x_wconf 83' lang='lat' dir='ltr'>art.</span> <span class='ocrx_word' id='word_1_156' title='bbox 746 1173 773 1196; x_wconf 78' lang='grc' dir='ltr'>Ι.</span> <span class='ocrx_word' id='word_1_157' title='bbox 796 1166 826 1195; x_wconf 81' lang='lat' dir='ltr'>et</span> <span class='ocrx_word' id='word_1_158' title='bbox 844 1161 928 1194; x_wconf 74' lang='lat' dir='ltr'>Mal.</span> <span class='ocrx_word' id='word_1_159' title='bbox 951 1172 979 1206; x_wconf 80' lang='lat' dir='ltr'>q.</span> <span class='ocrx_word' id='word_1_160' title='bbox 1002 1172 1053 1195; x_wconf 82' lang='lat'>10.</span> <span class='ocrx_word' id='word_1_161' title='bbox 1076 1165 1141 1194; x_wconf 75' lang='lat' dir='ltr'>art.</span> <span class='ocrx_word' id='word_1_162' title='bbox 1161 1172 1188 1194; x_wconf 77' lang='lat' dir='ltr'>I.</span> <span class='ocrx_word' id='word_1_163' title='bbox 1208 1164 1235 1194; x_wconf 67' lang='lat' dir='ltr'>ct</span> <span class='ocrx_word' id='word_1_164' title='bbox 1257 1159 1343 1193; x_wconf 76' lang='lat' dir='ltr'>Psal.</span> <span class='ocrx_word' id='word_1_165' title='bbox 1359 1158 1443 1204; x_wconf 65' lang='lat'>56).</span> 
     </span>
    </p>
   </div>
   <div class='ocr_carea' id='block_1_8' title="bbox 140 1247 1741 2893">
    <p class='ocr_par' dir='ltr' id='par_1_9' title="bbox 140 1247 1741 1457">
     <span class='ocr_line' id='line_1_19' title="bbox 209 1247 1741 1296; baseline -0.003 -12"><span class='ocrx_word' id='word_1_166' title='bbox 209 1250 268 1285; x_wconf 91' lang='lat' dir='ltr'>AD</span> <span class='ocrx_word' id='word_1_167' title='bbox 297 1261 504 1285; x_wconf 79' lang='lat' dir='ltr'>SECUNDUM</span> <span class='ocrx_word' id='word_1_168' title='bbox 526 1250 576 1284; x_wconf 84' lang='lat' dir='ltr'>sic</span> <span class='ocrx_word' id='word_1_169' title='bbox 599 1251 816 1296; x_wconf 82' lang='lat' dir='ltr'>proceditur.</span> <span class='ocrx_word' id='word_1_170' title='bbox 843 1250 1006 1292; x_wconf 83' lang='lat' dir='ltr'>Videtur,</span> <span class='ocrx_word' id='word_1_171' title='bbox 1034 1249 1130 1295; x_wconf 91' lang='lat' dir='ltr'>quod</span> <span class='ocrx_word' id='word_1_172' title='bbox 1157 1249 1291 1283; x_wconf 85' lang='lat' dir='ltr'>invidia</span> <span class='ocrx_word' id='word_1_173' title='bbox 1317 1260 1392 1282; x_wconf 86' lang='lat' dir='ltr'>non</span> <span class='ocrx_word' id='word_1_174' title='bbox 1419 1247 1463 1281; x_wconf 89' lang='lat' dir='ltr'>sit</span> <span class='ocrx_word' id='word_1_175' title='bbox 1489 1254 1700 1292; x_wconf 86' lang='lat' dir='ltr'>peccatum:</span> <span class='ocrx_word' id='word_1_176' title='bbox 1735 1250 1741 1260; x_wconf 90' lang='lat'><em>&#39;</em></span> 
     </span>
     <span class='ocr_line' id='line_1_20' title="bbox 144 1301 1706 1348; baseline -0.003 -10"><span class='ocrx_word' id='word_1_177' title='bbox 144 1304 230 1338; x_wconf 86' lang='lat' dir='ltr'>dicit</span> <span class='ocrx_word' id='word_1_178' title='bbox 252 1304 359 1339; x_wconf 88' lang='lat' dir='ltr'>enim.</span> <span class='ocrx_word' id='word_1_179' title='bbox 380 1304 528 1338; x_wconf 86' lang='lat' dir='ltr'>Hieron.</span> <span class='ocrx_word' id='word_1_180' title='bbox 551 1304 593 1338; x_wconf 86' lang='lat' dir='ltr'>ad</span> <span class='ocrx_word' id='word_1_181' title='bbox 613 1304 764 1338; x_wconf 79' lang='lat' dir='ltr'>Laetam</span> <span class='ocrx_word' id='word_1_182' title='bbox 791 1304 834 1337; x_wconf 90' lang='lat' dir='ltr'>de</span> <span class='ocrx_word' id='word_1_183' title='bbox 853 1303 1089 1338; x_wconf 89' lang='lat' dir='ltr'>instructione</span> <span class='ocrx_word' id='word_1_184' title='bbox 1107 1302 1201 1336; x_wconf 87' lang='lat' dir='ltr'>filiae</span> <span class='ocrx_word' id='word_1_185' title='bbox 1232 1303 1336 1348; x_wconf 74' lang='lat' dir='ltr'>(epist.</span> <span class='ocrx_word' id='word_1_186' title='bbox 1353 1301 1423 1347; x_wconf 89' lang='lat'>7.):</span> <span class='ocrx_word' id='word_1_187' title='bbox 1449 1314 1466 1332; x_wconf 87' lang='lat'>«</span> <span class='ocrx_word' id='word_1_188' title='bbox 1490 1301 1629 1334; x_wconf 79' lang='lat' dir='ltr'>Habeat</span> <span class='ocrx_word' id='word_1_189' title='bbox 1648 1311 1706 1333; x_wconf 93' lang='lat' dir='ltr'>so-</span> 
     </span>
     <span class='ocr_line' id='line_1_21' title="bbox 141 1353 1701 1403; baseline -0.003 -12"><span class='ocrx_word' id='word_1_190' title='bbox 141 1358 214 1392; x_wconf 86' lang='lat' dir='ltr'>cias</span> <span class='ocrx_word' id='word_1_191' title='bbox 237 1369 319 1391; x_wconf 90' lang='lat' dir='ltr'>cum</span> <span class='ocrx_word' id='word_1_192' title='bbox 342 1358 468 1403; x_wconf 85' lang='lat' dir='ltr'>quibus</span> <span class='ocrx_word' id='word_1_193' title='bbox 489 1357 603 1391; x_wconf 88' lang='lat' dir='ltr'>discat</span> <span class='ocrx_word' id='word_1_194' title='bbox 624 1358 751 1403; x_wconf 90' lang='lat' dir='ltr'>quibus</span> <span class='ocrx_word' id='word_1_195' title='bbox 772 1357 950 1392; x_wconf 81' lang='lat' dir='ltr'>invideat:</span> <span class='ocrx_word' id='word_1_196' title='bbox 978 1368 1130 1403; x_wconf 89' lang='lat' dir='ltr'>quarum</span> <span class='ocrx_word' id='word_1_197' title='bbox 1151 1356 1316 1390; x_wconf 80' lang='lat' dir='ltr'>laudibus</span> <span class='ocrx_word' id='word_1_198' title='bbox 1344 1355 1551 1389; x_wconf 83' lang='lat' dir='ltr'>mordeatur</span> <span class='ocrx_word' id='word_1_199' title='bbox 1572 1365 1612 1387; x_wconf 77' lang='lat'>»2</span> <span class='ocrx_word' id='word_1_200' title='bbox 1640 1353 1701 1387; x_wconf 91' lang='lat' dir='ltr'>sed</span> 
     </span>
     <span class='ocr_line' id='line_1_22' title="bbox 140 1409 1580 1457; baseline -0.003 -13"><span class='ocrx_word' id='word_1_201' title='bbox 140 1410 260 1445; x_wconf 89' lang='lat' dir='ltr'>nullus</span> <span class='ocrx_word' id='word_1_202' title='bbox 281 1419 334 1445; x_wconf 89' lang='lat' dir='ltr'>est</span> <span class='ocrx_word' id='word_1_203' title='bbox 355 1410 588 1445; x_wconf 85' lang='lat' dir='ltr'>solicitandus</span> <span class='ocrx_word' id='word_1_204' title='bbox 611 1411 655 1444; x_wconf 87' lang='lat' dir='ltr'>ad</span> <span class='ocrx_word' id='word_1_205' title='bbox 676 1410 919 1457; x_wconf 80' lang='lat' dir='ltr'>peccandum3</span> <span class='ocrx_word' id='word_1_206' title='bbox 943 1422 1029 1455; x_wconf 83' lang='lat' dir='ltr'>ergo</span> <span class='ocrx_word' id='word_1_207' title='bbox 1052 1409 1185 1443; x_wconf 79' lang='lat' dir='ltr'>invidia</span> <span class='ocrx_word' id='word_1_208' title='bbox 1207 1420 1280 1443; x_wconf 88' lang='lat' dir='ltr'>non</span> <span class='ocrx_word' id='word_1_209' title='bbox 1305 1416 1357 1443; x_wconf 90' lang='lat' dir='ltr'>est</span> <span class='ocrx_word' id='word_1_210' title='bbox 1379 1416 1580 1454; x_wconf 88' lang='lat' dir='ltr'>peccatum.</span> 
     </span>
    </p>

    <p class='ocr_par' dir='ltr' id='par_1_10' title="bbox 141 1460 1701 1670">
     <span class='ocr_line' id='line_1_23' title="bbox 209 1460 1693 1505; baseline -0.003 -7"><span class='ocrx_word' id='word_1_211' title='bbox 209 1474 239 1497; x_wconf 89' lang='lat'>2.</span> <span class='ocrx_word' id='word_1_212' title='bbox 262 1464 497 1498; x_wconf 78' lang='lat' dir='ltr'>PRAETEREA.</span> <span class='ocrx_word' id='word_1_213' title='bbox 519 1464 657 1498; x_wconf 82' lang='lat' dir='ltr'>Invidia</span> <span class='ocrx_word' id='word_1_214' title='bbox 680 1472 732 1498; x_wconf 90' lang='lat' dir='ltr'>est</span> <span class='ocrx_word' id='word_1_215' title='bbox 747 1464 887 1498; x_wconf 76' lang='lat' dir='ltr'>tristitia</span> <span class='ocrx_word' id='word_1_216' title='bbox 906 1464 949 1497; x_wconf 93' lang='lat' dir='ltr'>de</span> <span class='ocrx_word' id='word_1_217' title='bbox 965 1463 1091 1498; x_wconf 85' lang='lat' dir='ltr'>alienis</span> <span class='ocrx_word' id='word_1_218' title='bbox 1106 1463 1221 1505; x_wconf 89' lang='lat' dir='ltr'>bonis,</span> <span class='ocrx_word' id='word_1_219' title='bbox 1238 1470 1274 1496; x_wconf 91' lang='lat' dir='ltr'>ut</span> <span class='ocrx_word' id='word_1_220' title='bbox 1288 1462 1460 1496; x_wconf 84' lang='lat' dir='ltr'>Damasc.</span> <span class='ocrx_word' id='word_1_221' title='bbox 1476 1461 1562 1495; x_wconf 88' lang='lat' dir='ltr'>dicit</span> <span class='ocrx_word' id='word_1_222' title='bbox 1577 1460 1650 1504; x_wconf 73' lang='lat' dir='ltr'>(lib.</span> <span class='ocrx_word' id='word_1_223' title='bbox 1662 1472 1693 1495; x_wconf 86' lang='lat'>2.</span> 
     </span>
     <span class='ocr_line' id='line_1_24' title="bbox 144 1514 1701 1563; baseline -0.003 -12"><span class='ocrx_word' id='word_1_224' title='bbox 144 1517 238 1551; x_wconf 78' lang='lat' dir='ltr'>Orth.</span> <span class='ocrx_word' id='word_1_225' title='bbox 253 1517 326 1552; x_wconf 76' lang='lat' dir='ltr'>Fid.</span> <span class='ocrx_word' id='word_1_226' title='bbox 337 1523 406 1563; x_wconf 83' lang='lat' dir='ltr'>cap.</span> <span class='ocrx_word' id='word_1_227' title='bbox 421 1519 503 1561; x_wconf 79' lang='lat'>14.).·</span> <span class='ocrx_word' id='word_1_228' title='bbox 518 1517 580 1551; x_wconf 88' lang='lat' dir='ltr'>sed</span> <span class='ocrx_word' id='word_1_229' title='bbox 594 1517 665 1551; x_wconf 86' lang='lat' dir='ltr'>hoc</span> <span class='ocrx_word' id='word_1_230' title='bbox 677 1517 893 1563; x_wconf 86' lang='lat' dir='ltr'>quandoque</span> <span class='ocrx_word' id='word_1_231' title='bbox 908 1517 1134 1551; x_wconf 78' lang='lat' dir='ltr'>laudabiliter</span> <span class='ocrx_word' id='word_1_232' title='bbox 1144 1516 1192 1550; x_wconf 84' lang='lat' dir='ltr'>fit:</span> <span class='ocrx_word' id='word_1_233' title='bbox 1206 1516 1334 1550; x_wconf 87' lang='lat' dir='ltr'>dicitur</span> <span class='ocrx_word' id='word_1_234' title='bbox 1346 1514 1623 1549; x_wconf 83' lang='lat' dir='ltr'>enimProverb.</span> <span class='ocrx_word' id='word_1_235' title='bbox 1634 1524 1701 1560; x_wconf 79' lang='lat'>29.:</span> 
     </span>
     <span class='ocr_line' id='line_1_25' title="bbox 143 1568 1699 1617; baseline -0.002 -13"><span class='ocrx_word' id='word_1_236' title='bbox 143 1570 228 1604; x_wconf 74' lang='lat' dir='ltr'>Cum</span> <span class='ocrx_word' id='word_1_237' title='bbox 241 1571 337 1616; x_wconf 79' lang='lat' dir='ltr'>impii</span> <span class='ocrx_word' id='word_1_238' title='bbox 357 1571 808 1617; x_wconf 72' lang='lat' dir='ltr'>sumpserintprincipatzmz‚</span> <span class='ocrx_word' id='word_1_239' title='bbox 830 1575 934 1616; x_wconf 61' lang='grc' dir='ltr'>ὸσαηιεΐ</span> <span class='ocrx_word' id='word_1_240' title='bbox 946 1570 1111 1617; x_wconf 49' lang='lat' dir='ltr'>populum</span> <span class='ocrx_word' id='word_1_241' title='bbox 1136 1581 1223 1616; x_wconf 81' lang='lat' dir='ltr'>ergo</span> <span class='ocrx_word' id='word_1_242' title='bbox 1246 1568 1379 1602; x_wconf 87' lang='lat' dir='ltr'>invidia</span> <span class='ocrx_word' id='word_1_243' title='bbox 1395 1579 1468 1602; x_wconf 87' lang='lat' dir='ltr'>non</span> <span class='ocrx_word' id='word_1_244' title='bbox 1489 1575 1541 1602; x_wconf 91' lang='lat' dir='ltr'>est</span> <span class='ocrx_word' id='word_1_245' title='bbox 1555 1578 1699 1614; x_wconf 87' lang='lat' dir='ltr'>semper</span> 
     </span>
     <span class='ocr_line' id='line_1_26' title="bbox 141 1631 340 1670; baseline 0 -12"><span class='ocrx_word' id='word_1_246' title='bbox 141 1631 340 1670; x_wconf 84' lang='lat' dir='ltr'>peccatum.</span> 
     </span>
    </p>

    <p class='ocr_par' dir='ltr' id='par_1_11' title="bbox 140 1674 1708 1829">
     <span class='ocr_line' id='line_1_27' title="bbox 215 1674 1708 1723; baseline -0.002 -13"><span class='ocrx_word' id='word_1_247' title='bbox 215 1688 243 1722; x_wconf 75' lang='lat'>3.</span> <span class='ocrx_word' id='word_1_248' title='bbox 266 1677 501 1712; x_wconf 76' lang='lat' dir='ltr'>PRAETEREA‚</span> <span class='ocrx_word' id='word_1_249' title='bbox 528 1677 666 1710; x_wconf 77' lang='lat' dir='ltr'>invidia</span> <span class='ocrx_word' id='word_1_250' title='bbox 687 1677 806 1711; x_wconf 87' lang='lat' dir='ltr'>zelum</span> <span class='ocrx_word' id='word_1_251' title='bbox 828 1677 1024 1723; x_wconf 78' lang='lat' dir='ltr'>quemdam</span> <span class='ocrx_word' id='word_1_252' title='bbox 1050 1677 1235 1710; x_wconf 87' lang='lat' dir='ltr'>nominat:</span> <span class='ocrx_word' id='word_1_253' title='bbox 1263 1675 1324 1710; x_wconf 91' lang='lat' dir='ltr'>sed</span> <span class='ocrx_word' id='word_1_254' title='bbox 1352 1674 1449 1709; x_wconf 83' lang='lat' dir='ltr'>zelus</span> <span class='ocrx_word' id='word_1_255' title='bbox 1477 1674 1627 1720; x_wconf 87' lang='lat' dir='ltr'>quidam</span> <span class='ocrx_word' id='word_1_256' title='bbox 1654 1682 1708 1708; x_wconf 84' lang='lat' dir='ltr'>est</span> 
     </span>
     <span class='ocr_line' id='line_1_28' title="bbox 140 1727 1706 1774; baseline -0.002 -11"><span class='ocrx_word' id='word_1_257' title='bbox 140 1730 268 1771; x_wconf 88' lang='lat' dir='ltr'>bonus,</span> <span class='ocrx_word' id='word_1_258' title='bbox 288 1730 488 1764; x_wconf 89' lang='lat' dir='ltr'>secundum</span> <span class='ocrx_word' id='word_1_259' title='bbox 509 1729 596 1764; x_wconf 87' lang='lat' dir='ltr'>illud</span> <span class='ocrx_word' id='word_1_260' title='bbox 617 1729 711 1764; x_wconf 88' lang='lat' dir='ltr'>Psal.</span> <span class='ocrx_word' id='word_1_261' title='bbox 739 1728 814 1764; x_wconf 60' lang='lat'>68:</span> <span class='ocrx_word' id='word_1_262' title='bbox 837 1730 932 1765; x_wconf 73' lang='lat' dir='ltr'>Zelzcs</span> <span class='ocrx_word' id='word_1_263' title='bbox 958 1730 1071 1765; x_wconf 75' lang='lat' dir='ltr'>domus</span> <span class='ocrx_word' id='word_1_264' title='bbox 1098 1735 1171 1764; x_wconf 64' lang='lat' dir='ltr'>tuae</span> <span class='ocrx_word' id='word_1_265' title='bbox 1197 1728 1336 1764; x_wconf 75' lang='lat' dir='ltr'>comedit</span> <span class='ocrx_word' id='word_1_266' title='bbox 1360 1740 1432 1769; x_wconf 65' lang='grc' dir='ltr'><em>τηε,-</em></span> <span class='ocrx_word' id='word_1_267' title='bbox 1456 1739 1543 1774; x_wconf 83' lang='lat' dir='ltr'>ergo</span> <span class='ocrx_word' id='word_1_268' title='bbox 1570 1727 1706 1761; x_wconf 87' lang='lat' dir='ltr'>invidia</span> 
     </span>
     <span class='ocr_line' id='line_1_29' title="bbox 141 1791 677 1829; baseline -0.002 -12"><span class='ocrx_word' id='word_1_269' title='bbox 141 1794 215 1817; x_wconf 88' lang='lat' dir='ltr'>non</span> <span class='ocrx_word' id='word_1_270' title='bbox 237 1794 380 1829; x_wconf 86' lang='lat' dir='ltr'>semper</span> <span class='ocrx_word' id='word_1_271' title='bbox 402 1791 454 1817; x_wconf 91' lang='lat' dir='ltr'>est</span> <span class='ocrx_word' id='word_1_272' title='bbox 476 1791 677 1829; x_wconf 88' lang='lat' dir='ltr'>peccatum.</span> 
     </span>
    </p>

    <p class='ocr_par' dir='ltr' id='par_1_12' title="bbox 141 1833 1709 2149">
     <span class='ocr_line' id='line_1_30' title="bbox 211 1833 1706 1883; baseline -0.002 -13"><span class='ocrx_word' id='word_1_273' title='bbox 211 1846 244 1879; x_wconf 83' lang='lat'>4.</span> <span class='ocrx_word' id='word_1_274' title='bbox 264 1836 499 1871; x_wconf 75' lang='lat' dir='ltr'>PRAETEREA.</span> <span class='ocrx_word' id='word_1_275' title='bbox 522 1836 644 1870; x_wconf 84' lang='lat' dir='ltr'>Poena</span> <span class='ocrx_word' id='word_1_276' title='bbox 668 1837 836 1871; x_wconf 89' lang='lat' dir='ltr'>dividitur</span> <span class='ocrx_word' id='word_1_277' title='bbox 862 1845 988 1872; x_wconf 86' lang='lat' dir='ltr'>contra</span> <span class='ocrx_word' id='word_1_278' title='bbox 1016 1836 1177 1883; x_wconf 86' lang='lat' dir='ltr'>culpam:</span> <span class='ocrx_word' id='word_1_279' title='bbox 1207 1835 1269 1870; x_wconf 90' lang='lat' dir='ltr'>sed</span> <span class='ocrx_word' id='word_1_280' title='bbox 1295 1835 1430 1869; x_wconf 86' lang='lat' dir='ltr'>invidia</span> <span class='ocrx_word' id='word_1_281' title='bbox 1453 1842 1505 1869; x_wconf 89' lang='lat' dir='ltr'>est</span> <span class='ocrx_word' id='word_1_282' title='bbox 1527 1833 1706 1880; x_wconf 83' lang='lat' dir='ltr'>quaedam</span> 
     </span>
     <span class='ocr_line' id='line_1_31' title="bbox 143 1887 1709 1936; baseline -0.003 -12"><span class='ocrx_word' id='word_1_283' title='bbox 143 1901 277 1936; x_wconf 86' lang='lat' dir='ltr'>poena:</span> <span class='ocrx_word' id='word_1_284' title='bbox 301 1889 386 1923; x_wconf 88' lang='lat' dir='ltr'>dicit</span> <span class='ocrx_word' id='word_1_285' title='bbox 407 1890 504 1923; x_wconf 89' lang='lat' dir='ltr'>enim</span> <span class='ocrx_word' id='word_1_286' title='bbox 521 1889 630 1935; x_wconf 85' lang='lat' dir='ltr'>Greg.</span> <span class='ocrx_word' id='word_1_287' title='bbox 654 1901 681 1934; x_wconf 82' lang='lat'>5.</span> <span class='ocrx_word' id='word_1_288' title='bbox 704 1889 833 1924; x_wconf 87' lang='lat' dir='ltr'>Moral.</span> <span class='ocrx_word' id='word_1_289' title='bbox 849 1890 938 1936; x_wconf 77' lang='lat' dir='ltr'>(cap.</span> <span class='ocrx_word' id='word_1_290' title='bbox 957 1891 1042 1936; x_wconf 77' lang='lat'>31.):</span> <span class='ocrx_word' id='word_1_291' title='bbox 1068 1903 1085 1922; x_wconf 76' lang='lat' dir='ltr'>(c</span> <span class='ocrx_word' id='word_1_292' title='bbox 1103 1889 1199 1924; x_wconf 89' lang='lat' dir='ltr'>Cum</span> <span class='ocrx_word' id='word_1_293' title='bbox 1222 1889 1403 1923; x_wconf 81' lang='lat' dir='ltr'>devictum</span> <span class='ocrx_word' id='word_1_294' title='bbox 1420 1899 1482 1922; x_wconf 90' lang='lat' dir='ltr'>cor</span> <span class='ocrx_word' id='word_1_295' title='bbox 1500 1887 1626 1921; x_wconf 88' lang='lat' dir='ltr'>livoris</span> <span class='ocrx_word' id='word_1_296' title='bbox 1648 1898 1709 1933; x_wconf 89' lang='lat' dir='ltr'>pu-</span> 
     </span>
     <span class='ocr_line' id='line_1_32' title="bbox 141 1942 1705 1989; baseline -0.002 -12"><span class='ocrx_word' id='word_1_297' title='bbox 141 1943 244 1977; x_wconf 88' lang='lat' dir='ltr'>tredo</span> <span class='ocrx_word' id='word_1_298' title='bbox 267 1943 476 1988; x_wconf 83' lang='lat' dir='ltr'>corruperit,</span> <span class='ocrx_word' id='word_1_299' title='bbox 498 1942 574 1988; x_wconf 88' lang='lat' dir='ltr'>ipsa</span> <span class='ocrx_word' id='word_1_300' title='bbox 596 1953 739 1989; x_wconf 89' lang='lat' dir='ltr'>quoque</span> <span class='ocrx_word' id='word_1_301' title='bbox 763 1943 939 1977; x_wconf 80' lang='lat' dir='ltr'>exteriora</span> <span class='ocrx_word' id='word_1_302' title='bbox 961 1943 1132 1984; x_wconf 85' lang='lat' dir='ltr'>indicant,</span> <span class='ocrx_word' id='word_1_303' title='bbox 1155 1954 1264 1988; x_wconf 82' lang='lat' dir='ltr'>quam</span> <span class='ocrx_word' id='word_1_304' title='bbox 1287 1942 1442 1988; x_wconf 82' lang='lat' dir='ltr'>graviter</span> <span class='ocrx_word' id='word_1_305' title='bbox 1465 1943 1627 1976; x_wconf 89' lang='lat' dir='ltr'>animum</span> <span class='ocrx_word' id='word_1_306' title='bbox 1649 1951 1705 1974; x_wconf 84' lang='lat' dir='ltr'>ve-</span> 
     </span>
     <span class='ocr_line' id='line_1_33' title="bbox 142 1995 1706 2042; baseline -0.001 -12"><span class='ocrx_word' id='word_1_307' title='bbox 142 1996 242 2030; x_wconf 86' lang='lat' dir='ltr'>sania</span> <span class='ocrx_word' id='word_1_308' title='bbox 262 1995 417 2042; x_wconf 82' lang='lat' dir='ltr'>instiget.</span> <span class='ocrx_word' id='word_1_309' title='bbox 441 1995 557 2030; x_wconf 89' lang='lat' dir='ltr'>Color</span> <span class='ocrx_word' id='word_1_310' title='bbox 583 1996 713 2042; x_wconf 87' lang='lat' dir='ltr'>quippe</span> <span class='ocrx_word' id='word_1_311' title='bbox 740 1996 878 2042; x_wconf 89' lang='lat' dir='ltr'>pallore</span> <span class='ocrx_word' id='word_1_312' title='bbox 905 1995 1075 2038; x_wconf 88' lang='lat' dir='ltr'>afficitur;</span> <span class='ocrx_word' id='word_1_313' title='bbox 1103 1996 1201 2030; x_wconf 87' lang='lat' dir='ltr'>oculi</span> <span class='ocrx_word' id='word_1_314' title='bbox 1227 1995 1496 2042; x_wconf 80' lang='lat' dir='ltr'>deprimuntur3</span> <span class='ocrx_word' id='word_1_315' title='bbox 1519 2005 1622 2028; x_wconf 88' lang='lat' dir='ltr'>mens</span> <span class='ocrx_word' id='word_1_316' title='bbox 1649 2005 1706 2028; x_wconf 85' lang='lat' dir='ltr'>ac-</span> 
     </span>
     <span class='ocr_line' id='line_1_34' title="bbox 144 2047 1707 2096; baseline -0.003 -12"><span class='ocrx_word' id='word_1_317' title='bbox 144 2050 325 2091; x_wconf 79' lang='lat' dir='ltr'>cenditur3</span> <span class='ocrx_word' id='word_1_318' title='bbox 347 2049 511 2083; x_wconf 90' lang='lat' dir='ltr'>membra</span> <span class='ocrx_word' id='word_1_319' title='bbox 531 2049 747 2095; x_wconf 81' lang='lat' dir='ltr'>frigescunt3</span> <span class='ocrx_word' id='word_1_320' title='bbox 769 2049 807 2084; x_wconf 88' lang='lat' dir='ltr'>fit</span> <span class='ocrx_word' id='word_1_321' title='bbox 827 2050 863 2083; x_wconf 91' lang='lat' dir='ltr'>in</span> <span class='ocrx_word' id='word_1_322' title='bbox 883 2050 1105 2096; x_wconf 83' lang='lat' dir='ltr'>cogitatione</span> <span class='ocrx_word' id='word_1_323' title='bbox 1128 2049 1254 2091; x_wconf 82' lang='lat' dir='ltr'>rabies,</span> <span class='ocrx_word' id='word_1_324' title='bbox 1277 2049 1313 2082; x_wconf 87' lang='lat' dir='ltr'>in</span> <span class='ocrx_word' id='word_1_325' title='bbox 1337 2048 1500 2082; x_wconf 86' lang='lat' dir='ltr'>dentibus</span> <span class='ocrx_word' id='word_1_326' title='bbox 1522 2047 1653 2082; x_wconf 89' lang='lat' dir='ltr'>stridor</span> <span class='ocrx_word' id='word_1_327' title='bbox 1667 2059 1707 2088; x_wconf 83' lang='lat'>»;</span> 
     </span>
     <span class='ocr_line' id='line_1_35' title="bbox 144 2102 779 2149; baseline -0.002 -12"><span class='ocrx_word' id='word_1_328' title='bbox 144 2114 230 2149; x_wconf 85' lang='lat' dir='ltr'>ergo</span> <span class='ocrx_word' id='word_1_329' title='bbox 252 2102 385 2136; x_wconf 85' lang='lat' dir='ltr'>invidia</span> <span class='ocrx_word' id='word_1_330' title='bbox 407 2113 481 2136; x_wconf 91' lang='lat' dir='ltr'>non</span> <span class='ocrx_word' id='word_1_331' title='bbox 504 2110 556 2137; x_wconf 90' lang='lat' dir='ltr'>est</span> <span class='ocrx_word' id='word_1_332' title='bbox 576 2111 779 2148; x_wconf 88' lang='lat' dir='ltr'>peccatum.</span> 
     </span>
    </p>

    <p class='ocr_par' dir='ltr' id='par_1_13' title="bbox 144 2155 1699 2256">
     <span class='ocr_line' id='line_1_36' title="bbox 215 2155 1699 2202; baseline -0.001 -12"><span class='ocrx_word' id='word_1_333' title='bbox 215 2156 289 2190; x_wconf 76' lang='lat' dir='ltr'>SED</span> <span class='ocrx_word' id='word_1_334' title='bbox 312 2166 467 2191; x_wconf 78' lang='lat' dir='ltr'>CONTRA</span> <span class='ocrx_word' id='word_1_335' title='bbox 489 2164 552 2197; x_wconf 88' lang='lat' dir='ltr'>est,</span> <span class='ocrx_word' id='word_1_336' title='bbox 575 2156 671 2202; x_wconf 89' lang='lat' dir='ltr'>quod</span> <span class='ocrx_word' id='word_1_337' title='bbox 695 2157 822 2190; x_wconf 85' lang='lat' dir='ltr'>dicitur</span> <span class='ocrx_word' id='word_1_338' title='bbox 845 2157 887 2190; x_wconf 88' lang='lat' dir='ltr'>ad</span> <span class='ocrx_word' id='word_1_339' title='bbox 916 2156 1034 2191; x_wconf 86' lang='lat' dir='ltr'>Galat.</span> <span class='ocrx_word' id='word_1_340' title='bbox 1061 2167 1108 2202; x_wconf 83' lang='lat'>5.:</span> <span class='ocrx_word' id='word_1_341' title='bbox 1136 2156 1214 2191; x_wconf 79' lang='lat' dir='ltr'>Non</span> <span class='ocrx_word' id='word_1_342' title='bbox 1240 2156 1420 2202; x_wconf 68' lang='lat' dir='ltr'>efficiamur</span> <span class='ocrx_word' id='word_1_343' title='bbox 1446 2155 1556 2189; x_wconf 74' lang='lat' dir='ltr'>inanis</span> <span class='ocrx_word' id='word_1_344' title='bbox 1573 2155 1699 2200; x_wconf 60' lang='lat' dir='ltr'>gloriae</span> 
     </span>
     <span class='ocr_line' id='line_1_37' title="bbox 144 2210 1057 2256; baseline 0 -12"><span class='ocrx_word' id='word_1_345' title='bbox 144 2210 265 2256; x_wconf 77' lang='lat' dir='ltr'>cupidi,</span> <span class='ocrx_word' id='word_1_346' title='bbox 294 2211 434 2244; x_wconf 73' lang='lat' dir='ltr'>invicem</span> <span class='ocrx_word' id='word_1_347' title='bbox 451 2214 682 2256; x_wconf 73' lang='lat' dir='ltr'>provocantes,</span> <span class='ocrx_word' id='word_1_348' title='bbox 706 2211 848 2244; x_wconf 69' lang='lat' dir='ltr'>invicem</span> <span class='ocrx_word' id='word_1_349' title='bbox 869 2210 1057 2244; x_wconf 63' lang='lat' dir='ltr'>invidentes.</span> 
     </span>
    </p>

    <p class='ocr_par' dir='ltr' id='par_1_14' title="bbox 143 2260 1711 2893">
     <span class='ocr_line' id='line_1_38' title="bbox 216 2260 1709 2309; baseline -0.003 -12"><span class='ocrx_word' id='word_1_350' title='bbox 216 2263 444 2298; x_wconf 76' lang='lat' dir='ltr'>RESPONDEO</span> <span class='ocrx_word' id='word_1_351' title='bbox 468 2263 672 2304; x_wconf 87' lang='lat' dir='ltr'>dicendum,</span> <span class='ocrx_word' id='word_1_352' title='bbox 695 2263 804 2309; x_wconf 86' lang='lat' dir='ltr'>quod,</span> <span class='ocrx_word' id='word_1_353' title='bbox 826 2263 918 2297; x_wconf 87' lang='lat' dir='ltr'>sicut</span> <span class='ocrx_word' id='word_1_354' title='bbox 938 2263 1075 2297; x_wconf 86' lang='lat' dir='ltr'>dictum</span> <span class='ocrx_word' id='word_1_355' title='bbox 1095 2271 1148 2297; x_wconf 91' lang='lat' dir='ltr'>est</span> <span class='ocrx_word' id='word_1_356' title='bbox 1169 2263 1404 2308; x_wconf 51' lang='lat' dir='ltr'>(struprum),</span> <span class='ocrx_word' id='word_1_357' title='bbox 1427 2261 1561 2295; x_wconf 82' lang='lat' dir='ltr'>invidia</span> <span class='ocrx_word' id='word_1_358' title='bbox 1581 2268 1634 2294; x_wconf 89' lang='lat' dir='ltr'>est</span> <span class='ocrx_word' id='word_1_359' title='bbox 1651 2260 1709 2293; x_wconf 86' lang='lat' dir='ltr'>tri-</span> 
     </span>
     <span class='ocr_line' id='line_1_39' title="bbox 143 2315 1707 2362; baseline -0.003 -12"><span class='ocrx_word' id='word_1_360' title='bbox 143 2317 238 2351; x_wconf 85' lang='lat' dir='ltr'>stitia</span> <span class='ocrx_word' id='word_1_361' title='bbox 259 2316 437 2362; x_wconf 88' lang='lat' dir='ltr'>quaedam</span> <span class='ocrx_word' id='word_1_362' title='bbox 461 2317 503 2350; x_wconf 88' lang='lat' dir='ltr'>de</span> <span class='ocrx_word' id='word_1_363' title='bbox 527 2317 651 2350; x_wconf 87' lang='lat' dir='ltr'>alienis</span> <span class='ocrx_word' id='word_1_364' title='bbox 673 2317 797 2350; x_wconf 90' lang='lat' dir='ltr'>bonis:</span> <span class='ocrx_word' id='word_1_365' title='bbox 821 2316 883 2350; x_wconf 88' lang='lat' dir='ltr'>sed</span> <span class='ocrx_word' id='word_1_366' title='bbox 910 2317 1001 2350; x_wconf 88' lang='lat' dir='ltr'>haec</span> <span class='ocrx_word' id='word_1_367' title='bbox 1028 2317 1169 2350; x_wconf 85' lang='lat' dir='ltr'>tristitia</span> <span class='ocrx_word' id='word_1_368' title='bbox 1190 2324 1309 2362; x_wconf 87' lang='lat' dir='ltr'>potest</span> <span class='ocrx_word' id='word_1_369' title='bbox 1328 2315 1537 2360; x_wconf 78' lang='lat' dir='ltr'>contingere</span> <span class='ocrx_word' id='word_1_370' title='bbox 1565 2318 1707 2358; x_wconf 75' lang='lat' dir='ltr'>quatuor</span> 
     </span>
     <span class='ocr_line' id='line_1_40' title="bbox 145 2369 1708 2416; baseline -0.004 -12"><span class='ocrx_word' id='word_1_371' title='bbox 145 2370 282 2404; x_wconf 86' lang='lat' dir='ltr'>modis:</span> <span class='ocrx_word' id='word_1_372' title='bbox 303 2382 368 2404; x_wconf 75' lang='lat' dir='ltr'>mlo</span> <span class='ocrx_word' id='word_1_373' title='bbox 389 2370 535 2416; x_wconf 89' lang='lat' dir='ltr'>quidem</span> <span class='ocrx_word' id='word_1_374' title='bbox 553 2370 661 2412; x_wconf 79' lang='lat' dir='ltr'>modo,</span> <span class='ocrx_word' id='word_1_375' title='bbox 685 2381 768 2404; x_wconf 88' lang='lat' dir='ltr'>cum</span> <span class='ocrx_word' id='word_1_376' title='bbox 790 2369 918 2416; x_wconf 85' lang='lat' dir='ltr'>aliquis</span> <span class='ocrx_word' id='word_1_377' title='bbox 940 2370 1038 2404; x_wconf 91' lang='lat' dir='ltr'>dolet</span> <span class='ocrx_word' id='word_1_378' title='bbox 1060 2370 1102 2404; x_wconf 91' lang='lat' dir='ltr'>de</span> <span class='ocrx_word' id='word_1_379' title='bbox 1128 2370 1226 2403; x_wconf 90' lang='lat' dir='ltr'>bono</span> <span class='ocrx_word' id='word_1_380' title='bbox 1250 2369 1412 2413; x_wconf 79' lang='lat' dir='ltr'>alicujus,</span> <span class='ocrx_word' id='word_1_381' title='bbox 1434 2369 1645 2413; x_wconf 80' lang='lat' dir='ltr'>inquantum</span> <span class='ocrx_word' id='word_1_382' title='bbox 1666 2376 1708 2398; x_wconf 71' lang='lat' dir='ltr'>ex</span> 
     </span>
     <span class='ocr_line' id='line_1_41' title="bbox 144 2418 1705 2469; baseline -0.005 -11"><span class='ocrx_word' id='word_1_383' title='bbox 144 2435 188 2458; x_wconf 90' lang='lat' dir='ltr'>eo</span> <span class='ocrx_word' id='word_1_384' title='bbox 209 2424 355 2458; x_wconf 85' lang='lat' dir='ltr'>timetur</span> <span class='ocrx_word' id='word_1_385' title='bbox 376 2431 638 2457; x_wconf 88' lang='lat' dir='ltr'>nocumentum</span> <span class='ocrx_word' id='word_1_386' title='bbox 665 2423 722 2457; x_wconf 89' lang='lat' dir='ltr'>vel</span> <span class='ocrx_word' id='word_1_387' title='bbox 750 2423 817 2457; x_wconf 88' lang='lat' dir='ltr'>sibi</span> <span class='ocrx_word' id='word_1_388' title='bbox 838 2423 916 2469; x_wconf 84' lang='lat' dir='ltr'>ipsi,</span> <span class='ocrx_word' id='word_1_389' title='bbox 938 2423 996 2457; x_wconf 86' lang='lat' dir='ltr'>vel</span> <span class='ocrx_word' id='word_1_390' title='bbox 1017 2423 1126 2457; x_wconf 86' lang='lat' dir='ltr'>etiam</span> <span class='ocrx_word' id='word_1_391' title='bbox 1150 2422 1227 2456; x_wconf 88' lang='lat' dir='ltr'>aliis</span> <span class='ocrx_word' id='word_1_392' title='bbox 1249 2422 1369 2456; x_wconf 83' lang='lat' dir='ltr'>bonis:</span> <span class='ocrx_word' id='word_1_393' title='bbox 1399 2429 1433 2455; x_wconf 92' lang='lat' dir='ltr'>et</span> <span class='ocrx_word' id='word_1_394' title='bbox 1458 2420 1538 2454; x_wconf 85' lang='lat' dir='ltr'>talis</span> <span class='ocrx_word' id='word_1_395' title='bbox 1565 2418 1705 2452; x_wconf 84' lang='lat' dir='ltr'>tristitia</span> 
     </span>
     <span class='ocr_line' id='line_1_42' title="bbox 144 2471 1707 2522; baseline -0.004 -12"><span class='ocrx_word' id='word_1_396' title='bbox 144 2488 218 2511; x_wconf 87' lang='lat' dir='ltr'>non</span> <span class='ocrx_word' id='word_1_397' title='bbox 241 2485 293 2511; x_wconf 90' lang='lat' dir='ltr'>est</span> <span class='ocrx_word' id='word_1_398' title='bbox 313 2477 458 2519; x_wconf 73' lang='lat' dir='ltr'>invidia,</span> <span class='ocrx_word' id='word_1_399' title='bbox 480 2485 518 2510; x_wconf 93' lang='lat' dir='ltr'>ut</span> <span class='ocrx_word' id='word_1_400' title='bbox 539 2477 675 2510; x_wconf 88' lang='lat' dir='ltr'>dictum</span> <span class='ocrx_word' id='word_1_401' title='bbox 698 2484 751 2510; x_wconf 90' lang='lat' dir='ltr'>est</span> <span class='ocrx_word' id='word_1_402' title='bbox 771 2478 848 2520; x_wconf 74' lang='lat' dir='ltr'>(art.</span> <span class='ocrx_word' id='word_1_403' title='bbox 867 2478 1010 2522; x_wconf 73' lang='lat' dir='ltr'>praec),</span> <span class='ocrx_word' id='word_1_404' title='bbox 1035 2484 1069 2510; x_wconf 89' lang='lat' dir='ltr'>et</span> <span class='ocrx_word' id='word_1_405' title='bbox 1086 2483 1205 2521; x_wconf 89' lang='lat' dir='ltr'>potest</span> <span class='ocrx_word' id='word_1_406' title='bbox 1227 2486 1304 2509; x_wconf 91' lang='lat' dir='ltr'>esse</span> <span class='ocrx_word' id='word_1_407' title='bbox 1327 2475 1402 2508; x_wconf 90' lang='lat' dir='ltr'>sine</span> <span class='ocrx_word' id='word_1_408' title='bbox 1426 2480 1575 2519; x_wconf 82' lang='lat' dir='ltr'>peccato</span> <span class='ocrx_word' id='word_1_409' title='bbox 1590 2484 1598 2513; x_wconf 80' lang='lat'>3</span> <span class='ocrx_word' id='word_1_410' title='bbox 1614 2471 1707 2504; x_wconf 88' lang='lat' dir='ltr'>unde</span> 
     </span>
     <span class='ocr_line' id='line_1_43' title="bbox 148 2524 1709 2576; baseline -0.004 -12"><span class='ocrx_word' id='word_1_411' title='bbox 148 2530 300 2576; x_wconf 80' lang='lat' dir='ltr'>Gregor.</span> <span class='ocrx_word' id='word_1_412' title='bbox 324 2540 378 2564; x_wconf 88' lang='lat'>22.</span> <span class='ocrx_word' id='word_1_413' title='bbox 400 2530 529 2564; x_wconf 89' lang='lat' dir='ltr'>Moral.</span> <span class='ocrx_word' id='word_1_414' title='bbox 552 2530 640 2576; x_wconf 77' lang='lat' dir='ltr'>(cap.</span> <span class='ocrx_word' id='word_1_415' title='bbox 664 2530 714 2574; x_wconf 81' lang='lat'>6.)</span> <span class='ocrx_word' id='word_1_416' title='bbox 738 2529 803 2563; x_wconf 86' lang='lat' dir='ltr'>ait:</span> <span class='ocrx_word' id='word_1_417' title='bbox 830 2542 847 2561; x_wconf 81' lang='lat'>«</span> <span class='ocrx_word' id='word_1_418' title='bbox 869 2529 1021 2563; x_wconf 86' lang='lat' dir='ltr'>Evenire</span> <span class='ocrx_word' id='word_1_419' title='bbox 1048 2529 1261 2575; x_wconf 86' lang='lat' dir='ltr'>plerumque</span> <span class='ocrx_word' id='word_1_420' title='bbox 1288 2527 1390 2568; x_wconf 77' lang='lat' dir='ltr'>solet,</span> <span class='ocrx_word' id='word_1_421' title='bbox 1418 2535 1455 2559; x_wconf 89' lang='lat' dir='ltr'>ut</span> <span class='ocrx_word' id='word_1_422' title='bbox 1481 2536 1554 2559; x_wconf 87' lang='lat' dir='ltr'>non</span> <span class='ocrx_word' id='word_1_423' title='bbox 1578 2524 1709 2558; x_wconf 88' lang='lat' dir='ltr'>amissa</span> 
     </span>
     <span class='ocr_line' id='line_1_44' title="bbox 147 2577 1709 2626; baseline -0.004 -10"><span class='ocrx_word' id='word_1_424' title='bbox 147 2583 332 2624; x_wconf 84' lang='lat' dir='ltr'>charitate,</span> <span class='ocrx_word' id='word_1_425' title='bbox 355 2590 389 2617; x_wconf 88' lang='lat' dir='ltr'>et</span> <span class='ocrx_word' id='word_1_426' title='bbox 409 2583 548 2616; x_wconf 89' lang='lat' dir='ltr'>inimici</span> <span class='ocrx_word' id='word_1_427' title='bbox 567 2594 634 2616; x_wconf 87' lang='lat' dir='ltr'>nos</span> <span class='ocrx_word' id='word_1_428' title='bbox 656 2583 758 2616; x_wconf 86' lang='lat' dir='ltr'>ruina</span> <span class='ocrx_word' id='word_1_429' title='bbox 785 2582 965 2624; x_wconf 82' lang='lat' dir='ltr'>laetificet,</span> <span class='ocrx_word' id='word_1_430' title='bbox 993 2591 1027 2616; x_wconf 86' lang='lat' dir='ltr'>et</span> <span class='ocrx_word' id='word_1_431' title='bbox 1052 2593 1193 2616; x_wconf 87' lang='lat' dir='ltr'>rursum</span> <span class='ocrx_word' id='word_1_432' title='bbox 1224 2582 1298 2626; x_wconf 78' lang='lat' dir='ltr'>ejus</span> <span class='ocrx_word' id='word_1_433' title='bbox 1321 2580 1435 2624; x_wconf 70' lang='lat' dir='ltr'>gloria</span> <span class='ocrx_word' id='word_1_434' title='bbox 1458 2579 1532 2612; x_wconf 88' lang='lat' dir='ltr'>sine</span> <span class='ocrx_word' id='word_1_435' title='bbox 1554 2577 1709 2610; x_wconf 79' lang='lat' dir='ltr'>invidiae</span> 
     </span>
     <span class='ocr_line' id='line_1_45' title="bbox 148 2629 1711 2682; baseline -0.005 -12"><span class='ocrx_word' id='word_1_436' title='bbox 148 2636 253 2682; x_wconf 88' lang='lat' dir='ltr'>culpa</span> <span class='ocrx_word' id='word_1_437' title='bbox 276 2636 480 2678; x_wconf 87' lang='lat' dir='ltr'>contristet;</span> <span class='ocrx_word' id='word_1_438' title='bbox 509 2647 592 2669; x_wconf 90' lang='lat' dir='ltr'>cum</span> <span class='ocrx_word' id='word_1_439' title='bbox 619 2644 653 2669; x_wconf 93' lang='lat' dir='ltr'>et</span> <span class='ocrx_word' id='word_1_440' title='bbox 679 2644 803 2670; x_wconf 89' lang='lat' dir='ltr'>ruente</span> <span class='ocrx_word' id='word_1_441' title='bbox 826 2647 870 2669; x_wconf 94' lang='lat' dir='ltr'>eo</span> <span class='ocrx_word' id='word_1_442' title='bbox 893 2636 1071 2681; x_wconf 87' lang='lat' dir='ltr'>quosdam</span> <span class='ocrx_word' id='word_1_443' title='bbox 1093 2635 1185 2669; x_wconf 90' lang='lat' dir='ltr'>bene</span> <span class='ocrx_word' id='word_1_444' title='bbox 1213 2633 1301 2678; x_wconf 71' lang='lat' dir='ltr'>erigi</span> <span class='ocrx_word' id='word_1_445' title='bbox 1330 2632 1520 2672; x_wconf 84' lang='lat' dir='ltr'>credimus,</span> <span class='ocrx_word' id='word_1_446' title='bbox 1547 2638 1582 2664; x_wconf 88' lang='lat' dir='ltr'>et</span> <span class='ocrx_word' id='word_1_447' title='bbox 1607 2629 1711 2674; x_wconf 84' lang='lat' dir='ltr'>profi-</span> 
     </span>
     <span class='ocr_line' id='line_1_46' title="bbox 149 2682 1710 2735; baseline -0.004 -13"><span class='ocrx_word' id='word_1_448' title='bbox 149 2690 264 2723; x_wconf 89' lang='lat' dir='ltr'>ciente</span> <span class='ocrx_word' id='word_1_449' title='bbox 290 2688 354 2723; x_wconf 85' lang='lat' dir='ltr'>illo</span> <span class='ocrx_word' id='word_1_450' title='bbox 381 2689 572 2735; x_wconf 86' lang='lat' dir='ltr'>plerosque</span> <span class='ocrx_word' id='word_1_451' title='bbox 594 2689 724 2734; x_wconf 76' lang='lat' dir='ltr'>injuste</span> <span class='ocrx_word' id='word_1_452' title='bbox 747 2689 903 2734; x_wconf 89' lang='lat' dir='ltr'>opprimi</span> <span class='ocrx_word' id='word_1_453' title='bbox 924 2688 1163 2722; x_wconf 83' lang='lat' dir='ltr'>formidamus</span> <span class='ocrx_word' id='word_1_454' title='bbox 1178 2699 1208 2719; x_wconf 85' lang='grc'>&gt;);</span> <span class='ocrx_word' id='word_1_455' title='bbox 1232 2687 1296 2720; x_wconf 74' lang='lat' dir='ltr'>ulio</span> <span class='ocrx_word' id='word_1_456' title='bbox 1326 2684 1421 2718; x_wconf 74' lang='lat' dir='ltr'>modo</span> <span class='ocrx_word' id='word_1_457' title='bbox 1445 2690 1561 2729; x_wconf 87' lang='lat' dir='ltr'>potest</span> <span class='ocrx_word' id='word_1_458' title='bbox 1583 2682 1710 2728; x_wconf 87' lang='lat' dir='ltr'>aliquis</span> 
     </span>
     <span class='ocr_line' id='line_1_47' title="bbox 148 2735 1709 2787; baseline -0.005 -11"><span class='ocrx_word' id='word_1_459' title='bbox 148 2742 281 2776; x_wconf 88' lang='lat' dir='ltr'>tristari</span> <span class='ocrx_word' id='word_1_460' title='bbox 302 2742 344 2776; x_wconf 89' lang='lat' dir='ltr'>de</span> <span class='ocrx_word' id='word_1_461' title='bbox 366 2742 463 2775; x_wconf 89' lang='lat' dir='ltr'>bono</span> <span class='ocrx_word' id='word_1_462' title='bbox 487 2741 642 2783; x_wconf 88' lang='lat' dir='ltr'>alterius,</span> <span class='ocrx_word' id='word_1_463' title='bbox 664 2753 738 2775; x_wconf 91' lang='lat' dir='ltr'>non</span> <span class='ocrx_word' id='word_1_464' title='bbox 761 2753 802 2776; x_wconf 79' lang='lat' dir='ltr'>ex</span> <span class='ocrx_word' id='word_1_465' title='bbox 824 2753 867 2776; x_wconf 89' lang='lat' dir='ltr'>eo</span> <span class='ocrx_word' id='word_1_466' title='bbox 891 2741 987 2787; x_wconf 89' lang='lat' dir='ltr'>quod</span> <span class='ocrx_word' id='word_1_467' title='bbox 1010 2741 1085 2786; x_wconf 89' lang='lat' dir='ltr'>ipse</span> <span class='ocrx_word' id='word_1_468' title='bbox 1107 2740 1215 2773; x_wconf 84' lang='lat' dir='ltr'>habet</span> <span class='ocrx_word' id='word_1_469' title='bbox 1235 2739 1384 2779; x_wconf 82' lang='lat' dir='ltr'>bonum,</span> <span class='ocrx_word' id='word_1_470' title='bbox 1406 2737 1467 2770; x_wconf 92' lang='lat' dir='ltr'>sed</span> <span class='ocrx_word' id='word_1_471' title='bbox 1490 2748 1532 2770; x_wconf 78' lang='lat' dir='ltr'>ex</span> <span class='ocrx_word' id='word_1_472' title='bbox 1550 2747 1594 2770; x_wconf 88' lang='lat' dir='ltr'>eo</span> <span class='ocrx_word' id='word_1_473' title='bbox 1613 2735 1709 2781; x_wconf 86' lang='lat' dir='ltr'>quod</span> 
     </span>
     <span class='ocr_line' id='line_1_48' title="bbox 149 2788 1708 2841; baseline -0.005 -12"><span class='ocrx_word' id='word_1_474' title='bbox 149 2796 252 2829; x_wconf 89' lang='lat' dir='ltr'>nobis</span> <span class='ocrx_word' id='word_1_475' title='bbox 271 2795 371 2829; x_wconf 83' lang='lat' dir='ltr'>deest</span> <span class='ocrx_word' id='word_1_476' title='bbox 390 2795 529 2829; x_wconf 89' lang='lat' dir='ltr'>bonum</span> <span class='ocrx_word' id='word_1_477' title='bbox 550 2795 649 2836; x_wconf 81' lang='lat' dir='ltr'>illud,</span> <span class='ocrx_word' id='word_1_478' title='bbox 672 2795 768 2841; x_wconf 90' lang='lat' dir='ltr'>quod</span> <span class='ocrx_word' id='word_1_479' title='bbox 782 2795 857 2840; x_wconf 89' lang='lat' dir='ltr'>ipse</span> <span class='ocrx_word' id='word_1_480' title='bbox 872 2795 998 2828; x_wconf 86' lang='lat' dir='ltr'>habet:</span> <span class='ocrx_word' id='word_1_481' title='bbox 1022 2802 1057 2827; x_wconf 92' lang='lat' dir='ltr'>et</span> <span class='ocrx_word' id='word_1_482' title='bbox 1074 2794 1145 2827; x_wconf 89' lang='lat' dir='ltr'>hoc</span> <span class='ocrx_word' id='word_1_483' title='bbox 1167 2791 1311 2837; x_wconf 89' lang='lat' dir='ltr'>proprie</span> <span class='ocrx_word' id='word_1_484' title='bbox 1327 2798 1380 2824; x_wconf 87' lang='lat' dir='ltr'>est</span> <span class='ocrx_word' id='word_1_485' title='bbox 1393 2789 1502 2830; x_wconf 84' lang='lat' dir='ltr'>zelus,</span> <span class='ocrx_word' id='word_1_486' title='bbox 1517 2797 1555 2822; x_wconf 91' lang='lat' dir='ltr'>ut</span> <span class='ocrx_word' id='word_1_487' title='bbox 1571 2788 1708 2822; x_wconf 88' lang='lat' dir='ltr'>Philos.</span> 
     </span>
     <span class='ocr_line' id='line_1_49' title="bbox 151 2841 1710 2893; baseline -0.004 -11"><span class='ocrx_word' id='word_1_488' title='bbox 151 2848 236 2882; x_wconf 87' lang='lat' dir='ltr'>dicit</span> <span class='ocrx_word' id='word_1_489' title='bbox 255 2848 292 2882; x_wconf 88' lang='lat' dir='ltr'>in</span> <span class='ocrx_word' id='word_1_490' title='bbox 315 2859 345 2882; x_wconf 91' lang='lat'>2.</span> <span class='ocrx_word' id='word_1_491' title='bbox 368 2848 472 2882; x_wconf 87' lang='lat' dir='ltr'>Rhet.</span> <span class='ocrx_word' id='word_1_492' title='bbox 498 2848 584 2893; x_wconf 76' lang='lat' dir='ltr'>(cap.</span> <span class='ocrx_word' id='word_1_493' title='bbox 600 2848 684 2892; x_wconf 81' lang='lat' dir='ltr'><strong><em>II.),·</em></strong></span> <span class='ocrx_word' id='word_1_494' title='bbox 713 2855 747 2882; x_wconf 90' lang='lat' dir='ltr'>et</span> <span class='ocrx_word' id='word_1_495' title='bbox 768 2848 796 2881; x_wconf 90' lang='lat' dir='ltr'>si</span> <span class='ocrx_word' id='word_1_496' title='bbox 819 2848 884 2882; x_wconf 88' lang='lat' dir='ltr'>iste</span> <span class='ocrx_word' id='word_1_497' title='bbox 907 2847 1003 2881; x_wconf 86' lang='lat' dir='ltr'>zelus</span> <span class='ocrx_word' id='word_1_498' title='bbox 1028 2848 1071 2880; x_wconf 83' lang='lat' dir='ltr'>sit</span> <span class='ocrx_word' id='word_1_499' title='bbox 1094 2846 1188 2879; x_wconf 86' lang='lat' dir='ltr'>circa</span> <span class='ocrx_word' id='word_1_500' title='bbox 1210 2844 1305 2877; x_wconf 87' lang='lat' dir='ltr'>bona</span> <span class='ocrx_word' id='word_1_501' title='bbox 1332 2843 1495 2883; x_wconf 85' lang='lat' dir='ltr'>honesta,</span> <span class='ocrx_word' id='word_1_502' title='bbox 1522 2841 1710 2876; x_wconf 82' lang='lat' dir='ltr'>laudabilis</span> 
     </span>
    </p>
   </div>
  </div>
 </body>
</html>
