1859 3122
203 167 286 208 880
602 179 824 214 QUAESTIO
859 179 1023 209 cxxxn.
1055 179 1300 210 ARTICULUS
1333 180 1360 211 1.

643 420 997 481 QUAESTIO
1045 420 1302 468 CXXXII.

350 543 414 574 DE
440 543 578 574 INANI
605 543 795 582 GLORIA,
820 543 871 574 IN
896 542 1114 583 QUINQUE
1140 526 1401 574 ARTICULOS'
1428 542 1603 575 DIVISA.

267 684 407 718 Deinde
429 683 734 719 considerandum
757 692 809 718 est
830 683 874 718 de
895 684 994 718 inani
1013 684 1139 730 gloria.

652 772 694 806 Et
720 772 810 806 circa
837 771 895 805 hoc
922 776 1127 817 quaeruntur
1147 772 1298 817 quinque.

266 840 401 875 Primo.
425 841 557 875 Utrum
579 841 756 887 appetitus
776 841 912 887 gloriae
934 843 979 876 sit
1000 850 1203 888 peccatum.

269 894 449 928 Secundo.
473 895 605 928 Utrum
627 895 917 940 magnanimitati
940 904 1155 941 opponatur.

269 947 406 981 Tertio.
430 947 562 981 Utrum
583 948 627 982 sit
650 957 841 994 peccatum
863 949 1029 984 mortale.

269 1001 421 1041 Quarto.
445 1001 577 1035 Utrum
599 1001 643 1035 sit
663 1001 791 1035 vitium
814 1001 978 1048 capitale.

268 1055 418 1095 Quinto.
442 1055 497 1089 De
515 1055 654 1090 filiabus
676 1057 762 1101 ejus.

781 1194 1125 1240 ARTICULUS
1152 1196 1184 1238 Ι.
1685 1205 1750 1252 655

473 1303 625 1332 UTRUM
657 1303 896 1333 APPETITUS
931 1303 1120 1333 GLORIAE
1153 1303 1219 1332 SIT
1253 1301 1504 1332 PECCATUM.

683 1391 782 1434 (Mil.
805 1403 835 1436 t]-
858 1402 889 1436 9.
909 1396 973 1425 art.
1000 1403 1027 1425 I.
1049 1396 1079 1425 et
1099 1402 1129 1425 2.
1149 1390 1269 1436 corp).

265 1480 325 1513 AD
347 1489 495 1513 PRiMUM
517 1480 568 1513 sic
590 1479 806 1524 proceditur.
834 1479 991 1522 Videtur,
1018 1479 1114 1525 quod
1141 1479 1317 1525 appetitus
1344 1478 1480 1524 gloriae
1506 1490 1580 1513 non
1606 1478 1650 1513 sit
1675 1490 1754 1525 pec-

196 1540 335 1566 catum:
358 1532 476 1566 nullus
499 1532 595 1566 enim
618 1541 744 1578 peccat
769 1533 805 1566 in
831 1533 902 1566 hoc
931 1533 1027 1578 quod
1052 1532 1133 1567 Deo
1162 1532 1395 1567 assimilatur:
1423 1532 1625 1578 quinimmo
1651 1543 1754 1566 man-

194 1586 298 1619 datur
320 1586 362 1619 ad
385 1585 514 1631 Ephes.
542 1597 581 1630 5.:
603 1587 710 1620 Estote
733 1587 911 1620 imitatores
929 1587 1007 1629 Dei,
1024 1586 1180 1632 siczctfilii
1201 1587 1405 1621 charissimi:
1424 1585 1485 1620 sed
1507 1586 1543 1620 in
1564 1586 1636 1620 hoc
1655 1585 1752 1631 quod

194 1639 308 1672 homo
336 1638 474 1684 quaerit
499 1638 666 1684 gloriam,
696 1639 836 1673 videtur
865 1639 986 1673 Deum
1015 1639 1160 1682 imitari,
1188 1639 1249 1685 qui
1282 1639 1324 1673 ab
1357 1639 1566 1673 hominibus
1596 1638 1752 1685 gloriam

194 1692 350 1737 quaerit3
392 1692 486 1726 unde
513 1692 641 1726 dicitur
666 1693 733 1726 Isa.
760 1703 835 1738 43.:
864 1693 958 1738 Affer
978 1693 1068 1739 filios
1098 1705 1183 1727 meos
1208 1693 1244 1728 de
1269 1693 1459 1738 longinquo,
1489 1698 1518 1728 et
1546 1693 1635 1738 filias
1666 1704 1753 1727 meas

193 1747 233 1779 ab
252 1747 402 1780 extrmnis
423 1750 542 1788 terrae,
564 1751 593 1780 et
619 1758 759 1788 omnem,
786 1747 843 1792 qui
862 1747 996 1780 invocat
1023 1758 1138 1781 nomen
1163 1758 1281 1787 meum,
1304 1748 1339 1780 in
1354 1746 1498 1792 gloriam
1515 1758 1622 1781 meam
1640 1746 1753 1781 creavi

192 1810 287 1839 cunm
311 1809 398 1843 ergo
422 1799 598 1844 appetitus
621 1798 758 1844 gloriae
780 1810 854 1832 non
877 1807 928 1833 est
950 1808 1151 1845 peccatum.

263 1861 295 1885 2.
318 1852 553 1886 PRAETEREA.
574 1851 678 1895 Illud,
701 1864 763 1898 per
784 1852 881 1898 quod
904 1852 1031 1898 aliquis
1053 1860 1270 1899 provocatur
1290 1852 1333 1886 ad
1350 1852 1499 1894 bonum,
1521 1863 1594 1886 non
1612 1852 1752 1886 videtur

193 1916 271 1938 esse
293 1913 502 1950 peccatum:
525 1905 588 1938 sed
609 1917 672 1951 per
695 1906 893 1951 appetitum
916 1905 1053 1951 gloriae
1074 1906 1243 1940 homines
1265 1913 1509 1952 provocantur
1531 1905 1572 1939 ad
1594 1905 1750 1939 bonum:

192 1957 278 1991 dicit
300 1958 396 1991 enim
419 1957 560 1992 Tullius
582 1958 617 1992 in
639 1958 730 1992 libro
757 1969 784 1992 1.
805 1959 846 1992 de
870 1958 1086 1993 Tusculanis
1112 1959 1199 2000 QQ.
1217 1958 1252 2003 (a
1267 1959 1394 2005 princ.)
1418 1958 1514 2005 quod
1532 1969 1692 1993 «omnes
1707 1958 1750 1992 ad

178 2011 307 2044 studia
329 2011 568 2045 incenduntur
590 2011 705 2057 gloria
719 2024 758 2045 »ι
782 2013 817 2045 in
840 2012 951 2046 Sacra
973 2013 1081 2046 etiam
1106 2013 1289 2058 Scriptura
1308 2012 1526 2058 promittitur
1543 2011 1659 2058 gloria
1685 2022 1750 2057 pro

192 2064 296 2098 bonis
318 2064 497 2109 operibus,
519 2065 720 2098 secundum
741 2064 829 2098 illud
851 2066 894 2098 ad
916 2065 1070 2100 Roman.
1098 2076 1149 2100 2.:
1170 2066 1235 2100 His
1258 2066 1400 2111 quidem,
1423 2067 1479 2111 qui
1498 2065 1672 2100 secundum
1688 2071 1750 2111 pa-

193 2118 342 2152 tientiam
365 2118 441 2151 boni
467 2119 584 2164 operis,
603 2118 758 2163 gloriam,
781 2123 808 2153 et
829 2119 1006 2159 honoratim
1027 2130 1114 2164 ergo
1139 2119 1314 2165 appetitus
1338 2119 1474 2165 gloriae
1500 2130 1575 2153 non
1602 2126 1655 2153 est
1671 2128 1751 2164 pec-

192 2178 324 2204 catum.

267 2235 295 2269 3.
317 2223 552 2258 PRAETEREA.
577 2222 718 2258 Tullius
741 2225 825 2258 dicit
839 2225 875 2258 in
893 2236 957 2259 sua
975 2225 1123 2259 Rhetor.
1139 2225 1213 2270 (lib.
1230 2237 1259 2259 2.
1276 2225 1312 2259 de
1326 2225 1470 2270 Invant.)
1486 2223 1583 2271 quod
1602 2223 1750 2270 «gloria

192 2285 245 2311 est
264 2276 432 2322 frequens
453 2277 496 2310 de
519 2276 639 2322 aliquo
660 2277 757 2311 fama
780 2289 863 2311 cum
885 2277 990 2312 laude
1006 2290 1048 2320 »3
1070 2286 1104 2312 et
1127 2278 1169 2311 ad
1191 2278 1287 2311 idem
1303 2278 1465 2323 pertinet,
1482 2277 1576 2323 quod
1596 2277 1749 2323 August.

191 2330 277 2364 dicit
299 2329 415 2376 (li12.3.
438 2335 520 2364 conl.
543 2330 723 2364 Maximin.
746 2337 816 2376 cap.
842 2331 904 2377 13.)
932 2331 1028 2377 quod
1053 2344 1070 2362 ‹<
1090 2330 1205 2376 gloria
1227 2339 1280 2365 est
1301 2331 1402 2376 quasi
1425 2331 1521 2364 clara
1543 2342 1627 2364 cum
1643 2330 1749 2365 laude

190 2384 317 2417 notitia
328 2395 360 2416 »ι
377 2383 438 2417 sed
451 2391 616 2429 appetere
632 2383 850 2418 laudabilem
865 2383 1001 2417 famam
1015 2395 1089 2418 non
1105 2393 1157 2418 est
1172 2392 1360 2430 peccatum
1372 2397 1380 2427 ;
1392 2384 1594 2430 quinimmo
1611 2383 1750 2418 videtur

191 2448 267 2470 esse
289 2436 480 2478 laudabile,
503 2437 701 2470 secundum
724 2436 811 2470 illud
834 2437 944 2470 Eccli.
966 2448 1042 2479 μα
1068 2438 1194 2472 Curam
1214 2438 1292 2472 habe
1313 2437 1349 2471 da
1371 2439 1452 2472 bono
1474 2439 1626 2478 nomz'ne;
1650 2445 1683 2471 et
1705 2436 1748 2470 ad

190 2490 296 2523 Rom.
324 2500 393 2523 12.:
416 2489 627 2524 Providentus
649 2491 733 2524 bona
754 2502 817 2523 non
839 2491 942 2524 solum
964 2502 1077 2525 coram
1100 2491 1183 2532 Dm,
1207 2491 1258 2525 sed
1276 2492 1375 2525 ctiam
1394 2502 1507 2525 coram
1526 2491 1676 2525 omnibus
1696 2490 1749 2524 ho-

189 2544 349 2583 mz'nilms;
373 2554 459 2587 ergo
483 2543 658 2588 appetitus
681 2542 794 2576 inanis
818 2543 954 2587 gloriae
976 2555 1049 2577 non
1074 2552 1125 2577 est
1147 2552 1348 2589 peccatum.

261 2596 335 2630 SED
350 2607 504 2631 CONTRA
523 2605 586 2638 est,
599 2596 694 2642 quod
718 2596 869 2641 August.
893 2597 977 2630 dicit
1002 2608 1030 2639 5.
1055 2597 1096 2631 de
1121 2597 1227 2631 Civit.
1250 2597 1319 2631 Dei
1349 2598 1438 2644 (cap.
1468 2597 1552 2643 13.):
1578 2609 1595 2628 «
1619 2596 1748 2631 Sanius

189 2649 296 2689 videt,
318 2649 377 2694 qui
400 2657 435 2683 ct
457 2660 620 2683 amorem
643 2649 757 2682 laudis
780 2649 906 2682 vitium
929 2661 1005 2683 esse
1029 2651 1266 2693 cognoscit».

261 2702 489 2736 RESPONDEO
517 2702 720 2744 dicendum,
737 2702 831 2747 quod
856 2702 970 2747 gloria
994 2702 1193 2737 claritatem
1217 2703 1412 2748 quamdam
1435 2702 1631 2749 significat3
1652 2702 1747 2737 unde

188 2755 374 2800 glorificari
395 2755 477 2789 idm
498 2761 549 2796 est,
576 2755 660 2800 qnod
687 2755 880 2801 clarificari,
911 2763 949 2789 ut
978 2755 1130 2800 August.
1165 2756 1250 2790 dicit
1282 2767 1388 2802 super
1412 2756 1515 2801 Joan.
1549 2756 1663 2801 (tract.
1692 2756 1745 2790 82.

190 2813 218 2842 ul
239 2821 312 2843 100.
336 2814 364 2843 ct
385 2810 496 2852 104.):
520 2808 662 2842 claritas
684 2817 816 2850 autem,
839 2816 872 2842 et
894 2808 1004 2842 decor
1030 2809 1225 2855 quamdam
1247 2810 1380 2844 habent
1398 2809 1747 2851 manifestationem3

192 2869 226 2894 ct
248 2861 328 2895 ideo
350 2873 487 2896 nomen
518 2861 655 2907 gloriae
685 2862 825 2909 proprie
854 2861 1026 2907 importat
1055 2861 1384 2897 manifestationem
1416 2862 1566 2909 alicujus
1593 2862 1636 2896 de
1661 2862 1748 2904 hoc,
