1859 3122
497 172 715 208 QUAESTIO
748 171 910 202 Lxxxu.
943 171 1187 202 ARTICULUS
1220 171 1248 201 1.
1570 171 1650 212 575

172 254 231 289 AD
259 264 465 289 SECUNDUM
492 254 697 296 dicendum,
724 255 821 300 quod
855 254 1000 288 devotio
1022 253 1201 288 invenitur
1233 252 1269 286 in
1297 251 1444 286 diversis
1466 251 1657 297 generibus

101 316 258 350 actuum,
279 319 353 342 non
375 308 466 342 sicut
486 308 624 353 species
646 307 792 342 illorum
819 318 1004 353 generum,
1027 306 1087 341 sed
1110 307 1202 340 sicut
1223 305 1339 340 motio
1363 304 1541 339 moventis
1562 304 1658 338 inve-

100 361 195 395 nitur
216 361 343 395 virtute
365 361 401 395 in
423 361 580 395 motibus
602 361 804 395 mobilium.

172 415 231 457 Ap
254 425 422 450 TERT1UM
437 415 641 456 dicendum,
657 415 753 460 quod
775 414 920 448 devotio
943 421 993 448 est
1017 422 1115 448 actus
1139 413 1353 459 appetitivae
1372 412 1481 458 partis
1503 411 1657 452 animae,

92 476 136 504 ,et
156 477 209 503 est
229 468 376 514 quidam
398 476 517 502 motus
539 468 745 510 voluntatis,
768 475 804 502 ut
825 468 960 502 dictum
983 475 1035 501 est
1058 468 1109 512 (ιιι
1131 473 1221 513 corp.
1244 467 1336 512 art).

673 610 1019 656 ARTICULUS
1047 609 1103 652 Π.
1587 627 1654 664 435

402 719 556 750 UTRUM
586 718 786 748 DEVOTIO
821 718 887 749 SIT
920 717 1062 747 ACTUS
1095 715 1357 746 RELIGIONIS.

265 807 364 853 (Infr.
387 819 416 853 q.
438 808 485 854 83.
504 812 567 841 art.
586 818 612 853 3.
633 805 674 840 acl
695 816 724 839 1.
746 810 774 840 et
795 811 859 840 art.
881 816 925 851 15.
944 811 1032 850 corp.
1055 809 1085 839 et
1105 815 1134 849 q.
1153 814 1228 847 104.
1251 807 1315 837 art.
1334 813 1362 848 3.
1382 801 1424 835 ad
1442 801 1498 846 1.).

173 896 232 931 AD
255 906 461 931 SECUNDUM
482 896 531 930 sic
550 895 765 942 proceditur.
779 894 940 936 Videtur,
956 893 1052 940 quod
1071 892 1216 927 devotio
1238 902 1312 925 non
1335 891 1379 924 sit
1401 897 1501 923 actus
1522 887 1662 933 religio-

102 950 174 984 nis:
198 950 342 984 devotio
365 950 473 992 enim,
494 958 532 984 ut
553 949 689 983 dictum
711 957 764 982 est
783 949 864 993 (nrt.
883 947 1026 994 praec),
1050 946 1093 980 ad
1115 946 1188 980 hoc
1214 944 1379 991 pertinet,
1409 942 1505 988 quod
1533 941 1660 987 aliquis

103 1015 140 1038 se
162 1004 242 1037 Deo
264 1003 397 1037 tradat:
428 1003 489 1037 sed
510 1003 581 1036 hoc
608 1002 766 1036 maxime
794 1001 832 1036 fit
858 1012 921 1047 per
951 1000 1184 1041 charitatem3
1207 998 1300 1044 quia,
1328 1005 1366 1031 ut
1392 997 1545 1042 Dionys.
1577 994 1663 1028 dicit

102 1067 135 1099 4.
159 1068 235 1102 cap.
257 1056 300 1090 de
322 1056 403 1090 Div.
425 1056 534 1090 Nom.
558 1056 661 1102 (part.
688 1068 714 1090 I.
738 1055 805 1090 lact.
828 1055 919 1099 10.):
945 1067 964 1086 «
984 1053 1139 1087 Divinus
1166 1063 1270 1086 amor
1296 1050 1445 1085 extasim
1472 1049 1568 1091 facit,
1589 1058 1663 1081 non

103 1111 223 1144 sinens
242 1118 403 1144 amantes
422 1110 476 1144 sui
493 1109 655 1155 ipsorum
671 1120 759 1150 esse,
774 1108 836 1142 sed
851 1119 979 1142 eorum
996 1118 1087 1153 quae
1104 1114 1267 1147 amant»;
1285 1103 1532 1150 ergodevotio
1548 1101 1664 1147 magis

104 1172 158 1199 est
179 1171 278 1197 actus
301 1163 494 1204 charitatis,
517 1174 626 1208 quam
648 1162 844 1207 religionis.

175 1228 206 1252 2.
222 1219 456 1252 PRAETEREA.
474 1216 641 1250 Charitas
660 1216 841 1261 praecedit
858 1214 1094 1260 religionem:
1114 1213 1259 1247 devotio
1276 1220 1395 1246 autem
1410 1210 1550 1244 videtur
1568 1219 1665 1255 prae-

106 1272 231 1306 cedere
255 1270 485 1311 charitatem3
508 1270 590 1315 quia
611 1269 765 1303 charitas
782 1269 819 1302 in
839 1268 1031 1314 Scripturis
1050 1267 1271 1313 significatur
1289 1277 1351 1312 per
1368 1265 1503 1309 ignem,
1519 1262 1664 1296 devotio

104 1336 191 1359 vero
218 1336 280 1371 per
306 1324 573 1370 pinguedinem,
602 1334 692 1369 quae
725 1330 777 1356 est
807 1322 898 1367 ignis
929 1321 1080 1355 materia
1102 1321 1219 1366 (Cant.
1242 1320 1273 1354 8.
1297 1319 1328 1354 6.
1356 1323 1383 1352 et
1403 1317 1490 1352 Pszzl.
1514 1317 1567 1351 62.
1591 1316 1639 1360 6.)
1651 1327 1663 1355 ,-

106 1389 192 1424 ergo
215 1379 359 1412 devotio
381 1388 455 1411 non
478 1384 530 1411 est
550 1384 650 1410 actus
672 1376 867 1421 religionis.

179 1443 207 1477 3.
223 1431 458 1465 PRAETEREA.
474 1430 542 1463 Per
557 1429 772 1475 religionem
794 1429 907 1462 homo
931 1428 1116 1461 ordinatur
1133 1426 1252 1461 solum
1268 1425 1312 1458 ad
1326 1425 1458 1465 Deum,
1473 1431 1511 1457 ut
1529 1423 1665 1456 dictum

107 1493 160 1519 est
182 1485 226 1530 (q.
246 1491 356 1531 praec.
379 1489 442 1518 art.
469 1484 530 1528 1.).·
550 1483 612 1517 sed
634 1483 780 1517 devotio
800 1482 909 1516 etiam
931 1481 1081 1514 habetur
1104 1480 1147 1513 ad
1169 1479 1356 1512 homines:
1381 1477 1546 1511 dicuntur
1568 1476 1665 1509 enim

108 1538 219 1583 aliqui
245 1548 323 1571 esse
349 1537 470 1571 devoti
497 1535 673 1581 aliquibus
695 1535 826 1570 sanctis
848 1534 952 1569 viris:
975 1542 1009 1567 et
1030 1533 1139 1567 etiam
1161 1532 1292 1566 subditi
1319 1531 1485 1564 dicuntur
1511 1540 1587 1563 esse
1609 1528 1666 1561 de-

106 1591 183 1625 voti
203 1590 360 1625 dominis
381 1590 472 1632 suis3
495 1589 585 1623 sicut
607 1589 682 1623 Leo
705 1589 803 1634 Papa
825 1588 910 1621 dicit
934 1587 1042 1631 (serm.
1065 1587 1096 1621 8.
1112 1586 1147 1620 de
1162 1587 1250 1620 Pass.
1269 1584 1402 1628 Dom),
1426 1582 1522 1629 quod
1540 1581 1667 1627 Judaei

107 1645 209 1690 quasi
231 1643 353 1677 devoti
386 1642 546 1676 romanis
568 1642 719 1687 legibus,
748 1642 929 1675 dixerunt:
953 1641 1029 1675 Non
1056 1640 1209 1674 habemus
1239 1649 1345 1684 regem
1379 1639 1444 1671 nisi
1468 1637 1664 1672 Caesarem:

107 1709 193 1744 ergo
216 1697 360 1731 devotio
381 1707 456 1730 non
475 1704 527 1730 est
545 1703 644 1730 actus
662 1695 856 1741 religionis.

181 1751 254 1785 SED
286 1760 441 1785 CONTRA
473 1757 536 1790 est,
558 1748 659 1795 quod
691 1748 835 1783 devotio
859 1759 878 1781 a
900 1747 1114 1782 devovendo
1137 1745 1276 1787 dicitur,
1295 1752 1332 1778 ut
1354 1744 1491 1778 dictum
1513 1750 1567 1777 est
1587 1743 1665 1787 (arl.

102 1804 254 1851 praec.):
277 1803 338 1837 sed
359 1810 487 1836 votum
509 1810 562 1837 est
583 1810 682 1836 actus
703 1801 908 1846 religionis;
931 1811 1017 1846 ergo
1041 1808 1075 1834 et
1096 1799 1255 1833 devotio.

178 1857 407 1891 RESPONDEO
431 1856 634 1897 dicendum,
654 1855 751 1901 quod
785 1855 828 1888 ad
862 1854 1029 1888 eamdem
1055 1853 1224 1886 virtutem
1251 1851 1404 1898 pertinet
1429 1849 1522 1884 velle
1548 1848 1666 1882 facere

109 1911 254 1957 aliquid,
277 1918 311 1943 et
331 1917 537 1955 promptam
557 1909 783 1942 voluntatem
805 1908 937 1941 habere
960 1907 1003 1940 ad
1024 1906 1112 1940 illud
1131 1905 1355 1939 faciendum:
1379 1904 1462 1950 quia
1484 1902 1667 1947 utriusque

109 1973 209 1999 actus
232 1971 285 1998 est
304 1963 401 1997 idem
424 1963 624 2008 objectum3
647 1970 792 2008 propter
815 1960 923 2007 quod,
945 1968 983 1994 ut
1004 1958 1140 1993 Philos.
1164 1959 1249 1992 dicit
1269 1958 1305 1992 in
1325 1969 1352 2003 5.
1372 1957 1487 1991 Ethic.
1503 1957 1588 2002 (cap.
1608 1955 1666 1999 L),

109 2017 241 2064 justitia
263 2024 326 2059 est,
353 2027 422 2062 qua
442 2015 569 2049 volunt
589 2015 768 2057 homines,
791 2023 826 2049 et
848 2022 1039 2060 operantur
1061 2014 1169 2058 justa:
1197 2010 1430 2045 manifestum
1457 2017 1510 2043 est
1536 2017 1668 2049 autem,

110 2071 207 2118 quod
229 2069 370 2116 operari
392 2080 444 2111 ea,
463 2080 553 2115 quae
575 2070 753 2115 pertinent
772 2068 815 2102 ad
833 2068 995 2101 divinum
1018 2066 1166 2107 cultum,
1189 2076 1251 2099 seu
1272 2063 1499 2104 famulatum,
1518 2061 1670 2108 pertinet

110 2124 253 2171 proprie
277 2123 319 2156 ad
341 2122 568 2168 religionem,
590 2130 628 2156 ut
650 2133 692 2156 ex
714 2121 904 2168 praedictis
930 2128 1027 2165 patet
1050 2119 1094 2165 (q.
1112 2125 1224 2165 praec.
1255 2122 1318 2152 art.
1340 2129 1368 2152 1.
1388 2128 1418 2151 2.
1441 2121 1468 2150 et
1486 2116 1530 2161 3.)
1540 2127 1552 2155 ;
1575 2113 1668 2147 unde

112 2178 222 2212 etiam
255 2176 298 2209 ad
332 2186 414 2209 eam
446 2175 598 2221 pertinet
629 2175 763 2209 habere
797 2182 1002 2220 promptam
1028 2172 1255 2206 voluntatem
1283 2170 1326 2204 ad
1357 2168 1566 2214 hujusmodi
1593 2178 1670 2201 exe-

112 2229 270 2277 quenda:
293 2228 389 2274 quod
413 2236 465 2261 est
486 2239 562 2262 esse
584 2228 772 2262 devotum:
791 2232 818 2262 ct
838 2228 882 2262 sic
899 2232 1004 2272 putet,
1021 2225 1105 2271 quod
1123 2225 1248 2259 devotio
1277 2229 1320 2258 est
1338 2228 1427 2257 actus
1444 2222 1621 2266 religionis.

184 2284 243 2317 AD
262 2292 411 2316 PRIMUM
432 2292 518 2326 ergo
533 2281 736 2322 dicendum,
752 2280 848 2326 quod
871 2280 912 2314 ad
936 2279 1148 2313 charitatem
1164 2277 1317 2323 pertinet
1334 2275 1556 2315 immediate,
1572 2271 1668 2319 quod

112 2337 227 2371 homo
250 2335 365 2369 tradat
386 2334 543 2380 seipsum
565 2334 656 2376 Deo,
685 2334 913 2367 adhaerendo
937 2334 968 2366 ei
994 2343 1057 2378 per
1083 2331 1278 2377 quamdam
1307 2329 1449 2375 spiritus
1479 2327 1667 2361 unionem:

114 2390 176 2425 sed
198 2389 295 2434 quod
315 2388 430 2421 homo
451 2387 567 2421 tradat
592 2387 750 2432 seipsum
776 2387 857 2420 Deo
886 2386 929 2419 ad
951 2385 1071 2430 aliqua
1093 2395 1202 2430 opera
1229 2383 1341 2417 divini
1368 2381 1494 2422 cultus,
1515 2380 1585 2413 hoc
1608 2379 1671 2412 im-

114 2443 269 2476 mediate
291 2441 444 2487 pertinet
465 2440 508 2473 ad
530 2439 757 2485 religionem,
776 2440 932 2473 mediate
955 2445 1074 2472 autem
1097 2437 1141 2471 ad
1164 2436 1388 2477 charitatem,
1409 2445 1499 2480 quae
1521 2440 1574 2466 est
1595 2431 1671 2465 reli-

115 2495 232 2541 gionis
253 2494 480 2540 principium.

185 2549 244 2582 AD
272 2557 478 2581 SECUNDUM
511 2545 715 2588 dicendum,
745 2546 841 2592 quod
876 2544 1057 2591 pinguedo
1093 2543 1291 2589 corporalis
1328 2550 1361 2575 et
1387 2547 1576 2586 generatur
1609 2549 1671 2584 per

116 2601 276 2635 calorem
297 2599 500 2633 naturalem
522 2599 755 2644 digerentem,
779 2607 812 2633 et
837 2599 912 2644 ipse
943 2597 1114 2631 naturalis
1143 2596 1241 2630 calor
1267 2596 1375 2628 habet
1401 2592 1670 2639 pinguedinem,

117 2654 178 2699 [al.
200 2659 228 2688 et
248 2655 356 2700 ipsum
379 2652 520 2686 calorem
540 2652 724 2686 naturalem
740 2651 925 2696 conservat]
942 2651 1043 2696 quasi
1058 2651 1132 2695 ejus
1150 2649 1429 2683 nutrimentum:
1453 2654 1487 2680 et
1508 2645 1672 2679 similiter

117 2707 271 2742 charitas
287 2714 321 2739 et
338 2705 570 2739 devotionem
592 2712 726 2746 causat,
741 2705 954 2750 inquantum
970 2716 1011 2738 ex
1027 2714 1150 2736 amore
1168 2702 1293 2746 aliquis
1308 2700 1465 2734 redditur
1484 2706 1670 2744 promptus

118 2760 161 2794 ad
182 2758 413 2793 serviendum
435 2757 573 2799 amic03
597 2765 631 2791 et
652 2758 760 2791 etiam
786 2769 850 2803 per
875 2757 1110 2791 devotionem
1144 2755 1297 2788 charitas
1328 2753 1498 2793 nutritur3
1520 2751 1612 2785 sicut
1638 2758 1672 2784 et

118 2811 298 2858 quaelibet
325 2810 481 2844 amicitia
508 2817 751 2852 conservatur,
774 2818 809 2845 et
830 2818 980 2856 augetur
1001 2820 1064 2855 per
1090 2806 1336 2842 amicabilium
1364 2816 1515 2851 operum
1542 2803 1672 2838 exerci-

119 2865 220 2906 tium,
243 2872 277 2898 et
298 2863 583 2898 meditationem.
