1859 3122
501 204 723 241 QUAESTIO
758 203 934 234 CLXVIII.
967 202 1211 233 ARTICULUS
1245 202 1288 232 11.
1549 202 1652 244 1091

100 287 283 333 discipulis
306 287 379 321 suis
401 287 585 321 ludentem
608 286 822 328 invenirent,
845 285 974 320 dicitur
994 285 1186 319 mandasse
1207 285 1269 319 uni
1291 295 1428 327 eorum,
1452 284 1512 331 qui
1535 295 1658 318 arcum

100 340 257 386 gerebat,
280 348 317 374 ut
339 340 505 384 sagittam
522 340 694 374 traheret:
711 340 806 386 quod
829 351 913 373 cum
934 339 1066 385 pluries
1088 338 1242 381 fecisset,
1258 338 1433 384 quaesivit
1446 345 1566 372 utrum
1587 337 1658 371 hoc

100 394 270 428 continue
296 393 414 428 facere
442 403 580 440 posset:
610 394 669 440 qui
696 393 891 439 respondit,
919 393 1015 439 quod
1038 393 1067 427 si
1087 393 1158 426 hoc
1187 393 1356 426 continue
1383 391 1528 433 faceret,
1556 402 1658 425 arcus

98 446 340 493 frangeretur3
368 448 462 481 unde
486 448 616 481 Beatus
634 447 790 492 Joannes
813 446 1008 489 subintulit,
1031 446 1127 492 quod
1149 445 1314 480 similiter
1336 445 1476 479 animus
1499 444 1659 479 hominis

98 500 334 547 frangeretur,
364 502 392 535 si
422 513 622 547 numquam
653 512 672 534 a
702 512 765 535 sua
795 500 997 535 intensione
1028 499 1267 534 relaxaretur:
1299 498 1507 544 hujusmodi
1537 506 1659 532 autern

99 554 204 596 dicta,
226 554 284 588 vel
306 554 400 589 facta
423 555 457 588 in
481 555 607 601 quibus
629 566 703 588 non
725 554 906 600 quaeritur
919 553 987 587 nisi
1006 553 1198 588 delectatio
1222 552 1398 594 animalis,
1420 560 1597 586 vocantur
1610 551 1659 585 lu-

100 607 208 649 dicra,
227 607 285 642 vel
307 609 452 653 jocosa;
475 617 509 642 et
530 608 611 642 ideo
630 619 778 642 necesse
795 616 848 641 cst
861 607 990 641 talibus
1011 607 1190 641 interdum
1207 607 1268 648 uti,
1284 606 1383 652 quasi
1400 606 1443 640 ad
1462 605 1658 652 quamdam

99 661 242 695 animae
265 663 442 707 quietcm;
462 670 495 696 et
516 662 586 696 hoc
611 670 663 696 est
685 661 780 707 quod
803 661 939 695 Philos.
962 661 1048 695 dicit
1069 662 1103 694 in
1126 671 1158 703 4.
1181 661 1298 695 Ethic.
1321 660 1407 706 (cap.
1430 661 1478 704 8.)
1502 659 1598 706 quod
1620 659 1654 693 in

97 714 202 759 hujus
224 716 317 749 vitae
338 716 613 749 conversatione
629 715 806 761 quaedam
824 715 963 761 requies
984 726 1067 748 curn
1082 714 1167 748 ludo
1182 714 1351 755 habetur3
1368 722 1402 747 et
1416 713 1497 747 ideo
1514 721 1657 759 oportet

96 767 276 802 interdum
300 769 476 814 aliquibus
497 768 626 802 talibus
649 769 717 802 uti:
742 769 835 802 circa
859 779 949 814 quae
971 776 1093 802 tamen
1109 768 1272 801 videntur
1294 769 1359 801 tria
1374 777 1450 801 esse
1465 767 1657 812 praecipue

98 821 277 855 cavenda:
301 833 456 867 quorum
475 823 635 866 primum,
659 830 693 855 et
715 821 911 867 principale
938 828 1001 862 est,
1029 821 1125 866 quod
1152 821 1333 866 praedicta
1360 820 1552 855 delectatio
1579 831 1652 854 non

97 882 286 920 quaeratur
307 875 342 908 in
366 874 541 920 aliquibus
564 875 844 919 operationibus,
871 874 929 908 vel
954 874 1070 908 verbis
1092 874 1264 920 turpibus,
1291 874 1347 908 vel
1375 874 1530 916 nocivis;
1561 873 1654 907 unde

97 926 239 961 Tullius
261 928 346 962 dicit
366 928 402 961 in
429 939 454 962 1.
480 928 522 962 de
546 927 653 962 Offic.
677 928 728 972 (in
751 929 798 962 tit.
821 927 856 961 de.
885 927 1050 962 Srzcrrilit.
1074 932 1101 961 ct
1123 927 1265 972 Fam),
1287 928 1383 973 quod
1406 938 1519 961 unum
1541 938 1656 972 genus

95 981 239 1025 jocandi
262 989 324 1023 est,
347 981 531 1022 illiberale,
558 981 733 1026 petulans,
761 981 994 1026 flagitiosum,
1017 981 1257 1014 obscoenum:
1281 981 1373 1015 alind
1400 989 1519 1015 autem
1548 987 1658 1014 atten-

95 1034 254 1068 dendum
277 1042 339 1076 est,
362 1046 406 1069 ne
427 1034 586 1069 totaliter
600 1036 754 1079 gravitas
772 1034 913 1067 animae
928 1033 1144 1075 resolvatur;
1167 1034 1261 1068 unde
1277 1035 1445 1068 Ambros.
1465 1034 1551 1068 dicit
1571 1034 1607 1067 in
1627 1044 1654 1067 1.

96 1087 140 1120 de
164 1086 271 1121 Offic.
292 1088 377 1134 (cap.
397 1100 450 1123 20.
473 1089 508 1121 in
525 1089 669 1134 princ.):
687 1100 706 1119 «
723 1087 939 1128 Caveamus,
954 1098 998 1120 ne
1014 1087 1100 1120 dum
1116 1087 1276 1122 relaxare
1297 1088 1460 1121 animum
1473 1087 1656 1129 volumus,

94 1139 278 1174 solvamus
294 1151 443 1175 omnem
456 1140 701 1182 harmoniam,
716 1140 818 1186 quasi
841 1148 1061 1174 concentum
1080 1141 1275 1186 quemdam
1289 1141 1471 1175 bonorum
1484 1152 1652 1186 operum;

96 1200 130 1226 et
158 1192 255 1228 Tull.
283 1194 368 1227 dicit
394 1194 428 1227 in
460 1205 487 1227 1.
516 1194 558 1227 de
587 1192 660 1228 Off.
688 1193 892 1238 (immediata
918 1199 992 1228 anta
1018 1200 1111 1239 cap:
1135 1193 1170 1228 de
1194 1194 1382 1238 Scurrilit.)
1404 1194 1501 1240 quod
1525 1206 1543 1225 (ε
1564 1194 1657 1228 sicut

93 1246 212 1292 pueris
232 1257 306 1280 non
322 1258 472 1281 omnem
494 1246 640 1280 ludendi
654 1247 839 1280 licentiam
861 1247 999 1288 damus,
1015 1247 1077 1281 sed
1093 1258 1173 1280 eam
1189 1258 1281 1293 quae
1303 1247 1345 1281 ab
1368 1247 1529 1281 honestis
1549 1247 1657 1281 actio-

93 1299 197 1333 nibus
219 1311 292 1334 non
318 1300 364 1334 sit
390 1300 525 1342 aliena3
548 1300 597 1334 sic
620 1300 655 1333 in
678 1300 756 1345 ipso
778 1301 862 1345 joco
886 1300 1031 1346 aliquod
1051 1300 1154 1346 probi
1175 1301 1311 1345 ingenii
1329 1300 1452 1334 lumen
1471 1300 1654 1335 eluceat»:

95 1354 188 1386 tertio
213 1360 334 1387 autem
357 1354 614 1387 attendendum
638 1362 700 1395 est,
722 1355 814 1387 sicut
835 1360 869 1387 et
889 1353 926 1387 in
947 1354 1116 1387 omnibus
1144 1354 1222 1388 aliis
1247 1354 1418 1388 humanis
1440 1354 1654 1396 actionibus,

96 1413 135 1440 ut
153 1414 329 1451 congruat
350 1418 537 1451 personae,
552 1406 720 1452 tempori,
743 1414 777 1440 et
798 1406 894 1447 loco,
917 1415 951 1441 et
972 1407 1171 1440 secundum
1190 1407 1277 1441 alias
1294 1407 1582 1441 circumstantias
1597 1407 1654 1441 de-

91 1459 162 1493 bite
181 1459 383 1501 ordinetur;
402 1468 440 1493 ut
462 1459 598 1494 scilicet
613 1460 657 1493 sit
671 1465 825 1506 tempore,
844 1465 873 1495 et
891 1461 1020 1494 bomine
1038 1460 1164 1505 dignus,
1189 1468 1227 1494 ut
1249 1460 1390 1494 Tullius
1413 1461 1499 1494 dicit
1518 1460 1653 1494 ibidem

92 1513 145 1556 (in
166 1514 212 1547 tit.
229 1513 264 1547 de
278 1513 475 1558 Sennium:
497 1513 708 1559 hujusmodi
724 1521 845 1547 autem
860 1513 1059 1547 secundum
1077 1513 1241 1559 regulam
1260 1514 1407 1548 rationis
1424 1514 1651 1548 ordinantur:

92 1565 234 1599 habitus
258 1574 377 1600 autern
400 1566 598 1600 secundum
619 1567 798 1600 rationem
821 1578 975 1612 operans
998 1574 1050 1600 est
1075 1567 1185 1600 virtus
1207 1567 1374 1609 moralis3
1397 1575 1432 1601 et
1452 1567 1534 1601 ideo
1557 1567 1652 1601 circa

92 1618 197 1652 ludos
224 1627 342 1664 potest
369 1630 446 1653 esse
474 1619 591 1664 aliqua
618 1619 741 1660 virtus,
768 1631 876 1665 quam
904 1619 1040 1654 Philos.
1065 1621 1140 1664 (loc.
1161 1625 1235 1665 sup.
1258 1621 1329 1663 cit.)
1349 1621 1565 1666 eutrapcliam
1587 1632 1652 1654 no-

92 1673 225 1707 minat:
248 1681 283 1706 et
304 1674 431 1707 dicitur
457 1673 583 1719 aliquis
611 1673 814 1719 eutrapelus
843 1685 861 1707 a
887 1674 982 1707 bona
1005 1674 1260 1715 conversione3
1287 1673 1370 1719 quia
1396 1674 1533 1707 scilicet
1559 1674 1649 1707 bene

95 1726 271 1760 convertit
287 1726 404 1772 aliqua
424 1727 529 1768 dicta,
545 1726 603 1760 vel
623 1726 716 1760 facta
738 1727 774 1760 in
796 1726 985 1767 solatium3
1001 1735 1035 1760 et
1055 1727 1269 1772 inquantum
1288 1738 1350 1772 per
1363 1727 1457 1760 hanc
1479 1727 1649 1761 virtutem

91 1780 206 1813 homo
229 1780 512 1823 refraenaturab
536 1781 816 1815 immoderantia
838 1781 1018 1822 ludorum,
1040 1781 1103 1815 sub
1127 1782 1305 1815 modestia
1327 1782 1541 1815 continetur.

162 1834 223 1868 AD
245 1845 393 1868 PRIMUM
416 1844 504 1879 ergo
527 1834 731 1875 dicendum,
755 1835 863 1880 quod,
885 1835 977 1868 sicut
998 1834 1134 1868 dictum
1157 1842 1210 1868 est
1232 1836 1281 1877 (in
1300 1842 1389 1881 corp.
1409 1836 1503 1878 art),
1526 1836 1651 1879 jocosa

92 1886 222 1920 debent
244 1898 443 1932 congruere
465 1888 631 1930 negotiis,
653 1895 687 1921 et
708 1888 889 1933 personis;
911 1888 1005 1921 unde
1027 1896 1061 1921 et
1084 1887 1226 1922 Tullius
1245 1888 1331 1922 dicit
1352 1889 1386 1921 in
1410 1899 1438 1922 1.
1456 1888 1561 1922 Rhet.
1582 1888 1651 1932 (seu

90 1940 126 1974 de
144 1940 293 1984 Inwnt.)
313 1941 408 1986 quod
435 1953 452 1972 «
475 1941 619 1986 quando
643 1941 822 1974 auditores
845 1949 926 1974 sunt
947 1940 1141 1986 defatigati,
1160 1953 1233 1975 non
1256 1950 1308 1975 est
1330 1941 1453 1975 inutile
1469 1942 1511 1975 ab
1531 1941 1649 1987 aliqua

91 2005 128 2027 re
150 2005 257 2035 nova,
277 2002 336 2027 aut
358 1993 507 2027 ridicula
530 2002 713 2028 oratorem
735 1994 903 2039 incipere,
926 1994 955 2027 si
975 2002 1097 2028 tamen
1119 1995 1169 2028 rei
1191 1995 1345 2040 dignitas
1366 2007 1439 2029 non
1459 1995 1585 2028 adimit
1602 1995 1651 2039 jo-

93 2047 199 2080 candi
218 2046 427 2080 facultatem
450 2059 488 2081 »ε
511 2047 674 2080 doctrina
694 2055 813 2080 autem
833 2059 934 2080 sacra
952 2047 1118 2081 maximis
1140 2048 1244 2081 rebus
1264 2048 1424 2089 intendit,
1447 2048 1647 2082 secundum

89 2099 177 2132 illud
200 2100 368 2133 Proverb.
390 2101 439 2134 ἃς
460 2100 591 2140 Audite,
613 2101 768 2145 qnoniam
790 2100 825 2133 dt!
842 2102 936 2134 ralms
958 2102 1085 2145 magmis
1103 2102 1253 2135 locutura
1271 2114 1362 2141 sunm
1383 2102 1476 2135 unde
1495 2101 1650 2135 Ambro-

90 2152 162 2186 sius
178 2163 251 2186 non
268 2152 424 2186 excludit
438 2153 687 2186 universaliter
707 2154 830 2197 jocum
853 2165 871 2186 a
894 2154 1168 2188 conversatione
1184 2154 1355 2197 humana,
1374 2154 1435 2188 sed
1451 2166 1470 2187 a
1485 2154 1646 2188 doctrina

90 2217 210 2247 sacra3
230 2205 324 2239 unde
343 2206 555 2251 praemittit:
582 2219 599 2236 ι(
615 2206 716 2239 Licet
733 2205 914 2240 interdum
933 2206 1085 2240 honesta
1107 2209 1200 2252 joca,
1216 2219 1256 2241 ac
1272 2208 1395 2242 suavia
1413 2208 1501 2242 sint:
1523 2216 1645 2241 tamen

90 2259 131 2292 ab
161 2258 401 2292 ecclesiastica
430 2259 624 2292 abhorrent
649 2259 793 2303 regula3
821 2261 993 2305 quoniam
1012 2271 1104 2305 quae
1131 2261 1167 2294 in
1196 2261 1387 2307 Scripturis
1414 2261 1546 2294 sanctis
1572 2271 1646 2294 non

88 2311 299 2357 reperimus,
322 2323 362 2344 ea
384 2311 694 2357 quemadmodum
716 2323 885 2358 usurpare
907 2314 1123 2358 possumus?
1147 2327 1164 2346 ›)

159 2365 219 2399 AD
242 2375 448 2399 SECUNDUM
470 2365 673 2407 dicendum,
697 2366 792 2410 quod
814 2366 964 2400 verbum
989 2366 1077 2400 illud
1096 2367 1353 2413 Chrysostomi
1375 2375 1428 2401 est
1448 2366 1648 2412 intelligen-

89 2418 174 2451 dum
198 2418 240 2452 de
262 2417 342 2459 illis,
365 2418 425 2463 qui
447 2418 649 2452 inordinate
671 2418 762 2453 ludis
783 2427 940 2461 utuntur,
967 2428 1001 2453 et
1026 2421 1217 2466 praecipue
1240 2432 1367 2454 eorum
1394 2421 1454 2466 qui
1476 2420 1583 2454 finem
1610 2420 1646 2453 in

89 2470 328 2504 delectatione
341 2470 415 2504 ludi
431 2472 670 2506 constituunt:
692 2472 782 2506 sicut
801 2472 844 2506 de
859 2473 1072 2518 quibusdam
1095 2474 1223 2507 dicitur
1241 2474 1445 2519 Sapientiae
1466 2483 1527 2518 15.:
1540 2474 1646 2508 Aesti-

88 2529 275 2565 mawrzmt,
303 2535 364 2557 255ss
385 2524 497 2558 ludum
518 2526 624 2558 vitam.
642 2523 801 2559 nostram:
825 2533 951 2559 contra
973 2537 1062 2572 quos
1085 2526 1171 2560 dicit
1194 2526 1335 2560 Tullius
1357 2527 1393 2559 in
1420 2537 1447 2560 1.
1471 2527 1513 2560 de
1537 2526 1645 2561 Offic.

89 2577 139 2619 (in
158 2578 219 2611 tit.:
238 2578 374 2611 Pontum
396 2589 455 2611 esse
473 2578 654 2619 modestiae,
676 2584 712 2613 ut
729 2581 887 2625 appetitus
909 2580 1204 2624 ffedhztratffiniss
1227 2593 1244 2611 «
1266 2580 1350 2613 Non
1373 2580 1421 2613 ita
1444 2580 1603 2625 generati
1626 2592 1645 2614 a

87 2638 215 2663 natura
245 2641 381 2672 sumus,
415 2640 452 2664 ut
475 2631 518 2664 ad
540 2630 676 2673 ludum,
700 2640 734 2665 et
754 2633 878 2676 jocum
900 2632 985 2666 facti
1007 2644 1084 2666 esse
1106 2633 1304 2674 videamur,
1327 2634 1387 2666 sed
1416 2634 1458 2666 ad
1481 2633 1646 2667 severita-

87 2691 161 2716 tem
183 2683 313 2728 potius,
336 2692 370 2717 et
391 2684 433 2717 ad
457 2684 634 2729 quaedam
657 2685 771 2718 studia
793 2686 970 2730 graviora,
993 2695 1097 2731 atque
1120 2687 1259 2730 majora
1282 2700 1313 2719 >).

159 2736 218 2770 AD
235 2746 402 2770 TER’HUM
418 2737 621 2778 dicendum,
644 2738 740 2783 quod
760 2739 858 2783 ipsae
882 2739 1110 2784 operationes
1131 2739 1206 2772 ludi
1227 2739 1426 2773 secundum
1448 2751 1551 2773 suam
1570 2751 1647 2786 spe-

89 2789 182 2822 ciem
203 2799 276 2821 non
300 2789 508 2822 ordinantur
531 2790 573 2822 ad
596 2789 752 2836 aliquem
775 2791 902 2825 finem:
925 2792 986 2825 sed
1009 2791 1211 2833 delectatio,
1233 2803 1324 2837 quae
1351 2793 1385 2825 in
1411 2792 1540 2826 talibus
1563 2793 1646 2826 acti-

87 2841 152 2875 bus
173 2841 336 2882 habetur,
359 2842 542 2875 ordinatur
564 2843 606 2875 ad
630 2843 786 2888 aliquam
815 2845 957 2878 animae
985 2845 1259 2885 recreationem,
1283 2853 1315 2878 et
1338 2846 1512 2890 quietem;
1535 2854 1569 2880 et
1591 2858 1644 2880 se-

89 2895 247 2928 cundum
269 2895 352 2936 hoc,
375 2895 403 2928 si
424 2895 485 2929 fiat
506 2897 701 2937 moderate,
718 2896 800 2930 licet
821 2898 871 2931 uti
893 2897 996 2939 ludo;
1011 2898 1105 2931 unde
1122 2898 1262 2932 Tullius
1278 2899 1363 2933 dicit
1376 2899 1411 2932 in
1432 2910 1458 2933 1.
1474 2899 1517 2933 de
1533 2899 1640 2934 Offic.
