1859 3122
139 228 144 236 .
190 173 276 214 606
567 181 789 218 QUAl-:sno
823 182 982 212 Lxxxv.
1016 182 1259 213 ARTICULUS
1292 182 1336 212 11.

260 266 333 300 SED
370 274 524 299 CONTRA
557 272 621 306 est,
648 264 744 310 quod
777 264 906 299 dicitur
938 264 1051 299 Exod.
1079 274 1157 305 22,:
1186 265 1256 309 Qui
1280 264 1432 300 immolat
1463 264 1535 307 diis,
1562 263 1737 306 occidetur,

183 324 419 366 praeterquam
440 318 588 352 Domino
610 318 679 352 soli.

256 372 484 406 RESPONDEO
506 371 710 413 dicendum,
732 371 841 417 quod,
863 371 955 406 sicut
975 371 1111 406 dictum
1134 379 1186 406 est
1209 370 1287 416 (art.
1303 372 1447 417 praec),
1471 370 1606 406 oblatio
1633 370 1740 405 sacri-

186 425 257 459 ficii
278 425 315 459 fit
337 425 379 459 ad
402 424 534 471 aliquid
557 424 850 470 significandum:
873 425 1050 471 significat
1071 433 1191 459 autem
1219 424 1448 467 sacrificium,
1471 425 1567 471 quod
1593 424 1741 459 offertur

186 479 350 520 exterius,
376 479 523 512 interius
550 478 732 524 spirituale
759 478 987 520 sacrificium,
1015 490 1086 524 quo
1115 479 1235 512 anima
1261 478 1417 524 seipsam
1445 477 1548 512 offert
1572 478 1665 520 Deo,
1691 488 1742 512 se-

187 532 344 566 cundum
362 532 449 566 illud
471 531 684 566 Psalmistae
707 532 774 576 (Ps.
792 532 886 578 50.).·
906 533 1116 575 Sacrificimn
1130 532 1201 566 Deo
1219 533 1353 577 spiritus
1367 531 1626 566 contribulatus:
1646 531 1740 577 quia,

185 586 276 620 sicut
296 597 402 631 supra
424 585 560 618 dictum
587 593 639 619 est
667 585 711 630 (q.
739 586 788 620 81.
816 590 879 620 art.
908 596 937 631 7.
960 590 988 619 et
1009 597 1038 631 q.
1060 586 1115 629 84.
1138 590 1202 620 art.
1229 585 1290 629 2),
1319 584 1513 619 exteriores
1540 592 1639 618 actus
1663 583 1742 618 reli-

186 639 303 685 gionis
327 639 369 672 ad
390 638 577 673 interiores
601 638 829 675 ordinantur:
856 638 976 673 anima
1005 646 1125 672 autem
1151 649 1188 672 se
1215 637 1320 672 offert
1344 638 1425 672 Deo
1452 638 1487 671 in
1514 637 1740 679 sacrificium,

189 692 280 726 sicut
306 692 480 738 principio
508 703 592 726 suae
620 691 823 733 creationis,
851 700 886 726 et
911 692 1003 726 sicut
1024 691 1085 725 fini
1112 703 1196 726 suae
1222 691 1516 726 beatificationis:
1542 691 1741 725 secundum

187 754 307 779 autem
328 757 452 779 veram
474 745 582 779 fidem
603 744 701 779 solus
719 745 818 779 Deus
841 753 893 779 est
914 753 1054 779 creator
1068 745 1270 779 animarum
1284 752 1500 786 nostrarum,
1521 752 1559 778 ut
1576 746 1611 778 in
1635 755 1661 778 1.
1679 744 1741 778 ha-

185 800 298 833 bitum
321 807 373 833 est
395 799 441 844 (q.
464 800 531 833 HS.
554 804 618 833 art.
641 798 713 843 2.):
735 798 771 832 in
793 798 873 832 solo
896 798 1004 832 etiam
1026 809 1069 832 eo
1093 799 1235 832 animae
1256 806 1400 832 nostrae
1421 797 1604 832 beatitudo
1627 797 1740 832 consi-

186 853 255 894 stit,
270 860 308 886 ut
322 864 426 898 supra
442 852 575 886 dictum
599 860 652 885 est
672 852 750 896 (1-2.
773 857 836 886 art.
859 853 890 887 8.
910 864 938 898 q.
961 864 992 886 2.
1011 857 1041 886 ct
1058 852 1119 897 3.)‚·
1143 859 1177 886 et
1197 851 1278 885 ideo
1298 851 1389 885 sicut
1410 851 1478 885 soli
1499 851 1580 885 Deo
1594 861 1739 885 summo

187 906 358 940 debemus
380 905 596 940 sacrificium
611 905 793 951 spirituale
809 905 955 948 offerre,
977 905 1024 939 ita
1047 905 1155 939 etiam
1175 904 1243 939 soli
1265 905 1298 939 ei
1319 905 1492 939 debemus
1508 904 1635 939 offerre
1650 912 1742 939 exte-

184 960 280 994 riora
301 959 492 994 sacrificia:
515 959 607 992 sicut
629 959 736 993 etiam
759 967 913 1000 orantes,
936 967 1041 1004 atque
1060 958 1246 992 laudantes
1268 959 1311 992 ad
1331 969 1413 992 eurn
1432 958 1618 1003 dirigimus
1636 958 1742 1004 signi-

186 1013 332 1047 ficantes
353 1024 473 1054 voces,
497 1013 554 1046 cui
575 1024 630 1046 res
652 1013 746 1058 ipsas
767 1013 803 1046 in
827 1013 945 1054 corde,
965 1023 1052 1058 quas
1067 1012 1326 1058 significamus,
1344 1010 1540 1053 offerimus,
1562 1019 1600 1046 ut
1620 1011 1741 1057 Augu-

185 1066 297 1101 stinus
320 1066 404 1100 dicit
429 1077 479 1100 10.
508 1066 550 1099 de
574 1065 652 1100 Civ.
675 1066 745 1100 Dei
768 1066 855 1112 (cap.
878 1078 928 1112 19.
945 1066 1048 1112 paulo
1075 1077 1095 1100 ιι
1117 1065 1261 1112 princ.);
1289 1065 1360 1099 hoc
1387 1065 1495 1099 etiarn
1516 1065 1681 1099 videmus
1702 1065 1739 1098 in

186 1120 287 1154 omni
312 1119 494 1165 republica
525 1119 716 1161 observari,
748 1119 844 1165 quod
871 1130 1055 1152 summum
1082 1127 1261 1153 rectorem
1289 1118 1409 1164 aliquo
1437 1119 1542 1164 signo
1568 1117 1741 1164 singulari

185 1173 388 1215 honorant;
411 1172 507 1218 quod
531 1172 745 1218 cuicumque
763 1172 863 1206 alteri
882 1171 1086 1214 deferretur,
1110 1180 1202 1206 esset
1223 1171 1359 1206 crimen
1381 1171 1499 1206 laesae
1521 1171 1738 1217 majestatis:

186 1234 220 1261 et
240 1226 322 1260 ideo
344 1226 380 1259 in
402 1226 481 1272 lege
503 1225 623 1259 divina
641 1227 807 1260 statuitur
821 1236 938 1272 poena
961 1225 1086 1260 mortis
1109 1225 1175 1267 his,
1195 1225 1255 1271 qui
1277 1225 1438 1258 divinum
1459 1225 1641 1259 honorem
1662 1224 1740 1259 aliis

186 1280 363 1314 exhibent.

255 1333 315 1367 AD
341 1343 489 1367 PRIMUM
512 1343 598 1378 ergo
625 1331 828 1373 dicendum,
856 1332 951 1378 quod
977 1343 1113 1366 nomen
1139 1331 1331 1366 divinitatis
1361 1331 1651 1366 communicatur
1678 1330 1741 1365 ali-

186 1386 324 1432 quibus,
346 1397 419 1420 non
440 1397 503 1432 per
526 1385 790 1432 aequalitatem,
813 1385 873 1419 sed
896 1397 958 1431 per
984 1385 1308 1432 participationem,
1332 1392 1366 1419 et
1387 1385 1469 1419 ideo
1491 1396 1558 1419 nec
1581 1383 1739 1431 aequalis

186 1440 305 1473 honor
326 1439 375 1473 eis
398 1439 554 1473 debetur.

257 1493 316 1527 AD
344 1503 549 1528 SECUNDUM
579 1491 784 1533 dicendum,
806 1491 902 1538 quod
924 1492 960 1525 in
982 1491 1164 1526 oblatione
1189 1491 1355 1525 sacrificii
1375 1502 1448 1525 non
1470 1498 1639 1537 pensatur
1665 1501 1739 1537 pre-

185 1546 275 1581 tium
298 1546 409 1580 occisi
429 1546 581 1591 pecoris,
603 1545 665 1579 sed
687 1545 913 1590 significatio,
933 1556 1001 1590 qua
1023 1545 1093 1578 hoc
1108 1544 1146 1578 fit
1164 1545 1199 1578 in
1220 1545 1401 1578 honorem
1421 1544 1555 1578 summi
1575 1543 1739 1578 Rectoris

186 1600 294 1634 totius
310 1599 485 1641 universi;
500 1599 592 1633 unde
612 1599 703 1632 sicut
720 1599 871 1644 August.
888 1598 972 1631 dicit
991 1609 1040 1632 10.
1058 1598 1100 1632 de
1117 1598 1195 1632 Civ.
1214 1598 1284 1632 Dei
1300 1598 1387 1644 (cap.
1410 1597 1492 1644 19),
1511 1597 1740 1632 «daemones

186 1665 259 1687 non
282 1653 503 1687 cadaverinis
524 1652 719 1693 nidoribus,
738 1652 799 1685 sed
821 1651 949 1685 divinis
971 1651 1169 1685 honoribus
1192 1651 1348 1696 gaudent
1368 1664 1400 1684 n.

256 1706 315 1740 An
338 1716 508 1740 TERT1UM
529 1705 732 1745 dicendum,
749 1705 856 1750 quod,
871 1705 961 1738 sicut
983 1704 1135 1750 August.
1158 1704 1243 1738 dicit
1257 1704 1288 1738 8.
1305 1705 1347 1738 de
1364 1703 1443 1738 Civ.
1458 1703 1528 1738 Dei
1543 1703 1632 1751 (cap.
1647 1703 1738 1748 ult),

189 1773 206 1791 «
227 1771 300 1793 non
323 1759 574 1793 constituimus
600 1758 815 1804 Martyribus
837 1757 984 1803 templa,
1006 1757 1219 1799 sacerdotia,
1246 1769 1357 1800 sacra,
1381 1765 1415 1791 et
1436 1757 1630 1800 sacrificia3
1653 1768 1738 1803 quo-

185 1814 282 1847 niam
305 1825 379 1847 non
408 1813 485 1858 ipsi,
508 1812 568 1846 sed
591 1812 691 1845 Deus
722 1822 848 1845 eorum
875 1811 978 1845 nobis
1009 1818 1061 1845 est
1093 1811 1211 1846 Deus:
1239 1810 1332 1844 unde
1351 1811 1518 1844 sacerdos
1536 1822 1610 1845 non
1636 1811 1738 1845 dicit:

188 1866 314 1901 Offero
335 1866 398 1899 tibi
419 1865 647 1906 sacrificium,
666 1865 780 1906 Petre,
797 1864 855 1898 vel
868 1864 989 1906 Paule,
1004 1864 1064 1898 sed
1078 1875 1085 1897 ε
1100 1864 1181 1898 Deo
1197 1864 1239 1898 de
1252 1863 1398 1898 illorum
1412 1864 1569 1899 victoriis
1588 1864 1739 1910 gratias3

187 1919 340 1966 agimus,
362 1927 395 1953 et
416 1930 482 1953 nos
506 1919 549 1953 ad
571 1918 813 1952 imitationem
835 1928 961 1952 eorum
984 1917 1217 1952 exhortamur
1237 1931 1269 1952 ³).

742 2040 1085 2086 ARTICULUS
1115 2040 1193 2083 ΠΙ.
1669 2050 1739 2094 460

277 2150 428 2180 UTRUM
454 2150 646 2179 OBLATIO
675 2150 901 2179 SACRIFICII
931 2149 997 2178 SIT
1025 2148 1240 2178 SPECIALIS
1268 2148 1408 2178 ACTUS
1431 2147 1647 2178 VIRTUTIS.

258 2239 318 2273 AD
341 2248 510 2272 TERTIUM
533 2237 582 2271 sic
605 2237 818 2282 proceditur.
846 2236 1007 2277 Videtur,
1029 2236 1125 2282 quod
1148 2236 1282 2270 oblatio
1305 2235 1469 2270 sacrificii
1494 2247 1567 2269 non
1593 2235 1638 2270 sit
1664 2246 1739 2282 spe-

189 2291 288 2326 cialis
311 2299 409 2325 actus
434 2290 590 2324 virtutis:
614 2290 698 2323 dicit
724 2290 820 2324 enim
841 2290 992 2335 August.
1020 2300 1070 2323 10.
1094 2289 1136 2323 de
1160 2289 1238 2323 Civ.
1261 2289 1329 2323 Dei
1351 2291 1439 2335 (cap.
1466 2289 1516 2334 6.)
1527 2302 1536 2324 :
1562 2301 1580 2321 «
1601 2288 1738 2323 Verum

186 2345 402 2380 sacrificium
416 2352 469 2378 est
484 2355 592 2378 omne
608 2355 695 2389 opus
711 2343 806 2389 quod
823 2343 948 2388 agitur,
964 2351 1001 2376 ut
1022 2351 1143 2377 sancta
1158 2344 1328 2377 societate
1345 2343 1596 2377 inhaereamus
1610 2342 1690 2376 Deo
1707 2355 1738 2377 »z

187 2399 249 2433 sed
271 2409 344 2432 non
367 2408 474 2431 omne
490 2408 579 2443 opus
600 2397 737 2431 bonum
759 2404 811 2430 est
832 2396 995 2442 specialis
1019 2404 1117 2430 actus
1140 2396 1288 2441 alicujus
1311 2396 1567 2430 determinatae
1581 2395 1738 2438 virtutis;

188 2463 275 2497 ergo
299 2451 433 2485 oblatio
455 2450 619 2484 sacrificii
641 2461 714 2483 non
737 2458 789 2483 est
811 2449 976 2494 specialis
999 2458 1097 2483 actus
1120 2450 1375 2484 determinatae
1401 2449 1549 2484 virtutis.

259 2515 290 2538 2.
306 2505 539 2538 PRAETEREA.
563 2503 759 2537 Maceratio
784 2505 955 2548 corporis,
971 2514 1060 2548 quae
1076 2503 1113 2536 fit
1132 2514 1193 2548 per
1206 2503 1391 2548 jejunium,
1414 2504 1564 2548 pertinet
1579 2502 1621 2536 ad
1638 2502 1739 2537 absti-

187 2558 363 2592 nentiam:
392 2567 481 2603 quae
497 2565 618 2590 autem
640 2556 676 2590 fit
695 2567 756 2602 per
776 2556 1043 2598 continentiam,
1066 2556 1217 2601 pertinet
1240 2556 1281 2590 ad
1301 2557 1483 2597 castitem3
1505 2566 1595 2601 quae
1619 2563 1738 2589 autem

188 2619 240 2646 est
262 2611 297 2644 in
319 2611 502 2656 martyrio,
522 2610 673 2655 pertinet
693 2609 734 2643 ad
753 2609 1014 2642 fortitudinem:
1039 2621 1129 2654 quae
1152 2610 1273 2643 omnia
1295 2609 1459 2643 videntur
1481 2608 1739 2654 comprehendi

187 2665 249 2698 sub
273 2664 435 2697 sacrificii
463 2663 657 2704 oblatione,
685 2662 881 2696 secundum
910 2662 994 2695 illud
1025 2662 1128 2696 Rom.
1162 2673 1230 2697 12.:
1254 2663 1442 2697 Exhilwatis
1468 2668 1606 2708 corpora
1631 2667 1738 2697 vestra

188 2718 512 2751 hortium>viventem-
529 2717 613 2750 dicit
635 2716 741 2750 etiam
766 2716 891 2761 Apost.
910 2716 951 2748 ad
968 2716 1074 2749 Hebr.
1099 2715 1177 2750 ult.:
1202 2717 1444 2761 l3t*11t(lirt¹7zt1'cw‚
1458 2721 1487 2749 et
1502 2717 1739 2750 communionis

188 2770 285 2804 nolite
299 2770 460 2804 oblivisri:
477 2771 595 2803 talibus
609 2771 694 2804 enim
717 2770 825 2803 hostiis
842 2773 1049 2815 promerclm'
1064 2770 1166 2802 Deus:
1186 2769 1420 2803 beneficentia
1440 2776 1571 2810 autem,
1587 2777 1620 2803 et
1642 2780 1738 2802 com-

190 2823 313 2856 munio
342 2822 517 2868 pertinent
539 2822 581 2855 ad
605 2822 827 2862 charitatem,
855 2821 1155 2863 misericordiam,
1178 2829 1211 2855 et
1232 2821 1500 2864 liberalitaten13
1523 2833 1610 2868 ergo
1633 2821 1737 2856 sacri-

190 2875 261 2909 ficii
282 2875 416 2909 oblatio
443 2886 515 2909 non
539 2884 590 2909 est
611 2874 776 2921 specialis
795 2882 893 2909 actus
915 2874 1173 2908 determinatae
1195 2875 1342 2909 virtutis.
