1920 3142
500 141 719 177 QUAEsrto
754 142 780 172 1.
815 143 1060 174 ARTICULus
1095 144 1182 174 vm.
1566 147 1586 190 3
1595 147 1617 190 5

592 310 934 356 ARTICULUS
963 312 1084 356 Vm.
1600 327 1620 361 8

220 419 371 449 UTRUM
398 419 603 450 ARTICULI
630 420 745 449 FIDEI
774 420 1111 452 CONVENIENTER
1139 423 1474 453 ENUMERENTUR.

156 506 202 550 (2.
231 507 316 542 Dist.
344 519 391 553 25.
418 519 447 554 q.
474 520 501 542 I.
528 513 591 542 art.
620 520 650 543 2.
677 514 708 543 et
733 514 838 555 opusc.
862 521 890 555 3.
918 515 988 556 cap.
1017 521 1079 555 255.
1107 515 1135 544 ct
1161 516 1268 556 opusc.
1295 523 1341 557 23.
1369 517 1439 557 cap.
1465 511 1522 554 2.).

130 598 189 632 AD
212 608 400 633 OCTAVUM
427 599 476 633 sic
503 598 719 644 proceditur.
747 598 909 641 Videtur,
935 599 1031 645 quod
1059 600 1354 634 inconvenienter
1375 600 1515 634 articuli
1537 599 1620 635 fidei

59 659 329 686 enumerentur:
352 662 393 685 ea
415 652 524 693 enim,
547 663 637 698 quae
659 660 810 698 possunt
831 653 969 686 ratione
992 653 1275 687 demonstrativa
1297 654 1390 695 sciri,
1418 665 1491 687 non
1515 654 1617 699 perti-

58 712 144 739 nent
162 705 205 738 ad
227 704 347 746 fidem,
369 713 407 739 ut
429 705 521 751 apud
543 705 711 740 homines
726 705 795 740 sint
810 705 1004 747 credibilia,
1020 706 1111 740 sicut
1128 718 1236 753 supra
1258 706 1394 741 dictum
1417 715 1469 740 est
1489 707 1569 750 (art.
1588 719 1616 753 5.

59 759 125 804 huj.
148 758 219 804 q.).·
241 758 302 792 sed
324 759 436 792 Deum
456 771 516 793 esse
537 771 640 793 unum
661 767 780 805 potest
801 770 877 794 esse
900 759 1029 793 scitum
1048 770 1111 805 per
1132 759 1500 794 demonstrationem:
1524 761 1618 795 unde

59 819 94 846 et
113 811 249 846 Philos.
272 811 355 854 hoc,
370 812 406 845 in
432 822 482 846 12.
505 812 663 858 Metaph.
685 813 762 856 (tex.
776 824 827 858 52.
847 813 965 858 etseq.)
987 813 1124 858 probat,
1148 821 1182 848 et
1200 813 1305 848 multi
1327 813 1387 847 alii
1408 813 1618 860 philosophi

59 865 102 899 ad
124 865 194 899 hoc
221 865 548 900 demonstrationes
574 865 808 908 induxerunt;
836 877 923 912 ergo
950 867 1060 901 Deum
1085 878 1146 901 esse
1172 879 1273 902 unum
1299 878 1374 901 non
1401 867 1506 902 debet
1531 867 1619 913 poni

58 930 149 953 unus
171 918 341 953 articulus
362 918 457 953 fidei.

128 982 160 1006 2.
182 972 418 1007 PRAETEREA.
442 972 544 1007 Sicut
565 973 608 1007 de
630 972 844 1008 necessitate
864 972 948 1008 fidei
966 981 1029 1016 est,
1052 973 1149 1020 quod
1167 973 1356 1008 credamus
1374 974 1495 1008 Deum
1516 975 1619 1008 omni-

52 1031 234 1072 potentem;
256 1026 306 1060 ita
332 1026 441 1060 etiam
463 1026 560 1072 quod
582 1026 771 1061 credamus
793 1038 877 1061 eum
899 1029 1011 1061 omnia
1029 1029 1193 1070 scientem,
1216 1036 1250 1062 et
1271 1029 1422 1062 omnibus
1438 1028 1619 1074 pro-viden-

56 1085 139 1115 tem:
162 1088 196 1114 et
217 1080 313 1114 circa
334 1088 526 1126 utrumque
547 1080 681 1114 horum
703 1080 813 1127 aliqui
835 1090 1052 1123 erraverunt,
1075 1082 1197 1116 debuit
1222 1093 1309 1128 ergo
1330 1082 1423 1116 inter
1445 1081 1616 1116 articulos

55 1133 138 1168 fidei
158 1134 236 1168 fieri
256 1134 395 1168 mentio
409 1134 453 1168 de
468 1134 654 1180 sapientia,
677 1142 712 1168 et
725 1134 952 1180 providentia
970 1135 1100 1177 divina,
1123 1137 1214 1170 sicut
1228 1143 1263 1170 et
1281 1135 1324 1170 de
1340 1135 1615 1181 omnipotentia.

130 1199 158 1233 3.
180 1187 416 1222 PRAETEREA.
431 1187 568 1222 Eadem
584 1196 636 1222 est
649 1188 777 1222 notitia
794 1187 922 1230 Patris,
942 1196 976 1222 et
993 1188 1084 1230 Filii,
1106 1189 1307 1222 secundum
1321 1188 1409 1222 illud
1424 1189 1527 1234 Joan.
1547 1198 1616 1231 14.:

58 1242 127 1286 Qui
143 1241 231 1276 videt
252 1253 314 1284 me,
333 1241 421 1276 videt
438 1246 466 1276 et
479 1242 612 1276 Patrem
623 1254 635 1282 ‚·
659 1252 746 1287 ergo
761 1253 852 1275 unus
872 1248 1013 1276 tantum
1028 1241 1198 1276 articulus
1220 1242 1325 1277 debet
1340 1253 1417 1276 esse
1436 1242 1479 1276 de
1498 1242 1617 1283 Patre,

57 1303 91 1329 et
110 1294 214 1336 Filio,
236 1303 271 1329 et
291 1294 420 1329 eadem
442 1295 580 1329 ratione
603 1294 646 1328 de
669 1294 802 1340 Spiritu
825 1294 972 1330 Sancto.

124 1358 157 1392 4.
173 1348 407 1383 PRAETEREA.
422 1349 583 1383 Persona
601 1348 715 1382 Patris
730 1359 804 1382 non
820 1357 872 1382 est
887 1348 1016 1389 minor,
1033 1360 1142 1394 quam
1151 1348 1241 1390 Filii,
1257 1357 1291 1382 et
1306 1348 1457 1394 Spiritus
1471 1348 1614 1382 Sancti:

56 1402 116 1436 sed
137 1401 255 1448 plures
277 1401 416 1436 articuli
430 1410 612 1448 ponuntur
627 1402 721 1435 circa
737 1412 931 1447 personam
955 1401 1107 1447 Spiritus
1123 1402 1258 1444 Sancti,
1279 1410 1313 1436 et
1327 1402 1491 1436 similiter
1519 1403 1614 1436 circa

56 1467 248 1502 personam
270 1455 368 1497 Filii;
391 1466 477 1501 ergo
499 1454 618 1501 plures
640 1454 779 1489 articuli
801 1455 932 1489 debent
954 1455 1040 1501 poni
1061 1455 1156 1489 circa
1175 1467 1370 1501 personam
1393 1456 1519 1489 Patris.

131 1520 160 1554 ς.
182 1509 419 1543 PRAETEREA.
442 1509 555 1543 Sicuti
581 1520 755 1555 personae
777 1509 885 1550 Patri,
908 1516 942 1542 et
963 1520 1138 1554 personae
1161 1509 1314 1555 Spiritus
1338 1509 1461 1543 Sancti
1483 1509 1616 1555 aliquid

57 1563 313 1608 appropriatur,
335 1563 383 1596 ita
402 1570 436 1596 et
456 1573 631 1608 personae
645 1561 725 1595 Filii
743 1562 942 1595 secundum
958 1562 1200 1596 divinitatem:
1224 1562 1336 1596 sedin
1353 1562 1510 1596 articulis
1533 1563 1616 1596 fidei

54 1616 198 1661 ponitur
224 1616 369 1662 aliquod
391 1627 480 1661 opus
509 1616 778 1661 appropriatum
805 1615 913 1656 Patri,
941 1614 1078 1649 scilicet
1104 1627 1194 1661 opus
1223 1615 1432 1657 creationis;
1461 1624 1495 1649 et
1521 1617 1618 1650 simi-

54 1669 134 1703 liter
151 1669 297 1715 aliquod
320 1681 410 1715 opus
433 1669 702 1715 appropriatum
725 1668 872 1714 Spiritui
895 1668 1041 1709 Sancto,
1065 1669 1204 1702 scilicet
1225 1669 1321 1714 quod
1343 1669 1468 1703 locutus
1490 1675 1532 1703 test
1551 1676 1613 1716 per

53 1723 252 1769 Prophetczs‚·
281 1733 367 1768 ergo
403 1723 512 1756 etiam
539 1723 631 1756 inter
664 1721 834 1756 articulos
862 1721 945 1756 fidei
971 1722 1076 1756 debet
1103 1722 1248 1768 aliquod
1276 1734 1366 1768 opus
1394 1724 1616 1769 appropriari

53 1776 144 1810 Filio
165 1776 365 1811 secundum
387 1776 622 1810 divinitatem.

123 1828 155 1864 6.
177 1830 412 1864 PRAETEREA.
443 1829 721 1863 Sacramentum
742 1828 990 1862 Eucharistiae
1011 1829 1120 1863 habet
1141 1828 1338 1874 specialem
1365 1828 1614 1864 difficultatem

53 1894 136 1929 prae
158 1883 279 1918 multis
301 1882 477 1925 articulis;
501 1894 588 1928 ergo
609 1882 652 1916 de
675 1894 718 1916 eo
738 1882 859 1916 debuit
872 1881 959 1928 poni
980 1881 1146 1928 specialis
1169 1882 1359 1925 articulus,
1381 1893 1455 1916 non
1476 1883 1615 1917 videtur

52 1947 150 1983 ergo,
172 1937 269 1983 quod
291 1936 431 1970 articuli
452 1935 668 1970 sufficienter
690 1943 955 1970 enumerentur.

124 1991 195 2025 Sed
216 2003 255 2026 m
278 2002 531 2026 CONTRARIUM
554 1999 607 2025 est
633 1991 826 2025 auctoritas
852 1989 1037 2024 Ecclesiae
1064 1990 1114 2024 sic
1137 1991 1380 2025 enumerantis
1402 1990 1488 2036 (vid.
1512 1993 1613 2025 ctiam

53 2051 123 2092 cap.
144 2046 214 2089 Qui
231 2046 421 2091 Episcopus,
444 2046 532 2079 Dist.
554 2045 631 2090 23).

122 2098 351 2133 RESPONDEO
367 2098 572 2140 dicendum,
588 2097 695 2143 quod,
711 2097 803 2131 sicut
825 2097 961 2131 dictum
983 2105 1036 2131 est
1051 2098 1132 2142 (art.
1154 2109 1186 2141 4.
1211 2103 1237 2132 ct
1252 2098 1284 2131 6.
1304 2098 1371 2143 huj.
1392 2099 1452 2143 q),
1471 2097 1533 2131 illa
1552 2110 1614 2144 per

57 2163 96 2186 se
122 2152 300 2198 pertinent
327 2152 370 2185 ad
396 2151 517 2193 fidem,
545 2162 701 2197 quorum
726 2150 865 2184 visione
899 2150 935 2183 in
961 2150 1032 2184 vita
1061 2159 1204 2184 aeterna
1231 2150 1466 2196 perfruemur,
1493 2159 1527 2185 et
1554 2163 1616 2197 per

53 2216 143 2251 quae
165 2206 339 2239 ducemur
361 2205 403 2238 ad
425 2205 537 2238 vitam
561 2213 753 2238 aeternam.
777 2204 862 2237 Duo
896 2211 1019 2237 autem
1040 2204 1143 2237 nobis
1166 2204 1319 2238 videnda
1342 2213 1611 2250 proponuntur3

53 2258 206 2293 scilicet:
223 2258 407 2292 occultum
424 2258 629 2299 divinitatis,
645 2258 745 2302 cujus
759 2257 850 2290 visio
869 2268 935 2290 nos
955 2257 1079 2291 beatos
1095 2256 1196 2299 facit3
1213 2266 1247 2291 et
1262 2258 1473 2303 mysterium
1490 2258 1615 2291 huma-

51 2312 170 2346 nitatis
185 2312 331 2353 Christi,
343 2323 404 2358 per
419 2312 514 2357 quod
530 2312 565 2345 in
581 2311 736 2357 gloriam
759 2310 916 2344 filiorum
930 2310 1000 2344 Dei
1016 2322 1202 2344 accessum
1218 2311 1406 2353 habemus,
1429 2320 1466 2345 ut
1484 2312 1613 2346 dicitur

53 2366 95 2399 ad
114 2365 221 2399 Rom.
240 2376 288 2409 5.;
303 2365 397 2398 unde
412 2365 540 2398 dicitur
549 2365 652 2409 Joan.
679 2375 747 2408 17.:
763 2364 855 2398 thsc
870 2369 914 2398 ast
927 2365 997 2397 vim
1016 2370 1160 2406 (aeterna,
1184 2369 1217 2398 zct
1235 2370 1429 2408 cognoscunt
1451 2370 1478 2399 ta
1499 2366 1610 2399 Deum

50 2430 179 2460 verum,
198 2423 225 2452 et
239 2430 332 2463 quem
347 2419 462 2452 misisti
479 2418 589 2461 sestam
606 2417 797 2457 Christzmz;
815 2425 849 2450 et
870 2416 953 2451 ideo
969 2417 1084 2462 prima
1107 2417 1288 2451 distinctio
1309 2417 1532 2451 credibilium
1548 2426 1611 2460 est,

51 2471 146 2517 quod
162 2471 338 2517 quaedam
355 2471 532 2516 pertinent
548 2471 591 2504 ad
607 2471 835 2515 majestatem
851 2470 1044 2504 divinitatis
1060 2483 1068 2512 ;
1083 2472 1261 2516 quaedam
1275 2483 1361 2505 vero
1377 2472 1554 2516 pertinent
1569 2473 1612 2506 ad

51 2525 263 2570 mysterium
284 2524 518 2558 humanitatis
542 2524 688 2567 Christi,
708 2523 804 2569 quod
824 2525 1017 2568 estpiatutis
1030 2529 1285 2566 sacrmnantmn,
1306 2533 1342 2557 ut
1364 2525 1492 2558 dicitur
1518 2536 1544 2558 1.
1569 2525 1611 2558 ad

52 2576 215 2611 Timoth.
231 2587 281 2619 4:
306 2577 400 2610 circa
419 2578 644 2621 majestatem
668 2584 789 2610 autern
804 2576 998 2610 divinitatis
1013 2579 1079 2611 triu
1094 2577 1197 2610 nobis
1213 2577 1389 2610 credenda
1410 2588 1614 2623 proponun-

50 2639 107 2664 tur
118 2631 246 2676 :primo
256 2630 400 2675 quidem
410 2630 526 2664 unitas
538 2630 747 2664 divinitatis:
765 2638 799 2663 et
814 2629 858 2663 ad
873 2630 944 2663 hoc
959 2630 1254 2676 pertinetprimus
1266 2630 1453 2663 articulus:
1475 2631 1611 2665 secundo

52 2683 210 2717 Trinitas
224 2694 480 2729 personarum3
496 2692 530 2717 et
544 2683 587 2717 de
602 2684 672 2717 hoc
688 2691 769 2717 sunt
779 2691 849 2717 tres
865 2683 1216 2724 articulisecundum
1227 2691 1296 2716 tres
1315 2694 1487 2729 personas
1500 2697 1506 2718 :
1518 2686 1610 2718 tertio

51 2748 137 2771 vero
158 2745 407 2783 proponuntur
424 2737 527 2770 nobis
547 2748 657 2782 opera
679 2736 872 2770 divinitatis
891 2737 1052 2782 propria3
1067 2747 1223 2782 quorum
1232 2737 1383 2781 primum
1397 2737 1549 2782 pertinet
1567 2738 1611 2771 ad

52 2801 128 2824 esse
139 2797 305 2824 naturae:
322 2797 356 2824 et
366 2790 416 2823 sic
431 2790 643 2835 proponitur
657 2789 761 2824 nobis
775 2789 1164 2834 articulusjcreationis3
1178 2789 1352 2824 secundum
1363 2801 1448 2824 vero
1459 2790 1612 2836 pertinet

54 2843 97 2877 ad
111 2854 188 2878 esse
203 2843 356 2889 gratiae:
376 2851 411 2877 et
424 2843 474 2877 sic
489 2850 739 2889 proponuntur
752 2843 855 2876 nobis
869 2843 932 2877 sub
949 2853 1020 2876 uno
1037 2841 1187 2877 articulo
1203 2843 1326 2877 omnia
1340 2843 1552 2889 pertinentia
1567 2844 1610 2878 ad
