1859 3122
473 155 690 191 QUAESTIO
723 154 872 184 XXXIII.
907 154 1151 184 ARTICULUS
1185 153 1274 182 VIII.
1567 140 1648 195 285

168 237 227 270 AD
243 245 413 271 TERTIUM
427 236 632 278 dicendum,
655 236 750 282 quod
770 243 877 270 testes
897 244 1046 281 possunt
1068 235 1187 269 induci
1202 242 1347 281 propter
1365 235 1452 274 tritu
1473 245 1536 268 uno
1558 233 1653 267 modo

97 289 140 324 ad
163 290 437 332 ostendendum,
459 291 552 336 quod
570 290 640 324 hoc
659 290 703 323 sit
724 296 926 335 peccatum,
949 290 991 323 de
1014 300 1085 335 quo
1108 288 1235 334 aliquis
1254 289 1423 333 arguitur,
1446 295 1484 321 ut
1505 287 1653 322 Hieron.

97 343 183 377 dicit
204 344 304 388 (sortis
325 350 394 390 sup.
419 344 498 378 illud
521 344 638 377 Mum).
661 344 710 377 18.
725 356 734 376 :
755 344 792 377 Si
808 344 998 389 persteterit
1021 344 1052 375 in
1077 344 1140 386 try:
1163 342 1299 376 secundo
1321 341 1415 375 modo
1439 342 1481 375 ad
1504 341 1656 375 convin-

97 396 253 432 cendum
275 397 317 431 dc
337 406 428 439 actu,
451 397 480 430 si
500 405 598 431 actus
620 397 778 437 iteratur,
802 403 838 430 ut
857 396 950 441 Aug.
975 396 1060 429 dicit
1081 396 1115 429 in
1139 396 1299 439 Regula:
1321 397 1415 430 lertio
1438 394 1531 428 modo
1551 394 1593 428 ad
1609 402 1656 428 te-

97 450 336 493 stificandum,
360 451 454 496 quod
476 450 584 485 frater
611 450 810 484 admonens
836 448 920 483 fecit
941 449 1037 495 quod
1067 449 1103 482 in
1125 461 1162 483 se
1192 449 1268 490 suit,
1296 457 1333 483 ut
1359 449 1548 495 Chrysost.
1571 448 1656 482 dicit

98 505 201 549 (hom.
225 505 280 539 61.
305 507 336 539 in
360 505 506 549 Mamm).

169 559 228 592 AD
245 569 430 598 QUARTUM
453 558 658 599 dicendum,
674 556 769 603 quod
786 557 938 600 August.
963 555 1140 601 intelligit,
1163 557 1259 601 quod
1282 556 1377 600 prIus
1400 556 1538 589 dicatur
1553 555 1657 589 Prac-

99 611 184 651 lato‚
207 624 316 657 quam
343 613 502 654 testibus,
530 611 729 645 secundum
757 610 853 656 quod
876 609 1061 644 Praelatus
1088 618 1140 643 cst
1167 610 1346 655 quaedam
1368 609 1560 653 singularis
1582 620 1657 654 pcr-

98 676 199 707 sona,
226 678 317 711 quae
345 666 460 710 magis
486 673 604 711 potest
629 664 811 711 prodesse,
834 675 942 709 quam
971 663 1048 706 alii;
1076 674 1149 696 non
1177 671 1296 697 autem
1324 663 1420 708 quod
1448 663 1585 696 dicatur
1612 662 1655 703 ei,

98 726 285 765 tamquam
309 719 504 761 Ecclesiae,
527 719 618 753 idest
639 718 730 752 sicut
751 717 787 751 in
809 717 893 751 loco
915 717 1043 762 judicis
1065 716 1246 751 residenti.

563 993 918 1055 QUAESTIO
961 991 1203 1039 XXXIV.

429 1119 492 1149 DE
520 1118 649 1157 ODIO,
680 1118 731 1149 IN
757 1118 843 1149 SEX
870 1117 1132 1149 ARTICULOS
1158 1115 1333 1147 DIVISA.

171 1252 313 1287 Deinde
335 1253 639 1288 considerandum
662 1261 715 1287 est
736 1252 778 1287 de
800 1252 894 1287 vitiis
916 1252 1090 1299 oppositis
1106 1251 1287 1286 charitati:
1309 1259 1343 1285 et
1360 1251 1474 1297 primo
1497 1249 1539 1284 de
1562 1249 1658 1290 odio,

102 1307 199 1352 quod
214 1308 408 1353 opponitur
422 1307 488 1353 ipsi
503 1307 704 1341 dilectioni:
719 1307 856 1341 secundo
877 1307 919 1340 de
935 1307 1084 1348 accidia,
1107 1313 1140 1340 et
1154 1305 1300 1347 invidia,
1319 1315 1409 1350 quae
1429 1311 1660 1350 opponuntur

103 1360 236 1405 gaudio
260 1360 458 1394 charitatis:
491 1362 585 1395 tertio
609 1361 652 1395 de
679 1360 870 1402 discordia,
906 1368 939 1394 et
961 1360 1168 1401 schismate,
1191 1370 1281 1404 quae
1309 1365 1540 1404 opponuntur
1561 1357 1657 1402 paci:

102 1414 287 1460 quartoue
310 1413 510 1448 offensione
533 1422 567 1448 et
592 1413 776 1456 scandalo,
812 1425 902 1460 quae
930 1420 1161 1459 opponuntur
1186 1411 1458 1454 beneficentiae,
1485 1419 1519 1445 et
1545 1422 1661 1444 corre-

103 1468 214 1501 ctioni
234 1467 420 1502 fraternae.

590 1552 691 1586 Circa
707 1552 858 1597 primum
881 1554 1085 1596 qzctzerznztm·
1103 1561 1167 1584 sex.

176 1628 312 1662 Primo.
335 1628 465 1662 Utrum
487 1629 587 1663 Deus
610 1629 724 1675 possit
745 1629 829 1662 odio
851 1628 986 1662 haberi.

178 1682 360 1716 Secundo.
384 1683 515 1716 Utrum
537 1682 661 1716 odium
683 1683 750 1716 Dei
774 1683 818 1716 sit
836 1681 1037 1715 maximum
1058 1688 1304 1726 peccatorum.

178 1735 315 1769 Tertio.
338 1735 469 1770 Utrum
492 1736 615 1770 odium
637 1736 790 1782 proximi
810 1746 952 1781 semper
973 1735 1017 1769 sit
1038 1742 1239 1780 peccatum.

178 1789 331 1829 Quarto.
351 1789 482 1823 Utrum
505 1790 549 1824 sit
570 1790 769 1823 maximum
787 1789 878 1823 inter
899 1795 1058 1834 peccata,
1081 1799 1171 1834 quae
1193 1795 1274 1822 sunt
1292 1787 1326 1820 in
1350 1787 1566 1833 proximum.

179 1842 329 1882 Quinto.
352 1843 483 1876 Utrum
505 1843 549 1876 sit
568 1842 695 1876 vitium
718 1842 879 1888 capitale.

177 1895 299 1930 Sexto.
321 1895 372 1930 Ex
394 1907 465 1942 quo
488 1896 632 1942 capitali
652 1896 740 1930 vitio
763 1896 907 1930 oriatur.

680 2036 1024 2081 ARTICULUS
1060 2037 1092 2079 I.
1595 2055 1658 2092 203

403 2145 555 2174 UTRUM
583 2145 682 2180 QUIS
710 2144 860 2173 POSSIT
887 2144 1011 2173 DEUM
1039 2143 1151 2173 ODIO
1180 2143 1360 2173 HABERE.

110 2233 226 2279 (Supr.
249 2244 276 2278 q.
300 2245 342 2279 13.
366 2237 429 2267 art.
452 2244 483 2277 4.
503 2238 532 2267 et
545 2244 576 2277 4.
592 2233 744 2278 Dist.)-o.
765 2245 793 2278 q.
809 2244 840 2267 2.
857 2238 921 2267 art.
944 2245 970 2267 Ι.
989 2232 1127 2276 etsoan.
1142 2244 1170 2278 5.
1186 2231 1254 2266 lect.
1271 2242 1300 2277 7.
1315 2236 1344 2265 et
1359 2231 1452 2266 Rom.
1471 2230 1501 2264 S.
1519 2229 1586 2264 lect.
1602 2230 1662 2273 2.).

181 2323 240 2356 AD
266 2333 415 2356 PRIMUM
443 2322 492 2356 sic
514 2322 729 2368 proceditur.
752 2322 915 2363 Videtur,
938 2321 1034 2367 quod
1056 2322 1178 2355 Deum
1192 2320 1311 2354 nullus
1335 2320 1419 2354 odio
1435 2319 1566 2353 habere
1586 2329 1664 2362 pos-

110 2375 172 2410 sit:
195 2376 280 2409 dicit
301 2376 398 2409 enim
419 2376 571 2422 Dionys.
593 2386 624 2418 4.
649 2387 725 2422 cap.
749 2375 791 2409 de
805 2375 887 2409 Div.
907 2375 1016 2409 Nom.
1041 2374 1125 2418 (lact.
1141 2375 1185 2420 5.)
1201 2374 1296 2420 quod
1317 2373 1483 2407 omnibus
1499 2370 1663 2411 amabile,

111 2437 145 2463 et
166 2429 337 2475 diligibile
361 2437 412 2463 est
430 2429 587 2475 primum
608 2429 758 2470 bonum,
781 2437 815 2462 et
836 2428 1046 2474 pulchrum:
1071 2428 1133 2462 sed
1154 2429 1254 2462 Deus
1277 2435 1329 2461 est
1349 2427 1425 2472 ipsa
1452 2426 1603 2466 bonitas,
1631 2431 1665 2458 et

110 2481 359 2528 pulchritudo;
383 2493 468 2527 ergo
492 2494 511 2516 a
533 2482 633 2516 nullo
657 2482 741 2516 odio
763 2482 925 2517 habetur.

184 2546 214 2569 2.
237 2536 472 2570 PRAETEREA.
498 2536 539 2569 In
560 2536 789 2582 Apocryphis
812 2535 944 2569 Esdrae
966 2536 1037 2579 (lib.
1057 2547 1084 2581 3.
1108 2541 1178 2580 cap.
1195 2534 1246 2579 4.)
1269 2533 1407 2573 dicitur,
1423 2531 1519 2578 quod
1542 2530 1664 2564 omnia

112 2589 284 2622 invocant
304 2589 504 2630 veritatem,
527 2597 561 2623 et
580 2589 820 2634 benign-antur
841 2589 877 2622 in
900 2589 1068 2634 operibus
1090 2589 1184 2633 ejus:
1208 2588 1269 2621 sed
1287 2588 1386 2620 Deus
1409 2593 1461 2619 est
1480 2586 1557 2630 ipsa
1578 2584 1666 2618 veri-

112 2650 178 2684 tas,
199 2650 237 2676 ut
258 2642 386 2676 dicitur
402 2642 504 2686 Joan.
532 2652 594 2684 14&
618 2653 705 2688 ergo
728 2653 855 2676 omnes
878 2642 1031 2687 diIigunt
1053 2642 1185 2682 Deum,
1208 2648 1242 2674 et
1262 2639 1380 2673 nullus
1402 2650 1485 2672 eum
1503 2638 1587 2671 odio
1606 2637 1666 2671 ha-

112 2695 196 2729 bere
217 2703 345 2742 potest.

189 2761 216 2794 3.
239 2749 475 2783 PRAETEREA.
500 2748 636 2783 Odium
660 2756 714 2783 est
735 2749 873 2783 aversio
896 2748 1094 2794 quaedam:
1118 2747 1191 2787 sed,
1218 2746 1310 2780 sicut
1334 2745 1487 2790 Dionys.
1517 2744 1602 2778 dicit
1628 2744 1664 2778 in

119 2813 147 2836 Ι.
170 2813 247 2847 cap.
269 2802 312 2836 de
334 2802 415 2835 Div.
437 2802 547 2835 Nom.
571 2801 656 2846 (lact.
671 2814 702 2836 2.
724 2807 753 2836 et
770 2810 840 2848 cap.
859 2813 892 2846 4.
915 2803 982 2836 lact.
1000 2803 1059 2847 3.),
1083 2801 1181 2834 Deus
1204 2799 1326 2833 onmia
1349 2798 1392 2831 ad
1412 2798 1568 2844 seipsum
1584 2809 1666 2832 con-

115 2855 239 2898 vertit3
261 2866 347 2901 ergo
370 2854 488 2889 nullus
511 2866 592 2889 eum
615 2855 699 2889 odio
721 2855 853 2889 habere
875 2862 1003 2900 potest.
