1859 3122
506 171 726 207 QUAESTIO
761 172 860 202 xcv.
895 172 1139 202 ARTICULUS
1174 172 1246 202 vu.
1575 162 1655 205 681

168 252 396 287 Ruspoumzo
419 252 624 294 dicendum,
647 253 742 299 quod
766 262 897 296 motus,
920 253 976 288 vel
999 254 1151 299 garritus
1174 254 1307 297 avium,
1330 254 1387 290 vel
1406 266 1657 302 quaecumque

97 305 349 351 dispositiones
384 306 417 339 in
452 306 661 350 hujusmodi
692 307 795 342 rebus
828 308 1088 350 consideratae,
1120 308 1351 343 manifestum
1383 317 1435 343 est
1462 310 1558 356 quod
1586 321 1659 344 non

94 367 176 393 sunt
198 370 304 393 causa
326 359 528 393 futurorum
548 368 760 402 eventuum,
789 361 882 396 unde
910 373 952 395 ex
975 361 1024 396 eis
1047 361 1163 396 futura
1187 363 1361 407 cognosci
1391 374 1464 396 non
1495 372 1657 409 possunt,

95 413 183 446 sicut
206 423 247 446 ex
270 413 406 455 causis;
432 412 643 459 relinquitur
665 425 763 459 ergo,
787 415 883 461 quod
906 415 934 449 si
957 426 997 449 ex
1021 416 1070 450 eis
1094 415 1212 462 aliqua
1234 416 1350 451 futura
1379 425 1658 463 cognoscantur,

94 465 164 499 hoc
185 467 260 508 erit,
282 466 494 512 inquantum
518 475 599 501 sunt
621 467 768 502 effectus
791 468 992 514 aliquarum
1017 480 1220 511 causarum,
1242 481 1333 515 quae
1357 472 1465 504 etiam
1480 480 1561 505 sunt
1576 482 1660 505 cau-

94 527 224 561 santes,
246 519 304 553 vel
325 529 677 566 praecognoscentes
701 521 837 555 futuros
860 531 1019 557 eventus.
1036 522 1156 557 Causa
1173 531 1292 558 autern
1309 525 1562 570 operationum
1579 526 1658 560 bru-

93 580 215 606 torum
238 573 449 607 animalium
473 583 525 608 est
547 574 733 609 instinctus
765 576 922 621 quidam,
951 588 1022 622 quo
1053 586 1246 611 moventur
1268 586 1369 612 motu
1392 578 1557 621 naturali,
1584 591 1658 613 non

95 627 191 659 enim
214 626 346 660 habent
368 627 571 661 dominium
594 629 647 662 sui
670 637 788 671 actus3
805 629 862 662 hic
879 637 999 663 autem
1019 630 1206 664 instinctus
1223 639 1340 676 potest
1355 644 1395 666 ex
1412 632 1536 679 duplici
1551 644 1659 667 causa

93 679 298 725 procedere.
328 681 399 714 Uno
422 681 567 727 quidem
590 682 684 716 viculo
704 694 744 716 ex
768 694 874 716 causa
898 683 1097 729 corporali:
1122 695 1204 717 cum
1233 684 1329 718 enim
1356 685 1459 719 bruta
1486 685 1656 720 animalia

93 744 166 767 non
188 733 344 768 habeant
366 734 433 768 nisi
456 735 615 769 animam
638 736 858 777 sensitivam,
883 738 983 781 cujus
1007 748 1134 771 omnes
1156 738 1339 783 potentiae
1362 747 1443 772 sunt
1466 747 1565 773 actus
1585 751 1662 774 cor-

93 786 273 832 poralium
297 799 530 833 organorum,
554 789 713 834 subjacet
735 800 862 823 eorum
886 790 1006 823 anima
1034 790 1263 836 dispositioni
1292 791 1556 826 continentium
1584 804 1659 827 cor-

93 851 234 886 porum,
257 849 291 875 et
313 841 592 887 primordialiter
614 842 844 883 coelestium3
867 850 900 876 et
922 843 1004 877 ideo
1027 843 1118 877 nihil
1148 844 1327 889 prohibet,
1360 844 1497 891 aliquas
1528 857 1655 880 eorum

93 894 322 939 operationes
345 906 422 929 esse
444 894 645 929 futurorum
669 896 782 941 signa,
812 896 1026 942 inquantum
1057 896 1332 932 conformantur
1360 898 1656 944 dispositionibus

93 958 288 994 corporum
311 948 534 991 coelestium,
550 957 584 983 et
607 950 696 983 aeris
720 949 949 992 continentis,
972 961 1013 984 ex
1035 950 1162 996 quibus
1184 951 1401 997 proveniunt
1419 952 1529 998 aliqui
1550 953 1659 987 futuri

40 1030 44 1036 .
93 1009 254 1035 eventus.
276 1002 316 1034 In
338 1001 409 1035 hoc
432 1009 554 1036 tamen
575 1002 638 1036 duo
667 1002 888 1036 considerari
916 1010 1074 1049 oportet:
1100 1005 1254 1050 primum
1285 1004 1443 1050 quidem,
1470 1013 1508 1039 ut
1535 1016 1659 1051 opera-

91 1054 200 1088 tionis
222 1055 431 1099 hujusmodi
452 1066 525 1089 non
549 1056 797 1098 extendantur,
819 1056 888 1090 nisi
903 1056 946 1090 ad
961 1057 1308 1103 praecognoscenda
1322 1057 1452 1100 futura,
1472 1069 1563 1104 quae
1578 1069 1659 1092 cau-

92 1115 214 1142 santur
226 1119 288 1154 per
303 1116 422 1142 motus
442 1107 655 1143 coelestium
671 1120 878 1156 corporum,
893 1118 931 1144 ut
945 1121 1052 1157 supra
1067 1110 1204 1145 dictum
1220 1119 1272 1145 est
1288 1110 1359 1156 (art
1375 1123 1403 1158 5.
1423 1117 1453 1147 et
1466 1112 1498 1146 6.
1509 1113 1656 1158 praec.):

92 1161 242 1203 sectando,
266 1169 303 1195 ut
324 1173 398 1196 non
421 1162 657 1196 extendantur
674 1163 741 1197 nisi
764 1163 807 1197 ad
823 1174 876 1205 ea,
892 1175 984 1210 quae
999 1163 1203 1210 aliqualiter
1218 1173 1368 1211 possunt
1391 1165 1434 1199 ad
1448 1165 1658 1210 hujusmodi

95 1214 263 1249 animalia
285 1215 474 1261 pertinere,
506 1224 775 1262 consequuntur
805 1217 901 1251 enim
932 1228 995 1263 per
1024 1216 1196 1252 coelestia
1224 1229 1377 1264 corpora
1408 1219 1657 1264 cognitionem

93 1269 288 1314 quamdam
309 1269 523 1311 naturalem,
546 1278 581 1304 et
601 1270 810 1304 instinctum
831 1271 873 1304 ad
893 1282 946 1312 ea,
969 1282 1061 1317 quae
1076 1282 1203 1305 eorum
1224 1272 1320 1306 vitae
1338 1279 1421 1306 sunt
1434 1272 1657 1306 necessaria:

92 1322 184 1356 sicut
204 1330 287 1356 sunt
308 1323 591 1365 immutationes,
611 1335 702 1369 quae
724 1323 813 1358 fiunt
835 1335 897 1370 per
914 1323 1066 1370 pluvias,
1089 1333 1123 1359 et
1135 1333 1276 1367 ventos,
1292 1333 1326 1360 et
1342 1326 1411 1360 alia
1433 1326 1654 1370 hujusmodi.

91 1375 171 1410 Alio
186 1375 280 1410 modo
302 1376 490 1411 instinctus
513 1377 723 1423 hujusmodi
747 1386 938 1412 causantur
956 1389 997 1412 ex
1020 1389 1129 1412 causa
1151 1379 1343 1425 spirituali3
1367 1379 1519 1413 scilicet:
1541 1379 1598 1413 vel
1618 1391 1659 1414 ex

92 1429 190 1471 De03
210 1437 247 1463 ut
268 1437 366 1474 patet
386 1430 422 1463 in
445 1430 614 1464 columba
636 1442 743 1477 super
765 1430 953 1465 Christum
976 1431 1228 1474 descendente,
1251 1440 1285 1467 et
1302 1432 1338 1466 in
1358 1444 1469 1467 corvo
1487 1433 1547 1478 qui
1561 1433 1659 1479 pavit

93 1481 248 1524 Heliam,
271 1491 305 1517 et
326 1483 362 1516 in
385 1491 462 1518 cete
485 1484 545 1530 qui
567 1484 760 1526 absorbuit,
784 1492 819 1519 et
840 1485 946 1530 ejecit
962 1485 1114 1530 Jonam:
1136 1485 1195 1519 vel
1217 1487 1326 1520 etiam
1344 1498 1386 1520 ex
1405 1487 1655 1528 daemonibus,

90 1536 151 1582 qui
173 1544 320 1570 utuntur
345 1537 555 1582 hujusmodi
582 1538 851 1584 operationibus
881 1538 1069 1573 brutorum
1097 1539 1310 1573 animalium
1341 1540 1384 1573 ad
1414 1540 1656 1586 implicandos

91 1590 232 1624 animos
253 1590 446 1624 hominum
467 1592 568 1625 vanis
591 1592 833 1638 opinionibus.
856 1591 899 1626 Et
922 1593 1048 1626 eadem
1068 1594 1157 1627 ratio
1179 1593 1320 1627 videtur
1336 1605 1413 1627 esse
1429 1593 1471 1627 de
1487 1594 1655 1628 omnibus

91 1643 168 1678 aliis
190 1644 412 1690 hujusmodi,
434 1653 686 1691 praeterquam
709 1645 751 1679 de
782 1646 978 1679 ominibus:
1009 1646 1091 1692 quia
1119 1646 1228 1680 verba
1257 1646 1430 1688 humana,
1453 1658 1544 1693 quae
1567 1647 1658 1681 acci-

89 1697 233 1743 piuntur
254 1708 318 1742 pro
343 1699 476 1740 omine,
498 1710 572 1732 non
595 1698 793 1732 subduntur
808 1698 1036 1744 dispositioni
1054 1699 1256 1733 stellarum:
1280 1699 1518 1746 disponuntur
1532 1708 1655 1735 tamen

89 1751 289 1785 secundum
311 1751 472 1785 divinam
492 1752 769 1798 providentiam,
792 1760 827 1786 et
852 1752 1069 1798 quandoque
1097 1753 1297 1787 secundum
1324 1753 1546 1788 daemonum
1575 1765 1656 1800 ope-

89 1804 285 1838 rationem:
309 1806 358 1839 sic
382 1816 468 1851 ergo
492 1806 697 1847 dicendum,
721 1805 816 1851 quod
836 1806 955 1839 omnis
970 1806 1181 1852 hujusmodi
1196 1806 1382 1849 divinatio,
1398 1808 1425 1841 si
1446 1807 1656 1841 extendatur

89 1856 181 1891 ultra
202 1857 302 1900 illud,
326 1858 369 1892 ad
392 1859 488 1904 quod
511 1866 628 1904 potest
649 1858 851 1904 pertingere
871 1859 1070 1893 secundum
1087 1860 1251 1894 ordinem
1265 1868 1426 1902 naturae,
1440 1860 1499 1894 vel
1513 1860 1655 1894 divinae

88 1911 346 1956 providentiae,
369 1920 422 1946 est
443 1912 702 1958 superstitiosa,
725 1919 759 1945 et
780 1911 915 1946 illicita.

158 1964 218 1998 AD
239 1975 389 1999 PRIMUM
411 1976 497 2011 ergo
526 1965 731 2007 dicendum,
759 1966 855 2011 quod
882 1965 952 2000 hoc
981 1965 1076 2011 quod
1099 1966 1235 2012 joseph
1263 1967 1360 2008 dixit,
1387 1978 1461 2001 non
1488 1978 1565 2001 esse
1594 1967 1656 2001 ali-

88 2028 195 2063 quem
218 2018 284 2052 sibi
306 2018 463 2052 similem
485 2019 521 2052 in
544 2018 692 2052 scientia
715 2018 926 2064 augurandi,
948 2019 1147 2053 secundum
1171 2019 1324 2066 August.
1349 2020 1398 2064 (in
1414 2021 1470 2054 lib.
1490 2021 1570 2065 QQ.
1584 2027 1655 2066 sup.

92 2070 203 2105 Genes.
225 2083 254 2117 q.
281 2073 365 2117 145.)
389 2073 472 2117 joco
496 2072 592 2113 dixit,
614 2083 687 2106 non
709 2072 814 2114 serio,
837 2071 994 2107 referens
1016 2072 1107 2107 forte
1130 2073 1202 2106 hoc
1226 2073 1269 2107 ad
1285 2073 1384 2116 illud,
1404 2075 1500 2120 quod
1522 2074 1652 2120 vulgus

89 2123 132 2158 de
155 2135 198 2158 eo
221 2124 451 2170 opinabatur:
477 2133 510 2159 et
529 2125 578 2159 sic
601 2125 711 2159 etiam
733 2125 958 2171 dispensator
980 2126 1054 2170 ejus
1076 2125 1219 2160 locutus
1243 2135 1304 2160 est.

158 2177 218 2211 AD
230 2189 437 2213 SECUNDUM
453 2178 658 2220 dicendum,
674 2178 769 2224 quod
784 2178 846 2212 illa
862 2180 1055 2213 auctoritas
1074 2180 1233 2226 loquitur
1248 2180 1290 2214 de
1307 2181 1516 2226 cognitione
1532 2181 1653 2214 avium

90 2239 252 2276 respectu
275 2242 414 2273 eorum,
436 2243 527 2278 quae
551 2232 593 2265 ad
617 2243 676 2266 eas
699 2232 891 2277 pertinent:
916 2240 949 2266 et
972 2233 1015 2266 ad
1037 2233 1127 2267 haec
1156 2234 1512 2279 praecognoscentia,
1541 2235 1654 2268 consi-

90 2283 214 2318 derare
236 2296 363 2319 earum
384 2296 506 2326 voces,
530 2293 564 2319 et
586 2293 706 2319 motus
727 2296 801 2319 non
825 2293 877 2319 est
906 2285 1092 2319 illicitum:
1124 2294 1209 2332 puta
1231 2287 1260 2320 si
1282 2287 1360 2332 quis
1392 2299 1433 2321 ex
1464 2287 1534 2321 hoc
1558 2288 1653 2333 quod

91 2337 273 2372 cornicula
294 2337 498 2384 frequenter
521 2338 682 2380 crocitat,
704 2339 887 2384 praedicat
909 2339 1070 2384 pluviam
1093 2340 1164 2374 cito
1185 2352 1262 2374 esse
1284 2340 1453 2374 futuram.

161 2390 220 2425 AD
243 2401 414 2426 TERTIUM
441 2391 648 2433 dicendum,
669 2392 766 2437 quod
791 2391 943 2426 Gedeon
966 2393 1171 2427 observavit
1197 2394 1460 2435 recitationem,
1488 2402 1522 2427 et
1548 2404 1654 2440 expo-

90 2442 257 2477 sitionem
279 2445 424 2487 somnii,
447 2445 626 2491 accipiens
649 2455 689 2478 ea
711 2455 775 2490 pro
799 2445 932 2487 omine,
949 2448 1050 2492 quasi
1065 2446 1229 2481 ordinata
1245 2447 1288 2481 ad
1304 2448 1358 2481 sui
1377 2447 1652 2481 instructionem

91 2506 110 2528 a
138 2496 257 2531 divina
287 2498 531 2543 providentia3
564 2506 597 2532 et
628 2497 792 2532 similiter
813 2497 951 2533 Eliezer
982 2500 1130 2534 attendit
1159 2500 1267 2534 verba
1298 2500 1452 2547 puellae,
1488 2500 1653 2534 oratione

91 2550 284 2594 praemissa
309 2551 351 2584 ad
373 2552 504 2585 Deum.
