1859 3122
455 233 677 269 QUAESTIO
712 234 917 264 CLXXXVI.
951 235 1195 265 ARTICULUS
1227 235 1288 265 111.
1350 227 1353 230 ¹
1545 236 1650 279 1225

163 313 224 347 AD
247 323 398 348 SEXTUM
426 314 633 358 dicendum,
660 315 756 361 quod
785 316 1048 351 abrenuntiatio
1076 317 1302 363 propriarum
1329 317 1534 352 divitiarum
1557 329 1655 353 corn-

93 374 236 412 paratur
264 367 308 401 ad
335 367 654 414 eleemosynarum
681 368 924 415 largitionem,
951 370 1042 404 sicut
1068 370 1269 405 universale
1296 372 1338 405 ad
1366 371 1590 418 particulare,
1617 379 1653 407 et

90 419 349 455 holocaustum
366 421 408 454 ad
424 421 659 464 sacrificium;
675 423 768 457 unde
786 422 939 469 Gregor.
958 423 1043 458 dicit
1057 435 1164 470 super
1177 424 1309 458 Ezech.
1332 425 1435 470 (hom.
1455 427 1539 471 20),
1556 425 1653 472 quod

94 485 113 505 «
135 472 185 507 illi
208 474 268 520 qui
295 485 336 508 ex
363 475 537 520 possessis
559 475 663 510 rebus
685 476 842 510 subsidia
865 477 1050 523 egentibus
1073 478 1287 520 ministrant,
1309 480 1345 512 in
1365 479 1469 514 bonis
1491 491 1582 526 quae
1603 478 1650 514 fa-

92 526 202 569 ciunt,
221 527 437 562 sacrificium
457 527 632 571 offerunt;
655 529 737 576 quia
759 529 892 576 aliquid
915 531 996 564 Deo
1019 530 1222 574 immolant,
1245 539 1279 566 ct
1301 531 1433 578 aliquid
1452 533 1519 566 sibi
1540 544 1653 568 reser-

92 588 195 614 vant:
223 581 284 626 qui
310 592 396 615 vero
422 581 512 616 nihil
539 582 605 616 sibi
630 592 824 625 reservant,
852 582 1007 618 offerunt
1032 584 1301 627 holocaustum,
1327 586 1423 631 quod
1458 594 1511 620 est
1536 587 1652 632 majus

92 633 270 668 sacrificio
293 647 325 676 »3
348 635 442 669 unde
464 636 574 669 etiam
589 635 803 683 Hieronym.
819 645 943 671 contra
958 637 1194 683 Vigilantium
1211 639 1298 685 (cap.
1310 651 1340 685 5.
1355 644 1382 673 et
1397 640 1526 686 incipit:
1542 640 1653 675 Multa

91 687 125 720 in
144 688 238 732 orba)
261 687 362 722 dicit:
386 701 403 720 «
421 688 531 729 Quod
548 697 668 723 autem
684 690 824 732 asseris,
843 701 886 724 eo
905 690 1034 725 melius
1052 690 1180 733 facere,
1203 692 1261 738 qui
1281 700 1427 726 utuntur
1444 693 1548 727 rebus
1567 693 1652 736 suis,

93 748 127 774 et
149 741 323 786 paulatim
339 741 474 775 fructus
489 742 760 788 possessionum
779 754 925 777 suarum
948 744 1162 790 pauperibus
1181 744 1353 788 dividunt,
1372 756 1446 780 non
1463 757 1482 779 a
1500 757 1559 780 me
1577 746 1652 789 tibi,

91 793 154 828 sed
190 805 208 828 a
239 794 403 829 Domino
434 796 687 841 respondetur:
718 796 755 831 Si
778 798 829 831 vis
848 797 1010 843 perfectus
1034 810 1106 840 esse,
1135 806 1200 832 etc.
1232 811 1271 841 »3
1300 807 1334 833 et
1359 807 1486 845 postea
1515 799 1650 834 subdit:

93 860 111 878 (ι
135 847 216 889 Iste,
243 859 350 894 quem
373 856 411 882 tu
432 848 569 890 laudas,
596 849 773 884 secundus
797 858 830 884 et
851 850 974 884 tertius
1002 851 1132 896 gradus
1160 860 1222 893 est,
1250 863 1358 898 quem
1385 860 1419 886 et
1439 863 1506 887 nos
1528 853 1653 899 recipi-

93 911 189 943 mus3
212 901 414 935 dummodo
437 902 594 936 sciamus
615 902 731 948 prima
753 904 930 945 secundis,
954 912 988 938 et
1008 904 1119 938 tertiis
1141 904 1373 950 praeferenda
1395 918 1428 948 »3
1450 913 1484 940 et
1504 906 1587 940 ideo
1607 906 1650 940 ad

91 953 356 988 excludendum
380 966 540 989 errorem
561 954 749 1001 Vigilantii
775 956 903 990 dicitur
923 957 960 990 in
982 956 1040 990 lib.
1067 957 1110 991 de
1137 957 1234 992 Eccl.
1257 959 1352 1004 Dog.
1376 959 1465 1006 (cap.
1489 969 1541 1005 71.
1563 961 1648 994 inter

90 1012 142 1053 op.
166 1007 294 1052 Aug.):
327 1021 344 1039 «
371 1008 515 1042 Bonum
543 1016 596 1042 est
620 1008 808 1043 facultates
836 1021 919 1043 cum
946 1010 1211 1055 dispensatione
1239 1012 1453 1057 pauperibus
1483 1023 1650 1059 erogare:

90 1059 220 1094 melius
247 1069 300 1095 est
321 1072 386 1106 pro
412 1061 612 1095 intentione
633 1062 806 1108 sequendi
831 1062 1032 1096 Dominum
1054 1063 1202 1098 insimul
1223 1065 1370 1107 donare,
1389 1073 1423 1099 et
1445 1065 1651 1100 absolutum

90 1112 320 1148 solicitudine
343 1126 449 1160 egere
471 1126 554 1148 curn
577 1114 724 1149 Christo
746 1128 778 1148 ».

634 1243 980 1287 ARTICULUS
1014 1245 1091 1287 iv.
1582 1259 1650 1304 887

334 1351 489 1381 UTRUM
520 1352 745 1381 PERPETUA
778 1352 1082 1383 CONTINENTIA
1114 1354 1396 1389 REQUIRATUR

520 1418 579 1446 AD
603 1417 939 1447 PERFECTIONEM
961 1418 1222 1448 RELIGIONIS.

272 1505 390 1552 (Supr.
412 1517 440 1551 q.
463 1505 519 1540 88.
541 1510 605 1539 art.
624 1517 670 1540 Π.
689 1510 720 1540 et
741 1511 850 1552 opusc.
872 1506 922 1540 18.
945 1512 1018 1552 cap.
1041 1517 1073 1551 9.
1096 1511 1124 1540 et
1145 1512 1252 1552 opusc.
1274 1519 1324 1553 19.
1348 1513 1419 1553 cap.
1440 1519 1469 1542 Ι.

575 1564 605 1593 et
625 1560 660 1593 in
676 1559 764 1605 prol.
785 1565 880 1605 super
896 1560 994 1604 Joan.
1017 1559 1085 1594 lect.
1108 1561 1167 1606 2.).

161 1648 222 1682 AD
244 1658 432 1687 QUARTUM
457 1647 508 1682 sic
530 1648 746 1694 proceditur.
770 1648 933 1690 Videtur,
955 1649 1052 1695 quod
1074 1657 1247 1695 perpetua
1270 1649 1493 1684 continentia
1506 1661 1580 1684 non
1599 1660 1651 1684 re-

90 1701 252 1748 quiratur
274 1701 317 1735 ad
338 1700 599 1740 perfectionem
621 1701 825 1747 religionis:
849 1701 968 1735 omnis
991 1702 1087 1736 enim
1109 1702 1203 1736 vitae
1231 1702 1448 1736 christianae
1474 1702 1648 1748 perfectio

90 1755 133 1789 ab
150 1754 337 1800 Apostolis
353 1754 489 1788 Christi
504 1755 640 1800 coepit:
661 1755 722 1788 sed
738 1754 908 1799 Apostoli
923 1755 1183 1789 continentiam
1202 1766 1276 1789 non
1291 1755 1457 1789 videntur
1477 1767 1648 1801 servasse,

89 1815 128 1842 ut
145 1815 243 1854 patet
264 1808 307 1841 de
329 1807 449 1849 Petro,
472 1807 532 1853 qui
554 1818 700 1841 socrum
723 1807 853 1853 legitur
867 1807 1046 1850 habuisse,
1065 1808 1193 1841 Matth.
1211 1808 1262 1850 8.;
1285 1819 1371 1854 ergo
1385 1808 1537 1851 videtur,
1552 1808 1649 1855 quod

89 1860 134 1895 ad
154 1860 415 1907 perfectionem
437 1860 623 1906 religionis
644 1872 719 1894 non
741 1861 942 1907 requiratur
963 1868 1135 1907 perpetua
1158 1861 1391 1896 continentia.

161 1924 192 1948 2.
214 1914 451 1949 PRAETEREA.
475 1914 638 1948 Primum
659 1913 890 1960 perfectionis
919 1913 1104 1961 exemplar
1129 1915 1233 1949 nobis
1259 1915 1295 1948 in
1324 1915 1511 1949 Abraham
1533 1923 1650 1949 osten-

91 1967 196 2010 ditur,
211 1968 266 2001 cui
282 1967 463 2001 Dominus
485 1967 582 2009 dixit,
606 1966 698 2002 Gen.
725 1978 795 2012 17.:
824 1967 972 2002 Ambula
997 1979 1110 2002 coram
1136 1978 1208 2002 me:
1237 1973 1267 2002 et
1291 1973 1352 2002 esto
1374 1969 1560 2015 perfectus:
1586 1968 1648 2003 sed

90 2021 334 2067 exemplatum
355 2032 429 2055 non
452 2030 594 2067 oportet
616 2021 712 2067 quod
729 2021 878 2055 excedat
897 2020 1098 2067 exemplar3
1115 2032 1202 2067 ergo
1221 2032 1296 2055 non
1313 2021 1503 2067 requiritur
1516 2021 1560 2055 ad
1574 2032 1649 2068 per-

88 2075 285 2110 fectionem
307 2075 492 2120 religionis
514 2083 686 2121 perpetua
702 2074 935 2108 continentia.

164 2140 193 2175 3.
216 2128 452 2162 PRAETEREA.
480 2127 571 2162 Illud
595 2127 692 2174 quod
712 2127 905 2173 requiritur
927 2127 970 2161 ad
992 2127 1256 2174 perfectionem
1278 2127 1475 2174 religionis,
1495 2127 1531 2162 in
1547 2127 1649 2161 omni

89 2180 266 2228 religione
287 2181 484 2215 invenitur:
509 2189 590 2215 sunt
613 2189 732 2214 autern
761 2180 870 2226 aliqui
896 2180 1071 2226 religiosi,
1098 2181 1158 2227 qui
1184 2181 1355 2215 uxoribus
1381 2189 1546 2223 utuntur3
1573 2191 1647 2215 non

90 2246 178 2281 ergo
200 2234 386 2280 religionis
408 2233 581 2280 perfectio
605 2233 714 2279 exigit
738 2241 949 2280 perpetuam
973 2234 1244 2268 continentiam.

164 2288 238 2323 SED
265 2297 419 2322 CONTRA
443 2295 505 2328 est,
528 2287 625 2333 quod
644 2287 771 2332 Apost.
795 2297 825 2320 2.
849 2287 892 2320 ad
916 2286 1002 2321 Cor.
1026 2297 1056 2332 7.
1080 2287 1184 2322 dicit:
1207 2286 1403 2321 Mundemzcs
1423 2299 1481 2321 nos
1498 2287 1538 2321 ab
1557 2287 1649 2321 omni

93 2343 340 2388 inquinamento
363 2341 484 2382 carnis,
500 2345 529 2374 et
544 2341 689 2386 spiritus,
700 2340 902 2386 perficientes
915 2341 1202 2383 sanctificationem
1217 2345 1364 2374 nostram
1380 2341 1413 2374 in
1428 2341 1545 2374 timore
1559 2340 1626 2374 Dei
1635 2351 1647 2374 .·

89 2394 152 2430 sed
178 2394 354 2428 munditia
381 2394 508 2434 carnis,
535 2400 568 2426 et
589 2393 732 2439 spiritus
755 2401 990 2427 conservatur
1011 2404 1074 2438 per
1096 2393 1376 2427 continentiam:
1399 2393 1528 2426 dicitur
1549 2392 1647 2426 enim

94 2459 121 2482 1.
145 2447 231 2482 Cor.
255 2458 304 2492 7.:
329 2447 454 2481 Mulier
476 2448 626 2492 innupta,
649 2451 679 2481 et
698 2447 793 2492 virgo
816 2448 940 2492 cogitat
960 2458 1040 2491 quae
1062 2447 1204 2480 Domini
1222 2451 1309 2488 sunt,
1332 2451 1369 2480 ut
1388 2447 1431 2481 sit
1449 2451 1564 2481 sancta
1584 2447 1646 2492 spi-

88 2503 170 2544 ritu,
191 2506 221 2535 et
241 2507 400 2546 corpora·
424 2511 511 2545 ergo
534 2498 708 2545 perfectio
729 2499 917 2545 religionis
940 2499 1088 2545 requirit
1115 2499 1386 2533 continentiam.

158 2554 390 2589 RESPONDEO
425 2552 632 2595 dicendum,
658 2553 755 2598 quod
783 2553 826 2586 ad
857 2561 989 2587 statum
1016 2553 1202 2598 religionis
1228 2552 1421 2598 requiritur
1449 2553 1646 2587 subtractio

90 2619 230 2649 eorum,
251 2618 315 2653 per
336 2617 427 2652 quae
448 2607 563 2640 homo
585 2606 789 2652 impeditur,
806 2617 852 2640 ne
870 2605 1003 2640 feratur
1020 2606 1178 2640 totaliter
1191 2606 1226 2639 in
1246 2606 1316 2639 Dei
1337 2606 1541 2640 servitium:
1562 2617 1647 2640 usus

89 2669 209 2696 autem
228 2659 380 2694 carnalis
396 2659 547 2705 copulae
570 2659 719 2693 retrahit
740 2659 914 2701 animum,
928 2670 974 2693 ne
988 2659 1147 2693 totaliter
1164 2658 1295 2693 feratar
1314 2659 1350 2692 in
1364 2659 1435 2693 Dei
1449 2659 1646 2701 servitium,

90 2714 283 2761 dupliciter:
310 2725 374 2747 uno
401 2712 496 2746 modo
524 2719 669 2758 propter
693 2711 964 2746 vehementiam
991 2712 1253 2755 delectationis,
1280 2723 1322 2745 ex
1349 2713 1448 2757 cujus
1469 2711 1648 2758 frequenti

93 2767 314 2814 experientia
329 2774 479 2812 augetur
493 2765 798 2811 concupiscentia,
808 2773 847 2799 ut
861 2765 968 2799 etiam
984 2765 1119 2799 Philos.
1135 2765 1221 2799 dicit
1235 2765 1271 2798 in
1286 2777 1313 2810 3.
1325 2765 1440 2799 Etich.
1454 2765 1542 2812 (cap.
1556 2766 1645 2811 ult),

92 2828 128 2854 et
152 2820 234 2854 inde
258 2828 321 2860 est,
343 2819 440 2865 quod
461 2829 546 2852 usus
566 2829 805 2852 venereorum
832 2819 982 2852 retrahit
1007 2818 1169 2851 animum
1197 2819 1239 2852 ab
1265 2818 1326 2852 illa
1352 2818 1510 2865 perfecta
1535 2819 1647 2853 inten-

90 2874 190 2908 tione
211 2872 382 2907 tendendi
403 2872 439 2905 in
465 2872 598 2913 Deum,
621 2879 655 2905 et
674 2871 746 2905 hoc
774 2879 827 2905 est
849 2871 945 2917 quod
968 2871 1062 2917 Aug.
1085 2871 1170 2905 dicit
1190 2871 1226 2905 in
1252 2883 1279 2905 1.
1303 2871 1456 2918 Soliloq.
1480 2871 1566 2918 (cap.
1593 2885 1644 2907 10.

92 2932 165 2962 ante
185 2926 286 2972 med.)
299 2938 309 2961 :
335 2939 352 2958 «
370 2925 472 2960 Nihil
493 2936 570 2959 esse
592 2925 720 2966 sentio,
743 2924 839 2970 quod
861 2926 977 2970 magis
997 2936 1038 2959 ex
1061 2936 1141 2958 arce
1156 2925 1299 2970 dejiciat
1312 2925 1473 2959 animum
1492 2925 1644 2968 virilem,
