1859 3122
148 151 233 193 886
543 160 764 196 QUAESTIO
799 159 962 190 CXXXII.
995 158 1239 189 ARTICULUS
1272 160 1312 189 v.

217 253 249 278 2.
270 243 505 278 PRAETEREA.
529 241 804 284 Contentiones,
827 249 862 276 et
882 241 1083 276 discordiae
1115 241 1280 275 videntur
1302 251 1344 275 ex
1364 241 1416 275 ira
1438 241 1594 276 maxime
1626 253 1705 287 pro-

145 297 267 332 venire
287 308 294 330 :
317 295 378 330 sed
400 296 452 329 ira
473 302 526 329 est
548 294 700 341 capitale
721 295 850 329 vitium
871 295 970 329 inani
990 294 1128 340 gloriae
1150 294 1399 338 condivisum3
1429 306 1516 341 ergo
1548 295 1702 337 videtur,

147 350 243 397 quod
263 361 338 383 non
360 349 429 383 sint
446 348 541 383 filiae
561 349 678 382 inanis
699 347 848 394 gloriae.

221 414 250 449 3.
272 403 507 437 PRAETEREA.
531 402 720 448 Chrysost.
742 402 827 436 dicit
848 413 954 448 super
974 401 1101 435 Matth.
1123 402 1291 445 (innuitur
1312 401 1397 435 bom.
1419 413 1460 447 13.
1484 406 1512 435 et
1532 413 1575 448 15.
1593 403 1629 436 in
1654 408 1704 448 op.

146 457 293 503 inl-perf.)
317 456 414 502 quod
438 468 455 487 c<
477 455 607 501 ubique
620 467 715 489 vana
729 455 844 501 gloria
859 454 997 488 malum
1013 462 1076 496 est,
1091 455 1152 488 sed
1168 454 1325 488 maxime
1338 454 1375 487 in
1390 453 1659 501 philanthropia
1672 469 1706 497 n,

146 510 237 544 idest
256 509 293 543 in
315 508 579 543 misericordia:
602 520 693 554 quae
715 517 837 543 tamen
859 520 933 542 non
955 516 1007 542 est
1029 507 1162 553 aliquid
1183 518 1332 549 novum,
1362 507 1424 542 sed
1453 507 1490 541 in
1519 516 1708 542 consuetu-

147 563 228 597 dine
249 563 442 612 hominum
465 562 599 605 existit3
615 573 701 608 ergo
716 562 962 609 praesumptio
977 562 1180 595 novitatum
1193 571 1268 595 non
1282 560 1387 595 debet
1401 560 1604 606 specialiter
1620 561 1708 608 poni

147 616 220 650 filia
241 616 357 650 inanis
378 615 526 661 gloriae.

219 669 293 704 SED
316 680 471 704 CONTRA
493 677 546 703 est
568 669 761 704 auctoritas
785 669 938 714 Gregor.
961 669 997 702 in
1030 678 1082 714 31.
1112 666 1242 702 Moral.
1279 667 1366 714 (cap.
1388 678 1437 714 17.
1460 679 1481 702 α
1500 667 1613 714 med),
1647 667 1708 702 ubi

146 723 346 770 praedictas
368 722 457 756 filias
479 723 595 756 inanis
617 723 754 768 gloriae
777 722 944 768 assignat.

219 777 448 811 Rfispoxmzo
471 776 676 821 dicendum,
698 776 806 822 quod,
830 776 922 810 sicut
943 786 1048 821 supra
1071 774 1205 809 dictum
1231 782 1284 809 est
1304 775 1348 820 (q.
1368 785 1420 820 34.
1443 779 1505 809 art.
1523 786 1552 820 5.
1571 780 1601 809 et
1617 786 1647 820 q.
1663 786 1707 821 35.

147 835 211 865 art.
231 841 264 874 4.
287 835 316 864 et
336 841 397 864 1-2.
420 842 450 875 q.
472 830 527 873 84.
550 834 612 863 art.
631 841 659 875 3.
682 834 711 863 et
730 830 793 873 4),
817 828 879 862 illa
901 829 998 869 vitia,
1021 839 1112 874 quae
1134 827 1176 861 de
1200 839 1236 861 se
1257 836 1341 862 nata
1371 835 1454 862 sunt
1487 828 1643 862 ordinari
1664 827 1708 862 ad

147 884 257 918 finem
279 883 429 928 alicujus
450 883 527 916 vitii
548 882 721 929 capitalis,
744 883 910 916 dicuntur
931 882 1025 916 filiae
1048 883 1144 928 ejus:
1166 881 1246 915 finis
1269 889 1390 915 autem
1423 881 1539 915 inanis
1572 881 1709 927 gloriae

148 947 201 972 est
222 937 466 972 manifestatio
488 937 654 983 propriae
677 936 924 978 excellentiae,
946 943 985 970 ut
1006 947 1048 969 ex
1071 947 1175 981 supra
1199 935 1300 969 dictis
1322 942 1419 981 patet
1442 934 1520 979 (art.
1542 941 1656 982 praec.
1681 940 1709 970 et

147 996 211 1026 art.
233 1004 260 1026 1.
283 992 352 1037 huj.
373 991 447 1036 q.).·
475 991 518 1024 ad
541 989 637 1036 quod
658 998 776 1036 potest
796 990 911 1024 homo
933 989 1079 1024 tendere
1101 988 1296 1035 dupliciter:
1326 1000 1390 1022 uno
1425 988 1519 1022 modo
1553 988 1706 1023 directe:

144 1046 213 1080 sive⁷
234 1056 297 1090 per
317 1044 444 1086 verba;
466 1051 501 1077 et
521 1043 571 1077 sic
595 1051 646 1077 est
662 1045 850 1088 jactantia:
871 1044 940 1077 sive
961 1054 1023 1088 per
1044 1041 1155 1084 facta3
1179 1049 1213 1076 et
1233 1041 1296 1084 sic,
1311 1041 1341 1075 si
1354 1041 1424 1076 sint
1436 1053 1520 1076 vera
1541 1041 1710 1076 habentia

148 1098 306 1144 aliquam
329 1097 619 1139 admirationem,
638 1104 691 1131 est
704 1098 929 1143 praesmnptio
947 1097 1145 1137 novitatum,
1166 1106 1253 1141 quas
1271 1095 1439 1129 homines
1458 1094 1576 1129 solent
1593 1095 1710 1141 magis

149 1151 336 1193 admirari3
358 1151 387 1185 si
409 1158 530 1185 autern
551 1149 642 1185 falsa
664 1150 744 1192 sint,
779 1151 829 1184 sic
865 1158 917 1184 est
938 1150 1136 1196 hypocrisis:
1159 1149 1224 1182 alio
1247 1156 1368 1182 autem
1386 1148 1480 1182 modo
1502 1148 1625 1182 nititur
1651 1147 1712 1182 ali-

148 1206 226 1252 quis
249 1204 477 1239 manifestare
498 1215 602 1238 suam
624 1203 876 1238 excellentiam
897 1203 1081 1245 indirecte,
1112 1202 1335 1236 ostendendo
1358 1213 1395 1236 se
1417 1213 1491 1236 non
1525 1212 1603 1236 esse
1637 1201 1709 1235 alio

149 1260 348 1296 minorem:
371 1267 406 1293 et
425 1259 497 1292 hoc
519 1258 798 1304 quadrupliciter:
816 1259 930 1304 primo
953 1256 1099 1303 quidem
1121 1263 1295 1302 quantum
1315 1255 1357 1289 ad
1373 1255 1579 1296 intellectum,
1609 1263 1644 1289 et
1661 1255 1712 1290 sic

149 1321 202 1347 est
218 1314 417 1359 pertinacia,
443 1323 506 1357 per
527 1323 636 1357 quam
656 1311 772 1345 homo
794 1310 902 1344 nimis
922 1309 1084 1343 innititur
1098 1320 1183 1343 suae
1198 1309 1407 1350 sententiae,
1422 1308 1549 1343 nolens
1566 1308 1710 1342 credere

150 1366 349 1401 sententiae
371 1365 531 1399 meliori:
553 1364 689 1399 secundo
712 1372 886 1410 quantum
910 1363 953 1397 ad
974 1363 1188 1403 voluntatem,
1218 1370 1252 1396 et
1273 1362 1323 1396 sic
1346 1370 1399 1396 est
1420 1362 1595 1404 discordia,
1624 1361 1711 1396 dum

147 1431 223 1454 non
243 1419 320 1454 vult
341 1430 360 1452 a
382 1418 526 1464 propria
547 1417 733 1452 voluntate
755 1417 950 1459 discedere,
972 1424 1010 1450 ut
1029 1415 1107 1450 aliis
1126 1416 1340 1450 concordet:
1361 1417 1454 1450 tertio
1474 1423 1648 1461 quantum
1667 1414 1712 1449 ad

151 1474 359 1514 locutionem,
389 1480 423 1506 et
444 1471 493 1506 sic
517 1479 571 1505 est
591 1473 766 1513 contentio,
791 1482 872 1505 cum
895 1470 1022 1516 aliquis
1043 1469 1159 1503 verbis
1182 1469 1342 1503 clamose
1367 1477 1491 1503 contra
1514 1468 1625 1502 alium
1646 1468 1712 1503 liti-

154 1534 232 1572 gat:
256 1531 372 1572 quarto
395 1533 569 1571 quantum
593 1525 635 1558 ad
656 1525 793 1569 fizctum,
823 1532 858 1558 et
878 1524 928 1558 sic
950 1531 1003 1557 est
1025 1523 1257 1565 inobedientia,
1294 1522 1380 1556 dum
1413 1522 1550 1556 scilicet
1583 1521 1711 1568 aliquis

149 1591 224 1614 non
245 1579 321 1613 vult
343 1578 470 1624 exequi
490 1578 685 1624 superioris
706 1586 950 1624 praeceptum.

221 1633 280 1667 AD
302 1643 451 1667 PRIMUM
474 1642 560 1677 ergo
583 1631 789 1673 dicendum,
812 1631 920 1677 quod,
942 1630 1032 1665 sicut
1067 1640 1173 1676 supra
1209 1629 1345 1663 dictum
1368 1636 1420 1663 est
1440 1629 1485 1674 (q.
1507 1640 1575 1663 112.
1595 1633 1660 1663 art.
1681 1640 1708 1662 1.

150 1686 192 1721 ad
213 1688 275 1732 2.),
297 1685 467 1732 jactantia
488 1685 632 1731 ponitur
653 1685 790 1731 species
817 1684 1002 1730 superbiae
1038 1691 1212 1730 quantum
1247 1682 1290 1716 ad
1322 1682 1532 1717 interiorem
1566 1693 1714 1716 causam

149 1742 236 1786 ejus,
258 1751 349 1786 quae
371 1748 424 1773 est
446 1738 666 1784 arrogantia:
690 1739 766 1784 ipsa
788 1746 910 1772 autem
931 1737 1101 1784 jactantia
1121 1737 1284 1778 exterior,
1300 1745 1338 1770 ut
1352 1736 1480 1770 dicitur
1493 1736 1529 1769 in
1542 1745 1575 1778 4.
1594 1735 1712 1769 Ethic.

149 1797 237 1841 (cap.
262 1806 290 1840 7.
313 1806 333 1828 ιι
355 1793 452 1836 med.)
477 1793 663 1826 ordinatur
685 1791 902 1838 quandoque
932 1791 1078 1837 quidem
1101 1791 1144 1824 ad
1165 1790 1319 1832 lucrum,
1341 1790 1403 1824 sed
1423 1789 1645 1835 frequentius
1666 1788 1710 1822 ad

150 1848 318 1895 gloriam,
340 1855 374 1881 et
394 1847 593 1888 honorem3
617 1854 651 1880 et
672 1846 723 1880 sic
745 1846 857 1880 oritur
878 1856 920 1879 ex
942 1845 1041 1878 inani
1062 1843 1189 1890 gloria.

221 1902 280 1936 AD
303 1911 510 1936 SECUNDUM
532 1900 737 1941 dicendum,
760 1899 856 1945 quod
878 1899 929 1932 ira
952 1909 1025 1932 non
1056 1905 1179 1931 causat
1208 1896 1439 1938 discordiam,
1461 1904 1495 1931 et
1517 1896 1715 1930 contentio—

149 1967 246 1997 nem,
267 1955 337 1989 nisi
359 1966 441 1988 cum
465 1953 695 1999 adjunctione
718 1953 834 1986 inanis
856 1951 1005 1998 gloriae,
1028 1963 1090 1997 per
1111 1951 1182 1984 hoc
1205 1949 1343 1984 scilicet
1364 1949 1460 1996 quod
1490 1948 1618 1995 aliquis
1647 1949 1712 1983 sibi

149 2009 351 2055 gloriosum
374 2016 524 2054 reputat,
547 2007 642 2054 quod
664 2018 739 2041 non
762 2007 865 2040 cedat
886 2005 1074 2048 voluntati,
1096 2004 1154 2039 vel
1175 2004 1291 2038 verbis
1311 2003 1476 2038 aliorum.

221 2063 280 2096 AD
308 2072 479 2096 TERTmM
501 2061 706 2102 dicendum,
722 2060 818 2106 quod
833 2059 948 2093 inanis
964 2058 1079 2105 gloria
1094 2058 1315 2104 vituperatur
1330 2057 1425 2091 circa
1439 2057 1712 2103 eleemosynam

150 2124 296 2162 propter
318 2114 498 2148 defectum
521 2114 717 2155 charitatis,
739 2114 800 2160 qui
820 2113 959 2146 videtur
982 2123 1059 2146 esse
1080 2112 1115 2145 in
1139 2123 1195 2154 eo,
1217 2111 1277 2157 qui
1298 2110 1451 2157 praefert
1472 2111 1618 2144 inanem
1641 2109 1715 2156 glo-

150 2169 241 2203 riam
263 2168 402 2203 utilitati
426 2167 592 2214 proximi,
616 2167 701 2201 dum
723 2167 794 2200 hoc
816 2174 961 2212 propter
982 2165 1069 2199 illud
1096 2165 1197 2199 facit:
1231 2176 1306 2199 non
1340 2172 1461 2198 autern
1495 2163 1715 2209 vituperatur

151 2222 278 2268 aliquis
301 2233 341 2256 ex
362 2222 446 2263 hoc,
469 2221 565 2267 quod
587 2228 793 2266 praesumat
815 2219 1088 2265 eleemosynam
1109 2217 1240 2260 facere,
1264 2219 1364 2264 quasi
1387 2217 1519 2263 aliquid
1542 2227 1690 2251 novum.

596 2433 950 2494 QUAESTIO
994 2431 1272 2479 CXXXIII.

306 2554 368 2584 DE
396 2551 838 2588 Γ[ἯΙΙΑΙΛΑΧΙἈΙΙΤᾹΊῈ,
870 2551 919 2580 IN
947 2551 1070 2581 DUOS
1099 2549 1357 2581 ARTICL’LOS
1385 2549 1559 2580 DIVISA.

222 2675 363 2710 Deinde
387 2673 692 2709 considerandum
715 2681 767 2707 est
789 2672 832 2706 dc
854 2671 1160 2718 pusillanimitate.

651 2745 696 2778 Et
718 2745 806 2778 circa
829 2743 887 2777 hoc
909 2747 1114 2788 quaeruntur
1135 2742 1210 2776 duo.

224 2804 360 2839 Primo.
384 2804 518 2839 Utrum
541 2802 816 2850 pusillanimitas
838 2802 883 2836 sit
904 2809 1106 2848 peccatum.

227 2858 407 2892 Secundo.
432 2857 503 2892 Cui
523 2857 644 2891 virtuti
666 2864 879 2903 opponatur.
