1859 3122
186 167 268 222 318
615 178 836 214 QUAESTIO
869 180 938 209 XL.
973 180 1218 210 ARTICULUS
1254 180 1313 210 ΙΙΙ.

184 260 280 306 quod
303 261 334 294 ei
356 259 484 294 dicitur
505 258 647 302 falsum,
669 259 727 294 vel
747 272 822 295 non
844 269 1005 295 servatur
1026 261 1264 307 promissum:
1287 269 1322 295 et
1339 261 1431 296 istud
1450 272 1592 308 semper
1610 270 1663 297 est
1679 261 1744 297 illi-

185 313 316 347 citum:
339 321 373 347 et
397 326 414 344 «
436 313 507 346 hoc
531 313 642 347 modo
665 313 784 347 nullus
806 314 911 348 debet
930 315 1053 348 hostes
1074 313 1210 356 fallere,
1231 322 1314 349 sunt
1335 315 1431 348 enim
1462 316 1640 361 quaedam
1665 317 1743 361 jura

183 365 375 407 bellorum,
398 374 433 400 et
453 365 599 400 foedera
622 366 731 400 etiam
752 367 844 401 inter
864 368 962 413 ipsos
997 368 1118 401 hostes
1152 367 1329 401 servanda
1350 381 1383 409 >),
1406 375 1444 402 ut
1466 368 1635 403 Ambros.
1658 369 1744 403 dicit

184 419 219 452 in
242 419 300 453 lib.
326 429 353 452 1.
377 419 419 452 de
443 418 570 453 Officis
593 419 682 466 (cap.
705 421 790 466 29.):
813 421 878 455 alio
900 421 994 455 modo
1017 420 1143 466 aliquis
1159 428 1277 466 potest
1294 420 1368 455 falli
1387 432 1430 455 ex
1447 421 1556 463 dicto,
1571 421 1630 456 vel
1646 421 1743 456 facto

183 480 321 514 nostro,
344 472 426 517 quia
449 472 481 506 ei
502 473 740 518 propositum,
763 482 823 508 aut
836 474 1060 508 intellectum
1075 485 1148 507 non
1164 474 1363 518 aperimus:
1378 474 1448 508 hoc
1464 483 1584 509 autern
1603 486 1745 521 semper

184 524 300 559 facere
322 537 396 558 non
418 533 602 568 tenemur3
625 527 707 572 quia
729 528 839 561 etiam
868 528 904 561 in
934 528 1097 561 doctrina
1131 538 1233 561 sacra
1266 527 1381 561 multa
1414 536 1495 562 sunt
1517 528 1744 571 occultanda,

185 579 341 612 maxime
363 579 578 621 infidelibus,
600 591 644 614 ne
667 580 847 625 irrideant,
869 581 1068 615 secundum
1090 581 1177 614 illud
1208 581 1335 615 Matth.
1367 591 1417 626 7.:
1453 581 1562 615 Nolite
1593 587 1744 616 sanctum

185 632 262 666 dara
283 634 418 667 cunibus
427 645 439 673 ;
460 633 552 667 unde
575 634 690 668 multo
713 635 827 680 magis
851 646 902 676 ea,
918 646 1008 680 quae
1025 635 1066 668 ad
1082 635 1369 680 impugnandum
1383 635 1551 669 inimicos
1565 646 1745 681 paramus,

185 693 267 719 sunt
288 686 338 719 eis
361 686 595 730 occultanda;
618 687 711 721 unde
733 688 824 721 inter
847 696 987 722 caetera
1022 689 1241 722 documenta
1263 689 1312 722 rei
1335 688 1498 722 militaris
1520 689 1591 722 hoc
1613 689 1747 735 praeci-

186 750 253 784 pue
275 739 419 784 ponitur
440 740 483 774 de
506 740 730 775 occultandis
752 741 923 783 consiliis,
945 753 989 775 ne
1012 742 1054 775 ad
1078 742 1200 775 hostes
1223 742 1451 787 perveniant3
1474 750 1512 776 ut
1525 750 1621 788 patet
1635 743 1670 776 in
1684 742 1744 776 lib.

187 793 492 837 Stratagematum
516 793 739 828 Francorum
761 795 866 838 (Sexti
881 796 948 839 sul.
972 797 1129 830 frontini
1151 795 1206 829 lib.
1229 807 1255 829 1.
1273 795 1422 840 Stratag.
1443 802 1513 842 cap.
1532 796 1593 840 1.),·
1613 804 1648 830 et
1665 795 1745 830 talis

186 845 382 880 occultatio
404 848 557 892 pertinet
579 848 622 881 ad
644 848 822 882 rationem
843 849 1066 890 insidiarum,
1089 849 1215 894 quibus
1238 848 1377 882 licitum
1408 857 1462 883 est
1491 849 1542 882 uti
1574 849 1610 882 in
1642 849 1745 883 bellis

185 899 304 944 justis:
327 911 393 933 nec
416 901 558 946 proprie
579 901 788 946 hujusmodi
809 902 958 936 insidiae
979 910 1155 936 vocantur
1175 901 1328 944 fraudes,
1362 913 1428 936 nec
1461 902 1615 947 justitiae
1647 913 1747 948 repu-

186 960 307 997 gnant,
329 964 395 987 nec
418 954 603 988 ordinatae
624 954 819 989 voluntati:
850 963 943 990 esset
973 955 1070 990 enim
1104 955 1307 990 inordinata
1340 955 1520 998 voluntas,
1554 957 1583 990 si
1618 955 1745 1002 aliquis

185 1005 293 1040 vellet
313 1006 403 1040 nihil
425 1007 491 1041 sibi
513 1008 554 1042 ab
578 1007 655 1042 aliis
677 1007 863 1042 occultari.

257 1059 300 1094 Et
321 1071 383 1106 per
402 1060 473 1094 hoc
496 1069 593 1107 patet
613 1062 801 1108 responsio
827 1073 877 1097 AD
904 1073 1079 1108 OBJECTA.

750 1186 1095 1232 ARTICULUS
1130 1187 1204 1230 IV.
1681 1198 1747 1233 228

494 1295 645 1327 UTRUM
678 1296 836 1326 LICEAT
869 1297 1024 1326 DIEBUS
1058 1297 1203 1326 FESTIS
1237 1296 1440 1326 BELLARE.

260 1384 319 1418 AD
341 1395 528 1423 QUARTUM
551 1385 601 1419 sic
622 1385 837 1430 proceditur.
859 1384 1021 1427 Videtur,
1050 1385 1146 1430 quod
1176 1386 1211 1419 in
1245 1385 1370 1419 diebus
1403 1384 1500 1418 festis
1534 1395 1608 1418 non
1641 1383 1749 1418 liceat

188 1437 339 1471 bellare:
362 1437 450 1472 festa
473 1438 568 1471 enim
591 1446 673 1472 sunt
705 1438 868 1472 ordinata
892 1440 935 1472 ad
957 1439 1160 1472 vacandum
1192 1439 1339 1480 divinis3
1373 1439 1467 1472 unde
1500 1437 1748 1484 intelliguntur

188 1503 250 1537 per
272 1491 562 1525 observationem
585 1491 742 1532 Sabbafi,
765 1503 855 1537 quae
870 1492 1086 1537 praecipitur
1100 1491 1212 1526 Exod.
1229 1502 1302 1526 20.:
1323 1492 1521 1525 Sabbatum
1535 1491 1631 1525 enim
1646 1491 1750 1525 inter-

188 1552 347 1591 pretatur
367 1546 512 1590 requies:
534 1544 595 1578 sed
617 1544 710 1578 bella
734 1545 930 1579 maximam
949 1545 1234 1591 inquietudinem
1251 1545 1402 1588 habent3
1418 1556 1505 1591 ergo
1519 1544 1619 1579 nullo
1636 1544 1747 1580 modo

189 1606 241 1632 est
262 1598 297 1632 in
320 1598 443 1631 diebus
464 1597 562 1632 festis
584 1599 830 1644 pugnandum.

260 1661 291 1685 2.
314 1651 549 1685 PRAETEREA.
572 1651 638 1685 Isa.
666 1652 717 1696 58.
740 1652 1050 1698 reprehenduntur
1071 1652 1230 1698 quidam,
1251 1652 1349 1699 quod
1368 1652 1403 1686 in
1420 1652 1543 1687 diebus
1557 1651 1682 1698 jejunii
1699 1663 1750 1686 re-

188 1713 313 1752 petunt
334 1705 462 1746 debita,
486 1713 520 1739 et
542 1706 775 1739 committunt
795 1705 886 1748 lites,
909 1717 1031 1752 pugno
1054 1706 1311 1752 percutientes;
1336 1717 1421 1752 ergo
1441 1705 1556 1740 multo
1579 1705 1694 1752 magis
1713 1705 1748 1739 in

189 1759 313 1793 diebus
335 1758 432 1792 festis
454 1758 621 1792 illicitum
642 1766 693 1793 est
714 1758 858 1792 bellare.

262 1824 290 1858 3.
313 1812 549 1846 PRAETEREA.
572 1812 673 1846 Nihil
696 1820 748 1846 est
769 1813 972 1847 inordinate
995 1813 1176 1858 agendum
1199 1812 1242 1846 ad
1265 1812 1452 1846 vitandum
1471 1812 1749 1846 incommodum

187 1865 410 1911 temporale:
434 1866 495 1900 sed
517 1866 649 1899 bellare
671 1866 707 1899 in
729 1866 785 1900 die
806 1865 910 1909 festo,
932 1867 1002 1901 hoc
1024 1867 1164 1901 videtur
1186 1879 1263 1901 esse
1285 1867 1486 1901 secundum
1505 1879 1542 1902 se
1564 1867 1747 1902 inordina-

188 1927 285 1961 tum3
308 1930 393 1964 ergo
416 1930 480 1964 pro
499 1919 598 1953 nulla
619 1921 831 1954 necessitate
853 1920 1065 1966 temporalis
1087 1921 1316 1954 incommodi
1337 1921 1473 1955 vitandi
1495 1921 1599 1955 debet
1621 1920 1748 1967 aliquis

190 1973 226 2006 in
249 1973 304 2006 die
326 1973 417 2007 festo
439 1973 584 2007 bellare.

262 2026 336 2060 SED
364 2037 518 2061 CONTRA
542 2035 604 2069 est,
628 2027 724 2073 quod
751 2038 777 2061 1.
797 2027 964 2061 Machab.
988 2037 1018 2061 2.
1042 2027 1189 2062 dicitur:
1211 2027 1451 2072 Cogituverunt
1471 2026 1682 2062 laudabiliter
1693 2027 1750 2072 Ju-

191 2080 262 2114 daei
283 2081 442 2115 diceutes:
469 2081 586 2115 Omnis
607 2081 702 2114 homo
725 2082 919 2126 quicumque
940 2082 1068 2115 venerit
1090 2080 1131 2115 ad
1154 2092 1212 2115 nos
1233 2081 1268 2114 in
1291 2080 1370 2114 bello
1392 2081 1427 2114 in
1446 2080 1496 2115 die
1516 2081 1748 2123 §abbatorum

186 2140 367 2180 pugnemus
389 2134 543 2168 adversus
564 2147 647 2168 eum.

262 2187 492 2222 RESPONDEO
515 2187 719 2229 dicendum,
742 2187 838 2233 quod
861 2187 1064 2221 observatio
1091 2186 1266 2221 festorum
1293 2198 1367 2221 non
1397 2186 1548 2233 impedit
1578 2198 1632 2229 ea,
1658 2197 1750 2233 quae

193 2241 403 2275 ordinantur
425 2241 467 2274 ad
489 2241 649 2274 hominis
671 2240 823 2275 salutem
846 2241 954 2275 etiam
977 2240 1220 2286 corporalem:
1241 2240 1335 2275 unde
1357 2241 1537 2274 Dominus
1560 2241 1676 2286 arguit
1692 2240 1750 2285 Ju-

193 2296 315 2337 daeos,
337 2296 471 2336 dicens,
489 2295 591 2340 Joan.
615 2305 669 2339 7.:
698 2295 785 2328 Mihi
808 2294 1039 2339 imliguumini,
1067 2295 1144 2339 quia
1171 2298 1270 2328 totum
1300 2294 1461 2328 hominem
1491 2305 1610 2328 sanum
1625 2294 1694 2340 feci
1714 2294 1749 2327 in

191 2352 364 2386 Sublacio?
386 2351 428 2384 Et
442 2350 524 2383 inde
540 2357 603 2391 est,
619 2349 715 2394 quod
738 2349 870 2382 medici
891 2348 985 2382 licite
1005 2356 1155 2394 possunt
1177 2348 1347 2382 medicari
1370 2348 1539 2382 homines
1561 2347 1617 2381 die
1636 2346 1748 2381 festo:

193 2405 308 2439 multo
329 2413 447 2438 autem
471 2403 588 2448 magis
611 2410 663 2436 est
685 2402 933 2436 conservanda
955 2401 1050 2435 salus
1072 2401 1318 2447 Reipublicae,
1341 2412 1402 2446 per
1423 2412 1532 2446 quam
1554 2400 1752 2446 impediun-

192 2467 249 2493 tur
271 2458 472 2492 occisiones
495 2456 746 2502 plurimorum,
769 2463 803 2489 et
824 2455 1013 2489 innumera
1036 2454 1132 2488 mala
1163 2462 1196 2488 et
1217 2453 1442 2500 temporalia,
1480 2462 1514 2488 et
1542 2453 1750 2500 spiritualia,

194 2524 303 2558 quam
325 2511 421 2546 salus
444 2510 641 2556 corporalis
664 2509 768 2543 unius
790 2509 969 2551 hominis;
992 2516 1026 2542 et
1047 2508 1129 2542 ideo
1152 2519 1216 2554 pro
1239 2508 1390 2542 tuitione
1416 2507 1648 2554 Reipublicae
1669 2506 1752 2540 fide-

193 2566 283 2600 lium
304 2565 442 2599 licitum
465 2572 517 2599 est
538 2565 629 2609 justa
650 2562 743 2597 bella
767 2574 932 2596 exercere
954 2563 989 2595 in
1005 2562 1127 2595 diebus
1152 2561 1269 2603 sestis;
1288 2562 1317 2595 si
1330 2570 1452 2595 tamen
1467 2561 1537 2595 hoc
1557 2561 1749 2595 necessitas

195 2627 381 2665 exposcat:
404 2619 474 2652 hoc
499 2619 595 2652 enim
617 2625 710 2651 esset
731 2624 868 2650 tentare
890 2616 1023 2656 Deum,
1046 2615 1073 2649 si
1097 2615 1175 2660 quis
1201 2615 1413 2649 imminente
1443 2614 1506 2649 tali
1537 2614 1750 2648 necessitate

194 2673 302 2707 vellet
325 2684 343 2706 a
361 2671 456 2706 bello
481 2672 674 2705 abstinere:
698 2669 771 2710 sed,
793 2669 1005 2703 necessitate
1029 2676 1203 2710 cessante,
1225 2679 1298 2702 non
1321 2676 1374 2702 est
1394 2667 1532 2702 licitum
1558 2666 1692 2701 bellare
1714 2667 1750 2700 in

196 2727 319 2760 diebus
341 2725 448 2767 festis,
471 2732 616 2771 propter
638 2724 793 2757 rationes
816 2722 991 2756 inductas.

268 2780 310 2813 Et
332 2791 393 2825 per
414 2779 484 2812 hoc
508 2786 604 2824 patet
624 2776 812 2822 responsio
833 2786 883 2810 Al)
912 2785 1086 2820 OlzjrchA.
