1859 3122
484 177 702 212 QUAESTIO
736 176 879 207 LXXXI.
914 179 1158 208 ARTICULUS
1191 180 1248 209 IV.
1563 169 1644 223 569

160 255 389 292 RESPONDEO
409 256 614 300 dicendum,
631 258 726 304 quod
750 270 833 293 cum
854 259 966 294 virtus
985 260 1170 294 ordinetur
1192 260 1235 294 ad
1256 260 1406 302 bonum,
1429 260 1489 294 ubi
1504 268 1557 295 est
1574 272 1650 306 spc-

90 309 190 344 cialis
212 310 304 344 ratio
325 310 423 352 boni,
444 311 493 344 ibi
515 320 658 357 oportet
680 323 757 346 esse
775 312 971 358 specialem
985 314 1170 347 virtutem:
1192 313 1329 347 bonum
1346 321 1478 355 autern,
1493 313 1536 347 ad
1552 314 1648 359 quod

89 363 273 397 ordinatur
295 362 434 408 religio,
457 372 510 398 est
532 365 698 399 exhibere
721 366 802 400 Deo
825 366 983 400 debitum
1002 367 1198 401 honorem:
1222 367 1341 400 honor
1359 375 1481 401 autem
1500 367 1648 401 debetur

89 415 195 450 alicui
210 416 348 451 ratione
364 416 615 452 excellentiae:
635 418 716 453 Deo
733 427 853 453 autem
870 420 1044 466 competit
1057 420 1247 465 singularis
1263 420 1486 461 excellentia,
1501 420 1649 466 inquan-

87 476 164 503 tum
187 470 310 503 omnia
331 470 367 503 in
389 470 569 504 infinitum
591 473 811 506 transcendit
833 474 1029 507 secundum
1054 474 1309 507 omnimodum
1329 485 1534 515 excessum3
1554 473 1648 507 unde

88 522 121 556 ei
141 522 290 557 debetur
310 523 476 569 specialis
503 524 640 559 honor:
668 527 761 559 sicut
786 526 821 559 in
849 526 952 560 rebus
979 527 1148 560 humanis
1174 527 1350 568 videmus,
1378 527 1474 573 quod
1501 526 1648 561 diversis

88 575 308 610 excellentiis
327 587 563 622 personarum
586 579 744 612 diversus
763 579 883 613 honor
902 579 1060 621 debetur,
1076 579 1164 613 alius
1179 580 1324 626 quidem
1340 580 1441 625 patri,
1456 579 1545 614 alius
1560 579 1648 626 regi,

88 636 123 663 et
143 628 193 663 sic
216 629 259 664 de
282 629 377 664 aliis:
399 630 492 664 unde
511 630 743 665 manifestum
766 640 828 673 est,
852 632 947 677 quod
970 632 1097 677 religio
1120 641 1173 667 est
1195 633 1362 679 specialis
1380 634 1502 667 virtus.

158 682 217 717 AD
240 693 388 718 PRIMUM
412 695 497 729 ergo
521 684 725 725 dicendum,
748 685 844 730 quod
872 696 981 719 omne
1004 696 1094 730 opus
1120 686 1259 720 virtutis
1286 686 1414 720 dicitur
1441 698 1517 721 esse
1544 686 1649 721 sacri—

87 735 221 778 ficium,
243 737 456 783 inquantum
477 738 661 772 ordinatur
683 738 726 771 ad
748 738 819 772 Dei
839 739 1100 781 reverentiam,
1123 740 1217 773 unde
1240 751 1281 773 ex
1303 740 1374 773 hoc
1396 751 1470 774 non
1485 740 1647 781 habetur,

87 790 184 836 quod
205 790 332 836 religio
360 791 403 825 sit
426 791 602 837 generalis
628 791 752 833 virtus,
774 792 836 825 sed
864 792 961 838 quod
982 792 1135 838 imperet
1157 793 1325 827 omnibus
1348 792 1426 827 aliis
1447 794 1648 834 virtutibus,

88 851 126 878 ut
147 854 253 890 supra
275 844 412 878 dictum
434 852 487 878 est
506 844 585 888 (art.
599 857 626 879 1.
647 845 716 890 huj.
740 857 769 890 q.
792 845 835 879 ad
855 847 912 890 1.).

157 897 218 931 AD
249 908 455 932 SECUNDUM
485 897 691 939 dicendum,
719 898 815 944 quod
838 898 972 941 onmia,
995 899 1193 933 secundum
1215 899 1311 945 quod
1334 901 1369 934 in
1396 899 1552 945 gloriam
1577 900 1650 935 Dei

86 949 186 992 fiunt,
207 951 386 996 pertinent
408 951 451 984 ad
473 950 700 996 religionem,
726 962 801 985 non
823 952 924 997 quasi
946 952 989 986 ad
1018 952 1236 994 elicientem,
1263 953 1323 987 sed
1347 953 1447 999 quasi
1469 953 1512 987 ad
1539 953 1650 999 impe-

86 1011 243 1037 rantem:
271 1003 332 1037 illa
354 1011 474 1038 autem
496 1004 675 1050 pertinent
701 1005 744 1038 ad
767 1004 983 1051 religionem
1011 1005 1227 1048 elicientem,
1251 1017 1342 1052 quae
1369 1007 1571 1040 secundum
1596 1018 1649 1041 ra-

85 1056 224 1091 tionem
246 1068 331 1091 suae
353 1057 489 1103 speciei
506 1057 684 1102 pertinent
706 1058 748 1091 ad
770 1058 1008 1093 reverentiam
1026 1059 1106 1094 Dei.

157 1111 217 1144 AD
229 1120 400 1145 TERTIUM
411 1110 617 1152 dicendum,
629 1111 725 1157 quod
741 1111 924 1157 objectum
940 1113 1073 1146 amoris
1091 1120 1143 1147 est
1155 1112 1311 1147 bonum:
1329 1113 1512 1158 objectum
1526 1121 1645 1148 autem

85 1163 248 1205 honoris,
269 1163 328 1197 vel
348 1164 569 1198 reverentiae
593 1172 645 1198 est
665 1163 797 1210 aliquid
821 1165 1000 1200 excellens
1017 1178 1023 1199 :
1046 1166 1188 1200 bonitas
1208 1175 1328 1200 autern
1350 1167 1420 1200 Dei
1447 1168 1648 1201 communi-

85 1224 186 1250 catur
208 1225 402 1258 creaturae,
424 1228 499 1251 non
525 1226 646 1252 autem
672 1217 883 1252 excellentia
908 1219 1077 1253 bonitatis
1098 1221 1193 1264 ejus,
1221 1227 1255 1253 et
1276 1220 1358 1253 ideo
1381 1220 1548 1262 charitas,
1576 1232 1661 1266 qua,

86 1269 244 1316 diligitur
265 1270 376 1312 Deus,
402 1281 476 1304 non
499 1279 552 1305 est
577 1271 688 1305 virtus
715 1272 882 1306 distincta
909 1284 928 1306 a
956 1272 1140 1314 charitate,
1164 1284 1233 1318 qua
1261 1273 1420 1319 diligitur
1439 1275 1646 1319 proximus:

85 1323 212 1369 religio
235 1331 367 1366 autem,
382 1335 452 1370 qua
465 1324 666 1359 honoratur
679 1325 790 1367 Deus,
807 1325 1036 1372 distinguitur
1051 1337 1070 1360 a
1084 1326 1285 1368 virtutibus,
1304 1327 1430 1373 quibus
1446 1327 1646 1361 honoratur

85 1387 281 1422 proxumus.

653 1502 997 1546 ARTICULUS
1026 1504 1077 1545 v.
1574 1527 1644 1562 430

373 1615 525 1644 UTRUM
557 1615 733 1645 RELIGIO
763 1616 830 1645 SIT
863 1616 1019 1647 VIRTUS
1053 1616 1357 1646 THEOLOGICA.

156 1701 216 1736 AD
235 1711 415 1740 QUINTUM
437 1701 487 1736 sic
510 1702 727 1748 proceditur.
753 1703 913 1745 Videtur,
935 1703 1031 1750 quod
1058 1703 1184 1749 religio
1208 1705 1251 1738 sit
1277 1704 1388 1738 virtus
1413 1703 1639 1751 theologica:

86 1754 172 1789 dicit
193 1754 289 1788 enirn
311 1755 463 1800 August.
485 1755 521 1789 in
543 1755 687 1790 Enchir.
711 1757 871 1803 (cap.3.),
889 1757 985 1803 quod
1011 1769 1028 1788 «
1043 1757 1142 1791 Deus
1162 1757 1292 1791 colitur
1308 1757 1388 1799 fide,
1405 1769 1479 1804 spe,
1503 1766 1537 1792 et
1563 1759 1645 1792 cha-

85 1808 236 1850 ritate»,
265 1819 357 1853 quae
387 1816 469 1842 sunt
489 1809 636 1843 virtutes
658 1809 910 1855 theologicae:
940 1810 1002 1844 sed
1025 1810 1162 1844 cultum
1179 1810 1260 1844 Deo
1283 1810 1408 1845 afferre
1427 1812 1581 1856 pertinet
1599 1812 1642 1845 ad

86 1860 317 1907 religionem3
340 1872 427 1907 ergo
450 1861 576 1908 religio
599 1871 651 1896 est
672 1863 783 1897 virtus
806 1863 1024 1909 theologica.

158 1924 189 1948 2.
218 1913 453 1948 PRAETEREA.
476 1914 598 1950 Virtus
620 1915 830 1962 theologica
852 1916 991 1958 dicitur,
1014 1928 1104 1962 quae
1123 1916 1231 1950 habet
1250 1917 1372 1951 Deum
1393 1929 1458 1963 pro
1481 1918 1641 1963 objecto:

87 1966 215 2013 religio
238 1975 358 2001 autem
380 1967 489 2002 habet
509 1969 630 2003 Deum
652 1981 716 2014 pro
740 1970 900 2015 object03
923 1971 1005 2016 quia
1028 1970 1070 2004 ad
1093 1970 1212 2004 solum
1233 1971 1355 2005 Deum
1374 1972 1526 2014 ordinat,
1544 1980 1582 2006 ut
1597 1972 1644 2006 di-

88 2029 186 2055 ctum
208 2028 261 2054 est
284 2020 363 2064 (art.
385 2033 412 2055 r.
434 2021 502 2067 huj.
525 2023 587 2067 q.)‚·
612 2033 698 2068 ergo
720 2023 847 2069 religio
871 2031 924 2057 est
945 2024 1055 2058 virtus
1076 2023 1298 2069 theologica.

161 2085 190 2120 3.
212 2074 447 2108 PRAETEREA.
471 2075 601 2109 Omnis
623 2076 734 2110 virtus
755 2076 813 2110 vel
835 2085 888 2111 est
900 2076 1122 2123 theologica,
1137 2076 1195 2110 vel
1213 2077 1477 2120 intellectualis,
1495 2078 1552 2112 vel
1567 2090 1642 2113 mo-

88 2127 184 2170 ralis,
206 2135 246 2161 ut
276 2138 318 2160 ex
344 2127 555 2173 supradictis
577 2137 674 2174 patet
695 2129 772 2174 (1-2.
796 2141 824 2175 q.
846 2141 897 2176 57.
915 2131 966 2175 58.
986 2135 1014 2164 et
1040 2130 1110 2175 62.)
1125 2143 1135 2164 .·
1166 2130 1398 2164 manifestum
1432 2140 1484 2165 est
1511 2140 1644 2174 autem,

89 2180 185 2226 quod
206 2180 334 2226 religio
355 2191 430 2214 non
452 2188 504 2215 est
524 2182 635 2216 virtus
657 2182 928 2226 intellectuali53
950 2183 1033 2229 quia
1055 2184 1131 2228 ejus
1152 2183 1324 2229 perfectio
1351 2195 1424 2218 non
1452 2185 1645 2219 attenditur

88 2233 288 2267 secundum
310 2233 640 2269 considerationem
661 2236 753 2269 veri:
777 2235 942 2270 similiter
957 2236 1065 2270 etiarn
1087 2247 1162 2270 non
1177 2245 1230 2270 est
1241 2237 1351 2271 virtus
1367 2237 1527 2280 moralis,
1543 2239 1644 2283 cujus

88 2286 273 2332 proprium
296 2294 349 2320 est
368 2294 489 2321 tenere
512 2288 673 2322 medium
695 2290 786 2323 inter
808 2289 1041 2335 superfluum,
1061 2297 1095 2324 et
1117 2289 1356 2324 diminutum:
1378 2301 1453 2324 non
1473 2291 1569 2325 enim
1586 2290 1644 2324 ali-

89 2339 178 2385 quis,
199 2347 318 2385 potest
343 2339 520 2385 superflue
545 2341 665 2375 Deum
693 2341 824 2384 colere,
856 2343 1055 2376 secundum
1077 2342 1165 2376 illud
1187 2343 1297 2376 Eccli.
1322 2354 1398 2389 43.:
1420 2344 1645 2378 Benedicent&⁴

88 2393 273 2426 Dominum
295 2392 433 2426 exaltate
451 2393 557 2435 illum,
581 2400 740 2439 quantum
756 2396 908 2441 potestis:
928 2398 1039 2441 major
1064 2397 1150 2430 enim
1169 2402 1213 2431 est
1235 2398 1326 2430 omni
1347 2397 1461 2437 laudea·
1485 2408 1572 2442 ergo
1595 2408 1644 2430 re-

88 2444 270 2491 linquitur,
293 2445 390 2490 quod
411 2446 455 2479 sit
471 2446 582 2480 virtus
603 2447 824 2493 theologica.

161 2498 235 2532 SED
258 2508 413 2533 CONTRA
435 2506 498 2540 est,
520 2499 616 2544 quod
638 2501 783 2546 ponitur
804 2512 884 2546 pars
906 2502 1072 2547 justitiae,
1095 2513 1186 2547 quae
1209 2510 1263 2536 est
1282 2502 1393 2536 virtus
1416 2501 1577 2536 moralis.

159 2550 389 2585 REsPONDEo
413 2551 617 2594 dicendum,
638 2554 745 2599 quod,
767 2554 859 2588 sicut
880 2566 987 2600 supra
1009 2555 1144 2588 dictum
1168 2563 1220 2589 est
1246 2556 1326 2599 (art.
1344 2557 1488 2601 praec),
1516 2555 1644 2601 religio

90 2611 153 2646 est,
176 2615 267 2649 quae
289 2604 370 2638 Deo
393 2604 553 2638 debiturn
575 2605 711 2639 cultum
734 2606 852 2649 affert3
885 2607 948 2641 duo
971 2619 1058 2653 ergo
1086 2608 1122 2641 in
1144 2607 1319 2653 religione
1354 2608 1643 2642 considerantur:

88 2669 192 2690 unum
213 2656 370 2702 quidem,
392 2657 488 2702 quod
510 2657 638 2703 religio
667 2659 748 2693 Deo
775 2659 888 2702 affert,
918 2660 1057 2695 scilicet
1079 2660 1213 2702 cultus;
1237 2669 1271 2694 et
1292 2661 1362 2693 hoc
1385 2671 1422 2694 se
1444 2661 1553 2694 habet
1578 2672 1641 2706 per

90 2709 243 2743 modum
264 2710 448 2751 materiae,
472 2718 507 2744 et
528 2710 659 2756 obJecti
681 2712 723 2745 ad
745 2712 978 2758 religionem:
1002 2713 1094 2747 aliud
1116 2721 1236 2747 autem
1259 2721 1311 2746 est
1331 2713 1378 2754 id,
1402 2713 1459 2746 cui
1486 2713 1641 2756 affertur,

91 2761 230 2796 scilicet
251 2762 362 2804 Deus,
378 2763 435 2796 cui
450 2762 565 2797 cultus
580 2763 774 2806 exhibetur,
788 2776 863 2799 non
878 2766 973 2811 quod
989 2774 1100 2808 actus,
1115 2766 1242 2811 quibus
1256 2766 1355 2799 Deus
1370 2765 1510 2807 colitur,
1528 2767 1647 2811 ipsum

92 2814 215 2848 Deum
237 2816 423 2860 attingant,
442 2816 533 2850 sicut
555 2827 638 2850 curn
660 2818 839 2852 credimus
858 2819 938 2852 Deo
963 2819 1155 2860 credendo,
1177 2819 1298 2852 Deum
1314 2819 1541 2863 attingimu33
1566 2831 1645 2865 pro-

94 2876 171 2913 pter
191 2868 288 2914 quod
311 2880 418 2914 supra
439 2869 575 2904 dictum
603 2878 655 2904 est
676 2871 723 2916 (q.
746 2883 773 2905 Ι.
795 2876 858 2905 art.
884 2881 913 2906 1.
932 2884 962 2906 2.
985 2877 1015 2906 et
1032 2871 1095 2916 4.),
1119 2872 1214 2917 quod
1248 2871 1347 2905 Deus
1377 2880 1428 2905 est
1449 2871 1531 2906 fidei
1554 2873 1647 2917 oij-
