1859 3122
195 145 278 187 268
581 153 801 189 QUAESTIO
833 153 968 182 XXXII.
1002 150 1244 182 ARTICULUS
1276 150 1351 179 VII.

195 236 358 271 occidisti
379 248 411 278 »;
433 246 520 280 ergo
543 233 671 280 aliquis
691 242 810 280 potest
831 233 1104 280 eleemosynam
1125 231 1244 266 facere
1266 231 1302 265 in
1325 231 1446 277 aliquo
1470 241 1555 265 casu
1585 230 1628 265 de
1657 229 1753 264 male

195 289 386 335 acquisitis.

266 342 339 376 SED
360 351 515 376 CONTRA
537 349 600 382 est,
623 341 719 386 quod
741 340 827 374 dicit
848 341 1001 385 August.
1024 340 1059 372 in
1082 338 1141 373 lib.
1173 338 1215 372 de
1249 337 1357 371 Verb.
1393 337 1503 371 Dom.
1538 338 1651 382 (serm.
1672 337 1754 383 35.):

197 396 280 428 «De
295 395 395 440 justis
409 394 541 427 laboris
555 393 661 427 facite
676 393 938 439 eleemosynas.
953 393 1037 426 Non
1054 392 1150 426 enim
1166 391 1367 436 corrupturi
1381 392 1464 424 estis
1474 390 1639 435 Judicem
1653 389 1757 424 Chri-

195 456 301 489 stum,
323 456 361 481 ut
381 458 455 481 non
477 458 542 480 vos
564 447 684 480 audiat
707 458 790 480 cum
811 447 1038 492 pauperibus,
1061 445 1188 491 quibus
1201 444 1337 478 tollitis.
1353 443 1477 478 Nolite
1491 442 1585 477 velle
1602 443 1757 477 eleemo-

195 512 302 546 synas
323 501 441 535 facere
463 500 507 534 de
528 499 691 542 foenore,
714 508 748 534 et
768 500 902 534 usuris:
926 499 1088 533 fidelibus
1113 498 1206 539 dico,
1229 497 1356 543 quibus
1379 507 1509 543 corpus
1531 496 1669 531 Christi
1682 506 1758 530 ero-

195 565 323 600 gamus
345 567 376 587 ».

265 606 493 641 RESPONDEO
516 606 721 647 dicendum,
744 606 840 652 quod
863 606 1039 652 tripliciter
1059 611 1179 650 potest
1200 603 1334 649 aliquid
1356 614 1433 637 esse
1453 602 1578 637 illicite
1608 601 1746 649 acquisi

197 667 287 695 tum.
315 660 388 694 Uno
410 660 507 693 enim
528 659 624 693 modo
646 659 681 692 id
703 658 827 693 illicite
849 659 892 692 ab
915 658 1036 704 aliquo
1059 657 1263 703 acquiritur,
1287 656 1383 702 quod
1405 656 1554 690 debetur
1574 656 1618 698 ei,
1641 667 1661 689 a
1682 666 1754 702 quo

196 720 249 746 est
271 713 496 759 acquisitum,
520 723 585 746 nec
608 720 726 758 potest
747 713 788 746 ab
812 723 855 746 eo
878 712 1033 753 retineri,
1055 711 1116 757 qui
1145 710 1352 756 acquisivit:
1384 710 1476 744 sicut
1510 709 1688 755 contingit
1720 709 1758 742 in

195 766 331 811 rapina,
353 774 388 800 et
407 765 514 808 furto,
536 774 570 799 et
590 766 724 800 usuris:
748 773 783 800 et
804 765 839 800 dc
861 766 979 800 talibus
1001 776 1084 798 cum
1106 765 1220 797 homo
1242 771 1405 797 teneatur
1424 763 1468 796 ad
1483 762 1758 804 restitutionem,

197 819 430 866 eleemosyna
451 819 528 853 fieri
548 830 622 853 non
644 827 771 864 potest.
795 819 873 853 Alio
895 829 981 852 vero
1003 817 1098 852 modo
1121 825 1173 851 est
1203 816 1336 862 aliquid
1369 815 1493 850 illicite
1528 815 1756 862 acquisitum,

197 873 280 918 quia
300 872 360 906 ille
382 873 540 918 quidem,
561 873 622 918 qui
644 872 842 918 acquisivit,
864 872 1016 905 retinere
1038 882 1111 904 non
1134 878 1264 916 potest,
1286 881 1353 904 nec
1386 877 1510 903 tamen
1544 869 1692 903 debetur
1713 869 1757 910 ei,

198 937 218 960 a
239 937 310 972 quo
333 926 540 971 acquisivit3
562 926 645 971 quia
667 925 805 959 scilicet
827 933 953 958 contra
974 924 1147 969 justitiam
1170 923 1327 969 accepit3
1351 931 1384 957 et
1407 922 1496 957 alter
1517 930 1643 956 contra
1663 922 1760 967 justi-

196 979 285 1013 tiam
308 979 417 1013 dedit:
442 979 534 1012 sicut
556 979 733 1024 contingit
753 978 789 1011 in
811 978 979 1018 simonia,
1001 977 1037 1010 in
1059 989 1129 1023 qua
1151 977 1250 1018 dans,
1271 984 1305 1010 et
1323 976 1503 1022 accipiens
1522 983 1648 1010 contra
1666 975 1762 1021 justi-

197 1034 286 1067 tiam
307 1032 397 1078 legis
419 1032 560 1065 divinae
583 1032 667 1077 agit,
689 1032 782 1065 unde
804 1042 878 1065 non
900 1031 1003 1064 debet
1025 1030 1102 1064 fieri
1124 1030 1299 1064 restitutio
1319 1030 1352 1063 ei
1370 1029 1430 1075 qui
1449 1029 1558 1071 dedit,
1575 1028 1638 1063 sed
1655 1028 1761 1062 debet

198 1086 233 1119 in
256 1085 506 1131 eleemosynas
529 1085 688 1130 erogari:
713 1092 747 1118 et
768 1084 896 1118 eadem
917 1084 1008 1117 ratio
1032 1091 1084 1118 est
1105 1083 1140 1117 in
1163 1082 1350 1124 similibus,
1370 1083 1405 1116 in
1425 1082 1552 1128 quibus
1571 1081 1709 1116 scilicet
1727 1089 1762 1115 et

199 1139 308 1180 datio,
331 1147 365 1172 et
387 1138 548 1184 acceptio
571 1146 624 1172 est
645 1145 771 1172 contra
792 1137 923 1183 legem.
944 1138 1053 1171 Tertio
1068 1136 1163 1170 modo
1179 1144 1232 1170 est
1247 1135 1379 1182 aliquid
1394 1135 1530 1177 illicite,
1545 1135 1760 1181 acquisitum

198 1203 272 1225 non
294 1191 440 1237 quidem
461 1191 545 1237 quia
566 1192 642 1237 ipsa
665 1191 854 1237 acquisitio
878 1191 922 1224 sit
942 1190 1079 1232 illicita,
1102 1190 1163 1224 sed
1186 1190 1269 1235 quia
1290 1189 1336 1231 id,
1372 1200 1413 1223 ex
1448 1199 1520 1235 quo
1555 1188 1761 1235 acquiritur,

200 1253 253 1279 est
273 1244 458 1286 illicitum;
480 1245 572 1278 sicut
589 1252 687 1290 patet
704 1244 747 1278 de
766 1255 822 1285 eo,
841 1244 937 1289 quod
956 1243 1086 1277 mulier
1105 1243 1255 1289 acquirit
1274 1254 1335 1289 per
1354 1242 1619 1284 meretricium;
1638 1249 1673 1276 et
1689 1241 1761 1275 hoc

199 1298 343 1344 proprie
364 1306 515 1332 vocatur
537 1303 628 1344 turpe
650 1297 792 1339 lucrum,
815 1297 912 1343 quod
935 1297 1030 1331 enim
1054 1296 1184 1330 mulier
1205 1296 1450 1330 meretricium
1485 1303 1660 1336 exerceat,
1693 1302 1764 1328 tur-

199 1351 290 1397 piter
311 1351 394 1396 agit,
413 1359 447 1384 et
465 1359 589 1384 contra
615 1350 735 1396 legem
752 1350 841 1391 Dei3
861 1350 922 1384 sed
944 1350 979 1383 in
1000 1361 1043 1384 eo
1063 1350 1159 1395 quod
1179 1349 1320 1395 accipit,
1338 1360 1411 1382 non
1430 1349 1560 1394 injuste
1581 1348 1664 1394 agit,
1694 1358 1761 1381 nec

203 1412 329 1438 contra
350 1404 490 1449 legem3
511 1403 606 1437 unde
628 1403 713 1449 quod
731 1405 777 1438 sic
798 1403 910 1438 illicite
931 1404 1128 1448 acquisitum
1155 1408 1207 1443 est,
1234 1404 1369 1437 retineri
1388 1407 1503 1448 potest,
1526 1406 1554 1436 et
1575 1401 1611 1435 de
1637 1413 1671 1435 eo
1689 1401 1764 1435 elee-

201 1468 336 1502 mosyna
349 1458 439 1503 ficri.

272 1511 332 1544 AD
354 1520 502 1544 PRIMUM
524 1520 612 1554 ergo
635 1508 839 1551 dicendum,
854 1509 951 1555 quod
970 1509 1062 1543 sicut
1076 1509 1228 1555 August.
1245 1508 1329 1542 dicit
1342 1509 1378 1542 in
1393 1507 1452 1542 lib.
1468 1507 1512 1542 de
1525 1507 1633 1542 Verb.
1650 1507 1762 1541 Dom.

202 1563 313 1608 (serm.
333 1575 376 1609 35.
399 1570 472 1609 cap.
493 1562 557 1607 2.).·
583 1575 600 1594 ‹<
622 1561 713 1596 Illud
730 1563 886 1596 vverbum
908 1562 1060 1596 Domini
1081 1562 1227 1608 quidam
1249 1561 1345 1595 male
1359 1561 1607 1606 intelligendo,
1622 1560 1765 1607 rapiunt

201 1627 257 1650 res
280 1615 425 1657 alienas,
448 1623 483 1650 et
503 1615 636 1661 aliquid
658 1615 739 1649 inde
762 1615 976 1661 pauperibus
1000 1615 1210 1661 largiuntur,
1233 1623 1268 1649 et
1288 1622 1415 1661 putant
1442 1625 1478 1648 se
1513 1613 1632 1648 facere
1667 1613 1763 1660 quod

203 1677 434 1715 praeceptum
456 1677 519 1710 est,
541 1668 746 1702 intellectus
767 1669 832 1703 iste
855 1669 1090 1714 corrigendus
1113 1677 1166 1702 est
1187 1680 1217 1701 »x
1241 1668 1303 1702 sed
1326 1679 1453 1702 omnes
1481 1667 1625 1701 divitiae
1646 1667 1766 1713 iniqui-

204 1724 280 1757 tatis
300 1721 477 1763 dicuntur,
500 1730 538 1756 ut
559 1722 687 1756 dicitur
709 1722 743 1754 in
766 1721 825 1755 lib.
850 1732 880 1755 2.
904 1722 947 1756 de
971 1721 1060 1762 QQ.
1083 1721 1256 1767 Evangel.
1287 1722 1334 1767 (q.
1354 1722 1437 1767 34),
1462 1721 1544 1766 quia
1576 1731 1651 1754 non
1683 1727 1766 1754 sunt

203 1776 345 1821 iniquae
368 1775 510 1809 divitiae
532 1775 601 1809 nisi
621 1775 762 1820 iniquis,
785 1775 845 1821 qui
867 1776 902 1809 in
925 1775 975 1809 eis
997 1786 1100 1820 spem
1123 1775 1366 1809 constituunt:
1384 1773 1443 1808 vel
1461 1773 1662 1808 secundum
1679 1773 1767 1807 Arn-

203 1829 364 1862 brosium
386 1829 469 1874 (sup.
493 1828 573 1861 illud
594 1828 705 1862 Lucae
726 1828 798 1862 16.:
827 1829 940 1862 facite
960 1829 1054 1862 <vobis
1075 1829 1211 1871 amicos,
1235 1828 1312 1872 etr.)
1343 1827 1538 1873 «iniquum
1553 1837 1766 1861 mammona

205 1882 301 1923 dixit,
324 1881 405 1927 quia
426 1881 533 1915 variis
555 1881 761 1914 divitiarum
782 1880 959 1915 illecebris
981 1889 1124 1915 nostros
1146 1889 1259 1914 tentat
1289 1879 1437 1914 affectus
1460 1892 1498 1914 »t
1532 1880 1591 1914 vel
1625 1880 1708 1926 quia
1728 1881 1764 1914 in

201 1935 351 1981 pluribus
372 1934 682 1980 pt‘czedacessorilms‚
704 1935 820 1979 quibus
836 1936 1048 1980 patrimonii>
1069 1934 1221 1975 succedis,
1245 1934 1364 1979 aliquis·
1382 1935 1556 1980 reperitur,
1575 1935 1631 1979 qui
1649 1934 1766 1978 injuste

203 1989 378 2033 usurpavit
398 1988 517 2028 aliena,
541 1989 692 2033 quamvis
715 1993 749 2021 tu
771 1989 903 2028 nescias,
927 1995 964 2020 ut
987 1987 1139 2021 Basilius
1171 1987 1256 2020 dicit
1287 1986 1353 2030 (sed
1385 1998 1451 2020 non
1484 1987 1674 2031 ocem-rit):
1708 1985 1767 2020 vel

206 2051 334 2074 omnes
355 2040 499 2074 divitiae
521 2041 687 2074 dicuntur
704 2041 889 2085 iniquilatis
903 2040 994 2074 idest
1007 2041 1271 2085 inaequalitati&
1289 2040 1370 2085 quia
1385 2051 1458 2073 non
1474 2039 1672 2086 aequaliter
1684 2047 1767 2074 sunt

207 2094 374 2127 omnibus
396 2093 614 2135 distributae,
637 2104 710 2127 uno
733 2102 872 2139 egente,
896 2101 930 2127 et
953 2093 1022 2127 alio
1045 2093 1368 2138 superabundante.

277 2147 337 2181 AD
359 2157 565 2182 SECUNDUM
587 2147 792 2189 dicendum,
815 2147 912 2193 quod
935 2147 978 2180 de
1002 2147 1178 2192 acquisito
1193 2158 1255 2191 per
1277 2146 1521 2180 meretricium
1543 2146 1616 2191 jam
1631 2145 1766 2180 dictum

208 2209 261 2235 est
283 2202 332 2244 (in
353 2207 444 2246 corp.
468 2201 564 2244 art),
589 2200 741 2245 qualiter
763 2199 998 2245 eleemosyna
1024 2199 1099 2233 fieri
1127 2199 1255 2245 possit:
1278 2210 1352 2233 non
1380 2207 1501 2232 autem
1526 2198 1566 2233 fit
1585 2198 1629 2233 de
1651 2209 1694 2233 eo
1716 2209 1768 2233 sa-

194 2253 394 2295 crificium,
412 2254 468 2287 vel
492 2253 627 2287 oblatio
651 2253 693 2286 ad
717 2253 838 2294 altare,
860 2261 938 2286 tum
959 2261 1105 2298 propter
1131 2252 1355 2294 scandalum,
1381 2260 1458 2286 tum
1480 2259 1626 2298 propter
1650 2262 1768 2286 sacro-

208 2319 288 2341 rum
310 2306 569 2341 reverentiam:
594 2307 636 2340 de
664 2317 708 2340 eo
736 2308 856 2348 etiam,
883 2306 980 2351 quod
1008 2314 1061 2340 est
1087 2317 1148 2351 per
1174 2306 1369 2340 simoniam
1397 2305 1625 2352 acquisitum,
1651 2312 1770 2352 potest

208 2360 285 2394 fieri
307 2359 561 2406 eleemosyna:
585 2359 667 2405 quia
683 2370 756 2393 non
773 2367 825 2393 est
846 2359 1007 2393 debitum
1031 2359 1063 2393 ei
1082 2359 1141 2404 qui
1169 2359 1276 2400 dedit,
1298 2359 1359 2393 sed
1382 2367 1540 2393 meretur
1560 2358 1647 2392 illud
1670 2358 1770 2392 amit-

208 2421 301 2448 tere:
325 2413 421 2447 circa
442 2412 503 2446 illa
519 2423 617 2454 vero,
633 2423 724 2458 quae
747 2423 809 2458 per
825 2412 921 2446 aleas
944 2412 1185 2458 acquiruntur,
1201 2412 1340 2446 videtur
1359 2423 1435 2446 esse
1451 2412 1584 2458 aliquid
1602 2411 1769 2446 illicitum

210 2478 251 2501 ex
273 2466 394 2500 divino
415 2467 512 2511 jure:
537 2465 674 2500 scilicet
696 2466 791 2511 quod
814 2465 942 2511 aliquis
963 2465 1119 2499 lucretur
1149 2465 1191 2498 ab
1214 2465 1282 2506 his,
1305 2465 1364 2511 qui
1386 2477 1463 2500 rem
1485 2476 1588 2499 suam
1611 2464 1768 2499 alienare

209 2531 282 2554 non
305 2527 470 2566 possunt3
492 2519 584 2553 sicut
611 2526 693 2553 sunt
719 2519 890 2561 minores,
922 2526 955 2552 et
981 2517 1117 2559 furiosi,
1146 2526 1180 2552 et
1204 2519 1431 2563 hujusmodi:
1459 2527 1494 2553 et
1519 2518 1615 2564 quod
1642 2517 1769 2564 aliquis

210 2573 328 2607 trahat
350 2573 460 2606 alium
491 2584 532 2606 ex
555 2572 748 2618 cupiditate
778 2571 940 2605 lucrandi
971 2572 1014 2605 ad
1044 2571 1186 2613 ludum3
1210 2580 1244 2605 et
1265 2572 1361 2617 quod
1390 2571 1634 2606 fraudulenter
1654 2571 1696 2605 ab
1725 2581 1768 2605 eo

211 2626 386 2660 lucretur:
411 2634 444 2660 et
466 2626 501 2659 in
528 2626 582 2659 his
605 2625 743 2659 casibus
767 2633 908 2659 tenetur
931 2625 973 2658 ad
997 2625 1279 2658 restitutionem:
1303 2633 1335 2659 et
1358 2625 1408 2659 sic
1428 2626 1471 2659 de
1491 2636 1535 2660 eo
1557 2636 1631 2659 non
1653 2631 1771 2671 potest

213 2679 487 2726 eleemosynam
517 2678 654 2713 facere:
684 2678 815 2723 aliquid
843 2686 963 2712 autem
990 2678 1128 2711 videtur
1155 2689 1231 2712 esse
1262 2678 1408 2713 ulterius
1438 2679 1603 2712 illicitum
1632 2689 1673 2712 ex
1694 2678 1770 2722 jure

212 2734 366 2779 positivo
395 2732 501 2774 civili,
529 2732 625 2778 quod
652 2731 819 2778 prohibet
844 2731 1092 2765 universaliter
1118 2731 1188 2765 tale
1209 2731 1367 2765 lucrum:
1393 2733 1454 2766 sed
1481 2732 1563 2778 quia
1589 2732 1643 2777 ius
1664 2730 1768 2764 civile

212 2797 286 2819 non
308 2785 445 2831 obligat
466 2796 604 2827 omnes,
627 2785 688 2819 sed
711 2796 773 2819 eos
792 2784 902 2825 solos,
924 2784 983 2829 qui
1000 2792 1080 2817 sunt
1101 2784 1155 2817 his
1171 2784 1309 2829 legibus
1325 2785 1486 2829 subjecti,
1510 2785 1686 2818 etiterum
1707 2794 1770 2829 per

214 2839 495 2873 dissuetudinem
525 2838 691 2884 abrogari
717 2846 845 2884 potest,
868 2837 949 2871 ideo
972 2837 1064 2883 apud
1091 2837 1184 2879 illos,
1206 2838 1266 2883 qui
1293 2846 1373 2872 sunt
1394 2837 1603 2883 hujusmodi
1631 2836 1769 2883 legibus
