1859 3122
485 179 706 215 QUAESTIO
741 178 927 209 CLXXXV.
961 177 1204 209 ARTICULUS
1236 178 1264 208 1.
1545 174 1650 217 1205

171 260 246 296 SED
269 270 424 295 CONTRA
446 268 496 295 est
519 260 615 307 quod
638 260 733 305 Aug.
755 260 841 294 dicit
866 271 917 305 ιε).
940 260 983 294 de
1005 259 1084 295 civ.
1107 259 1176 294 Dei
1199 259 1289 306 (cap.
1311 259 1395 306 19.).·
1421 271 1439 291 ‹<
1461 259 1582 294 Locus
1602 269 1658 294 su-

98 314 228 360 perior,
250 314 326 347 siue
349 325 420 359 quo
442 314 595 360 populus
617 314 692 358 regi
714 325 786 348 non
809 320 938 360 potest,
961 314 1026 348 etsi
1048 314 1095 348 ita
1118 313 1394 354 administretur,
1417 320 1455 347 ut
1472 312 1592 355 decet;
1609 319 1658 346 ta-

100 379 184 403 men
206 367 413 402 indecenter
435 368 610 414 appetitur
632 381 663 401 ».

171 421 399 456 RESPONDEO
422 421 626 462 dicendum,
647 421 744 467 quod
766 421 801 455 in
824 423 1033 467 episcopatu
1057 423 1123 456 tria
1142 429 1292 467 possunt
1309 420 1545 454 considerari:
1573 430 1659 466 quo-

99 486 179 510 rum
202 487 302 509 unum
327 482 379 509 est
400 474 608 521 principale,
631 484 664 509 et
685 474 808 517 finale-3
831 474 968 509 scilicet
997 475 1212 520 episcopalis
1247 474 1421 521 operatio,
1454 484 1516 520 per
1547 484 1658 520 quam

100 529 243 563 utilitati
265 528 511 575 proximorum
547 528 752 570 intenditur,
776 529 973 562 secundum
996 528 1083 562 illud
1101 528 1204 574 Joan.
1227 528 1307 562 ult.:
1331 528 1429 562 Pasce
1450 539 1522 562 oves
1546 537 1656 562 meas:

100 582 192 617 aliud
213 590 333 616 autem
356 589 409 615 est
431 581 580 615 altitudo
603 582 754 626 gradus;
777 582 858 627 quia
880 581 1078 628 Episcopus
1100 593 1204 627 super
1227 582 1317 616 alios
1344 581 1581 623 constituitur,
1602 590 1656 615 se-

101 635 259 670 cundum
282 635 369 668 illud
391 634 518 668 Matth.
542 645 616 677 24:
639 634 759 669 Fidelis
786 647 909 676 servus,
935 640 963 670 et
991 635 1146 681 prudens,
1181 648 1275 681 quam
1302 636 1467 670 constituit
1491 635 1658 669 Dominus

100 695 195 736 super
212 689 386 735 familiam
410 699 527 722 suum:
555 690 687 723 tertium
709 697 829 722 autem
852 698 915 730 est,
938 689 1034 734 quod
1057 697 1319 734 consequenter
1340 700 1377 723 se
1391 688 1499 722 habet
1514 687 1556 721 ad
1571 688 1658 728 ista;

102 742 256 777 scilicet:
284 743 493 784 reverentia,
521 750 556 776 et
581 742 711 784 honor,
738 750 775 776 ut
801 741 1012 776 sufficientia
1039 742 1306 788 temporalium,
1337 742 1537 777 secundum
1571 740 1659 775 illud

107 807 134 830 1.
151 796 195 830 ad
218 795 313 830 Tim.
334 806 373 839 5.:
392 795 466 835 Qui
487 795 576 829 bene
598 803 767 841 praesunt
782 796 989 842 presbytcri,
1009 796 1141 842 duplici
1162 796 1301 830 honore
1323 796 1422 841 digni
1442 796 1660 836 habeantur3

103 856 269 896 appetere
292 860 377 895 ergo
409 849 655 894 episcopatum
677 849 814 883 ratione
829 849 1037 894 hujusmodi
1053 849 1362 884 circumstantium
1377 850 1569 891 bonorum,
1587 859 1661 882 ma-

102 902 273 937 nifestum
295 909 348 936 est
370 902 465 948 quod
489 910 542 936 est
563 902 748 945 illicitum3
771 911 806 936 et
826 903 977 948 pertinet
998 903 1041 936 ad
1064 903 1305 948 cupiditatem,
1327 902 1383 936 vel
1405 902 1660 944 ambitionem3

104 957 198 990 unde
220 964 344 990 contra
366 955 580 989 Pharisaeos
602 956 784 989 Dominus
799 956 895 998 dicit,
911 956 1036 990 Matth.
1059 966 1133 1000 23.:
1157 957 1285 990 Amant
1298 957 1427 1002 primos
1446 956 1608 990 recubitus
1625 956 1660 989 in

105 1011 222 1049 coenis,
244 1015 272 1043 ct
288 1011 418 1055 primas
440 1009 608 1043 cathedras
628 1010 663 1042 in
685 1010 861 1054 synagogis,
882 1014 910 1043 et
925 1009 1136 1044 salutationes
1157 1011 1191 1043 in
1212 1010 1297 1053 soro,
1318 1014 1346 1043 et
1365 1010 1483 1043 vocari
1500 1010 1541 1043 ab
1559 1008 1662 1042 homi-

103 1065 198 1098 nibus
222 1064 338 1098 Rabbi.
363 1062 551 1103 Quantum
574 1070 694 1096 autem
717 1062 760 1095 ad
783 1062 994 1103 secundum,
1016 1062 1153 1096 scilicet
1175 1063 1217 1096 ad
1245 1062 1492 1096 celsitudinem
1520 1061 1661 1107 gradus,

105 1125 271 1163 appetere
294 1116 542 1161 episcopatum
563 1123 617 1148 est
634 1124 993 1161 praesumptuosum3
1012 1115 1106 1149 unde
1123 1115 1303 1149 Dominus
1323 1116 1438 1160 arguit
1456 1114 1662 1160 discipulos,

104 1170 232 1204 Matth.
255 1179 324 1211 20„
345 1169 540 1214 primatum
564 1177 789 1214 quaerentes,
812 1168 952 1202 dicens:
975 1169 1081 1210 Scitis,
1109 1170 1366 1214 qzciaprinripes
1389 1168 1546 1203 Gentium
1563 1167 1665 1201 domi-

104 1229 228 1257 nantur
249 1234 382 1257 corum:
403 1222 462 1255 ubi
478 1222 667 1267 Chrysost.
685 1222 786 1264 (hum.
802 1222 858 1256 66.
874 1223 908 1255 in
923 1222 1058 1266 Matth.)
1074 1222 1170 1263 dicit,
1185 1222 1281 1267 quod
1299 1234 1316 1252 ι(
1330 1232 1393 1266 per
1405 1221 1475 1255 hoc
1495 1221 1662 1262 ostendit,

105 1276 202 1323 quod
225 1275 369 1311 Gentile
392 1283 444 1309 est
465 1275 639 1320 primatus
662 1286 811 1320 cupere:
836 1283 870 1309 et
891 1276 942 1309 sic
966 1275 1139 1309 Gentium
1162 1275 1433 1320 comparatione
1448 1285 1575 1309 eorum
1589 1274 1663 1308 ani-

105 1341 205 1364 mam
227 1337 450 1363 aestuantem
474 1329 650 1362 convertit
671 1340 701 1362 »2
725 1328 787 1362 sed
811 1337 977 1373 appetere
999 1329 1171 1374 proximis
1193 1329 1373 1374 prodesse,
1392 1336 1445 1362 est
1464 1327 1662 1362 secundum

105 1395 144 1418 se
164 1382 354 1426 laudabile,
377 1390 412 1416 et
431 1382 649 1416 virtuosum:
680 1393 806 1415 verum
828 1382 922 1428 quia,
953 1390 1060 1427 prout
1081 1389 1133 1416 est
1163 1381 1378 1427 episcopalis
1412 1389 1522 1424 actus,
1555 1381 1665 1415 habet

107 1447 286 1470 annexam
305 1435 436 1481 gradus
451 1434 714 1476 celsitudinem,
729 1443 1067 1480 praesumptuosum
1082 1435 1232 1476 videtur,
1247 1435 1343 1481 quod
1358 1434 1484 1480 aliquis
1498 1445 1662 1479 praeesse

108 1497 251 1536 appetat
272 1489 315 1522 ad
337 1489 420 1530 hoc,
443 1489 539 1534 quod
561 1489 709 1523 subditis
731 1489 854 1533 prosit,
876 1489 944 1522 nisi
966 1488 1154 1523 manifesta
1186 1490 1398 1522 necessitate
1431 1488 1662 1522 imminente:

107 1544 200 1578 sicut
223 1542 332 1588 Greg.
355 1542 441 1576 dicit
461 1543 497 1575 in
519 1542 657 1576 Pastor.
681 1542 782 1588 (part.
806 1555 833 1577 I.
856 1548 927 1587 cap.
949 1542 999 1586 3.)
1023 1542 1117 1588 quod
1143 1555 1161 1574 α
1182 1550 1266 1576 tunc
1288 1540 1466 1575 laudabile
1488 1549 1562 1575 erat
1591 1540 1664 1586 epi-

108 1605 299 1642 scopatum
321 1606 491 1641 quaerere
514 1596 658 1641 quando
681 1606 744 1640 per
764 1595 860 1628 hunc
883 1606 1102 1640 quemquam
1131 1595 1278 1629 dubium
1311 1606 1385 1629 non
1419 1602 1494 1628 erat
1518 1594 1561 1628 ad
1587 1605 1666 1639 sup-

108 1650 216 1697 plicia
242 1649 409 1695 graviora
434 1648 620 1694 pervenire
642 1661 674 1690 »3
702 1648 795 1682 unde
822 1660 896 1682 non
923 1649 965 1682 de
989 1648 1087 1682 facili
1112 1648 1370 1690 inveniebatur,
1397 1648 1458 1694 qui
1482 1647 1553 1682 hoc
1573 1658 1664 1681 onus

109 1711 324 1745 assumeret3
346 1702 558 1748 praesertim
580 1713 662 1735 cum
685 1701 811 1747 aliquis
834 1702 1016 1736 charitatis
1037 1701 1116 1736 zelo
1139 1702 1308 1736 divinitus
1329 1702 1372 1735 ad
1394 1702 1465 1735 hoc
1486 1701 1664 1741 incitatur,

110 1758 202 1792 sicut
225 1757 377 1802 Gregor.
401 1756 486 1789 dicit
506 1755 542 1789 in
564 1755 702 1789 Pastor.
728 1755 830 1801 (ρανί.
845 1768 871 1790 1.
887 1762 958 1801 cap.
975 1755 1023 1801 7.)
1039 1755 1135 1801 quod
1153 1768 1170 1786 «
1184 1755 1293 1789 Isaias
1309 1755 1479 1800 prodesse
1493 1753 1663 1799 proximis

111 1811 271 1857 cupiens,
292 1809 518 1843 laudabiliter
539 1808 698 1842 officium
721 1808 998 1853 praedicationis
1023 1809 1156 1853 appetit
1176 1822 1207 1842 ³).
1230 1809 1353 1842 Potest
1382 1816 1504 1841 tamen
1533 1807 1665 1852 absque

111 1860 405 1911 praesumptione
427 1862 575 1908 quilibet
597 1870 762 1907 appetere
783 1861 868 1895 talia
891 1872 999 1906 opera
1021 1861 1150 1903 facere,
1172 1862 1201 1896 si
1215 1873 1298 1895 eum
1313 1861 1538 1906 contingeret
1550 1861 1586 1894 in
1603 1860 1667 1894 tali

112 1917 233 1952 officio
256 1928 344 1958 esse,
366 1915 425 1949 vel
445 1915 554 1949 etiam
575 1926 612 1949 se
635 1926 711 1949 esse
733 1915 883 1960 dignum
905 1915 949 1948 ad
970 1914 1055 1948 talia
1086 1926 1196 1960 opera
1230 1914 1454 1960 exequenda3
1488 1914 1536 1948 ita
1569 1913 1665 1958 quod

112 1983 202 2017 opus
225 1970 361 2004 bonum
383 1969 487 2003 cadat
508 1968 570 2003 sub
593 1968 784 2010 desiderio,
799 1979 873 2002 non
888 1976 1010 2002 autem
1023 1968 1196 2013 primatus
1212 1967 1411 2013 dignitati33
1428 1966 1521 2000 unde
1536 1965 1665 2011 Chrys.

113 2025 199 2059 dicit
218 2035 325 2070 super
345 2022 471 2057 Matth.
487 2022 591 2067 (hom.
610 2034 654 2068 35.
676 2023 710 2055 in
726 2027 775 2067 op.
792 2021 939 2067 impevf.)
954 2033 963 2055 :
989 2034 1007 2053 «
1027 2021 1130 2066 Opus
1145 2021 1291 2066 quidem
1304 2020 1504 2054 desiderare
1517 2020 1666 2060 bonurn,

111 2079 250 2112 bonum
272 2085 344 2119 est;
366 2076 561 2122 primatum
583 2083 703 2108 autem
735 2074 885 2108 honoris
920 2075 1188 2119 concupiscere,
1220 2073 1360 2107 vanitas
1394 2080 1461 2115 est;
1494 2073 1666 2118 primatus

114 2131 210 2166 enim
231 2130 442 2176 fugientem,
463 2139 501 2163 se
523 2128 710 2169 desiderat,
733 2127 996 2162 desiderantem
1018 2139 1055 2161 se
1076 2127 1200 2161 horret
1219 2140 1252 2160 n.

184 2185 244 2218 AD
257 2193 406 2218 PRmUM
421 2193 506 2228 ergo
522 2182 726 2223 dicendum,
745 2181 853 2227 quod,
867 2181 959 2215 sicut
975 2181 1083 2226 Greg.
1099 2181 1185 2215 dicit
1198 2180 1235 2214 in
1248 2180 1343 2214 Past.
1361 2179 1460 2225 (part.
1475 2192 1502 2214 Ι.
1518 2185 1587 2226 cap.
1602 2179 1665 2224 8.),

118 2237 213 2273 «illo
235 2245 398 2282 tempore
419 2236 490 2269 hoc
514 2235 599 2268 dixit
616 2234 828 2280 Apostolus,
850 2245 920 2280 quo
942 2233 1002 2268 ille
1021 2234 1081 2280 qui
1102 2233 1261 2280 plebibus
1283 2240 1455 2279 praeerat,
1473 2233 1608 2278 primus
1624 2231 1667 2266 ad

115 2291 277 2337 martyrii
298 2297 478 2324 tormenta
492 2288 686 2322 ducebatur
701 2300 733 2329 »3
755 2295 791 2321 et
810 2289 861 2321 sic
882 2287 971 2321 nihil
995 2287 1089 2321 aliud
1109 2295 1193 2329 erat,
1208 2287 1303 2333 quod
1324 2287 1360 2320 in
1382 2286 1591 2332 episcopatu
1612 2297 1670 2330 ap-

117 2345 190 2392 peti
210 2351 343 2390 posset‚
364 2343 434 2376 nisi
458 2342 595 2376 bonum
615 2352 723 2386 opus;
744 2341 839 2374 unde
861 2341 1013 2386 August.
1038 2340 1123 2374 dicit
1147 2351 1199 2386 19.
1227 2340 1269 2374 de
1292 2339 1371 2373 Civ.
1393 2339 1464 2373 Dei
1484 2339 1572 2385 (cap.
1598 2339 1666 2384 19.)

116 2398 214 2445 quod
235 2410 253 2429 (t
266 2395 466 2442 Apostolus
481 2395 621 2429 dicens:
639 2395 708 2438 Qui
721 2395 956 2440 Episcopatum
969 2393 1139 2435 desiderat,
1156 2395 1276 2427 bonum
1290 2399 1367 2438 opus
1381 2392 1548 2433 desiderat,
1565 2403 1670 2437 expo-

115 2463 201 2486 nere
211 2450 338 2492 voluit,
353 2449 435 2496 quid
450 2449 494 2483 sit
507 2448 760 2494 Episcopatus:
777 2447 859 2493 quia
872 2458 1007 2481 nomen
1022 2447 1138 2492 operis
1155 2454 1299 2488 est,non
1313 2445 1482 2480 honoris:
1497 2456 1668 2491 graecum

117 2512 170 2540 est
204 2505 299 2539 enirn
332 2501 394 2539 ἐπὶ
417 2502 504 2548 (epi)
541 2501 670 2547 quippe
696 2511 812 2546 super,
839 2501 971 2538 σκοπός
997 2500 1161 2546 (scopos)
1188 2510 1274 2532 vero
1300 2498 1450 2533 intentio
1478 2506 1550 2540 est;
1581 2509 1667 2543 ergo

115 2557 328 2595 ἐπισκοπεῖν
349 2557 379 2590 si
403 2555 568 2595 velimus,
594 2553 702 2587 latine
729 2553 1020 2598 superintendere
1047 2563 1237 2599 possumus
1264 2552 1392 2593 dicere,
1419 2559 1456 2585 ut
1481 2551 1668 2597 intelligat,

117 2623 193 2647 non
214 2622 251 2645 se
273 2621 350 2645 esse
365 2609 596 2655 Episcopum,
616 2607 676 2652 qui
697 2617 861 2652 praeesse
876 2606 1047 2647 dilexerit,
1069 2617 1142 2639 non
1157 2605 1337 2651 prodesse.
1354 2605 1394 2638 ln
1410 2605 1550 2638 actione
1573 2605 1671 2638 enim

120 2666 175 2710 (ut
195 2675 322 2710 parum
344 2670 424 2696 ante
450 2661 660 2707 praemittit)
682 2671 756 2693 non
779 2659 952 2693 amandus
975 2668 1027 2693 est
1048 2659 1167 2693 honor
1187 2659 1223 2692 in
1244 2658 1313 2692 hac
1339 2658 1422 2699 vita,
1449 2657 1522 2691 sive
1543 2664 1668 2703 poten-

118 2719 179 2760 tia,
201 2717 373 2763 quoniam
395 2714 517 2749 onmia
537 2725 631 2747 vana
652 2720 734 2747 sunt
754 2713 816 2746 sub
839 2712 933 2748 sole:
959 2713 1020 2746 sed
1043 2723 1132 2758 opus
1150 2712 1278 2756 ipsum,
1301 2710 1396 2757 quod
1418 2721 1480 2756 per
1501 2710 1670 2744 eumdem

119 2771 311 2811 honorem,
332 2768 390 2802 vel
411 2767 607 2814 potentiam
627 2766 710 2808 fit»;
734 2774 769 2800 et
787 2773 922 2808 tamen,
941 2773 979 2800 ut
1001 2764 1152 2810 Gregor.
1173 2765 1257 2798 dicit
1278 2764 1313 2797 in
1334 2763 1472 2797 Pastor.
1491 2763 1568 2807 (loc.
1584 2764 1669 2807 cit),

123 2838 142 2857 «
163 2822 362 2870 Apostolus
382 2822 533 2856 laudans
553 2819 770 2854 desiderium
788 2819 942 2864 (scilicet
963 2818 1048 2852 boni
1069 2818 1203 2864 operis)
1225 2818 1260 2851 in
1283 2827 1454 2862 pavorem
1474 2816 1578 2850 vertit
1594 2826 1672 2862 pro-

120 2877 216 2912 tinus
237 2876 334 2923 quod
353 2875 523 2917 laudavit,
545 2884 628 2908 cum
649 2873 850 2918 subjungit:
873 2880 1015 2918 oportet
1036 2879 1157 2906 autem
1177 2870 1398 2916 Episcopum
1418 2868 1672 2915 irreprehensi-

264 2960 294 2987 S.
314 2958 436 2985 Tuome
457 2957 562 2984 Summa.
588 2955 750 2990 Theologica.
772 2954 837 2981 Vol.
860 2953 914 2980 111.
1496 2958 1530 2987 77
