1859 3122
233 127 316 182 798
640 138 859 174 QUAESTIO
894 139 1026 169 cxvn.
1059 139 1301 170 ARTICULUS
1334 141 1390 170 1v.

231 229 313 255 runt
333 221 536 267 pecuniam,
552 220 613 254 sed
628 228 862 266 susceperunt
883 221 1095 267 acquisitam
1111 221 1152 254 ab
1169 220 1257 263 aliis,
1275 221 1457 255 liberalius
1471 232 1552 256 eam
1569 221 1782 282 expendunt,

232 274 314 320 quia
335 282 417 308 sunt
437 273 611 318 inexperti
631 273 849 319 indigentiae
871 286 909 316 »;
932 285 1019 320 ergo
1040 274 1191 316 videtur,
1213 274 1310 320 quod
1332 274 1416 308 dare
1437 285 1510 309 non
1531 275 1688 309 maxime
1708 286 1772 321 per

230 327 341 361 tineat
363 327 406 360 ad
427 326 623 360 liberalem.

302 379 589 414 wizai-*ream
618 380 674 414 De
707 380 779 414 hoc
807 380 902 426 quod
931 380 1057 426 aliquis
1088 381 1244 414 maxime
1273 381 1435 423 intendit,
1464 380 1582 415 nullus
1615 383 1782 423 tristatur,

230 444 345 479 neque
359 433 400 466 ab
417 444 460 467 eo
476 442 606 468 cessat:
623 434 684 467 sed
698 433 853 468 liberalis
876 434 1091 479 quandoque
1113 435 1270 468 tristatur
1291 434 1334 468 de
1355 434 1411 468 his
1433 445 1523 480 quae
1545 434 1652 477 dedit,
1666 446 1783 480 neque

231 487 339 521 etiam
361 487 420 520 dat
441 487 620 528 omnibus,
642 494 680 521 ut
701 487 828 521 dicitur
843 487 877 520 in
893 497 925 529 4.
941 486 1099 521 Ethicor.
1119 487 1197 532 (loc.
1222 487 1315 532 sit.);
1337 499 1422 533 ergo
1446 487 1488 521 ad
1507 487 1694 522 liberalem
1710 499 1783 522 non

230 540 386 574 maxime
414 540 566 586 pertinet
592 541 686 575 dare.

304 605 332 639 3.
354 594 590 628 PRAETEREA.
612 594 669 627 Ad
691 593 778 628 illud
800 593 1035 640 implendum,
1071 595 1166 640 quod
1200 595 1277 640 quis
1305 596 1462 629 maxime
1489 595 1648 637 intendit,
1670 595 1783 629 homo

230 647 339 681 utitur
363 647 440 689 viis,
467 647 593 693 quibus
619 655 754 693 potest:
783 647 844 681 sed
867 647 1021 681 liberalis
1043 659 1117 681 non
1140 655 1192 681 est
1213 648 1389 694 petitivus,
1412 657 1448 682 ut
1470 648 1561 682 Phil.
1584 648 1669 682 dicit
1689 648 1726 682 in
1750 658 1783 691 4.

230 700 345 735 Ethic.
367 701 446 745 (loc.
461 701 546 746 cit),
571 713 653 735 cum
667 712 729 748 per
743 702 813 735 hoc
836 709 957 747 posset
976 701 1041 735 sibi
1060 713 1271 747 praeparare
1293 701 1501 737 facultatem
1517 701 1594 736 aliis
1609 702 1783 744 donandi;

231 765 317 800 ergo
344 754 494 796 videtur,
521 755 617 800 quod
644 766 717 789 non
745 755 901 788 maxime
928 755 1088 788 intendat
1115 755 1158 788 ad
1186 755 1355 789 dandum.

300 818 332 850 4.
354 807 589 842 PRAETEREA.
611 808 728 854 Magis
749 808 863 842 homo
886 807 1064 853 obligatur
1091 808 1135 842 ad
1160 808 1231 842 hoc
1258 809 1354 854 quod
1372 808 1559 855 provideat
1580 809 1657 851 sibi,
1675 819 1784 855 quam

231 861 325 895 aliis:
349 861 410 895 sed
432 861 666 908 expendendo
687 861 817 907 aliquid
832 862 996 908 providet
1010 861 1092 903 sibi;
1115 861 1234 896 dando
1257 870 1378 896 autem
1399 862 1564 908 providet
1582 861 1678 905 aliis;
1697 872 1784 908 ergo

231 915 273 949 ad
300 914 486 949 liberalem
512 915 629 961 magis
654 915 806 962 pertinet
832 915 1043 961 expendere,
1071 926 1179 961 quam
1206 915 1300 949 dare.

325 968 397 1003 SED
418 979 571 1003 CONTRA
594 977 657 1011 est,
680 969 777 1015 quod
797 968 931 1003 Philos.
960 968 1046 1002 dicit
1072 968 1108 1002 in
1133 978 1166 1011 4.
1189 968 1304 1003 Ethic.
1331 969 1408 1014 (loc.
1434 975 1502 1016 sup.
1530 969 1600 1013 cit.)
1625 968 1721 1015 quod
1748 968 1785 1002 li-

229 1021 357 1056 beralis
384 1030 436 1056 est
461 1023 749 1068 superabundare
776 1023 811 1056 in
839 1023 994 1056 datione.

299 1076 528 1111 RESPONDEO
562 1076 766 1118 dicendum,
801 1076 897 1122 quod
932 1077 1116 1122 proprium
1150 1084 1203 1110 est
1229 1075 1384 1111 liberalis
1418 1076 1469 1111 uti
1495 1077 1665 1123 pecunia:
1699 1086 1783 1110 usus

230 1138 351 1164 autem
377 1130 550 1176 pecuniae
577 1138 630 1164 est
655 1130 690 1163 in
713 1129 906 1163 emissione
927 1129 1055 1175 ipsius:
1078 1140 1163 1163 nam
1186 1130 1374 1176 acquisitio
1396 1130 1571 1176 pecuniae
1593 1130 1708 1176 magis
1734 1141 1785 1163 as-

229 1183 406 1218 similatur
432 1183 667 1229 generationi,
690 1195 798 1229 quam
816 1183 913 1217 usui:
942 1183 1104 1217 custodia
1130 1194 1216 1217 vero
1243 1185 1428 1229 pecuniae,
1456 1184 1669 1230 inquantum
1695 1183 1785 1218 ordi-

228 1245 333 1271 natur
360 1237 402 1270 ad
428 1236 635 1270 facultatem
658 1237 790 1281 utendi,
819 1237 1034 1271 assimilatur
1054 1237 1210 1270 habitui:
1239 1237 1384 1272 emissio
1411 1245 1532 1271 autern
1559 1237 1707 1283 aliquus
1733 1238 1784 1271 rei

229 1298 363 1337 quanto
390 1290 429 1325 fit
455 1291 497 1324 ad
525 1290 657 1336 aliquid
685 1291 882 1332 distantius,
909 1299 1008 1324 tanto
1029 1302 1047 1324 a
1067 1292 1194 1335 majori
1220 1291 1349 1325 virtute
1372 1291 1552 1337 procedit,
1579 1291 1670 1325 sicut
1687 1297 1784 1336 patet

228 1345 264 1378 in
286 1345 340 1378 his
369 1355 459 1390 quae
481 1344 735 1390 projiciuntur,
759 1352 792 1377 et
818 1344 899 1378 ideo
932 1356 973 1378 ex
1007 1345 1137 1390 majori
1168 1345 1295 1378 virtute
1329 1345 1500 1390 procedit,
1527 1344 1622 1390 quod
1656 1343 1782 1390 aliquis

230 1398 369 1432 emittat
394 1398 587 1443 pecuniam
610 1397 727 1431 dando
751 1408 831 1431 earn
855 1396 944 1438 aliis,
967 1409 1075 1443 quarn
1103 1398 1337 1443 expendendo
1365 1409 1445 1432 earn
1479 1399 1574 1432 circa
1606 1398 1781 1444 seipsum:

229 1451 413 1498 proprium
441 1459 493 1485 est
520 1459 640 1485 autem
667 1450 817 1493 virtutis,
844 1458 882 1484 ut
907 1452 1067 1496 praecise
1089 1451 1211 1485 tendat
1236 1451 1272 1485 in
1298 1451 1345 1493 id,
1373 1451 1469 1497 quod
1495 1450 1686 1497 perfectius
1713 1458 1781 1485 est:

228 1516 313 1539 nam
339 1505 450 1539 virtus
473 1512 525 1539 est
546 1503 718 1550 perfectio
741 1504 930 1550 quaedam,
960 1513 997 1538 ut
1027 1504 1155 1538 dicitur
1176 1505 1211 1538 in
1239 1515 1269 1550 7.
1292 1504 1436 1551 Physic.
1458 1504 1538 1550 (tex.
1565 1515 1614 1550 17.
1640 1509 1671 1539 et
1694 1504 1781 1550 18.);

229 1567 263 1593 et
288 1558 369 1593 ideo
396 1558 552 1592 liberalis
580 1558 736 1592 maxime
762 1558 927 1592 laudatur
954 1569 996 1592 ex
1022 1558 1178 1593 datione.

300 1613 359 1647 AD
381 1623 530 1647 PRIMUM
557 1623 643 1657 ergo
667 1612 870 1654 dicendum,
898 1612 994 1658 quod
1022 1613 1064 1646 ad
1091 1612 1318 1658 prudentiam
1344 1612 1497 1658 pertinet
1523 1612 1703 1646 custodire
1728 1622 1784 1658 pe-

229 1667 386 1708 cuniam,
403 1677 449 1700 ne
468 1665 686 1712 surripiatur,
706 1673 764 1699 aut
786 1665 957 1700 inutiliter
980 1666 1214 1712 expendatur:
1238 1666 1299 1700 sed
1321 1665 1454 1700 utiliter
1480 1677 1561 1700 eam
1583 1665 1783 1712 expendere

227 1732 301 1755 non
320 1728 372 1754 est
393 1720 543 1753 minoris
569 1719 790 1765 prudentiae,
813 1731 921 1765 quam
943 1719 1077 1753 utiliter
1098 1731 1179 1753 eam
1196 1730 1421 1762 conservare,
1437 1719 1499 1754 sed
1517 1720 1680 1765 maioris:
1700 1719 1783 1765 quia

227 1774 328 1820 plura
343 1781 423 1808 sunt
442 1773 656 1807 attendenda
676 1772 770 1807 circa
785 1784 890 1807 usum
904 1773 1091 1818 pecuniae,
1107 1773 1166 1819 qui
1181 1772 1399 1807 assimilatur
1417 1774 1543 1815 motui,
1561 1784 1670 1819 quam
1688 1772 1783 1806 circa

228 1828 552 1869 conservationem,
575 1838 666 1873 quae
700 1827 916 1860 assimilatur
943 1827 1070 1873 quieti:
1106 1826 1202 1872 quod
1230 1835 1350 1861 autem
1375 1826 1428 1860 illi
1460 1826 1521 1873 qui
1550 1834 1784 1872 susceperunt

228 1881 398 1927 pecunias
425 1881 466 1914 ab
494 1880 571 1914 aliis
599 1880 801 1927 acquisitas,
836 1880 1017 1915 liberalius
1051 1881 1264 1927 expendant,
1291 1881 1393 1927 quasi
1419 1881 1610 1915 existentes
1639 1880 1783 1927 inopiae

227 1934 412 1980 inexperti,
434 1935 462 1968 si
480 1942 625 1980 propter
651 1934 767 1968 solam
790 1935 883 1968 hanc
906 1935 1201 1980 inexperientiam
1223 1934 1417 1968 liberaliter
1439 1934 1690 1979 expenderent,
1708 1945 1782 1968 non

227 1989 402 2023 haberent
426 1988 596 2022 virtutem
618 1988 857 2022 liberalitatis:
893 1989 954 2022 sed
989 1988 1204 2034 quandoque
1231 1988 1439 2033 hujusmodi
1465 1987 1721 2034 inexperientia
1745 1998 1783 2021 se

227 2042 336 2076 habet
357 2041 475 2076 solum
502 2041 592 2075 sicut
617 2041 747 2075 tollens
780 2042 1080 2087 impedimentum
1106 2041 1347 2084 liberalitatis;
1381 2042 1428 2075 ita
1460 2041 1555 2087 quod
1582 2040 1781 2087 promptius

228 2095 420 2130 liberaliter
446 2103 572 2141 agant:
590 2095 699 2129 timor
718 2096 814 2129 enim
836 2096 979 2142 inopiae
999 2107 1040 2130 ex
1063 2096 1137 2140 ejus
1161 2095 1381 2142 experientia
1403 2094 1612 2140 procedens,
1635 2094 1783 2140 impedit

229 2149 444 2196 quandoque
472 2160 534 2182 eos
555 2149 615 2194 qui
642 2149 884 2195 acquisierunt
917 2149 1119 2194 pecuniam,
1148 2160 1193 2183 ne
1228 2160 1308 2183 eam
1344 2156 1560 2183 consumant
1592 2146 1782 2182 liberaliter

229 2203 382 2249 agendo,
405 2210 439 2237 et
460 2202 622 2236 similiter
645 2214 746 2236 amor
768 2214 839 2249 quo
862 2214 943 2237 eam
971 2210 1092 2236 amant
1112 2210 1299 2248 tamquam
1321 2202 1510 2275 proprium
1532 2200 1712 2244 effectum,
1744 2207 1783 2234 ut

227 2256 364 2291 Philos.
392 2256 477 2290 dicit
501 2256 536 2289 in
563 2255 780 2298 4.Ethicor.
810 2256 981 2303 (cap.1..)

298 2310 357 2344 AD
380 2319 585 2344 SECUNDUM
600 2309 803 2351 dicendum,
823 2309 930 2355 quod,
946 2310 1037 2344 sicut
1051 2309 1187 2343 dictum
1202 2317 1253 2344 est
1268 2309 1320 2355 (in
1335 2315 1424 2356 corp.
1443 2313 1506 2343 art.
1521 2313 1549 2343 et
1563 2308 1780 2355 art.praec.)‚

229 2363 271 2397 ad
293 2362 544 2397 liberalitatem
566 2362 716 2408 pertinet
739 2363 994 2397 convenienter
1015 2363 1066 2397 uti
1087 2363 1250 2409 pecunia,
1286 2371 1319 2397 et
1352 2374 1414 2409 per
1448 2373 1673 2408 consequens
1701 2372 1782 2395 con-

227 2417 412 2451 venienter
434 2416 535 2457 dare,
564 2416 658 2461 quod
683 2423 734 2449 est
757 2416 901 2461 quidam
924 2417 1098 2462 pecuniae
1122 2428 1223 2450 usus:
1248 2415 1427 2462 quaelibet
1449 2423 1569 2450 autern
1590 2415 1701 2449 virtus
1726 2414 1782 2448 tri-

227 2478 338 2505 statur
359 2470 401 2504 de
425 2470 603 2504 contrario
631 2470 685 2503 sui
704 2477 814 2511 actus,
838 2478 871 2504 et
893 2471 980 2504 vitat
1002 2471 1076 2515 ejus
1104 2470 1381 2515 impedimenta:
1406 2469 1439 2504 ei
1465 2477 1585 2503 autem
1611 2467 1707 2514 quod
1729 2474 1781 2502 est

228 2523 485 2558 convenienter
507 2523 601 2564 dare,
623 2522 685 2556 duo
708 2531 955 2568 opponuntur3
978 2523 1133 2557 scilicet:
1157 2535 1221 2557 non
1244 2523 1321 2557 dare
1340 2523 1435 2569 quod
1455 2522 1711 2556 convenienter
1729 2528 1781 2554 est

227 2578 396 2619 dandum,
420 2584 452 2610 et
473 2576 550 2610 dam:
573 2575 704 2622 aliquid
727 2576 1047 2618 inconvenienter3
1069 2577 1164 2611 unde
1187 2576 1229 2611 de
1253 2584 1404 2622 utroque
1427 2576 1584 2610 tristatus
1606 2573 1779 2615 liberalis;

228 2631 288 2665 sed
311 2631 353 2664 de
376 2631 492 2676 primo
516 2630 644 2675 magis,
667 2630 748 2676 quia
770 2629 848 2675 plus
883 2630 1077 2675 opponitur
1098 2630 1243 2676 proprio
1279 2629 1389 2671 actui3
1413 2636 1447 2663 et
1472 2629 1554 2663 ideo
1578 2628 1686 2662 etiam
1707 2638 1780 2661 non

227 2684 287 2718 dat
308 2684 493 2718 omnibus:
517 2683 748 2730 impediretur
771 2684 866 2717 enim
890 2691 988 2717 actus
1016 2684 1101 2728 ejus,
1131 2684 1158 2717 si
1185 2682 1400 2729 quibuslibet
1433 2682 1549 2716 daret:
1584 2692 1657 2715 non
1684 2680 1779 2715 enim

227 2737 374 2772 haberet
395 2737 488 2770 unde
511 2737 588 2771 aliis
610 2737 720 2778 daret,
742 2736 868 2782 quibus
891 2736 974 2770 dare
997 2737 1177 2770 convenit.

299 2791 358 2825 AD
381 2800 550 2825 TERTIUM
579 2790 782 2831 dicendum,
810 2789 905 2835 quod
929 2790 1022 2831 dare,
1058 2798 1092 2823 et
1124 2790 1286 2836 accipere
1314 2801 1350 2824 se
1373 2789 1507 2823 habent
1540 2788 1631 2822 sicut
1662 2799 1778 2834 agere,

229 2851 262 2878 et
284 2845 372 2890 pati:
391 2855 463 2877 non
480 2852 531 2878 est
546 2851 664 2878 autem
684 2844 777 2877 idem
798 2843 1012 2889 principium
1037 2843 1176 2887 agendi,
1199 2851 1232 2877 et
1251 2843 1405 2888 patiendi
1423 2855 1429 2883 3
1453 2841 1546 2876 unde
1562 2841 1641 2888 quia
1657 2841 1780 2875 libera-
