1905 3137
230 123 291 178 84
495 137 498 140 ’
659 135 876 170 QUAESTIO
909 136 998 165 VIII.
1032 136 1276 166 ARTICULUS
1308 137 1366 166 VI.

230 217 298 261 huj.
321 216 367 261 q.)
378 229 390 256 ;
415 227 502 261 ergo
523 227 598 250 non
620 216 848 262 distinguitur
867 217 908 251 ab
929 217 1007 251 aliis
1026 217 1129 251 donis
1147 216 1461 260 intellectualibus,
1479 218 1541 252 sed
1560 219 1682 253 omnia
1700 219 1737 253 in
1754 230 1792 254 se

231 269 494 314 complectitur.

302 323 375 356 SED
399 333 553 357 CONTRA
576 330 638 364 est,
662 323 759 368 quod
781 335 1032 370 quaecumque
1064 332 1370 358 connumerantur
1394 324 1437 357 ad
1459 324 1628 367 invicem,
1651 333 1793 371 oportet

230 386 271 409 ea
293 387 370 409 esse
392 375 512 420 aliquo
536 376 646 409 modo
669 376 711 409 ab
734 376 891 411 invicem
913 377 1099 419 distinctag
1122 377 1204 423 quia
1226 377 1407 411 distinctio
1430 385 1482 411 est
1499 378 1715 423 principium
1732 390 1793 412 nu-

229 428 337 462 meri:
361 429 423 462 sed
446 429 583 461 donum
604 428 807 463 intellectus
830 439 1112 464 connumeratur
1135 430 1211 464 aliis
1231 431 1346 472 donis,
1361 438 1399 464 nt
1412 438 1511 476 patet
1527 431 1595 464 Isa.
1614 441 1686 473 11.;
1706 442 1792 477 ergo

229 481 366 515 donum
387 481 591 515 intellectus
615 490 668 516 est
689 482 897 516 distinctum
919 483 961 517 ab
984 483 1063 517 aliis
1085 483 1200 517 donis.

299 534 528 569 RESPONDEO
556 535 760 578 dicendum,
776 536 872 582 quod
888 537 1069 570 distinctio
1085 537 1171 570 doni
1183 536 1386 570 intellectus
1402 536 1443 570 ab
1460 536 1537 570 aliis
1551 537 1662 571 tribus
1677 537 1792 579 donis,

229 587 384 621 scilicet:
408 588 552 633 pietate,
574 587 793 631 fortitudine,
817 598 851 623 et
871 589 1014 631 timore,
1036 589 1227 624 manifesta
1246 598 1315 623 est:
1335 590 1417 635 quia
1435 589 1573 623 donum
1591 589 1792 624 intellectus

228 641 380 686 pertinet
402 641 445 674 ad
467 641 541 674 vim
564 643 871 687 cognoscitivam;
892 642 954 676 illa
975 654 1061 676 vero
1082 643 1150 676 tria
1172 643 1351 688 pertinent
1372 643 1415 676 ad
1443 643 1519 676 vim
1549 643 1792 689 appetitivam.

230 694 302 728 Sed
324 694 523 729 differentia
545 696 650 740 hujus
671 696 758 729 doni
774 696 978 730 intellectus
1001 696 1044 729 ad
1068 695 1137 729 alia
1159 697 1236 738 tria,
1260 696 1413 730 scilicet:
1437 697 1663 742 sapientiam,
1681 696 1794 730 scien-

228 747 328 795 tiam,
362 756 397 782 et
427 748 632 790 consilium,
662 760 753 794 quae
785 750 894 783 etiam
925 749 968 783 ad
994 749 1069 782 vim
1109 749 1398 795 cognoscitivam
1425 750 1613 795 pertinent,
1639 760 1714 783 non
1740 757 1794 783 est

230 798 320 834 a'deo
351 801 561 836 manifesta:
590 803 731 836 videtur
758 811 878 836 autem
905 803 1132 848 quibusdam,
1160 803 1257 848 quod
1284 803 1421 836 donum
1447 802 1649 837 intellectus
1675 803 1794 837 distin-

229 863 358 900 guatur
380 866 399 888 a
422 855 518 889 dono
542 857 725 897 scientiae,
749 864 781 890 et
802 856 941 890 consilii
956 867 1019 901 per
1040 856 1124 897 hoc,
1148 856 1244 901 quod
1267 855 1327 889 illa
1343 856 1414 889 duo
1436 856 1638 902 pertineant
1659 856 1703 889 ad
1717 867 1792 901 pra-

230 908 361 942 cticam
384 909 645 953 cognitionem,
668 910 805 943 donum
828 917 950 943 autem
971 909 1174 943 intellectus
1191 909 1234 942 ad
1249 908 1530 954 speculativam:
1553 921 1573 942 a
1595 910 1692 943 dono
1706 920 1792 943 vero

229 962 436 1007 sapientiae,
459 963 555 1008 quod
578 963 687 996 etiam
710 963 753 996 ad
775 962 1036 1008 speculativam
1057 963 1306 1008 cognitionem
1328 963 1493 1008 pertinet,
1515 962 1743 1007 distinguitur
1756 962 1793 996 in

227 1015 312 1056 hoc,
335 1015 431 1060 quod
455 1015 498 1048 ad
520 1015 734 1062 sapientiam
755 1016 908 1061 pertinet
928 1016 1113 1061 judicium,
1134 1016 1177 1049 ad
1200 1015 1425 1049 intellectum
1441 1026 1528 1049 vero
1551 1015 1730 1061 capacitas
1744 1015 1794 1048 in-

228 1067 393 1102 tellectus
415 1079 554 1110 eorum,
577 1080 668 1114 quae
689 1077 952 1114 proponuntur,
975 1080 1038 1102 seu
1065 1069 1265 1114 penetratio
1294 1068 1337 1102 ad
1363 1068 1491 1102 intima
1519 1079 1664 1102 eorum:
1689 1076 1723 1102 et
1743 1079 1793 1102 se-

230 1121 389 1155 cundum
410 1121 480 1155 hoc
503 1133 609 1167 supra
629 1134 823 1156 numerum
845 1123 1027 1156 donorum
1051 1122 1315 1167 assignavimus
1332 1122 1409 1167 (1-2.
1425 1134 1454 1168 q.
1478 1123 1532 1157 68.
1556 1127 1619 1156 art.
1641 1123 1690 1167 4.)
1701 1134 1714 1162 ,·
1730 1122 1792 1155 sed

229 1174 422 1220 diligenter
442 1175 597 1209 intuenti
619 1176 756 1208 donum
777 1175 979 1209 intellectus
1002 1187 1075 1210 non
1103 1175 1224 1209 solum
1251 1187 1288 1209 se
1311 1175 1419 1209 habet
1446 1176 1541 1208 circa
1563 1174 1793 1219 speculanda,

229 1227 291 1262 sed
315 1228 423 1261 etiam
455 1228 550 1261 circa
581 1229 774 1273 operanda,
795 1236 834 1262 ut
855 1229 991 1262 dictum
1022 1237 1074 1263 est
1097 1229 1176 1273 (art.
1202 1241 1229 1274 3.
1252 1229 1321 1274 lmj.
1348 1230 1393 1274 q.)
1408 1241 1418 1262 .·
1445 1235 1479 1262 et
1500 1227 1663 1262 similiter
1684 1228 1793 1261 etiam

230 1281 367 1314 donum
391 1281 562 1315 scientiae
585 1282 680 1315 circa
703 1290 893 1327 utrumque
911 1293 948 1316 se
970 1282 1091 1324 habet,
1113 1290 1152 1315 ut
1173 1281 1265 1315 infra
1288 1282 1426 1315 dicetur
1442 1281 1486 1327 (q.
1506 1293 1569 1326 seq.
1591 1286 1654 1315 art.
1672 1282 1716 1327 3.)
1730 1293 1740 1315 .·
1759 1290 1794 1315 et

228 1334 311 1367 ideo
335 1342 478 1379 oportet
500 1334 602 1368 aliter
624 1346 751 1368 eorum
774 1335 1042 1369 distinctionem
1065 1335 1238 1380 accipere.
1257 1334 1394 1369 Omnia
1416 1335 1513 1368 enim
1530 1334 1620 1368 haec
1641 1342 1793 1380 quatuor

230 1387 326 1421 dona
353 1388 564 1421 ordinantur
591 1387 634 1421 ad
661 1387 971 1433 supernaturalem
999 1389 1260 1433 cognitionem,
1289 1399 1380 1433 quae
1406 1387 1442 1421 in
1467 1387 1572 1421 nobis
1595 1399 1659 1432 per
1683 1386 1793 1421 fidem

229 1439 418 1473 fundatur:
440 1441 534 1474 Fides
556 1446 663 1474 autem
685 1446 729 1475 est
750 1453 788 1475 ex
809 1441 935 1482 auditu,
953 1449 990 1475 ut
1013 1441 1142 1474 dicitur
1163 1441 1270 1475 Rom.
1298 1451 1366 1475 10.:
1385 1440 1479 1474 unde
1503 1448 1655 1485 oportet,
1674 1439 1794 1486 aliqua

230 1494 385 1539 proponi
406 1494 548 1527 homini
578 1494 621 1527 ad
644 1494 863 1527 credendum
891 1506 965 1528 non
987 1495 1079 1528 sicut
1103 1495 1191 1535 visa,
1222 1494 1283 1528 sed
1313 1495 1406 1528 sicut
1427 1495 1557 1536 audita,
1580 1494 1706 1539 quibus
1731 1504 1794 1540 per

230 1546 340 1580 fidem
363 1547 549 1580 assentiat:
574 1546 660 1581 fides
682 1555 802 1581 autem
824 1549 941 1592 primo
966 1548 1124 1593 quidem,
1148 1556 1182 1581 et
1203 1547 1447 1593 principaliter
1460 1558 1497 1581 se
1511 1547 1621 1581 habet
1641 1547 1794 1581 adveri-

229 1609 341 1634 tatem
364 1601 538 1646 primam3
562 1600 776 1634 secundario
800 1601 843 1634 ad
864 1601 1042 1646 quaedam
1066 1601 1161 1634 circa
1189 1608 1370 1634 creaturas
1397 1600 1669 1642 consideranda,
1691 1608 1726 1634 et
1745 1599 1795 1633 ul-

229 1654 338 1688 terius
361 1665 398 1687 se
421 1654 578 1687 extendit
600 1654 709 1687 etiam
728 1654 771 1687 ad
787 1654 1025 1688 directionem
1040 1654 1289 1688 humanorum
1305 1664 1468 1699 operum,
1483 1653 1682 1687 secundum
1697 1653 1794 1699 quod

229 1718 292 1752 per
315 1706 550 1740 dilectionem
566 1715 746 1752 operatur,
762 1714 799 1740 ut
822 1718 863 1740 ex
885 1707 987 1741 dictis
1010 1715 1106 1753 patet
1120 1708 1168 1752 (q.
1190 1718 1222 1751 4.
1242 1712 1306 1741 art.
1329 1719 1360 1742 2.
1380 1707 1475 1753 (2153.)
1488 1719 1500 1748 ,·
1524 1707 1572 1741 sic
1597 1718 1683 1752 ergo
1699 1707 1794 1741 circa

230 1771 283 1801 ea,
306 1771 397 1805 quae
420 1759 502 1793 fidei
522 1768 772 1805 proponuntur
795 1760 984 1802 credenda,
1007 1761 1068 1794 duo
1092 1760 1321 1806 requiruntur
1343 1771 1386 1794 ex
1406 1768 1506 1805 parte
1528 1761 1792 1806 nostrazprimo

230 1814 389 1859 quidem,
411 1822 449 1846 ut
471 1813 654 1846 intellectu
677 1821 918 1858 penetrentur,
940 1813 998 1847 vel
1021 1814 1225 1858 capiantur:
1250 1821 1284 1847 et
1309 1813 1379 1847 hoc
1407 1813 1560 1858 pertinet
1586 1813 1628 1846 ad
1656 1814 1794 1847 donum

229 1865 454 1900 intellectus:
475 1866 612 1900 secundo
636 1874 757 1899 autem
780 1874 932 1911 oportet,
956 1874 993 1900 ut
1020 1867 1062 1900 de
1086 1867 1135 1900 eis
1156 1867 1270 1900 homo
1292 1866 1424 1900 habeat
1448 1866 1621 1911 judicium
1642 1874 1794 1909 rectum,

230 1927 268 1953 ut
287 1920 452 1952 aestimet
473 1919 528 1952 his
551 1930 628 1952 esse
650 1919 924 1960 inhaerendum,
951 1927 985 1953 et
1007 1920 1049 1952 ab
1077 1931 1204 1953 eorum
1232 1919 1406 1965 oppositis
1432 1919 1694 1954 recedendum:
1720 1919 1792 1953 hoc

231 1985 318 2019 ergo
340 1974 514 2019 judicium
537 1982 712 2019 quantum
735 1973 778 2006 ad
800 1985 855 2007 res
878 1974 1027 2015 divinas,
1050 1974 1203 2019 pertinet
1225 1974 1268 2006 ad
1292 1974 1428 2007 donum
1451 1974 1665 2018 sapientiae:
1687 1985 1794 2019 quan-

230 2035 307 2060 tum
331 2038 417 2060 vero
442 2027 484 2060 ad
507 2038 562 2060 res
585 2035 734 2068 creatas,
756 2027 908 2072 pertinet
931 2028 974 2061 ad
997 2028 1135 2061 donum
1150 2027 1339 2061 scientiae:
1363 2035 1539 2073 quantum
1559 2038 1646 2061 vero
1670 2027 1714 2061 ad
1736 2038 1793 2073 ap-

232 2080 468 2126 plicationem
492 2080 534 2113 ad
561 2080 756 2126 singularia
780 2092 900 2126 opera,
923 2081 1077 2125 pertinet
1099 2081 1141 2114 ad
1166 2081 1302 2114 donum
1326 2080 1478 2114 consilii.

302 2135 361 2168 AD
383 2144 532 2168 PRIMUM
555 2145 641 2178 ergo
665 2134 868 2175 dicendum,
892 2134 987 2179 quod
1009 2133 1191 2178 praedicta
1214 2133 1412 2167 differentia
1434 2141 1588 2179 quatuor
1613 2133 1794 2167 donorum

234 2187 423 2221 manifeste
447 2188 620 2232 competit
641 2187 861 2221 distinctioni
886 2199 1023 2228 eorum,
1051 2198 1142 2232 quae
1166 2186 1365 2232 Gregorius
1390 2187 1492 2232 ponit
1514 2187 1563 2221 eis
1585 2198 1662 2221 esse
1685 2197 1795 2231 oppo-

233 2240 309 2274 sita.
334 2240 524 2274 Hebetudo
545 2242 640 2274 enim
665 2241 811 2274 acuitati
826 2241 1037 2286 opponitur:
1061 2240 1189 2273 dicitur
1207 2240 1304 2273 enim
1318 2252 1380 2286 per
1401 2239 1672 2274 similitudinem
1694 2239 1795 2273 intel-

231 2293 346 2327 lectus
369 2302 504 2335 acutus,
528 2294 671 2338 quando
694 2301 811 2339 potest
832 2301 1018 2339 penetrare
1043 2293 1085 2326 ad
1107 2293 1233 2326 intima
1253 2304 1391 2335 eorum,
1414 2304 1505 2338 quae
1524 2301 1792 2339 proponuntur;

231 2347 326 2381 unde
350 2347 531 2380 hebetudo
554 2347 684 2380 mentis
709 2355 771 2388 est,
793 2358 855 2392 per
876 2358 984 2392 quam
1008 2357 1109 2380 mens
1132 2346 1175 2380 ad
1196 2346 1323 2380 intima
1338 2354 1525 2392 penetrare
1544 2358 1618 2380 non
1639 2346 1791 2381 sufficit:

233 2401 361 2435 stultus
385 2409 506 2434 autem
530 2400 658 2433 dicitur
680 2411 721 2433 ex
742 2400 826 2440 hoc,
848 2400 943 2445 quod
966 2410 1130 2444 perverse
1152 2399 1286 2443 judicat
1309 2400 1402 2432 circa
1425 2410 1661 2433 communem
1683 2399 1793 2433 finem

230 2454 344 2495 vitae3
365 2462 398 2487 et
421 2453 502 2487 ideo
522 2453 664 2499 proprie
687 2453 880 2498 opponitur
901 2452 1108 2498 sapientiae,
1128 2463 1219 2497 quae
1237 2451 1322 2485 facit
1338 2460 1476 2485 rectum
1502 2452 1676 2497 judicium
1698 2452 1794 2486 circa

232 2506 473 2541 universalem
497 2517 663 2540 causam:
683 2507 885 2550 ignorantia
906 2517 992 2539 vero
1014 2505 1185 2550 importat
1207 2504 1388 2539 defectum
1410 2506 1540 2539 mentis
1568 2507 1675 2539 etiarn
1698 2505 1793 2540 circa

232 2571 482 2605 quaecumque
504 2558 754 2604 particularia;
777 2567 811 2592 et
824 2558 905 2592 ideo
929 2559 1122 2604 opponitur
1140 2558 1323 2599 scientiae,
1346 2569 1408 2603 per
1426 2570 1535 2604 quam
1556 2558 1670 2594 homo
1686 2558 1794 2592 habet

231 2621 369 2646 rectum
392 2613 564 2657 judicium
588 2612 682 2646 circa
704 2611 936 2657 particulares
960 2623 1098 2652 causas,
1121 2611 1259 2645 scilicet
1281 2611 1375 2645 circa
1403 2620 1596 2646 creaturas.
1618 2611 1793 2657 Praecipi-

231 2666 319 2699 tatio
341 2677 427 2699 vcro
461 2664 651 2699 manifeste
681 2666 874 2710 opponitur
897 2664 1063 2706 consilio,
1094 2676 1156 2710 per
1178 2664 1273 2710 quod
1295 2664 1410 2698 homo
1440 2665 1483 2698 ad
1511 2667 1693 2699 actionem
1718 2675 1793 2698 non

232 2719 394 2765 procedit
416 2727 496 2752 ante
519 2718 814 2752 deliberationem
833 2718 994 2752 rationis.

303 2773 362 2805 AD
386 2782 591 2806 SECUNDUM
619 2772 823 2814 dicendum,
854 2772 950 2817 quod
981 2771 1116 2805 donum
1147 2771 1348 2806 intellectus
1371 2781 1424 2806 est
1446 2773 1539 2806 circa
1561 2773 1676 2818 prima
1702 2772 1793 2818 prin-

234 2825 326 2871 cipia
349 2825 567 2871 cognitionis
589 2825 786 2871 gratuitae:
809 2824 911 2859 aliter
932 2833 1066 2867 tamen,
1086 2837 1194 2871 quam
1218 2825 1317 2867 fides,
1339 2837 1424 2859 narn
1447 2826 1491 2860 ad
1512 2825 1621 2860 fidem
1639 2825 1792 2872 pertinet

1879 2448 1880 2468 1

1877 2550 1879 2583 ἓ
