1859 3122
500 169 719 206 QUAESTIO
755 168 871 198 cmx.
904 166 1148 198 ARTICULUS
1181 165 1208 194 1.
1561 150 1640 205 813

161 253 221 288 AD
255 263 425 288 TERTIUM
452 251 658 293 dicendum,
685 251 781 297 quod
813 249 953 296 prodigi
983 260 1057 283 non
1087 259 1228 294 semper
1257 246 1439 280 abundant
1464 245 1499 278 in
1526 243 1645 278 dando

92 314 236 353 propter
257 306 471 352 voluptates,
494 307 588 339 circa
611 316 698 351 quas
728 312 780 339 est
801 303 1092 349 intemperantia:
1115 302 1177 336 sed
1199 301 1415 347 quandoque
1438 298 1582 345 quidem
1605 308 1646 331 ex

93 371 136 394 eo
156 360 251 406 quod
267 359 384 393 taliter
399 367 479 393 sunt
493 358 667 405 dispositi,
683 366 720 392 ut
734 358 873 391 divitias
887 368 960 390 non
975 363 1118 390 curent:
1133 355 1349 400 quandoque
1369 361 1489 387 autem
1503 358 1648 398 propter

93 413 225 460 aliquid
249 412 355 446 aliud.
378 412 420 446 Et
438 411 658 457 frequentius
672 419 794 446 tamen
815 410 857 444 ad
879 409 1175 455 intemperantias
1194 407 1392 448 declinant3
1413 414 1490 440 turn
1510 405 1591 451 quia
1606 415 1647 438 ex

91 477 164 513 quo
186 465 362 511 superflue
385 465 589 511 expendunt
610 465 646 498 in
669 464 758 506 aliis,
781 464 890 498 etiarn
916 463 954 497 in
975 463 1079 496 rebus
1100 461 1326 507 voluptuosis
1348 459 1548 505 expendere
1574 468 1648 491 non

91 528 270 561 verentur,
293 519 335 553 ad
363 530 450 565 quas
472 519 588 564 magis
615 518 765 552 inclinat
787 517 1080 563 concupiscentia
1102 516 1232 550 carnis:
1256 523 1332 548 tum
1361 514 1469 548 etiarn
1496 512 1579 558 quia
1605 522 1648 545 ex

93 585 165 620 quo
186 584 259 607 non
275 572 497 607 delectantur
511 573 547 606 in
562 572 665 606 bonis
679 572 862 612 virtutum,
877 578 1054 616 quaerunt
1073 569 1140 604 sibi
1154 567 1359 614 corporales
1379 566 1648 606 delectatione33

93 635 129 661 et
148 627 229 661 inde
251 634 314 668 est,
336 626 432 672 quod
455 625 547 660 Phil.
563 627 598 660 in
619 635 652 668 4.
667 625 748 659 Eth.
765 625 851 670 (cap.
867 626 909 663 I.)
926 624 1021 664 dicit,
1037 623 1134 669 quod
1156 635 1173 654 «
1188 622 1290 656 multi
1306 620 1542 667 prodigorum
1560 617 1649 652 fiunt

93 688 321 726 intemperati
341 693 373 713 >›.

645 817 991 863 ARTICULus
1023 817 1079 860 H.
1582 825 1646 870 505

428 926 581 957 UTRUM
612 925 933 956 PRODIGALITAS
967 925 1034 953 SIT
1067 922 1314 953 PECCATUM.

692 1013 795 1058 (Infr.
817 1018 882 1047 art.
899 1024 927 1058 3.
947 1011 989 1046 ad
1002 1012 1061 1058 3.).

167 1103 226 1137 AD
244 1112 450 1137 SECUNDUM
468 1102 517 1136 sic
532 1101 747 1147 proceditur.
770 1100 932 1142 Videtur,
947 1100 1043 1146 quod
1057 1098 1291 1145 prodigalitas
1305 1109 1379 1132 non
1394 1097 1438 1132 sit
1450 1105 1652 1143 peccatum:

96 1157 183 1190 dicit
203 1156 300 1190 enim
321 1156 449 1201 Apost.
475 1166 503 1188 1.
527 1154 570 1188 ad
594 1154 690 1188 Tim.
714 1154 795 1188 ult.:
819 1154 930 1189 Radix
951 1155 1100 1188 omnium
1125 1153 1291 1187 malorum
1317 1157 1363 1186 est
1387 1151 1569 1198 cupiditas:
1592 1151 1653 1185 sed

96 1221 170 1244 non
198 1217 251 1243 est
278 1208 377 1242 radix
405 1207 677 1254 prodigalitatis,
704 1219 795 1254 quae
825 1208 858 1242 ei
885 1207 1096 1253 opponitur3
1123 1217 1209 1252 ergo
1238 1205 1472 1252 prodigalitas
1501 1216 1575 1239 non
1602 1213 1655 1238 est

96 1270 297 1310 peccatum.

169 1326 199 1350 2.
214 1315 450 1350 PRAETEREA.
465 1315 594 1361 Apost.
613 1325 640 1348 1.
657 1314 700 1348 ad
713 1313 810 1348 Tim.
825 1314 888 1349 ult.
905 1314 1006 1348 dicit:
1024 1314 1199 1348 Divitibus
1212 1313 1308 1359 hujus
1321 1312 1652 1358 saeculipi·aecipa...,

93 1369 197 1416 facile
219 1370 371 1410 tribuere,
399 1369 664 1403 communicare:
689 1368 752 1402 sed
772 1367 844 1401 hoc
867 1369 1026 1401 maxime
1048 1366 1185 1400 faciunt
1204 1366 1362 1412 prodigi3
1386 1377 1472 1411 ergo
1492 1365 1656 1411 prodiga—

98 1422 178 1456 litas
198 1433 273 1455 non
295 1429 348 1456 est
367 1429 570 1467 peccatum.

172 1487 201 1522 3.
223 1475 459 1509 PRAETEREA.
487 1475 545 1508 Ad
566 1473 857 1520 prodigalitatem
884 1474 1037 1520 pertinet
1062 1472 1351 1519 superabundare
1377 1472 1413 1506 in
1441 1472 1596 1513 datione,
1623 1479 1657 1504 et

100 1528 251 1563 deficere
272 1528 309 1561 in
331 1528 559 1562 solicitudine
582 1527 805 1561 divitiarum:
841 1528 902 1561 sed
923 1527 994 1560 hoc
1017 1527 1174 1560 maxime
1197 1526 1366 1560 convenit
1385 1525 1470 1559 viris
1491 1524 1656 1571 perfectis

99 1581 329 1628 implentibus
351 1581 447 1627 quod
468 1581 649 1614 Dominus
668 1581 763 1622 dicit,
786 1580 912 1614 Matth.
932 1578 983 1614 6.:
1003 1580 1113 1614 Nolite
1129 1579 1249 1614 soliciti.
1269 1591 1329 1613 esse
1349 1581 1381 1612 in
1399 1580 1581 1613 crastinum
1591 1590 1603 1619 ;
1623 1585 1658 1611 et

100 1635 227 1669 Matth.
255 1645 326 1669 to.:
355 1633 457 1668 Vende
483 1635 595 1668 omnia
623 1645 705 1679 quaa
726 1634 830 1673 hubas,
857 1639 885 1667 et
905 1633 947 1667 da
967 1634 1189 1679 pauperibus;
1213 1643 1300 1678 ergo
1327 1631 1561 1678 prodigalitas
1582 1642 1656 1665 non

101 1696 155 1722 est
175 1696 377 1734 peccatum.

174 1741 247 1775 SED
271 1751 425 1775 CONTRA
448 1748 511 1782 est,
532 1740 629 1786 quod
650 1739 744 1774 filius
765 1739 936 1786 prodigus
956 1739 1177 1785 vituperatur
1199 1739 1241 1772 de
1263 1750 1326 1773 sua
1347 1737 1609 1784 prodigalitate.

173 1794 401 1828 ResPONDEo
429 1793 634 1835 dicendum,
661 1793 756 1839 quod
785 1794 876 1827 sicut
902 1793 1038 1826 dictum
1072 1800 1125 1827 est
1148 1792 1227 1835 (art.
1255 1793 1399 1838 praest),
1426 1791 1658 1838 prodigalitas

104 1847 296 1893 opponitur
317 1847 487 1880 avaritiae
515 1846 714 1880 secundum
735 1846 1004 1892 oppositionem
1036 1845 1397 1891 superabundantiae,
1425 1853 1459 1878 et
1481 1844 1657 1878 defectus:

103 1900 265 1935 medium
285 1908 405 1933 autem
426 1899 564 1933 virtutis
586 1910 649 1944 per
662 1907 854 1945 utrumque
875 1899 1008 1933 horum
1031 1899 1288 1944 corrumpitur:
1309 1910 1350 1932 ex
1368 1899 1440 1932 hoc
1463 1906 1584 1932 autem
1608 1905 1661 1931 est

104 1953 237 1999 aliquid
259 1953 442 1994 vitiosum,
464 1961 498 1986 et
523 1959 725 1998 peccatum,
755 1952 851 1998 quod
882 1952 1078 1998 corrumpit
1097 1952 1235 1985 bonum
1256 1951 1414 1993 virtutis;
1436 1951 1531 1985 unde
1560 1951 1661 1985 relin-

104 2009 228 2053 quitur,
251 2006 335 2052 quod
350 2006 571 2052 prodigalitas
586 2007 626 2040 sit
642 2011 825 2052 peccatum.

175 2060 235 2093 AD
249 2070 398 2094 PRIMUM
413 2070 499 2104 ergo
515 2059 718 2100 dicendum,
734 2059 830 2105 quod
844 2058 931 2092 illud
949 2058 1099 2092 verbum
1121 2057 1291 2104 Apostoli
1317 2057 1463 2103 quidam
1479 2065 1662 2102 exponunt

105 2124 180 2147 non
201 2113 244 2147 de
272 2112 464 2158 cupiditate
487 2111 629 2153 actuali,
650 2112 712 2145 sed
727 2112 769 2145 de
791 2111 946 2157 quadam
968 2111 1142 2145 habituali
1164 2111 1369 2157 cupiditate,
1392 2122 1483 2156 quae
1506 2119 1558 2144 est
1580 2121 1663 2144 con-

106 2166 326 2212 cupiscentia
347 2165 493 2207 fomitis,
521 2176 563 2199 ex
589 2176 659 2210 qua
686 2165 808 2198 omnia
830 2172 978 2210 peccata
1000 2165 1179 2198 oriuntur:
1208 2163 1269 2198 alii
1294 2175 1380 2197 vero
1404 2164 1537 2204 dicunt,
1565 2163 1661 2208 quod

106 2219 265 2265 loquitur
290 2219 334 2252 de
365 2218 557 2264 cupiditate
595 2217 754 2263 generali
775 2226 939 2264 respectu
967 2218 1225 2263 cujuscumque
1251 2217 1356 2259 boni,
1385 2225 1419 2251 et
1444 2217 1493 2250 sic
1517 2215 1664 2250 manife-

106 2281 202 2307 stum
224 2280 287 2314 est,
310 2271 405 2317 quod
424 2271 533 2305 etiarn
550 2271 782 2317 prodigalitas
799 2282 840 2305 ex
855 2271 1048 2317 cupiditate
1071 2271 1198 2304 oritur:
1218 2270 1388 2316 prodigus
1405 2270 1502 2304 enim
1517 2269 1662 2314 aliquod

107 2326 243 2360 bonum
265 2324 466 2371 temporale
500 2324 597 2369 cupit
630 2324 802 2370 consequi
827 2324 1040 2366 inordinate,
1068 2323 1125 2358 vel
1158 2323 1301 2370 placere
1336 2323 1424 2364 aliis,
1450 2323 1509 2356 vel
1535 2322 1663 2356 saltem

107 2378 313 2413 satisfacere
339 2388 425 2411 suae
449 2377 628 2411 voluntati
652 2377 688 2410 in
711 2377 847 2411 dando:
875 2377 937 2411 sed
958 2377 988 2411 si
1009 2377 1086 2423 quis
1108 2384 1204 2411 recte
1231 2376 1445 2417 consideret,
1465 2374 1664 2421 Apostolus

107 2431 266 2478 loquitur
286 2431 334 2464 ibi
361 2431 404 2464 ad
429 2430 571 2464 literam
597 2430 639 2464 de
666 2430 858 2476 cupiditate
884 2430 1115 2464 divitiarum:
1143 2441 1230 2463 nam
1271 2440 1377 2475 supra
1410 2428 1663 2474 praemiserat:

111 2486 180 2529 Qui
199 2485 317 2519 volunt
342 2484 457 2518 divites
465 2484 556 2529 fieri,
584 2492 668 2518 etc.:
691 2492 726 2518 et
746 2484 796 2518 sic
819 2484 947 2518 dicitur
968 2494 1044 2517 esse
1076 2483 1224 2517 avaritia
1245 2482 1344 2516 radix
1366 2482 1531 2516 omnium
1554 2480 1666 2515 malo-

108 2550 207 2580 rum3
232 2549 307 2571 non
333 2537 416 2583 quia
443 2536 566 2570 omnia
587 2536 684 2570 mala
704 2548 847 2582 semper
868 2548 912 2570 ex
938 2536 1087 2570 avaritia
1114 2537 1287 2579 oriuntur,
1323 2535 1385 2569 sed
1414 2535 1496 2580 quia
1523 2534 1664 2568 nullum

109 2590 248 2625 malum
280 2598 344 2632 est,
370 2590 467 2636 quod
492 2601 567 2623 non
599 2590 778 2624 interdum
805 2590 939 2624 oriatur
973 2601 1015 2623 ex
1046 2589 1212 2630 avaritia,
1240 2589 1334 2622 unde
1370 2596 1405 2622 et
1430 2587 1664 2633 prodigalitas

110 2644 326 2690 quandoque
348 2655 390 2677 ex
419 2643 566 2676 avaritia
587 2643 760 2677 nascitur:
787 2644 880 2677 sicut
913 2654 996 2677 cum
1030 2642 1156 2688 aliquis
1178 2642 1328 2688 prodige
1350 2640 1463 2674 multa
1485 2641 1667 2675 consumit

110 2697 308 2731 intentione
335 2695 502 2741 captandi
527 2695 691 2730 favorem
717 2695 933 2742 aliquorum,
956 2707 975 2729 a
997 2695 1124 2741 quibus
1151 2695 1290 2728 divitias
1312 2694 1476 2738 accipiat.

181 2750 241 2783 AD
268 2759 474 2783 SECUNDUM
511 2748 715 2790 dicendum,
742 2750 838 2795 quod
865 2748 1065 2794 Apostolus
1092 2756 1219 2782 monet
1244 2747 1384 2788 divites,
1416 2755 1454 2780 ut
1479 2746 1584 2780 facile
1610 2747 1667 2781 tri-

111 2802 232 2843 buant,
255 2810 289 2836 et
315 2801 588 2835 communicent
613 2813 688 2843 sua,
710 2802 908 2836 secundum
930 2801 1027 2847 quod
1049 2808 1207 2846 oportet:
1231 2800 1326 2846 quod
1348 2810 1421 2833 non
1436 2799 1572 2833 faciunt
1586 2811 1668 2846 pro-

112 2857 203 2903 digi:
231 2857 325 2903 quia,
346 2865 385 2891 ut
409 2855 546 2890 Philos.
573 2856 659 2890 dicit
675 2856 711 2890 in
731 2866 764 2899 4.
786 2856 902 2890 Ethic.
923 2858 1012 2902 (cap.
1035 2857 1088 2898 r.),
1116 2868 1133 2887 (ε
1155 2855 1317 2889 dationes
1347 2865 1473 2888 eorum
1495 2865 1568 2888 non
1586 2861 1668 2888 sunt
