1859 3122
198 189 220 231 5
229 176 282 231 38
607 187 828 222 QUAEsrio
861 187 1005 216 Lxxvr.
1039 188 1284 218 ARTICULUS
1318 188 1346 218 1.

198 269 293 303 aliud
317 277 380 310 est,
403 279 511 315 quam
533 268 672 302 malum
696 269 839 304 alterius
858 269 1007 305 referre:
1026 270 1122 316 quod
1140 272 1293 317 pertinet
1307 271 1351 305 ad
1371 271 1631 306 detractionem
1644 284 1653 315 ;
1668 273 1763 307 unde

200 323 416 370 quandoque
433 322 604 356 maledici
619 322 816 357 detractores
831 323 1014 357 dicuntur:
1038 324 1103 358 alio
1121 324 1214 358 modo
1231 324 1349 359 dicere
1372 335 1408 358 se
1431 325 1539 359 habet
1555 325 1598 359 ad
1615 325 1651 359 id
1666 326 1763 372 quod

199 376 336 418 dicitur,
359 386 421 421 per
443 375 595 409 modum
618 387 766 410 causae:
791 384 826 410 et
846 376 917 410 hoc
941 376 1087 422 quidem
1114 377 1243 423 primo,
1266 386 1299 412 et
1321 377 1563 424 principaliter
1591 379 1764 425 competit

197 429 291 471 Deo,
310 429 370 474 qui
392 429 516 462 omnia
537 440 603 463 suo
626 429 735 463 verbo
757 429 852 472 fecit,
874 429 1074 464 secundum
1094 430 1182 464 illud
1203 431 1260 464 Ps.
1286 441 1355 476 32.:
1380 431 1494 473 Dixit,
1517 432 1651 477 ctfactcz
1669 438 1762 467 sunt:

201 490 462 528 consequenter
476 491 596 516 autem
613 483 786 528 competit
800 483 1020 525 hominibus,
1036 483 1095 528 qui
1109 484 1219 517 verbo
1234 495 1298 517 suo
1315 483 1405 518 alios
1421 492 1570 518 movent
1583 496 1646 530 per
1657 486 1766 531 impe-

199 536 293 569 rium
304 535 346 569 ad
358 535 491 582 aliquid
505 535 729 570 faciendum:
746 536 834 570 etad
848 536 919 570 hoc
935 536 1095 570 instituta
1110 545 1192 570 sunt
1202 537 1310 571 verba
1321 537 1524 583 imperativi
1535 538 1653 572 modi:
1670 539 1766 573 tertio

202 589 294 623 modo
306 589 424 634 ipsum
435 589 553 623 dicere
569 600 605 622 se
620 589 728 622 habet
739 589 780 622 ad
794 589 828 622 id
843 589 940 635 quod
952 589 1090 631 dicitur,
1106 590 1208 635 quasi
1224 590 1404 636 expressio
1421 590 1599 636 quaedam
1615 590 1765 625 affectus

201 642 435 676 desiderantis
454 641 499 684 id,
520 641 615 688 quod
634 642 744 676 verbo
764 642 992 688 exprimitur3
1015 651 1049 676 et
1066 643 1107 676 ad
1126 643 1197 676 hoc
1216 643 1376 677 instituta
1394 651 1476 677 sunt
1490 644 1597 677 verba
1617 644 1767 690 optativi

202 696 317 729 modi:
334 696 587 741 praetermisso
600 707 686 741 ergo
698 697 810 742 primo
827 695 920 729 modo
936 695 1214 738 maledictionis,
1229 696 1290 742 qui
1300 704 1353 730 est
1367 707 1429 742 per
1443 696 1647 742 simplicem
1660 708 1769 731 enun-

201 748 390 782 tiationem
412 748 509 790 mali,
534 743 837 783 considerandum
858 757 910 783 est
932 749 974 783 de
994 749 1071 784 aliis
1089 749 1227 784 ci'nolms:
1248 749 1307 783 ubi
1325 750 1415 784 scire
1435 758 1588 795 oportet,
1604 750 1700 796 quod
1717 750 1767 784 fa-

203 813 283 836 cere
306 801 450 848 aliquid,
474 810 509 836 et
529 802 622 836 velle
646 801 743 844 illud,
767 814 804 836 se
829 811 1098 848 consequuntur
1119 803 1154 836 in
1176 803 1346 845 bonitate,
1370 811 1404 837 et
1423 803 1568 846 malitia,
1588 812 1626 837 ut
1648 815 1689 838 ex
1711 815 1768 838 su-

203 855 371 901 pradictis
392 863 489 901 patet
512 855 589 900 (1-2.
613 867 642 901 q.
664 867 721 892 20.
744 861 808 890 art.
827 856 888 901 3.)‚·
912 856 1006 889 unde
1028 855 1063 889 in
1086 856 1160 890 istis
1180 856 1318 890 duobus
1334 856 1463 899 modis,
1486 857 1613 902 quibus
1629 856 1767 890 malum

204 908 342 951 dicitur,
364 919 427 954 per
448 909 599 942 modum
621 909 843 954 imperantis,
869 909 927 942 vel
950 920 1013 954 per
1036 909 1185 943 modum
1209 910 1375 955 optantis,
1399 909 1525 943 eadem
1552 909 1691 943 ratione
1714 918 1768 944 est

205 961 337 1007 aliquid
356 961 507 1004 licitum,
527 969 561 995 et
576 961 758 996 illicitum:
778 962 807 996 si
826 962 922 996 enim
938 961 1065 1007 aliquis
1084 962 1246 1008 imperet,
1266 962 1323 996 vel
1339 970 1437 1008 optet
1455 962 1593 996 malum
1612 962 1770 1005 alterius,

204 1015 417 1061 inquantum
434 1023 487 1049 est
505 1014 654 1057 malum,
671 1015 772 1061 quasi
792 1015 911 1062 ipsum
931 1015 1068 1049 malum
1091 1016 1291 1058 intendens,
1309 1017 1358 1050 sic
1378 1015 1594 1050 maledicere
1617 1023 1770 1062 utroque

206 1068 317 1102 modo
334 1069 398 1102 erit
416 1068 597 1102 illicitum:
623 1077 656 1102 et
678 1069 748 1102 hoc
773 1077 825 1103 est
846 1068 1075 1111 maledicere,
1091 1081 1154 1115 per
1169 1082 1205 1104 se
1221 1069 1420 1115 loquendo:
1444 1070 1473 1103 si
1495 1077 1616 1103 autem
1639 1069 1766 1116 aliquis

205 1122 368 1168 imperet,
390 1122 446 1156 vel
468 1130 565 1168 optet
587 1121 725 1155 malum
749 1122 892 1156 alterius
920 1123 983 1156 sub
1008 1123 1146 1156 ratione
1168 1123 1264 1166 boni,
1287 1124 1336 1157 sic
1360 1131 1412 1157 est
1433 1123 1591 1165 licitum,
1614 1135 1680 1157 nec
1704 1124 1771 1158 erit

207 1175 426 1217 maledictio,
450 1187 512 1221 per
533 1186 570 1209 se
592 1175 787 1221 loquendo,
815 1176 875 1209 sed
904 1187 966 1221 per
993 1176 1178 1210 accidens:
1208 1178 1291 1222 quia
1317 1176 1523 1223 principalis
1545 1176 1696 1210 intentio
1724 1177 1772 1210 di-

209 1229 320 1262 centis
343 1240 416 1262 non
438 1228 548 1262 fertur
569 1229 611 1262 ad
636 1228 785 1271 malum,
805 1229 866 1263 sed
889 1229 932 1263 ad
954 1229 1109 1263 bonum:
1131 1229 1307 1275 contingit
1321 1238 1453 1271 autem,
1470 1229 1608 1263 malum
1624 1229 1769 1275 aliquod

209 1282 280 1315 dici
302 1282 526 1328 imperando,
552 1282 609 1315 vel
632 1283 802 1327 optando,
830 1282 892 1316 sub
921 1283 1058 1316 ratione
1084 1282 1222 1329 duplicis
1248 1283 1348 1316 boni:
1378 1282 1594 1328 quandoque
1622 1282 1769 1328 quidem

209 1337 272 1372 sub
285 1336 422 1370 ratione
437 1336 536 1380 justi:
555 1344 589 1369 et
603 1335 651 1369 sic
666 1336 772 1381 judex
787 1335 881 1369 licite
899 1335 1082 1370 maledicit
1096 1335 1197 1369 illum
1212 1336 1267 1370 cui
1282 1336 1454 1381 praecipit
1468 1337 1600 1381 justam
1615 1347 1770 1381 poenam

208 1389 345 1424 inferri:
369 1397 403 1422 et
418 1389 466 1422 sic
484 1389 593 1422 etiam
614 1388 779 1423 Ecclesia
801 1388 985 1422 maledicit
1006 1389 1364 1423 anathematizando:
1393 1390 1484 1423 sicut
1506 1397 1540 1422 et
1566 1389 1770 1434 Prophetae

210 1444 246 1478 in
269 1442 458 1488 Scripturis
482 1442 698 1487 quandoque
721 1442 965 1488 imprecantur
984 1441 1080 1475 mala
1099 1442 1358 1488 peccatoribus,
1378 1443 1478 1487 quasi
1501 1441 1773 1476 conformantes

210 1496 436 1531 voluntatem
458 1506 560 1528 suam
583 1495 724 1529 divinae
747 1495 920 1540 justitiae:
944 1495 1029 1529 licet
1043 1495 1111 1529 hae
1126 1495 1405 1541 imprecationes
1424 1496 1562 1541 possint
1580 1495 1688 1529 etiam
1711 1506 1774 1540 per

212 1550 363 1585 modum
378 1548 698 1594 praenuntiationis
717 1548 887 1594 intelligi:
911 1548 1104 1594 quandoque
1125 1560 1212 1582 vero
1235 1548 1364 1582 dicitur
1383 1548 1528 1594 aliquod
1547 1547 1686 1582 malum
1707 1547 1772 1581 sub

212 1604 349 1638 ratione
371 1601 484 1636 utilis:
507 1610 593 1647 puta
609 1613 691 1635 cum
709 1601 834 1647 aliquis
858 1609 958 1647 optat
974 1601 1131 1648 aliquem
1151 1609 1383 1647 peccatorem
1396 1602 1468 1647 pati
1483 1600 1641 1647 aliquam
1664 1601 1774 1646 aegri-

211 1657 384 1697 tudinem,
400 1663 459 1688 aut
474 1655 620 1701 aliquod
635 1655 947 1701 impedimentum,
962 1654 1021 1689 vel
1036 1664 1073 1689 ut
1087 1655 1162 1701 ipse
1178 1654 1307 1689 melior
1322 1654 1506 1697 efficiatur,
1520 1654 1579 1688 vel
1592 1662 1630 1689 ut
1644 1653 1773 1688 saltem

213 1712 257 1745 ab
281 1709 435 1744 aliorum
456 1718 679 1743 nocumento
703 1717 827 1743 cesset.

283 1764 342 1797 AD
369 1773 518 1798 PRIMUM
541 1774 627 1808 ergo
651 1762 856 1804 dicendum,
879 1761 975 1808 quod
997 1761 1164 1808 Apostol.
1200 1761 1368 1807 prohibet
1398 1761 1629 1802 maledicere,
1652 1771 1713 1806 per
1735 1771 1774 1794 se

214 1816 410 1863 loquendo,
434 1828 517 1850 cum
540 1816 739 1850 intentione
762 1815 859 1849 mali.

288 1870 331 1904 Et
353 1869 517 1904 similiter
539 1868 732 1903 dicendum
755 1877 808 1902 est
827 1880 877 1903 AD
901 1879 1118 1903 SECUNDUM.

288 1924 346 1957 AD
370 1934 540 1958 TERTIUM
563 1923 769 1964 dicendum,
792 1922 887 1968 quod
911 1930 1034 1968 optare
1057 1921 1164 1955 alicui
1186 1920 1324 1954 malum
1343 1921 1405 1955 sub
1425 1921 1564 1954 ratione
1586 1919 1684 1961 boni,
1702 1930 1776 1953 non

217 1977 454 2011 contrariatur
468 1976 623 2017 affectui,
639 1988 710 2021 quo
727 1976 804 2021 quis
819 1975 1028 2021 simpliciter
1045 1975 1151 2008 alicui
1167 1983 1267 2020 optat
1280 1975 1435 2009 bonum:
1454 1975 1516 2008 sed
1535 1973 1651 2019 magis
1670 1973 1779 2006 habet

219 2029 513 2064 conformitatem
542 2029 584 2062 ad
607 2029 736 2075 ipsum.

290 2083 348 2116 AD
377 2093 563 2121 QUARTUM
592 2082 797 2123 dicendum,
828 2081 924 2128 quod
954 2082 990 2115 in
1017 2080 1162 2115 diabolo
1194 2089 1246 2115 est
1280 2081 1508 2114 considerare
1538 2088 1717 2121 naturam,
1745 2086 1779 2113 et

220 2135 383 2182 culpam:
406 2143 533 2169 natura
556 2135 702 2181 quidem
725 2136 799 2180 ejus
821 2135 916 2169 bona
939 2143 1002 2176 est,
1025 2143 1059 2168 et
1081 2145 1099 2167 a
1121 2134 1221 2177 Deo;
1243 2145 1309 2168 nec
1333 2146 1414 2168 eam
1436 2133 1654 2168 maledicere
1676 2131 1777 2166 licet:

222 2189 324 2235 culpa
347 2197 467 2223 autem
491 2189 565 2234 ejus
589 2197 641 2222 est
667 2188 930 2229 maledicenda,
952 2187 1152 2222 secundum
1175 2187 1262 2220 illud
1279 2187 1345 2232 Job
1373 2199 1417 2232 3.:
1442 2186 1645 2221 Miladicant
1666 2186 1780 2231 ei‚q1ci

221 2242 419 2277 malaiiannt
439 2242 523 2276 dici.-
557 2253 641 2275 cum
673 2250 794 2275 autem
825 2249 995 2287 peccator
1017 2240 1201 2274 maledicit
1231 2239 1416 2274 diabolum
1447 2248 1592 2286 propter
1622 2238 1779 2284 culpam,

221 2296 379 2341 seipsum
398 2294 506 2329 simili
526 2295 664 2328 ratione
683 2294 815 2339 judicat
831 2293 1087 2328 maledictione
1103 2294 1270 2339 dignum:
1294 2302 1328 2327 et
1349 2293 1546 2327 secundum
1566 2293 1636 2326 hoc
1652 2291 1781 2326 dicitur

222 2349 440 2384 maledicere
463 2348 623 2382 animam
649 2359 763 2382 suam.

294 2403 354 2437 AD
376 2412 556 2441 QUINTUM
579 2402 783 2441 dicendum,
807 2400 902 2445 quod
926 2399 1074 2434 affectus
1096 2400 1291 2446 peccantis,
1315 2400 1380 2434 etsi
1400 2400 1436 2433 in
1459 2411 1495 2433 se
1518 2410 1593 2433 non
1607 2398 1780 2439 videatur,

222 2463 341 2503 potest
361 2464 483 2490 tamen
505 2454 640 2501 percipi
662 2466 703 2488 ex
727 2454 846 2499 aliquo
871 2452 1061 2486 manifesto
1089 2461 1252 2499 peccato,
1280 2465 1343 2499 pro
1373 2464 1443 2498 quo
1471 2463 1590 2498 poena
1618 2459 1670 2486 est
1695 2450 1783 2484 infli-

223 2509 357 2555 genda:
381 2508 544 2542 similiter
566 2507 674 2541 etiam
697 2507 861 2552 quamvis
884 2506 965 2540 sciri
991 2518 1064 2539 non
1092 2507 1216 2552 possit,
1244 2518 1352 2552 quem
1384 2506 1483 2539 Deus
1515 2504 1709 2539 maledicat
1729 2515 1782 2537 se-

225 2563 382 2596 cundum
406 2561 551 2595 finalem
573 2560 844 2607 probationem3
867 2567 983 2605 potest
1004 2567 1125 2593 tamen
1145 2559 1238 2601 sciri,
1258 2559 1335 2605 quis
1360 2559 1404 2593 sit
1427 2558 1639 2592 maledictus
1659 2569 1678 2591 a
1700 2557 1782 2591 Deo

224 2615 424 2649 secundum
447 2622 586 2648 reatum
608 2612 804 2659 praesentis
828 2611 964 2658 culpae.
