1859 3122
169 145 253 199 326
589 152 811 188 QUAESTIO
845 153 964 182 XLIII.
998 141 1243 183 ARTICULUS
1292 153 1320 183 1.

166 236 294 282 aliquis
315 235 456 282 publice
478 234 564 268 facit
582 242 784 280 peccatum,
805 233 864 268 vel
878 234 974 280 quod
989 234 1098 268 habet
1119 233 1393 268 similitudinem
1414 235 1571 280 peccati:
1595 243 1630 269 et
1643 243 1729 269 tunc

165 289 236 331 ille,
257 290 316 335 qui
338 288 547 333 hujusmodi
570 296 690 322 actum
706 287 799 330 facit,
814 288 956 334 proprie
972 288 1032 322 dat
1046 288 1280 322 occasionem
1301 288 1445 330 ruinae3
1467 289 1561 323 unde
1578 297 1730 323 vocatur

162 343 357 377 scandalum.
376 343 542 376 activum:
558 353 621 387 per
644 341 810 376 accidens
834 349 955 376 autem
971 341 1116 386 aliquod
1135 341 1296 383 verbum,
1318 341 1377 376 vel
1396 341 1532 376 factum
1554 343 1658 377 unius
1677 351 1730 378 est

165 396 267 430 alteri
294 406 400 429 causa
427 395 612 439 peccandi,
639 395 784 441 quando
812 403 846 429 et
871 403 1011 440 praeter
1036 395 1275 428 intentionem
1303 395 1495 440 operantis,
1530 403 1564 429 et
1589 404 1729 442 praeter

165 449 414 483 conditionem
437 448 567 493 operis,
590 448 717 494 aliquis
739 448 835 482 male
858 448 1051 493 dispositus
1070 459 1111 481 ex
1132 447 1342 492 hujusmodi
1361 459 1469 494 opere
1488 449 1666 483 inducitur
1685 450 1728 484 ad

165 502 410 548 peccandum:
433 509 517 547 puta
541 513 623 535 cum
646 501 774 547 aliquis
796 502 930 535 invidet
951 501 1055 535 bonis
1079 500 1250 534 aliorum:
1284 509 1317 535 et
1344 509 1428 535 tunc
1458 501 1529 544 ille,
1560 503 1618 548 qui
1644 502 1729 537 facit

165 556 374 601 hujusmodi
397 564 518 589 actum
540 563 690 597 rectum,
709 567 783 589 non
805 556 865 589 dat
884 554 1131 596 occasionem,
1147 563 1321 600 quantum
1343 555 1380 588 in
1401 566 1438 589 se
1462 563 1532 589 est:
1555 556 1617 590 sed
1639 555 1728 591 alius

164 610 274 644 sumit
290 609 535 650 occasionem,
555 609 754 642 secundum
774 608 861 642 illud
882 609 923 642 ad
944 608 1050 642 Rom.
1071 619 1122 653 7.:
1145 608 1325 642 Occasione
1347 613 1453 642 autam
1475 613 1620 655 accepta,
1641 617 1727 652 etc.;

164 671 199 697 et
213 663 294 696 ideo
309 663 380 696 hoc
397 670 450 696 est
465 662 838 708 scandulzmzpassivmn
855 662 930 696 sine
947 662 1080 695 activo:
1098 662 1180 707 quia
1194 661 1254 695 ille
1270 662 1327 706 qui
1343 669 1438 695 recte
1454 662 1537 707 agit,
1554 670 1727 707 quantum

164 725 217 750 est
240 717 282 750 de
306 728 356 757 se,
377 727 452 750 non
474 716 534 749 dat
556 716 789 750 occasionem
812 716 947 756 ruinae,
970 726 1079 760 quam
1107 714 1194 748 alter
1220 715 1368 760 patitur3
1397 715 1613 760 quandoque
1641 727 1727 761 ergo

165 770 353 815 contingit,
377 770 472 815 quod
496 769 603 803 etiam
627 769 671 802 sit
696 768 804 802 simul
825 768 1037 802 scandalum
1065 768 1222 801 activum
1248 768 1283 801 in
1311 779 1396 809 uno,
1423 776 1458 802 et
1483 770 1665 813 passivum
1691 769 1727 802 in

165 824 297 865 alter03
326 831 410 868 puta
434 834 516 856 cum
539 823 582 856 ad
605 823 853 856 inductionem
884 822 987 856 unius
1018 822 1106 855 alius
1141 830 1285 866 peccat;
1313 821 1530 867 quandoque
1559 833 1645 856 vero
1676 830 1727 856 est

163 876 377 911 scandalum
400 877 558 910 activum
581 876 656 910 sine
684 877 849 922 passivo:
878 883 961 921 puta
989 887 1071 909 cum
1100 875 1226 921 aliquis
1252 875 1389 909 inducit
1409 875 1531 917 verbo,
1552 875 1609 909 vel
1630 875 1726 910 facto

165 930 278 964 alium
301 930 344 964 ad
367 930 604 976 peccandum,
629 937 662 963 et
682 929 742 963 ille
768 940 842 963 non
871 929 1068 963 consentit:
1096 929 1312 974 quandoque
1334 939 1420 962 vero
1443 936 1496 962 est
1515 928 1726 962 scandalum

163 984 348 1030 passivum
371 984 446 1017 sine
470 983 600 1025 activo,
623 983 715 1016 sicut
735 984 808 1028 jam
831 983 965 1016 dictum
990 990 1042 1016 est
1063 983 1133 1027 (hic
1154 984 1254 1028 sup).

237 1037 296 1071 AD
320 1047 500 1076 QUINTUM
523 1036 729 1077 dicendum,
746 1036 842 1081 quod
857 1037 1035 1081 ‘infirmitas
1052 1036 1217 1069 nominat
1232 1035 1553 1081 promptitudinem
1568 1035 1612 1068 ad
1630 1046 1728 1070 scan-

164 1090 309 1124 dalum:
334 1090 463 1135 offensio
487 1097 608 1123 autem
630 1089 796 1123 nominat
817 1089 1104 1134 indignationem
1127 1088 1276 1133 alicujus
1300 1097 1424 1123 contra
1452 1100 1546 1130 eum,
1568 1089 1628 1134 qui
1649 1100 1727 1134 pec-

164 1151 238 1178 cat:
263 1155 354 1189 quae
378 1151 494 1188 potest
510 1154 586 1177 esse
601 1143 818 1188 quandoque
836 1143 912 1177 sine
935 1142 1037 1176 ruina
1052 1155 1059 1177 ε
1076 1142 1268 1177 scandalum
1285 1150 1405 1176 autem
1426 1142 1597 1188 importat
1609 1142 1726 1188 ipsam

162 1197 424 1243 impactionem
448 1196 491 1230 ad
514 1196 666 1230 ruinam.

726 1337 1070 1382 ARTICULus
1101 1337 1155 1379 Π.
1658 1358 1725 1394 234

531 1445 684 1475 UTRUM
712 1444 979 1475 SCANDALUM
1006 1445 1073 1474 SIT
1106 1444 1357 1474 PECCATUM.

477 1535 524 1577 (4.
552 1533 640 1567 Dist.
665 1533 714 1579 38.
743 1545 771 1578 q.
800 1544 830 1567 2.
858 1538 923 1567 art.
950 1545 977 1567 Ι.
1005 1537 1035 1567 εἰ
1061 1533 1156 1568 Rom.
1182 1543 1233 1576 14.
1262 1532 1332 1567 lect.
1360 1533 1420 1577 2.).

231 1623 290 1656 AD
310 1632 517 1656 SECUNDUM
535 1622 585 1656 sic
602 1621 817 1667 proceditur.
833 1620 996 1663 Videtur,
1016 1620 1112 1666 quod
1131 1619 1342 1654 scandalum
1360 1631 1434 1654 non
1452 1619 1497 1654 sit
1514 1627 1722 1665 peccatum:

159 1684 307 1721 peccata
331 1676 428 1709 enim
450 1686 524 1709 non
547 1675 717 1709 eveniunt
740 1686 780 1708 ex
804 1675 1041 1708 necessitate:
1069 1674 1152 1720 quia
1180 1685 1288 1708 omne
1315 1681 1505 1720 peccatum
1528 1681 1581 1707 est
1600 1673 1725 1707 volun-

158 1730 301 1771 tarium,
324 1737 361 1762 ut
383 1740 488 1774 supra
511 1729 674 1762 habitum
697 1736 750 1762 est
768 1728 851 1772 (1-2.
872 1739 901 1773 q.
922 1739 975 1773 74.
996 1732 1059 1761 art.
1081 1740 1108 1762 1.
1132 1732 1159 1761 et
1180 1729 1226 1772 2.)
1239 1739 1251 1767 ;
1275 1728 1335 1761 sed
1355 1727 1482 1761 Matth.
1507 1727 1557 1761 18.
1578 1727 1722 1762 dicitur:

158 1784 289 1818 Necesse
311 1788 366 1824 ast,
389 1788 423 1817 nt
442 1784 579 1816 veniant
600 1782 776 1821 scami'czlcz;
801 1793 887 1826 ergo
911 1780 1123 1815 scandalum
1143 1792 1216 1814 non
1240 1788 1292 1814 est
1313 1788 1514 1826 peccatum.

230 1847 260 1870 2.
284 1836 520 1870 PRAETEREA.
544 1835 695 1869 Nullum
718 1843 908 1881 peccatum
931 1834 1094 1880 procedit
1120 1846 1161 1867 ex
1192 1834 1331 1880 pietatis
1361 1833 1512 1875 affectu3
1541 1834 1628 1879 quia⁴
1657 1846 1722 1868 non

155 1891 378 1936 potestat-1⁷02·
405 1890 487 1923 {vona
503 1890 634 1934 fructus
660 1889 764 1922 malos
778 1889 903 1934 fluere,
927 1896 965 1921 ut
987 1887 1115 1921 dicitur
1137 1887 1264 1921 Matth.
1288 1898 1339 1932 7.:
1368 1887 1430 1921 sed
1454 1886 1599 1932 aliquod
1621 1899 1721 1921 scan-

157 1943 279 1976 dalum
299 1951 351 1976 est
373 1954 414 1976 ex
436 1942 576 1988 pietatis
600 1941 748 1976 affectu:
773 1942 858 1975 dicit
881 1941 977 1975 enim
999 1940 1180 1974 Dominus
1202 1940 1310 1974 Petro
1334 1940 1460 1974 Matth.
1488 1941 1557 1974 16.:
1581 1941 1723 1975 Soanda-

157 1997 225 2030 lum.
248 1997 330 2030 mihi
351 2008 390 2037 as,
415 1996 474 2029 ubi
497 1996 582 2029 dicit
608 1995 866 2040 Hieronymus,
893 1994 988 2040 quod
1019 2005 1151 2028 «error
1173 1993 1342 2039 Apostoli
1364 1994 1406 2027 de
1429 1993 1569 2039 pietatis
1592 1993 1722 2028 affectu

157 2050 316 2091 veniens,
339 2060 538 2094 numquam
561 2049 783 2082 incentivum
804 2048 944 2082 videtur
966 2058 1042 2082 esse
1066 2046 1199 2081 diaboli
1214 2060 1252 2090 »3
1280 2058 1366 2093 ergo
1393 2058 1467 2081 non
1494 2058 1602 2081 omne
1624 2058 1723 2081 scan-

157 2102 279 2136 dalum
302 2111 354 2136 est
377 2110 577 2147 peccatum.

232 2168 258 2201 3.
282 2156 518 2190 PRAETEREA.
555 2154 775 2189 Scandalum
806 2154 1067 2200 impactionem
1102 2154 1298 2200 quamdam
1327 2154 1518 2200 importat:
1550 2154 1612 2188 sed
1645 2165 1720 2188 non

157 2210 375 2255 quicumque
394 2209 572 2254 impingit,
592 2208 704 2250 cadit3
728 2219 814 2253 ergo
830 2207 1054 2249 scandalum,
1074 2207 1170 2253 quod
1190 2216 1242 2241 est
1260 2207 1452 2253 spiritualis
1469 2218 1583 2249 caSUS‚
1602 2215 1722 2254 potest

157 2275 236 2298 esse
259 2263 334 2297 sine
357 2270 519 2308 peccato.

230 2316 304 2351 SED
333 2326 487 2350 CONTRA
504 2323 567 2356 est,
590 2315 686 2360 quod
708 2315 899 2349 scandalum
922 2320 963 2349 est
984 2314 1121 2356 dictum,
1147 2315 1199 2348 vel
1217 2314 1350 2360 sactum
1375 2315 1483 2348 minus
1510 2320 1655 2349 rectum:
1677 2326 1719 2349 ex

156 2371 226 2404 hoc
250 2377 372 2403 autem
394 2369 501 2402 habet
523 2368 656 2413 aliquid
679 2369 857 2402 rationem
881 2368 1031 2414 peccati,
1059 2367 1154 2413 quod
1179 2379 1197 2400 a
1223 2367 1436 2402 rectitudine
1463 2367 1601 2410 deficit3
1632 2379 1719 2414 ergo

155 2422 368 2457 scandalum
389 2433 532 2468 semper
555 2429 605 2455 est
629 2433 710 2455 cum
734 2429 896 2467 peccato.

225 2476 454 2510 REsPONDEo
478 2475 683 2516 dicendum,
706 2475 814 2520 quod,
830 2475 920 2508 sicut
935 2475 1006 2519 jam
1023 2485 1127 2520 supra
1150 2474 1285 2508 dictum
1306 2482 1360 2509 est
1383 2474 1584 2520 (art.praec.
1599 2473 1641 2509 ad
1654 2475 1717 2519 4.),

154 2530 272 2576 duplex
300 2538 352 2563 est
372 2528 602 2563 scandalum:
630 2528 768 2562 scilicet
786 2530 955 2574 passivum
984 2529 1020 2562 in
1048 2539 1103 2570 e0,
1125 2529 1185 2574 qui
1207 2528 1479 2570 scandalizatur,
1508 2537 1542 2563 et
1570 2531 1719 2563 activum

154 2584 189 2617 in
218 2595 273 2625 eo,
304 2583 364 2629 qui
385 2582 616 2624 scandalizat,
638 2582 725 2616 dans
754 2582 987 2615 occasionem
1018 2582 1163 2623 ruinae;
1187 2582 1398 2616 scandalum
1422 2593 1508 2627 ergo
1535 2582 1717 2628 passivum

155 2649 296 2683 semper
324 2646 376 2671 est
397 2645 586 2683 peccatum
608 2636 644 2670 in
667 2647 723 2677 eo,
746 2636 805 2681 qui
828 2635 1105 2677 scandalizatum
1128 2647 1202 2670 non
1224 2636 1321 2669 enim
1348 2635 1621 2678 scandalizatur,
1648 2635 1716 2670 nisi

155 2691 369 2736 inquantum
392 2689 593 2736 aliqualiter
614 2690 682 2723 ruit
703 2688 875 2735 spirituali
898 2689 1010 2730 ruina,
1033 2700 1124 2734 quae
1148 2697 1200 2723 est
1222 2697 1431 2734 peccatum:
1455 2696 1573 2734 potest
1594 2696 1716 2722 tamen

155 2755 232 2777 esse
254 2743 465 2777 scandalum
488 2743 672 2789 passivum
694 2743 769 2776 sine
793 2749 942 2787 peccato
965 2743 1051 2787 ejus,
1075 2754 1116 2775 ex
1141 2743 1240 2787 cujus
1268 2742 1362 2776 sacto
1390 2742 1517 2787 aliquis
1543 2741 1718 2775 scandali—

154 2805 272 2838 zatur3
295 2798 386 2830 sicut
408 2808 490 2830 cum
514 2797 641 2842 aliquis
664 2795 926 2830 scandalizatur
948 2795 990 2828 de
1010 2795 1076 2836 his,
1095 2807 1186 2840 quae
1207 2795 1296 2829 alius
1319 2796 1408 2829 bene
1430 2795 1523 2829 facit.
1544 2794 1716 2829 Similiter

156 2850 264 2885 etiam
286 2850 498 2885 scandalum
522 2850 679 2885 activum
707 2860 849 2896 semper
871 2857 923 2883 est
945 2856 1134 2895 peccatum
1156 2849 1192 2883 in
1215 2860 1271 2891 eo,
1293 2849 1354 2895 qui
1374 2848 1611 2883 scandalizat:
1632 2849 1715 2895 quia
