1859 3122
509 175 729 211 QUAESTIO
763 175 879 204 XXVI.
907 173 1150 205 ARTICULUS
1183 173 1241 203 XI.
1570 172 1654 215 227

98 269 162 304 pro
185 269 221 292 re
243 258 359 303 magis
380 257 526 292 dilecta:
549 256 611 291 sed
635 257 726 292 Gen.
749 267 780 291 2.
797 256 936 298 dicitur,
959 256 1054 302 quod
1074 261 1209 303 propter
1229 267 1367 292 uxorem
1385 255 1545 302 relinquet
1562 256 1656 290 bomo

93 316 237 358 patrem,
260 316 288 346 et
308 316 467 352 matram;
491 322 577 357 ergo
600 311 716 357 magis
738 311 843 345 debet
864 310 1012 355 diligere
1034 321 1196 352 uxorem,
1224 321 1333 356 quam
1356 317 1506 356 patrem,
1529 317 1564 344 et
1584 320 1657 343 ma-

97 372 200 399 trem.

168 428 199 452 2.
227 418 462 453 PRAETEREA.
493 418 619 464 Apost.
648 417 734 452 dicit
760 417 848 464 Eph.
879 417 975 463 quod
1007 418 1079 451 viri
1109 417 1220 451 debent
1251 417 1384 462 diligere
1416 428 1544 459 uxores,
1577 417 1659 451 sicut

93 467 228 518 seipso‘s:
251 472 312 506 sed
334 472 448 506 homo
471 472 575 506 debet
595 471 710 517 magis
733 470 880 517 diligere
901 471 1071 516 seipsum,
1098 482 1206 516 quam
1227 479 1416 516 parentes;
1436 481 1523 516 ergo
1546 469 1656 504 etiam

98 525 212 571 magis
232 525 338 559 debet
359 525 508 571 diligere
530 536 691 566 uxorem,
717 535 826 570 quam
845 532 1020 570 parentes.

171 589 200 624 3.
223 578 458 613 PRAETEREA.
488 578 558 612 Ubi
580 586 662 612 sunt
682 577 800 624 plures
828 577 984 611 rationes
1003 577 1218 618 dilectionis,
1245 577 1294 610 ibi
1315 577 1419 611 debet
1447 588 1524 611 esse
1543 577 1660 621 major

97 630 260 665 dilectio:
285 632 346 666 sed
367 632 403 665 in
426 631 595 673 amicitia,
614 642 705 677 quae
733 638 784 665 est
819 631 862 664 ad
889 641 1051 672 uxorem,
1073 638 1155 664 sunt
1176 629 1295 676 plures
1317 630 1474 664 rationes
1497 629 1657 663 dilectio-

97 684 169 718 nis:
193 685 279 719 dicit
301 685 397 719 enim
424 684 559 719 Philos.
582 685 617 718 in
637 684 752 718 Ethic.
779 684 865 731 (cap.
892 696 943 719 12.
968 684 1010 718 ad
1031 684 1120 729 fin),
1157 683 1253 729 quod
1274 683 1311 717 in
1337 683 1405 717 hac
1427 683 1585 717 amicitia
1606 683 1653 717 vi-

97 738 199 772 detur
221 749 299 772 esse
321 738 418 780 utile,
440 746 474 773 et
495 738 717 780 delectabile,
733 747 767 772 et
785 746 930 784 propter
950 738 1131 779 virtutem,
1153 738 1183 771 si
1202 737 1354 772 virtuosi
1373 737 1443 772 sint
1464 738 1635 783 conjuges
1647 750 1656 782 ;

97 801 184 837 ergo
202 792 318 836 major
335 792 440 826 debet
462 803 538 826 esse
558 791 703 826 dilectio
726 791 769 825 ad
794 803 957 833 uxorem,
980 802 1089 837 quam
1113 791 1156 824 ad
1174 798 1350 836 parentes.

168 844 243 879 SED
267 855 422 880 CONTRA
444 854 508 887 est,
530 845 626 891 quod
647 846 702 878 vir
723 845 811 880 debet
832 845 965 891 diligere
990 856 1126 878 uxorem
1151 856 1257 885 suam,
1282 845 1365 879 sicut
1391 855 1523 878 carnem
1548 855 1654 886 suam,

97 906 135 932 ut
152 897 280 932 dicitur
303 899 346 932 ad
367 898 497 945 Ephes.
523 909 574 943 5.:
594 898 656 932 sed
675 909 805 944 corpus
827 909 932 932 suum
954 897 1073 931 minus
1094 898 1209 931 homo
1232 897 1336 931 debet
1363 897 1523 943 diligere,
1545 909 1655 943 quam

96 952 314 998 proximum,
335 960 374 985 ut
394 963 500 998 supra
521 952 657 986 dictum
675 959 728 986 est
746 953 826 997 (art.
845 964 873 997 5.
893 952 961 997 huj.
985 952 1052 996 q.).·
1075 951 1166 984 inter
1188 951 1373 996 proximos
1396 959 1516 985 autem
1538 951 1655 996 magis

96 1004 269 1040 debemus
296 1013 462 1051 parentes
496 1004 661 1051 diligere;
693 1016 780 1051 ergo
811 1005 927 1051 magis
961 1004 1134 1038 debemus
1168 1003 1317 1050 diligere
1344 1012 1521 1049 parentes,
1544 1015 1653 1050 quam

95 1069 256 1092 uxorem.

167 1111 393 1146 RESPONDEO
415 1111 620 1154 dicendum,
643 1111 751 1158 quod,
772 1111 864 1146 sicut
886 1111 1022 1145 dictum
1045 1119 1097 1145 est
1125 1110 1204 1154 (art.
1227 1122 1259 1156 9.
1282 1110 1350 1156 huj.
1373 1112 1434 1156 q),
1457 1110 1589 1156 gradus
1610 1111 1659 1144 di-

97 1164 265 1199 lectionis
299 1165 434 1199 attendi
462 1172 579 1210 potest
600 1173 635 1199 et
653 1165 827 1200 secundum
853 1164 1032 1198 rationem
1056 1164 1154 1205 boni,
1177 1172 1212 1197 et
1236 1163 1410 1198 secundum
1437 1164 1658 1209 conjunctio-

96 1229 180 1252 nem
220 1219 263 1252 ad
297 1217 526 1264 diligentem;
555 1219 754 1252 secundum
789 1229 876 1263 ergo
911 1218 1090 1252 rationem
1123 1217 1220 1258 boni,
1262 1217 1358 1263 quod
1394 1225 1445 1251 est
1479 1218 1660 1263 objectum

99 1271 311 1313 dilectionis,
338 1272 454 1317 magis
484 1280 566 1306 sunt
595 1271 768 1317 diligendi
795 1279 971 1318 parentes,
998 1282 1108 1316 quam
1136 1281 1243 1304 uxor:
1268 1271 1351 1316 quia
1373 1271 1570 1316 diliguntur
1591 1271 1655 1305 sub

96 1325 234 1358 ratione
256 1325 431 1371 principii,
454 1333 488 1359 et
506 1325 752 1359 eminentioris
776 1325 963 1370 cujusdam
984 1324 1087 1358 boni:
1108 1323 1308 1358 secundum
1336 1332 1459 1358 autem
1479 1325 1658 1358 rationem

97 1378 360 1423 conjunctionis
381 1378 497 1424 magis
519 1378 699 1424 diligenda
726 1386 778 1413 est
805 1389 912 1412 uxor:
935 1378 1018 1424 quia
1040 1388 1130 1411 uxor
1157 1377 1393 1423 conjungitur
1416 1378 1508 1420 viro,
1530 1386 1568 1411 ut
1589 1389 1659 1411 una

97 1441 181 1464 caro
204 1431 370 1473 existens,
391 1432 590 1465 secundum
611 1431 712 1466 Matt.
739 1443 807 1478 19.:
829 1432 942 1477 Itaque
961 1433 1033 1476 jam
1054 1443 1120 1464 non
1144 1435 1221 1465 sunt
1238 1431 1313 1472 duo,
1344 1431 1396 1465 sed
1417 1443 1484 1465 una
1506 1443 1599 1471 caro,
1623 1439 1659 1465 et

95 1484 178 1518 ideo
199 1484 371 1518 intensius
393 1484 551 1530 diligitur
573 1496 679 1520 uxor:
701 1485 764 1519 sed
783 1486 900 1529 major
920 1484 1121 1518 reverentia
1141 1491 1192 1517 est
1214 1485 1419 1529 parentibus
1441 1484 1655 1518 exhibenda.

166 1537 226 1570 AD
247 1548 395 1572 PRIMUM
408 1549 494 1583 ergo
509 1537 713 1579 dicendum,
735 1539 831 1584 quod
849 1549 923 1571 non
946 1545 1120 1583 quantum
1137 1537 1179 1570 ad
1202 1537 1326 1571 omnia
1348 1538 1520 1572 deseritur
1543 1546 1655 1584 pater,

27 1627 30 1635 ¹
95 1598 129 1624 et
157 1599 273 1624 mater
304 1599 447 1637 propter
467 1601 634 1632 uxorem3
655 1591 691 1624 in
713 1591 926 1637 quibusdam
954 1591 1051 1624 enim
1078 1591 1194 1636 magis
1222 1590 1326 1624 debet
1347 1591 1460 1624 homo
1485 1592 1649 1626 assistere

27 1639 30 1647 ⁴
95 1644 310 1689 parentibus,
329 1655 438 1690 quam
461 1645 578 1678 uxori:
602 1644 664 1678 sed
687 1653 860 1690 quantum
883 1644 927 1677 ad
949 1644 1123 1677 unionem
1142 1643 1295 1677 carnalis
1310 1644 1473 1690 copulae,
1493 1652 1527 1678 et
1549 1645 1654 1679 coha-

38 1688 39 1695 ἵ
93 1696 286 1738 bitationis‚
307 1697 440 1731 relictis
462 1697 629 1731 omnibus
650 1697 866 1743 parentibus,
893 1697 1007 1730 homo
1031 1697 1201 1730 adhaeret
1219 1697 1333 1730 uxori.

165 1750 224 1784 AD
239 1760 445 1784 SECUNDUM
471 1750 675 1792 dicendum,
690 1751 785 1796 quod
807 1751 843 1783 in
861 1750 977 1784 verbis
999 1749 1169 1795 Apostoli
1189 1761 1264 1783 non
1286 1758 1339 1784 est
1359 1750 1647 1796 intelligendum,

30 1839 33 1842 ,
95 1803 191 1848 quod
212 1803 326 1837 homo
349 1804 475 1838 debeat
496 1803 644 1849 diligere
666 1815 815 1837 uxorem
837 1815 940 1838 suam
967 1803 1164 1849 aequaliter
1184 1803 1251 1836 sibi
1271 1803 1357 1849 ipsi3
1381 1804 1442 1837 sed
1464 1804 1547 1850 quia
1570 1805 1653 1839 dile-

30 1857 42 1891 *ss
74 1856 178 1898 ‚cti0,
201 1868 309 1902 quam
332 1856 458 1902 aliquis
480 1857 588 1890 habet
615 1857 659 1890 ad
680 1857 850 1902 seipsum,
877 1864 930 1890 est
951 1857 1042 1890 ratio
1069 1856 1282 1898 dilectionis,
1305 1868 1415 1903 quam
1437 1858 1515 1903 quis
1546 1858 1654 1893 habet

95 1909 138 1942 ad
159 1920 309 1943 uxorem
330 1910 396 1943 sibi
415 1911 662 1955 conjunctam.

164 1962 223 1996 AD
251 1973 420 1997 TERTIUM
447 1963 652 2005 dicendum,
669 1963 764 2008 quod
781 1963 887 1997 etiam
910 1963 946 1996 in
966 1963 1124 1996 amicitia
1142 1971 1289 2008 paterna
1311 1963 1542 1998 inveniuntur
1565 1964 1653 1998 mul-

41 2015 43 2058 ᾖ
94 2022 151 2048 tae
183 2016 340 2050 rationes
370 2016 594 2050 dilectionis:
631 2024 664 2050 et
685 2025 860 2062 quantum
883 2018 926 2050 ad
946 2017 1079 2062 aliquid
1101 2017 1389 2063 praeponderant
1410 2018 1541 2052 rationi
1572 2019 1655 2052 dile-

42 2069 43 2078 *
97 2067 236 2110 ononis,
258 2080 349 2114 quae
370 2069 521 2103 habetur
540 2070 583 2103 ad
605 2081 766 2112 uxorem,
786 2070 986 2104 secundum
1008 2070 1144 2104 scilicet
1164 2071 1343 2105 rationem
1368 2071 1470 2114 boni3
1490 2073 1654 2118 quamvis

34 2123 43 2148 ι’
96 2120 177 2155 illae
197 2122 484 2168 praeponderent
504 2123 704 2156 secundum
726 2123 992 2168 conjunctionis
1014 2124 1201 2158 rationem.

40 2220 43 2226 Ι
165 2174 220 2208 Ad
241 2184 494 2220 argumentum
512 2186 577 2210 SED
601 2186 755 2210 CONTRA
777 2177 982 2217 dicendum,
999 2177 1094 2222 quod
1113 2176 1200 2211 illud
1224 2177 1333 2211 etiam
1354 2189 1427 2211 non
1451 2186 1504 2212 est
1531 2179 1580 2212 sic
1603 2179 1653 2212 in-

34 2247 45 2280 ι1
96 2226 342 2272 telligendum‚
363 2229 460 2274 quod
480 2228 517 2275 ly
537 2231 619 2264 sicut
638 2229 809 2275 importet
839 2229 1103 2275 aequalitatem,
1134 2231 1196 2264 sed
1223 2231 1402 2265 rationem
1428 2231 1651 2266 dilectionis:

0 2272 2 2285 ³
35 2282 45 2321 ff,
97 2279 212 2326 diligit
231 2281 329 2315 enim
349 2282 464 2316 homo
486 2293 636 2317 uxorem
657 2294 761 2317 suam
774 2282 1015 2329 principaliter
1036 2283 1175 2317 ratione
1197 2284 1350 2318 carnalis
1372 2285 1648 2331 conjunctionis.

635 2412 978 2457 ARTICULUS
1008 2413 1109 2456 XII.
1588 2437 1652 2473 159

236 2517 389 2548 UTRUM
414 2518 539 2549 HOMO
566 2520 736 2549 DEBEAT
759 2521 889 2549 MAGIS
918 2521 1122 2551 DILIGERE
1149 2522 1509 2562 BENEFACTOREM,

624 2585 749 2621 QUAM
781 2586 1117 2615 BENEFICIATUM.

441 2670 486 2714 (Ι.
504 2671 592 2706 Dist.
614 2683 670 2718 29.
697 2677 759 2707 art.
783 2683 812 2718 7.
828 2672 871 2706 ad
892 2684 922 2707 2.
945 2677 973 2707 et
990 2685 1023 2719 9.
1045 2673 1120 2708 ΕΗ).
1147 2674 1216 2708 lect.
1239 2673 1296 2719 7.).

164 2757 224 2792 AD
249 2769 507 2793 DUODECIMUM
528 2759 578 2793 sic
600 2761 815 2806 proceditur.
837 2761 998 2804 Videtur,
1026 2763 1122 2807 quod
1148 2762 1263 2795 homo
1287 2761 1403 2805 magis
1425 2761 1552 2796 debeat
1577 2762 1651 2797 dili-

1 2851 16 2861 ν
50 2835 53 2841 Δ
97 2821 179 2856 gere
193 2811 471 2854 benefactorem,
494 2824 602 2858 quam
619 2813 892 2849 beneficiatum:
910 2815 994 2848 dicit
1008 2815 1105 2848 enim
1121 2815 1274 2860 August.
1286 2815 1322 2848 in
1341 2814 1399 2848 lib.
1413 2815 1456 2849 de
1467 2815 1649 2850 Catechiz.

2 2861 15 2871 ⁴*
43 2868 53 2923 '¹1¹
95 2863 190 2898 Nud.
219 2864 306 2911 (cap.
328 2865 404 2909 4.):
430 2878 447 2896 «
465 2865 574 2899 Nulla
594 2867 710 2912 maj0r
731 2875 784 2901 est
801 2868 1013 2913 provocatio
1036 2868 1079 2901 ad
1102 2868 1310 2909 amandum,
1334 2880 1443 2914 quam
1464 2870 1649 2915 prevenire
