1859 3122
229 147 340 203 1084
621 159 840 194 QUAESTIO
876 160 1038 190 CLXVII.
1071 161 1314 190 ARTICULUS
1349 161 1376 190 Ι.

687 401 1041 461 QUAEsTlo
1091 401 1337 448 CLXVII.

443 523 505 553 DE
532 523 858 562 CURIOSITATE,
890 525 940 555 IN
966 525 1090 556 DUOS
1120 524 1381 556 ARTICULOS
1407 524 1581 556 DIVISA.

299 661 431 696 Postea
453 662 756 697 considerandum
778 671 831 697 est
852 664 894 697 de
917 664 1134 698 curiositate.

726 752 769 786 Et
790 753 880 786 circa
901 752 958 786 hoc
980 757 1185 798 quaeruntur
1205 751 1278 787 duo.

300 821 436 857 Primo.
459 822 592 857 Utrum
612 823 740 857 vitium
762 824 977 859 curiositatis
999 825 1112 870 possit
1133 836 1209 859 esse
1230 825 1267 858 in
1290 825 1498 871 cognitione
1519 824 1750 860 intellectiva.

302 876 482 911 Secundo.
502 877 634 911 Utrum
655 877 700 911 sit
719 877 755 911 in
777 878 987 924 cognitione
1008 878 1188 913 sensitiva.

805 1009 1150 1054 ARTICULUS
1186 1009 1218 1052 I.
1723 1019 1790 1054 802

500 1117 652 1147 UTRUM
677 1117 804 1147 CIRCA
824 1118 1135 1147 COGNITIONEM
1158 1116 1514 1147 INTELLECTIVAM

726 1183 875 1212 POSSIT
903 1184 1002 1212 ESSE
1031 1183 1302 1213 CURIOSITAS.

709 1271 751 1316 (3.
780 1271 869 1305 Dist.
894 1282 938 1317 35.
970 1282 999 1316 q.
1028 1283 1058 1305 2.
1086 1276 1150 1305 art.
1173 1283 1200 1317 3.
1231 1283 1260 1316 q.
1288 1271 1342 1315 3).

309 1358 368 1392 ΑΙ)
391 1369 542 1392 ΞΕΧΤΕΜ
565 1359 615 1392 sic
637 1359 852 1404 proceditur.
876 1359 1038 1400 Videtur,
1054 1359 1149 1404 quod
1166 1359 1259 1391 circa
1275 1358 1524 1403 cognitionem
1538 1356 1794 1390 intellectivam

238 1422 311 1444 non
334 1412 446 1457 possit
468 1424 545 1446 esse
562 1412 768 1446 curiositas:
792 1412 874 1458 quia
896 1413 1095 1445 secundum
1114 1412 1251 1447 Philos.
1270 1412 1306 1444 in
1329 1421 1359 1444 2.
1378 1411 1537 1444 Ethicor.
1562 1410 1650 1456 (cap.
1673 1410 1737 1454 6.),
1760 1409 1795 1441 in

238 1465 293 1498 liis
315 1477 406 1510 quae
436 1466 636 1499 secundum
658 1477 695 1499 se
718 1474 800 1499 sunt
821 1465 927 1507 bona,
949 1464 1007 1498 vel
1025 1464 1142 1507 inala,
1164 1475 1238 1498 non
1260 1471 1409 1510 possunt
1431 1463 1547 1508 accipi
1568 1463 1741 1503 medium,
1763 1469 1797 1495 et

239 1526 416 1552 extrema:
440 1519 502 1552 sed
529 1519 689 1564 cognitio
710 1518 928 1552 intellectiva
951 1519 1151 1552 secundum
1177 1529 1215 1552 se
1238 1525 1290 1551 est
1309 1517 1422 1551 bona:
1445 1517 1481 1549 in
1507 1517 1577 1550 hoc
1601 1516 1698 1549 enim
1725 1526 1798 1560 per-

238 1570 346 1606 fectio
369 1572 528 1606 hominis
550 1572 689 1606 videtur
711 1572 919 1613 consistere,
940 1580 977 1606 ut
997 1571 1200 1605 intellectus
1222 1572 1298 1616 ejus
1318 1570 1360 1603 de
1378 1570 1539 1615 potentia
1558 1569 1749 1603 reducatur
1762 1568 1798 1601 in

240 1634 379 1668 actum3
401 1626 497 1672 quod
519 1626 558 1660 fit
579 1637 640 1671 per
662 1627 912 1671 cognitionem
931 1626 1108 1659 veritatis:
1132 1625 1217 1658 dicit
1239 1625 1347 1658 etiam
1368 1624 1478 1657 Dion.
1499 1633 1532 1666 4.
1555 1634 1632 1668 cap.
1655 1622 1698 1656 de
1717 1622 1798 1655 Div.

239 1680 349 1714 Nom.
375 1680 476 1726 (part.
506 1691 539 1724 4.
562 1680 630 1714 lzct.
656 1682 737 1725 22),
761 1680 856 1725 quod
889 1681 1010 1714 bonnm
1037 1681 1169 1713 animae
1195 1679 1359 1712 lmtmmae
1385 1682 1428 1712 est
1447 1676 1622 1711 secundum
1639 1676 1801 1710 rationem

240 1746 312 1775 esse,
336 1735 436 1778 cujus
457 1733 629 1779 perfectio
651 1733 688 1766 in
711 1733 919 1779 cognitione
942 1733 1099 1766 veritatis
1123 1731 1305 1773 consistit3
1330 1741 1416 1775 ergo
1437 1730 1531 1764 circa
1553 1729 1801 1775 cognitionem

240 1787 499 1823 intellectivam
522 1799 596 1821 non
615 1795 734 1832 potest
752 1798 828 1821 esse
850 1787 979 1820 vitium
1002 1786 1228 1820 curiositatis.

314 1852 345 1876 2.
367 1841 603 1875 PRAETEREA.
623 1840 726 1882 Illud,
749 1852 812 1887 per
831 1840 925 1886 quod
942 1840 1056 1873 homo
1073 1838 1290 1873 assimilatur
1312 1838 1405 1879 Deo,
1421 1845 1455 1871 et
1477 1837 1573 1883 quod
1591 1848 1610 1870 a
1625 1836 1705 1870 Deo
1722 1846 1804 1869 con-

243 1895 412 1940 sequitur,
434 1906 508 1928 non
529 1902 647 1940 potest
668 1905 744 1928 esse
768 1893 923 1927 malum:
946 1893 1007 1927 sed
1030 1903 1279 1938 quaecumque
1307 1891 1524 1925 abundantia
1546 1889 1762 1936 cognitionis
1783 1899 1804 1922 a
1857 1888 1858 1891 ’

244 1949 325 1982 Deo
348 1956 411 1989 est,
433 1948 632 1982 secundum
647 1946 735 1980 illud
748 1947 858 1980 Eccli.
879 1957 926 1980 1.:
946 1947 1063 1981 Omnis
1076 1948 1239 1992 sapienlia
1253 1957 1273 1978 α
1288 1945 1435 1978 Domino
1455 1945 1523 1978 Deo
1542 1948 1605 1978 est:
1621 1950 1655 1977 et
1673 1942 1756 1988 Sap.
1773 1952 1803 1986 7.

245 2002 390 2036 dicitur:
413 2002 481 2047 Ipsa
507 2001 591 2035 dedit
608 2001 690 2034 mihi
711 2001 831 2034 horum
852 2012 934 2045 quae
947 2004 1019 2034 sunt
1037 2001 1209 2034 scientiam
1231 2010 1358 2039 wram,
1386 2003 1423 2032 ut
1439 1999 1541 2031 sciam
1562 1996 1803 2043 dispositionem

246 2057 334 2090 orbis
360 2060 537 2095 terrarum,
559 2059 586 2088 et
618 2056 756 2088 virtutes
776 2054 1019 2095 clementorum,
1047 2061 1131 2087 etc.:
1156 2064 1217 2098 per
1238 2052 1309 2085 hoc
1341 2051 1450 2085 etiam
1471 2050 1586 2084 homo
1608 2050 1689 2083 Deo
1718 2048 1803 2083 assi-

246 2109 403 2150 milatur,
425 2109 521 2154 quod
548 2110 735 2142 veritatem
759 2107 968 2153 cognoscit:
991 2107 1074 2153 quia
1094 2107 1218 2148 omnia,
1239 2105 1367 2139 nudaet
1387 2109 1503 2151 aperta
1523 2108 1598 2138 sunt
1612 2103 1712 2138 oculis
1725 2104 1804 2148 ejus,

247 2171 286 2196 ut
303 2163 454 2196 liabetur
476 2162 519 2195 ad
540 2162 647 2195 Hebr.
663 2172 713 2203 43
729 2162 822 2194 unde
846 2172 873 2194 1.
897 2160 985 2206 Reg.
1002 2170 1032 2193 2.
1056 2159 1195 2200 dicitur,
1211 2158 1307 2204 quod
1326 2159 1417 2192 Dans
1429 2158 1642 2191 scientiarum
1657 2155 1806 2189 dominus

247 2222 314 2257 est;
339 2228 424 2262 ergo
443 2225 777 2262 quantumcumque
797 2215 952 2248 abundet
970 2213 1130 2259 cognitio
1149 2212 1318 2253 veritatis,
1333 2222 1407 2244 non
1423 2218 1475 2244 est
1489 2209 1597 2252 mala,
1615 2209 1676 2243 sed
1691 2209 1804 2242 bona:

250 2271 425 2317 appetitus
449 2278 569 2304 autem
583 2269 669 2303 boni
690 2280 764 2302 non
787 2276 838 2302 est
859 2268 1028 2309 vitiosus3
1052 2278 1137 2312 ergo
1161 2266 1255 2299 circa
1277 2264 1536 2299 intellectivam
1558 2262 1807 2308 cognitionem

249 2324 407 2358 veritatis
429 2335 502 2357 non
524 2330 643 2369 potest
660 2333 737 2356 esse
758 2321 884 2355 vitium
905 2321 1131 2354 curiositatis.

327 2389 354 2423 3.
377 2377 612 2411 PRAETEREA.
637 2376 674 2410 Si
703 2375 797 2409 circa
820 2374 976 2420 aliquam
1008 2373 1266 2407 intellectivam
1301 2371 1550 2416 cognitionem
1582 2377 1705 2416 posset
1730 2379 1808 2403 esse

253 2430 467 2464 curiositatis
489 2430 628 2471 vitium,
650 2428 841 2475 praecipue
868 2435 960 2461 esset
983 2428 1077 2460 circa
1099 2425 1371 2472 philosophicas
1393 2423 1578 2457 scientias:
1606 2423 1667 2457 sed
1690 2422 1738 2456 eis
1760 2422 1811 2455 in-

251 2483 398 2518 tendere
419 2495 493 2517 non
514 2483 653 2517 videtur
668 2493 745 2516 esse
763 2481 944 2514 vitiosum:
965 2480 1050 2514 dicit
1068 2480 1165 2513 enim
1181 2479 1327 2512 Hieron.
1343 2488 1447 2523 super
1463 2475 1655 2510 Danielem
1676 2476 1764 2522 (cap.
1780 2487 1808 2510 1.

252 2544 322 2584 sup.
344 2537 424 2572 illud
437 2551 446 2571 .·
469 2537 642 2583 Proposzcit
663 2540 784 2577 autem,
805 2539 875 2575 etc„
895 2539 922 2567 tlt
944 2534 1018 2567 hal).
1042 2539 1133 2579 capa
1158 2533 1228 2576 Qui
1245 2531 1281 2565 da
1302 2541 1423 2571 mensa,
1444 2530 1624 2575 Dist.37.):
1643 2542 1661 2561 «
1678 2528 1753 2569 Qui
1767 2528 1810 2562 de

254 2602 390 2633 mensa,
413 2600 446 2625 et
460 2591 544 2625 vino
566 2590 661 2635 regis
679 2588 871 2622 noluerunt
893 2586 1096 2628 comedere,
1115 2597 1160 2619 ne
1176 2584 1392 2631 polluantur,
1408 2583 1437 2617 si
1457 2582 1682 2629 sapientiam,
1705 2591 1810 2627 atque

255 2644 457 2678 doctrinam
480 2643 764 2689 Babyloniorum
785 2641 917 2675 scirent
938 2651 1014 2673 esse
1031 2646 1232 2685 peccatum,
1254 2648 1453 2682 numquam
1476 2636 1744 2681 acquiescerent
1764 2634 1812 2668 di-

255 2708 366 2739 scere,
389 2698 484 2743 quod
506 2708 580 2730 non
601 2696 732 2730 licebat
746 2707 784 2728 ));
808 2702 842 2728 et
863 2693 1014 2737 August.
1039 2692 1123 2726 dicit
1144 2692 1178 2725 in
1202 2701 1232 2725 2.
1257 2691 1299 2725 de
1318 2691 1442 2724 Doctr.
1467 2689 1598 2724 Christ.
1623 2688 1711 2735 (cap.
1736 2689 1808 2733 40.)

257 2751 354 2796 quod
381 2764 398 2782 «
415 2751 444 2784 si
477 2761 546 2796 qua
572 2761 656 2784 vera
686 2746 893 2794 philosophi
919 2746 1092 2787 dixerunt,
1121 2745 1162 2778 ab
1191 2745 1240 2778 eis
1271 2752 1362 2785 sunt,
1388 2752 1575 2788 tamquam
1602 2742 1643 2775 ab
1674 2742 1811 2786 injustis

256 2804 533 2851 possessoribus,
556 2803 591 2836 in
617 2813 723 2836 usum
744 2808 907 2835 nostrum
933 2799 1202 2839 vindicanda»;
1228 2808 1302 2831 non
1329 2807 1415 2842 ergo
1442 2796 1536 2830 circa
1563 2794 1812 2840 cognitionem

259 2857 516 2892 intellectivam
538 2864 657 2902 potest
677 2866 754 2889 esse
777 2853 963 2888 curiositas
985 2852 1124 2885 vitiosa.
