1859 3122
519 151 739 188 QUAEsrro
775 152 873 182 xcv.
907 151 1151 181 ARTICULUS
1184 152 1224 181 v.
1582 139 1664 192 679

104 235 398 277 moderentur3et
411 234 492 268 ideo
508 233 682 279 astrologi
698 234 732 268 in
749 233 870 268 multis
886 245 971 268 vera
986 233 1249 280 praenuntiant,
1266 241 1300 267 et
1315 233 1504 280 praecipue
1517 232 1553 266 in
1569 243 1668 266 com-

104 289 270 323 munibus
299 287 495 329 eventibus,
523 287 582 333 qui
609 288 812 333 dependent
839 299 879 322 ex
909 287 1157 322 multitudine:
1193 287 1258 321 alio
1288 286 1382 321 modo
1413 294 1559 333 propter
1587 286 1667 320 dae-

103 353 230 376 mones
252 353 289 376 se
316 341 581 376 immiscentes:
604 341 698 375 unde
721 342 874 387 August.
902 341 938 375 in
967 351 997 374 2.
1021 352 1127 387 super
1151 341 1242 375 Gen.
1267 341 1309 374 ad
1332 340 1473 374 literam
1503 339 1591 387 (sap.
1614 351 1663 385 17.

101 396 143 430 ad
160 397 239 442 fin.)
268 395 413 429 dicitur:
451 395 689 429 «Fatendum
716 402 779 437 est,
806 395 950 441 quando
979 406 998 428 a
1021 394 1289 428 mathematicis
1312 405 1397 428 vera
1427 393 1594 427 dicuntur
1616 393 1665 426 in-

101 449 231 484 stinctu
255 449 413 495 quodam
436 447 684 482 occultissimo
708 448 789 489 dici,
812 460 920 494 quem
942 448 1144 482 nescientes
1166 448 1348 481 humanae
1369 455 1505 481 mentes
1526 447 1664 493 patiun-

100 512 166 538 tur:
182 503 277 549 quod
289 510 410 536 tamen
423 502 465 536 ad
481 502 712 548 decipiendos
724 502 892 536 homines
908 501 945 536 fit
959 502 1146 547 spirituum
1160 501 1444 542 immundorum,
1457 509 1491 534 et
1502 501 1668 534 seducto-

102 568 179 590 rum
191 556 413 601 operatione,
428 556 487 601 qui
503 556 679 601 quaedam
692 567 773 589 vere
789 556 832 589 de
843 555 1102 600 temporalibus
1118 555 1221 588 rebus
1236 566 1342 588 nosse
1359 555 1639 600 permittuntur»
1657 566 1664 595 ;

101 610 194 644 unde
217 609 416 643 concludit:
449 608 716 655 «Quapropter
741 609 838 643 bono
868 609 1074 650 christianO,
1098 608 1172 642 sive
1201 608 1460 650 mathematici,
1488 608 1562 641 sive
1590 607 1663 653 qui-

100 663 186 697 libet
206 663 315 709 impie
338 662 588 703 divinantium,
611 670 645 696 et
667 662 824 696 maxime
840 662 1000 696 dicentes
1018 673 1113 703 vera,
1129 662 1280 695 cavendi
1295 670 1395 703 sunt,
1418 673 1462 695 ne
1479 661 1663 695 consortio

99 716 377 751 daemoniorum
401 716 559 749 animam
582 715 770 761 deceptam
792 723 898 761 pacto
921 715 1080 761 quodam
1103 715 1285 749 societatis
1308 715 1514 749 irretiant».

171 770 216 804 Et
238 780 300 816 per
322 769 392 804 hoc
415 777 512 816 patet
533 769 720 816 responsio
742 779 791 803 AD
815 778 997 803 TERTmM.

661 912 1006 958 ARTICULUS
1035 913 1112 956 Vr.
1598 935 1663 969 510

218 1021 371 1052 UTRUM
398 1021 646 1062 DIVINATIO,
675 1021 794 1057 QUAE
821 1022 890 1051 FIT
919 1023 996 1052 PER
1025 1021 1203 1060 SOMNIA,
1233 1021 1300 1050 SIT
1334 1020 1541 1050 ILLICITA.

401 1109 492 1153 (Lib.
516 1121 544 1154 3.
569 1109 685 1144 Contr.
705 1121 736 1154 g.
759 1115 832 1156 cap.
854 1121 921 1155 154.
943 1115 972 1144 et
993 1115 1098 1155 opusc.
1126 1120 1173 1154 25.
1196 1116 1268 1155 cop.
1291 1108 1353 1153 4.).

170 1198 229 1231 AD
257 1207 409 1232 SEXTUM
430 1197 480 1231 sic
503 1197 720 1244 proceditur.
743 1197 905 1239 Videtur,
928 1197 1024 1244 quod
1047 1197 1232 1239 divinatio,
1252 1208 1344 1243 quae
1366 1196 1405 1230 fit
1426 1207 1488 1243 per
1507 1195 1662 1237 somnia,

101 1261 175 1284 non
197 1251 242 1284 sit
259 1250 402 1284 illicita:
425 1250 476 1285 uti
498 1251 595 1285 enim
617 1250 852 1286 instructione
868 1251 988 1285 divina
1002 1262 1076 1285 non
1092 1258 1144 1285 est
1158 1250 1344 1285 illicitum:
1368 1251 1430 1284 sed
1453 1251 1487 1283 in
1510 1249 1660 1284 somniis

103 1303 271 1338 homines
299 1304 521 1338 instruuntur
548 1315 567 1338 a
593 1305 687 1346 Deo,
715 1304 844 1338 dicitur
874 1304 971 1338 enim
997 1304 1063 1350 Job
1096 1315 1168 1350 33.:
1196 1305 1259 1339 Per
1284 1305 1450 1338 somnium
1476 1305 1510 1337 in
1536 1304 1662 1337 visione

98 1362 275 1400 nocturna,
303 1357 433 1403 quando
456 1359 557 1392 irruit
577 1364 674 1404 sopor
690 1364 786 1404 super
812 1358 968 1399 homines,
991 1363 1019 1392 et
1039 1357 1211 1393 dormiunt
1231 1359 1266 1391 in
1289 1357 1417 1399 lectulo,
1441 1362 1516 1392 tunc
1538 1358 1658 1403 aperit,

101 1409 237 1444 scilicet
258 1410 370 1453 Deus,
392 1423 488 1446 aures
504 1412 671 1453 virorum,
695 1416 722 1446 et
744 1411 893 1446 erudiens
910 1423 960 1446 eo>⁴
980 1413 1114 1446 instruit
1125 1411 1301 1458 disciplina
1311 1423 1323 1452 ‚·
1347 1421 1434 1456 ergo
1458 1410 1508 1444 uti
1527 1410 1660 1444 divina<

97 1463 208 1506 tione,
231 1475 322 1510 quae
346 1473 398 1498 est
418 1476 481 1511 per
502 1465 656 1506 somnia,
678 1476 751 1498 non
775 1473 827 1498 est
847 1464 1024 1498 illicitum.

168 1527 199 1551 2.
221 1517 457 1552 PRAETEREA.
480 1517 534 1551 Illi
558 1518 617 1563 qui
639 1518 916 1564 interpretantur
931 1518 1084 1559 somnia,
1107 1517 1250 1563 proprie
1274 1525 1421 1551 utuntur
1436 1516 1657 1550 divinatione

99 1571 347 1606 somniorum:
370 1572 431 1605 sed
454 1571 568 1605 sancti
589 1571 654 1604 viri
674 1571 842 1617 leguntur
863 1571 1004 1605 somnia
1024 1571 1263 1616 interpretati:
1287 1570 1523 1616 sicutJoseph
1547 1578 1600 1604 est
1613 1570 1662 1603 in-

97 1632 310 1670 tcrpretatus
343 1624 487 1658 somnia
513 1624 708 1670 pincernae
738 1624 952 1666 Pharaonis,
983 1632 1017 1658 et
1051 1624 1214 1669 magistri
1242 1624 1430 1670 pistorum,
1460 1631 1499 1657 ut
1530 1623 1662 1669 legitur

100 1677 190 1711 Gen.
212 1687 282 1720 40„
306 1685 340 1712 et
360 1677 492 1711 Daniel
514 1677 767 1724 interpretatus
795 1686 847 1712 est
874 1678 1058 1712 somnium
1080 1677 1190 1723 Regis
1213 1677 1420 1723 Babylonis,
1447 1685 1484 1711 ut
1510 1677 1662 1711 habetur

99 1731 192 1764 Dan.
217 1741 246 1764 2.
271 1739 305 1765 et
323 1741 374 1774 4.;
397 1742 483 1776 ergo
507 1731 679 1765 divinatio
702 1731 932 1765 somniorum
954 1742 1027 1765 non
1051 1738 1102 1765 est
1124 1730 1259 1764 illicita.

172 1796 201 1831 3.
228 1785 464 1819 PRAETEREA.
481 1783 572 1818 Illud
596 1784 693 1830 quod
716 1785 960 1818 communiter
973 1784 1143 1818 homines
1160 1784 1401 1830 experiuntur,
1415 1782 1659 1817 irrationabile

99 1846 151 1872 est
172 1849 326 1884 negare,
349 1838 410 1872 sed
434 1849 561 1872 omnes
584 1838 813 1883 experiuntur
839 1837 982 1872 somnia
1007 1838 1140 1871 habere
1167 1837 1326 1883 aliquam
1356 1837 1660 1883 significationem

98 1891 324 1934 futurorum;
351 1902 438 1937 ergo
467 1902 602 1925 vanum
630 1899 683 1925 est
708 1902 841 1937 negare
863 1891 1006 1926 somnia
1036 1891 1170 1925 habere
1197 1891 1271 1924 vim
1298 1890 1549 1933 divinationis;
1571 1901 1659 1936 ergo

97 1943 237 1979 licitum
258 1952 311 1979 est
332 1945 382 1979 eis
404 1944 602 1979 intendere.

169 1998 243 2032 SED
267 2007 422 2033 CONTRA
441 2005 504 2040 est,
520 1998 615 2044 quod
639 1998 765 2033 dicitur
780 1998 927 2032 Deuter.
947 1998 1018 2032 18.:
1038 1999 1115 2033 Non
1131 1999 1323 2033 inveniatur
1337 2000 1370 2033 in
1387 2003 1427 2041 te,
1446 1999 1502 2044 qui
1515 1999 1660 2033 observet

96 2052 237 2086 somnia.

167 2104 397 2139 RESPONDEO
420 2103 625 2146 dicendum,
649 2105 757 2150 quod,
779 2106 871 2140 sicut
897 2105 1034 2140 dictum
1061 2112 1113 2139 est
1135 2105 1216 2149 (art.
1239 2117 1269 2140 2.
1293 2110 1322 2140 et
1344 2105 1376 2140 6.
1399 2105 1468 2150 huj.
1490 2105 1551 2151 q),
1575 2105 1660 2139 divi-

97 2157 208 2200 natio,
226 2169 318 2204 quae
339 2157 500 2191 innititur
520 2156 630 2192 falsae
646 2158 821 2204 opinioni,
845 2167 897 2193 est
918 2159 1175 2205 superstitiosa,
1191 2167 1224 2193 et
1238 2158 1381 2202 illicita3
1397 2159 1478 2193 ideo
1498 2159 1663 2193 conside-

98 2223 175 2246 rare
197 2220 350 2258 oportet,
373 2212 470 2258 quod
492 2212 536 2246 sit
556 2223 682 2246 verum
710 2213 803 2247 circa
830 2212 1170 2259 praecognitionem
1196 2211 1399 2246 futurorum
1426 2212 1469 2246 de
1495 2212 1658 2246 somniis.

99 2265 191 2300 Sunt
205 2274 324 2300 autern
346 2265 489 2300 somnia
506 2265 707 2301 futurorum
724 2275 939 2301 eventuum:
958 2266 1149 2312 quandoqn«.⁷
1164 2265 1310 2312 quidem
1327 2277 1450 2308 causa·,
1470 2273 1555 2311 puta
1574 2276 1657 2299 cum

98 2330 201 2354 mens
222 2319 372 2365 alicujus
394 2319 536 2353 solicita
558 2331 600 2353 ex
621 2320 688 2362 his,
711 2331 802 2366 quae
824 2320 921 2354 videt
942 2320 977 2353 in
1001 2320 1150 2361 somnis,
1177 2319 1358 2353 inducitur
1386 2319 1428 2352 ad
1457 2318 1588 2364 aliquid
1612 2318 1658 2352 fa-

99 2372 278 2414 ciendum,
298 2372 357 2407 vel
378 2372 582 2407 vitandum:
606 2373 797 2420 quandoque²
817 2385 904 2408 vero
920 2374 1062 2408 somnia
1084 2381 1165 2408 sunt
1180 2373 1282 2419 signa
1302 2373 1505 2419 aliquorum
1527 2372 1660 2406 futuro-

98 2437 178 2460 rum
191 2434 396 2468 eventuum,
408 2426 621 2472 inquantum
635 2427 854 2462 reducuntur
866 2427 908 2461 ad
921 2427 1079 2473 aliquam
1091 2438 1237 2461 causam
1249 2437 1484 2460 communem
1495 2426 1658 2467 somniis,

100 2486 134 2513 et
153 2479 278 2514 futuris
301 2479 486 2514 eventibus
500 2492 508 2522 3
523 2487 558 2514 et
579 2480 778 2514 secundum
793 2481 865 2515 hoc
880 2480 1056 2526 plurimae
1072 2480 1386 2526 praecognitiones
1401 2478 1603 2513 futurorum
1622 2480 1657 2512 in

100 2533 249 2567 somniis
264 2532 370 2575 fiunt;
386 2542 439 2567 est
454 2544 540 2579 ergo
564 2533 879 2577 considerandum,
894 2545 985 2580 quae
1001 2534 1045 2568 sit
1060 2545 1167 2568 causa
1182 2533 1422 2573 somniorum,
1438 2540 1472 2566 et
1488 2544 1531 2566 an
1546 2532 1658 2577 possit

103 2595 178 2619 esse
194 2595 302 2619 causa
315 2585 517 2620 futurorum
533 2594 738 2628 eventuum,
752 2586 811 2620 vel
832 2598 873 2620 ea
896 2587 1008 2633 possit
1023 2597 1266 2632 cognoscere3
1286 2585 1474 2619 sciendum
1490 2593 1542 2618 est
1558 2596 1657 2630 ergo,

101 2638 197 2683 quod
217 2639 446 2674 somniorum
468 2651 576 2673 causa
594 2640 784 2686 quandoque
799 2640 944 2686 quidem
967 2649 1019 2674 est
1038 2640 1196 2681 interius,
1219 2639 1410 2685 quandoque
1433 2645 1552 2671 autem
1568 2645 1659 2671 exte-

101 2691 183 2725 rius.
205 2692 357 2726 Interior
376 2701 497 2727 autem
516 2693 743 2727 somniorum
766 2704 875 2728 causa
897 2702 949 2728 est
970 2694 1098 2740 duplex.
1132 2694 1207 2727 Una
1233 2692 1379 2737 quidem
1403 2691 1587 2733 animalis;
1610 2690 1659 2724 in-

101 2752 274 2789 quantum
296 2745 434 2780 scilicet
455 2757 497 2780 ea
520 2754 714 2780 occurrunt
733 2746 893 2781 hominis
912 2747 1122 2793 phantasiae
1145 2748 1180 2780 in
1203 2745 1430 2785 dormiendo,
1450 2745 1543 2778 circa
1566 2755 1657 2790 quae

102 2797 176 2841 ejus
199 2798 384 2844 cogitatio,
406 2807 440 2833 et
463 2798 605 2833 affectio
628 2798 693 2833 fuit
714 2799 907 2834 immorata
926 2800 961 2833 in
983 2799 1189 2845 vigiland03
1212 2806 1247 2832 et
1267 2797 1347 2831 talis
1371 2809 1479 2831 causa
1500 2797 1659 2831 somnio-

103 2861 182 2884 rum
202 2861 275 2885 non
298 2860 350 2886 est
372 2863 480 2887 causa
502 2851 705 2887 futurorum
727 2861 940 2895 eventuum3
963 2853 1057 2887 unde
1078 2852 1288 2897 hujusmodi
1310 2851 1464 2894 somnia,
1485 2863 1548 2898 per
1571 2852 1661 2885 acci-
