1859 3122
547 163 767 200 QUAESTIO
801 164 946 194 CLVIII.
981 163 1222 194 ARTICULUS
1256 163 1299 193 ΙΙ.
1580 165 1682 208 1031

144 375 165 396 .
693 350 1034 396 ARTICULUS
1064 351 1119 394 H.
1622 360 1689 408 767

521 470 705 501 UTRUM
738 471 829 500 IRA
862 471 940 500 SIT
972 470 1289 500 PECCATUM.

157 568 202 613 (t.
222 568 310 603 Dist.
326 569 378 614 36.
398 574 461 603 art.
483 582 510 604 Ι.
529 569 572 604 ad
592 582 623 605 2.
641 575 671 605 et
684 583 712 617 3.
734 571 818 605 Dist.
846 582 888 616 15.
911 582 940 616 q.
968 582 998 605 2.
1026 575 1090 605 art.
1114 581 1143 605 2.
1171 582 1200 616 q.
1228 581 1259 605 2.
1281 575 1309 604 et
1331 570 1414 605 Mal.
1430 582 1458 616 q.
1475 581 1523 605 12.
1546 574 1611 604 art.
1634 581 1665 604 2.

718 629 747 660 et
766 624 882 671 Ephes.
903 635 936 669 4.
958 625 1027 659 lect.
1049 624 1103 669 1.).

205 723 265 758 AD
293 734 499 759 SECUNDUM
521 725 569 759 sic
593 725 808 772 proceditur.
834 725 996 767 Videtur,
1024 725 1119 771 quod
1142 725 1193 759 ira
1212 735 1284 758 non
1307 724 1351 758 sit
1372 732 1584 770 peccatum:
1612 734 1692 770 pec-

136 777 252 811 cando
291 778 388 812 enim
422 778 668 814 demeremur:
696 780 757 813 sed
784 780 1009 826 passionibus
1030 790 1104 813 non
1135 779 1374 819 demeremur,
1402 777 1493 811 sicut
1513 788 1579 811 nec
1600 777 1692 810 vitu-

136 842 314 877 peramur,
336 839 374 866 ut
400 831 529 866 dicitur
554 833 589 866 in
613 843 643 866 2.
666 832 780 866 Ethic.
804 833 892 879 (cap.
915 833 976 878 5.)‚·
1013 844 1099 877 ergo
1122 831 1220 865 nulla
1254 831 1372 877 passio
1395 839 1449 865 est
1478 838 1690 876 peccatum:

135 885 186 918 ira
209 892 329 919 autem
351 893 404 919 est
430 887 561 931 passio,
583 894 621 920 ut
641 897 746 932 supra
768 886 930 920 habitum
953 894 1006 920 est
1027 887 1106 929 (1-2.
1130 897 1159 931 t]-
1194 885 1250 929 46.
1279 890 1340 919 art.
1366 884 1410 929 1.)
1435 895 1516 918 curn
1551 884 1594 918 de
1616 894 1693 930 pas-

135 937 296 972 sionibus
315 947 495 984 ageretur3
519 950 606 985 ergo
628 940 679 973 ira
700 950 774 972 non
797 947 849 973 est
870 947 1074 984 peccatum.

208 1001 238 1025 2.
266 992 501 1027 PRAETERffl.
524 993 563 1026 In
586 993 688 1026 omni
710 1000 860 1038 peccato
883 1000 936 1026 est
959 991 1148 1026 conversio
1185 991 1227 1025 ad
1267 990 1411 1036 aliquod
1433 991 1570 1024 bonum
1592 1001 1693 1024 com-

137 1044 326 1080 mutabile:
354 1046 417 1080 sed
438 1057 501 1092 per
526 1046 618 1079 iram
648 1057 722 1080 non
745 1046 964 1079 convertitur
986 1045 1113 1091 aliquis
1141 1045 1183 1078 ad
1206 1044 1351 1090 aliquod
1373 1044 1510 1078 bonum
1532 1054 1694 1078 commu-

135 1098 255 1140 tabile,
278 1098 339 1132 sed
360 1099 396 1132 in
423 1098 559 1133 malurn
583 1098 756 1144 alicujus;
783 1110 870 1144 ergo
896 1099 948 1132 ira
969 1110 1043 1132 non
1067 1106 1119 1132 est
1139 1106 1342 1144 peccatum.

210 1163 239 1198 3.
261 1152 496 1187 PRAETEREA.
518 1151 647 1186 Nullus
669 1160 797 1198 peccat
817 1152 854 1186 in
876 1163 919 1186 eo
951 1152 1048 1198 quod
1070 1153 1182 1185 vitare
1204 1163 1278 1185 non
1305 1158 1433 1198 potest,
1468 1159 1506 1185 ut
1538 1151 1692 1196 August.

137 1205 222 1239 dicit
242 1205 317 1250 (lib.
328 1217 356 1251 3.
372 1205 407 1240 de
422 1206 496 1239 Lib.
512 1206 596 1239 ΑΓΖ).
612 1212 681 1251 cap.
698 1206 763 1251 19.)
777 1216 788 1238 :
811 1205 872 1239 sed
889 1205 980 1239 iram
995 1205 1108 1239 homo
1123 1205 1234 1239 vitare
1253 1216 1326 1239 non
1342 1212 1470 1251 potest,
1485 1206 1567 1250 quia
1588 1215 1694 1250 super

136 1257 223 1292 illud
244 1259 301 1292 Ps.
316 1268 368 1301 4:
390 1259 591 1299 Irascimini,
610 1264 640 1293 et
657 1259 756 1293 nolite
770 1265 918 1305 peccare,
931 1259 1016 1293 dicit
1031 1258 1150 1293 Gloss.
1170 1258 1257 1303 (ord.
1275 1258 1446 1302 Cassiod),
1459 1258 1554 1304 quod
1573 1266 1694 1292 motus

135 1312 210 1345 irae
230 1322 305 1345 non
326 1320 378 1346 est
399 1311 434 1345 in
461 1320 637 1358 potestate
659 1321 804 1346 nostra:
836 1312 972 1347 Philos.
996 1312 1103 1346 etiam
1139 1314 1175 1346 in
1197 1322 1228 1357 7.
1267 1312 1382 1346 Ethic.
1412 1312 1498 1358 (rap.
1525 1312 1573 1357 6.)
1597 1312 1694 1354 dicit,

137 1364 233 1411 quod
255 1365 365 1399 iratus
400 1376 483 1399 cum
505 1365 645 1399 tristitia
678 1372 863 1412 operatur:
886 1365 1028 1400 tristitia
1061 1373 1181 1400 autem
1204 1373 1257 1400 est
1286 1366 1465 1400 contraria
1485 1365 1694 1407 ·voluntati;

138 1429 225 1464 ergo
246 1418 300 1452 ira
321 1430 395 1453 non
417 1426 470 1453 est
490 1427 691 1465 peccatum.

206 1481 239 1514 4.
261 1471 497 1506 PRAETEREA.
519 1472 716 1506 Peccatum
743 1480 796 1506 est
821 1480 947 1506 contra
968 1480 1146 1514 naturam,
1168 1480 1206 1507 ut
1223 1473 1394 1506 Damasc.
1411 1472 1497 1506 dicit
1522 1472 1558 1506 in
1582 1482 1612 1506 2.
1635 1471 1694 1506 lib.

139 1525 255 1570 (Orth.
271 1525 344 1560 Fid.
362 1531 434 1572 cap.
456 1537 488 1570 4.
511 1530 538 1560 et
556 1526 648 1571 30.):
671 1526 732 1560 sed
760 1526 864 1560 irasci
893 1537 966 1560 non
989 1534 1043 1560 est
1072 1534 1198 1560 contra
1219 1534 1385 1560 naturam
1412 1526 1586 1568 hominis,
1610 1537 1694 1560 cum

138 1579 183 1612 sit
209 1586 308 1612 actus
339 1578 510 1613 naturalis
544 1580 738 1625 potentiae,
763 1590 854 1625 quae
885 1587 938 1613 est
970 1579 1181 1621 irascibilis;
1204 1579 1296 1613 unde
1320 1587 1354 1613 et
1375 1579 1524 1613 Hieron.
1552 1579 1638 1613 dicit
1658 1579 1694 1612 in

137 1631 294 1678 quadam
316 1631 466 1678 epistola
478 1632 526 1678 (9.
547 1632 590 1666 ad
608 1632 813 1678 Salvinmn),
829 1633 925 1679 quod
942 1645 959 1664 «
977 1632 1083 1667 irasci
1099 1641 1152 1667 est
1164 1633 1366 1676 hominism
1383 1644 1470 1679 ergo
1492 1633 1599 1667 irasci
1619 1644 1693 1666 non

139 1693 193 1720 est
213 1692 415 1731 peccatum.

210 1738 284 1773 SED
303 1749 458 1774 CONTRA
480 1747 543 1781 est,
562 1739 658 1785 quod
680 1739 806 1786 Apost.
829 1739 915 1773 dicit
940 1739 983 1773 ad
1006 1738 1134 1785 Ephes.
1156 1748 1206 1782 4.:
1233 1740 1351 1774 Omnis
1371 1739 1567 1785 indignatio,
1592 1745 1620 1775 et
1637 1741 1691 1774 ira

139 1792 272 1826 tollatur
290 1803 308 1826 a
329 1793 432 1826 vobis.

209 1845 438 1880 RESPONDEO
461 1845 664 1888 dicendum,
684 1846 778 1892 quod
800 1846 862 1888 ira,
885 1845 976 1879 sicut
998 1845 1134 1879 dictum
1156 1854 1209 1880 est
1226 1847 1306 1888 (art.
1324 1853 1436 1892 praec.
1459 1851 1487 1880 ct
1507 1857 1572 1881 1-2.
1588 1857 1617 1892 q.
1637 1845 1693 1890 46.

139 1904 202 1933 art.
224 1900 284 1944 L),
311 1899 455 1945 proprie
476 1899 642 1933 nominat
667 1899 862 1945 quamdam
888 1899 1112 1945 passionem:
1135 1899 1399 1945 passioautem
1423 1900 1599 1946 appetitus
1621 1911 1698 1933 sen-

139 1953 233 1987 sitivi
258 1953 438 1987 intantum
464 1961 516 1986 est
541 1953 648 1994 bona,
681 1953 896 1998 inquantum
922 1953 1060 1986 ratione
1083 1952 1284 1998 regulatur:
1321 1953 1350 1986 si
1388 1960 1508 1987 autem
1530 1953 1695 1987 ordinem

140 2006 288 2040 rationis
310 2005 486 2047 excludat,
506 2014 558 2040 est
578 2005 693 2040 mala:
717 2006 806 2040 ordo
834 2014 954 2040 autem
976 2006 1124 2040 rationis
1155 2006 1191 2039 in
1218 2006 1270 2040 ira
1292 2014 1409 2051 potest
1433 2007 1567 2040 attendi
1589 2018 1698 2053 quan-

140 2068 218 2094 tum
239 2059 283 2093 ad
304 2059 366 2094 duo
383 2072 393 2094 :
410 2061 521 2105 primo
542 2059 687 2105 quidem
709 2067 880 2105 quantum
905 2059 948 2092 ad
976 2059 1176 2105 appetibile,
1197 2059 1234 2093 in
1257 2060 1352 2105 quod
1375 2060 1498 2101 tendit,
1521 2061 1617 2106 quod
1645 2067 1697 2094 est

140 2112 315 2155 vindicta;
338 2113 431 2146 unde
454 2113 482 2146 si
509 2112 636 2158 aliquis
663 2120 816 2159 appetat,
839 2113 934 2158 quod
961 2113 1159 2146 secundum
1187 2113 1351 2146 ordinem
1374 2113 1522 2147 rationis
1544 2113 1605 2147 fiat
1625 2113 1698 2146 vin-

141 2165 248 2207 dicta,
270 2173 322 2199 est
339 2165 526 2199 laudabilis
547 2166 621 2200 irae
637 2166 832 2212 appetitus;
855 2173 888 2199 et
902 2174 1052 2200 vocatur
1073 2167 1126 2200 ira
1144 2172 1205 2212 per
1224 2167 1349 2211 zebarim·
1373 2166 1402 2200 si
1424 2175 1545 2200 autem
1569 2166 1696 2212 aliquis

143 2226 296 2265 appetat,
315 2219 412 2264 quod
433 2219 494 2253 fiat
518 2219 675 2253 vindicta
697 2218 1006 2265 qualitercumque
1033 2227 1159 2253 contra
1178 2219 1342 2253 ordinem
1370 2219 1518 2253 rationis
1546 2220 1647 2265 (puta
1669 2220 1696 2253 si

143 2280 286 2318 appetat
303 2272 419 2318 puniri
434 2283 529 2314 eum,
548 2273 609 2318 qui
625 2283 699 2306 non
718 2274 859 2314 meruit,
874 2272 931 2306 vel
945 2272 1036 2306 ultra
1058 2284 1166 2319 quam
1188 2273 1328 2314 meruit,
1342 2272 1400 2306 vel
1414 2273 1523 2306 etiam
1548 2284 1622 2307 non
1648 2284 1699 2307 se-

143 2325 302 2359 cundum
322 2324 526 2371 legitimum
549 2325 724 2367 ordinem,
746 2325 804 2359 vel
821 2337 894 2360 non
916 2333 1061 2372 propter
1083 2326 1242 2360 debitum
1264 2326 1385 2368 finem,
1408 2326 1468 2372 qui
1483 2334 1535 2360 est
1557 2337 1698 2360 conser-

141 2379 238 2412 vatio
257 2378 412 2424 justitiae
434 2386 469 2412 et
489 2378 666 2413 correctio
689 2378 830 2424 culpae)
859 2379 924 2413 erit
945 2380 1121 2425 appetitus
1140 2379 1213 2413 irae
1231 2379 1403 2421 vitiosus3
1426 2386 1460 2413 et
1485 2379 1697 2413 nominatur

144 2434 196 2466 ira
212 2438 275 2478 per
299 2433 440 2466 vitiam:
468 2432 533 2466 alio
559 2432 653 2466 modo
682 2433 872 2466 attenditur
898 2433 987 2466 ordo
1017 2433 1164 2467 rationis
1196 2433 1290 2466 circa
1320 2432 1423 2473 iram,
1451 2441 1625 2478 quantum
1653 2434 1695 2466 ad

143 2485 295 2519 modum
312 2485 507 2527 irascendi,
530 2493 567 2519 ut
588 2485 725 2519 scilicet
745 2493 865 2520 motus
886 2486 959 2520 irae
978 2497 1051 2519 non
1066 2485 1306 2520 immoderate
1325 2485 1512 2527 fervescat,
1530 2497 1595 2520 nec
1610 2486 1697 2520 inte-

143 2539 226 2580 rius,
251 2550 317 2572 nec
337 2538 512 2580 exterius3
535 2539 631 2584 quod
655 2538 800 2584 quidam
822 2539 851 2573 si
871 2540 1184 2585 praetermittatur,
1207 2550 1281 2573 non
1304 2539 1368 2573 erit
1389 2539 1440 2572 ira
1463 2540 1597 2585 absque
1618 2551 1697 2586 pec-

145 2600 238 2634 cato,
257 2591 367 2625 etiam
388 2591 417 2625 si
439 2591 565 2637 aliquis
589 2600 731 2638 appetat
747 2593 878 2637 justam
898 2593 1107 2626 vindictam.

215 2645 274 2679 AD
301 2655 449 2679 PRIMUM
465 2656 549 2690 ergo
566 2645 874 2691 dicendum,quod
893 2646 975 2692 quia
992 2646 1111 2692 passio
1134 2653 1251 2691 potest
1270 2657 1346 2680 esse
1368 2645 1530 2691 regulata
1545 2645 1695 2687 ratione,

144 2697 202 2732 vel
222 2709 297 2731 non
324 2697 496 2743 regulata,
519 2698 599 2732 ideo
621 2698 820 2732 secundum
841 2700 1046 2745 passionem
1070 2699 1232 2733 absolute
1255 2698 1520 2732 consideratam
1541 2710 1615 2732 non
1634 2698 1698 2731 im-

144 2759 305 2797 portatur
326 2751 416 2784 ratio
440 2751 568 2792 meriti,
594 2751 652 2785 vel
673 2751 849 2794 demeriti,
863 2763 926 2786 seu
944 2751 1070 2794 laudis,
1088 2751 1145 2785 vel
1163 2752 1552 2797 vituperiizsecundum
1575 2759 1695 2785 tamen

146 2804 241 2851 quod
264 2812 317 2838 est
336 2803 498 2850 regulata
519 2804 669 2846 ratione,
691 2812 808 2850 potest
829 2805 961 2839 habere
981 2805 1159 2839 rationem
1179 2805 1365 2846 meritorii,
1387 2812 1421 2838 et
1438 2804 1643 2838 laudabilis:
1663 2813 1697 2838 et

147 2869 164 2892 e
189 2857 369 2892 contrario
396 2857 595 2891 secundum
618 2858 712 2903 quod
739 2869 812 2892 non
839 2866 892 2892 est
917 2858 1079 2904 regulata
1104 2859 1255 2900 ratione,
1285 2866 1403 2904 potest
1429 2858 1562 2892 habere
1592 2858 1698 2892 ratio—
