1859 3122
162 171 248 225 960
546 181 768 216 QUAESTIO
804 181 979 210 chvm.
1014 181 1258 210 ARTICULUS
1292 181 1335 210 11.

735 349 1080 394 ARTICULUS
1115 350 1170 392 11.
1656 373 1720 409 715

499 456 652 486 UTRUM
679 457 795 486 GULA
822 457 890 486 SIT
917 457 1153 487 PECCATUM
1176 458 1397 488 MORTALE.

161 543 266 589 (Insr.
290 555 319 588 q.
338 554 405 588 154.
420 547 482 577 art.
498 554 528 577 2.
544 543 585 577 ad
600 543 632 577 6.
649 548 676 577 et
690 543 773 577 Mal.
794 556 823 589 q.
838 555 889 588 14.
905 549 967 579 art.
983 556 1014 579 2.
1033 550 1063 579 et
1080 546 1175 580 Rom.
1197 557 1238 590 13.
1259 545 1327 579 lect.
1343 557 1371 590 3.
1387 549 1416 579 et
1437 544 1513 579 Gal.
1529 556 1557 591 5.
1576 545 1644 580 lect.
1661 547 1725 591 4.).

236 631 295 665 AD
319 641 527 665 SECUNDUM
542 631 593 665 sic
615 631 831 677 proceditur.
854 631 1016 673 Videtur,
1039 632 1135 677 quod
1157 632 1242 678 gula
1262 643 1337 666 non
1359 632 1403 666 sit
1423 640 1616 678 peccatum
1633 643 1726 667 mor-

161 683 252 718 tale:
277 695 386 718 omne
410 684 507 718 enirn
530 692 722 730 peccatum
744 684 897 719 mortale
921 685 1159 719 contrariatur
1193 685 1301 718 alicui
1321 693 1514 731 praecepto
1540 685 1725 732 decalogi;

161 738 259 784 quod
282 737 324 771 de
347 736 431 783 gula
451 748 526 771 non
547 737 704 780 videtur3
727 748 813 783 ergo
836 738 921 783 gula
942 749 1017 772 non
1039 746 1092 772 est
1112 746 1302 784 peccatum
1325 738 1489 773 mortale.

235 800 264 824 2.
288 790 525 825 PRAETEREA.
544 790 667 825 Omne
682 799 872 836 peccatum
888 791 1041 826 mortale
1057 791 1297 825 contrariatur
1312 791 1487 833 charitati,
1501 799 1540 825 ut
1558 803 1601 826 ex
1619 803 1726 838 supra

164 844 265 878 dictis
288 851 384 889 patet
405 844 542 890 (q.132.
561 849 624 878 ait.
649 844 718 890 3..·)
742 845 803 878 sed
826 844 910 890 gula
930 856 1005 878 non
1025 845 1219 891 opponitur
1241 844 1416 887 charitati,
1437 856 1554 904 neque
1580 844 1728 891 inquan-

161 905 240 931 tum
262 897 305 930 ad
327 896 561 931 dilectionem
576 897 657 939 Dei,
671 908 789 943 neque
803 897 1017 943 inquantum
1033 899 1076 931 ad
1091 897 1325 932 dilectionem
1346 898 1520 944 proximi3
1536 909 1623 944 ergo
1642 897 1727 944 gula

162 961 236 984 non
259 958 312 984 est
332 959 523 996 peccatum
546 950 711 984 mortale.

238 1015 265 1049 3.
289 1003 525 1038 PRAETEREA.
549 1004 703 1049 August.
726 1003 811 1038 dicit
832 1003 868 1037 in
891 1015 997 1038 serm.
1020 1003 1064 1038 de
1086 1003 1232 1050 Purgat.
1256 1004 1330 1049 (qui
1355 1009 1400 1038 est
1417 1015 1469 1048 41.
1492 1004 1528 1038 de
1559 1004 1704 1050 Sanctis)
1717 1017 1727 1039 .·

164 1069 184 1088 «
207 1056 362 1097 Quoties
385 1056 512 1102 aliquis
535 1058 570 1090 in
593 1057 685 1098 cibo,
709 1064 769 1090 aut
782 1065 870 1102 potu
885 1056 964 1102 plus
981 1057 1122 1102 accipit,
1145 1068 1255 1103 quam
1273 1068 1420 1091 necesse
1440 1064 1504 1099 est,
1524 1057 1567 1091 ad
1589 1057 1728 1092 minuta

163 1117 312 1156 peccata
334 1109 510 1155 pertinere
532 1110 675 1144 noverit
695 1123 735 1144 »ι
759 1110 820 1144 sed
842 1110 913 1144 hoc
936 1111 1090 1156 pertinet
1110 1111 1154 1144 ad
1176 1110 1322 1155 gulam;
1353 1121 1440 1156 ergo
1469 1109 1553 1156 gula
1583 1121 1730 1157 compu-

162 1172 256 1198 tatur
282 1164 374 1197 inter
399 1164 550 1205 minuta,
576 1164 668 1198 idest
693 1165 784 1198 inter
809 1163 964 1198 venialia
992 1172 1150 1209 peccata.

235 1216 309 1250 SED
333 1227 488 1251 CONTRA
515 1224 578 1258 est,
614 1217 710 1263 quod
746 1217 898 1263 Gregor.
922 1217 1007 1251 dicit
1033 1217 1069 1251 in
1103 1216 1155 1262 36.
1186 1216 1315 1251 Moral.
1343 1217 1431 1263 (cap.
1454 1217 1538 1263 13.):
1564 1230 1582 1249 ‹<
1603 1217 1730 1252 Domi-

164 1278 273 1303 nante
296 1269 402 1315 gulae
423 1270 523 1311 vitio,
546 1281 668 1312 omne,
691 1271 788 1316 quod
817 1270 985 1304 homines
1014 1269 1153 1304 fortiter
1186 1278 1347 1315 egerunt,
1381 1270 1552 1316 perdunt3
1582 1278 1617 1304 et
1642 1270 1729 1304 durn

163 1331 288 1356 venter
310 1334 384 1356 non
406 1323 642 1368 restringitur,
664 1323 771 1357 simul
795 1330 945 1357 cunctae
967 1323 1114 1357 virtutes
1142 1323 1341 1357 obruuntur
1362 1336 1400 1358 »ε
1423 1323 1485 1357 sed
1518 1323 1629 1358 virtus
1654 1334 1729 1357 non

163 1375 312 1417 tollitur,
338 1375 407 1409 nisi
433 1387 496 1421 per
522 1384 714 1421 peccatum
741 1375 910 1417 mortale3
939 1387 1026 1421 ergo
1054 1376 1138 1421 gula
1160 1384 1212 1410 est
1232 1384 1423 1421 peccatum
1449 1376 1614 1410 mortale.

235 1429 465 1463 RESPONDEO
488 1428 695 1471 dicendum,
717 1429 826 1475 quod,
848 1429 941 1463 sicut
967 1429 1103 1463 dictum
1125 1437 1179 1463 est
1202 1428 1281 1472 (art.
1300 1429 1444 1475 praec),
1467 1429 1596 1463 vitium
1623 1428 1728 1475 gulae

166 1482 309 1528 proprie
332 1482 496 1516 consistit
516 1482 552 1515 in
576 1482 871 1528 concupiscentia
892 1482 1113 1516 inordinata:
1137 1482 1227 1516 ordo
1250 1489 1371 1516 autem
1393 1482 1542 1517 rationis
1565 1482 1732 1528 concupi-

166 1536 343 1571 scentiam
366 1536 564 1570 ordinantis
586 1536 760 1582 dupliciter
780 1536 859 1570 tolli
881 1543 1017 1582 potest:
1036 1547 1101 1570 uno
1120 1535 1214 1570 modo
1235 1543 1409 1582 quantum
1424 1536 1467 1569 ad
1482 1546 1524 1569 ea
1543 1547 1634 1581 quae
1648 1543 1731 1570 sunt

165 1589 210 1624 ad
232 1589 361 1630 finem;
384 1596 491 1635 prout
512 1588 650 1623 scilicet
671 1600 746 1622 non
768 1598 850 1623 sunt
870 1589 919 1623 ita
953 1597 1258 1630 commensurata,
1289 1596 1328 1622 ut
1356 1588 1426 1623 sint
1458 1588 1731 1634 proportionata

164 1642 243 1676 fini:
267 1642 332 1676 alio
360 1642 455 1676 modo
477 1650 652 1688 quantum
675 1642 719 1676 ad
741 1642 859 1688 ipsum
881 1642 1012 1684 finem;
1035 1650 1142 1688 prout
1174 1642 1312 1676 scilicet
1345 1641 1640 1687 concupiscentia
1664 1641 1732 1676 ho-

165 1695 303 1729 minem
334 1695 461 1729 avertit
482 1706 502 1729 a
524 1694 594 1729 fine
617 1695 755 1737 debit03
778 1697 807 1729 si
830 1706 917 1741 ergo
939 1695 1160 1729 inordinatio
1188 1694 1503 1740 concupiscentiae
1537 1695 1732 1741 accipiatur

165 1749 202 1783 in
223 1748 308 1792 gula
330 1748 529 1782 secundum
550 1748 779 1782 aversionem
802 1760 819 1782 a
842 1748 912 1783 fine
931 1748 1072 1790 ultimo,
1092 1749 1141 1782 sic
1161 1747 1245 1794 gula
1264 1748 1328 1782 erit
1347 1755 1538 1794 peccatum
1556 1747 1731 1790 mortale3

165 1802 262 1847 quod
285 1801 432 1847 quidem
460 1801 648 1846 contingit,
671 1802 816 1848 quando
840 1801 1072 1836 delectationi
1094 1801 1199 1847 gulae
1221 1801 1384 1835 inhaeret
1404 1801 1519 1835 homo
1545 1810 1731 1847 tamquam

166 1854 239 1896 fini,
266 1863 412 1900 propter
441 1866 547 1901 quem
577 1855 695 1888 Deum
732 1856 943 1896 contemnit,
966 1863 1110 1900 paratus
1131 1854 1269 1888 scilicet
1291 1862 1417 1888 contra
1446 1862 1637 1900 praecepta
1661 1853 1732 1888 Dei

167 1919 285 1953 agere,
308 1916 346 1942 ut
367 1907 627 1942 delectationes
648 1908 859 1953 hujusmodi
882 1916 1106 1953 assequatur:
1130 1908 1158 1942 si
1178 1918 1266 1941 vero
1288 1908 1323 1941 in
1354 1907 1442 1941 vitio
1473 1907 1579 1953 gulae
1600 1906 1731 1941 intelli-

166 1969 270 2007 gatur
291 1961 508 1995 inordinatio
532 1961 846 2007 concupiscentiae
872 1969 1013 1995 tantum
1040 1960 1241 1995 secundum
1267 1972 1309 1995 ea
1331 1972 1421 2006 quae
1441 1969 1523 1994 sunt
1545 1961 1588 1994 ad
1607 1960 1730 2002 finem,

166 2023 291 2060 utpote
318 2014 401 2060 quia
426 2014 534 2048 nimis
557 2014 781 2060 concupiscit
807 2014 1064 2048 delectationes
1099 2014 1274 2056 ciborum,
1304 2025 1377 2047 non
1408 2021 1530 2047 tamen
1559 2013 1608 2047 ita
1634 2013 1731 2060 quod

167 2077 312 2115 propter
337 2068 409 2102 hoc
436 2067 571 2102 faceret
596 2067 729 2114 aliquid
759 2077 883 2102 contra
910 2068 1030 2114 legem
1057 2068 1138 2109 Dei,
1165 2076 1218 2102 est
1243 2075 1434 2114 peccatum
1460 2067 1612 2102 veniale.

240 2122 299 2155 AD
321 2132 471 2156 PRIMUM
490 2132 574 2167 ergo
596 2121 801 2163 dicendum,
829 2121 924 2167 quod
951 2121 1079 2155 vitium
1102 2121 1207 2167 gulae
1228 2121 1336 2155 habet
1358 2121 1454 2167 quod
1476 2121 1520 2155 sit
1541 2128 1732 2167 peccatum

168 2174 335 2217 mortale,
355 2176 568 2220 inquantum
588 2175 714 2208 avertit
732 2186 750 2208 a
770 2174 839 2208 fine
859 2174 1008 2215 ultimo·,
1028 2182 1061 2208 et
1080 2174 1278 2208 secundum
1298 2174 1369 2208 hoc
1389 2185 1451 2220 per
1469 2174 1665 2220 quamdam
1682 2184 1734 2208 re-

169 2228 378 2263 ductionem
402 2228 595 2274 opponitur
616 2235 808 2273 praecepto
832 2227 874 2261 de
897 2227 1182 2262 sanctificatione
1200 2227 1348 2269 sabbati,
1368 2227 1403 2261 in
1422 2238 1494 2273 quo
1517 2227 1732 2273 praecipitur

169 2283 269 2328 quies
291 2281 327 2315 in
348 2281 418 2315 fine
440 2280 584 2315 ultimo:
607 2291 680 2314 non
701 2281 797 2314 enim
818 2281 942 2314 onmia
961 2289 1108 2327 peccata
1126 2280 1294 2315 mortalia
1313 2281 1445 2315 directe
1469 2281 1732 2314 contrariantur

168 2334 368 2381 praeceptis
396 2333 574 2379 decalogi,
601 2334 662 2368 sed
690 2333 809 2368 solum
837 2334 909 2375 illa,
938 2346 1028 2380 quae
1061 2335 1271 2380 injustitiam
1300 2334 1499 2368 continent:
1522 2334 1606 2380 quia
1635 2344 1734 2380 prae-

170 2396 273 2434 cepta
292 2387 459 2433 decalogi
479 2387 683 2433 specialiter
704 2388 882 2433 pertinent
904 2388 947 2421 ad
969 2388 1152 2433 justitiam,
1175 2396 1209 2422 et
1230 2396 1348 2433 partes
1371 2388 1456 2433 erS,
1483 2395 1520 2422 ut
1546 2398 1652 2433 supra
1672 2387 1733 2421 ha-

168 2442 283 2475 biturn
307 2449 359 2476 est
380 2441 427 2487 (q.
453 2451 525 2475 122.
549 2446 612 2476 art.
638 2441 696 2485 1.).

240 2495 299 2528 Ar>
328 2505 535 2529 SECUNDUM
558 2493 762 2535 dicendum,
785 2494 880 2540 quod
912 2496 1125 2540 inquantum
1149 2494 1274 2528 avertit
1297 2505 1316 2528 a
1338 2492 1408 2527 fine
1431 2493 1571 2535 ultimo,
1594 2501 1733 2527 contra-

169 2548 279 2582 riatur
301 2548 384 2593 gula
406 2547 590 2582 dilectioni
604 2547 685 2589 Dei,
701 2547 761 2592 qui
775 2555 828 2581 est
842 2559 949 2593 super
964 2548 1098 2589 omnia,
1118 2547 1209 2581 sicut
1228 2547 1306 2581 finis
1325 2546 1483 2588 ultimus,
1506 2545 1727 2592 diligendus:

170 2609 205 2635 et
225 2601 424 2635 secundum
446 2601 517 2634 hoc
540 2600 659 2635 solum
682 2600 765 2645 gula
787 2609 839 2634 est
861 2609 1051 2646 peccatum
1073 2600 1237 2634 mortale.

243 2655 301 2688 AD
324 2664 496 2688 TERTIUM
512 2654 717 2695 dicendum,
733 2654 828 2699 quod
843 2653 929 2687 illud
952 2654 1101 2687 verbum
1124 2653 1318 2699 Augustini
1339 2652 1549 2698 intelligitur
1570 2623 1613 2686 de
1636 2651 1731 2698 gula,

170 2707 385 2753 inquantum
398 2708 570 2754 importat
584 2706 890 2741 inordinationem
902 2707 1218 2752 concupiscentiae
1233 2706 1353 2741 solum
1368 2706 1462 2740 circa
1477 2716 1528 2750 ea,
1544 2716 1636 2751 quae
1649 2712 1733 2739 sunt

172 2760 215 2794 ad
238 2760 359 2794 finem.

244 2814 302 2847 AD
330 2824 518 2852 QUARTUM
552 2813 758 2854 dicendum,
792 2813 888 2859 quod
922 2812 1005 2859 gula
1039 2813 1168 2846 dicitur
1200 2813 1347 2846 virtutes
1381 2811 1530 2854 auferre,
1556 2822 1630 2845 non
1657 2818 1732 2845 tam

172 2876 317 2912 propter
331 2878 381 2908 se,
397 2878 505 2913 quam
520 2876 666 2913 propter
679 2867 776 2908 vitia,
787 2878 878 2912 quae
894 2877 936 2900 ex
950 2877 991 2900 ea
1007 2866 1187 2900 oriuntur:
1205 2866 1289 2900 dicit
1303 2866 1399 2899 enim
1416 2865 1523 2911 Greg.
1543 2866 1578 2899 in
1593 2864 1730 2898 Pastor.
