1859 3122
204 155 289 197 944
595 153 816 188 QUAESTIO
851 153 977 183 CXLV.
1011 153 1255 183 ARTICULUS
1287 152 1348 182 111.

203 242 356 280 oportet,
378 234 473 279 quod
496 242 671 279 repugnat
692 233 819 267 ultimo
842 233 904 267 fini
925 233 1097 276 hominis,
1124 234 1221 279 quod
1249 241 1302 268 est
1325 233 1464 268 bonum
1486 234 1684 268 secundum
1709 245 1762 267 ra-

201 287 360 322 tionem:
384 287 547 332 quamvis
569 287 681 332 possit
693 286 784 321 forte
800 298 877 321 esse
896 286 981 321 utile
1001 287 1200 321 secundum
1222 286 1306 333 quid
1327 294 1493 332 respectu
1511 287 1660 332 alicujus
1681 286 1761 321 finis

202 340 443 386 particularis:
464 351 538 373 non
561 348 682 373 autem
703 340 890 374 intendunt
917 339 1047 382 dicere,
1075 340 1171 386 quod
1194 351 1303 374 omne
1326 339 1413 374 utile
1435 341 1470 374 in
1491 352 1529 375 se
1557 340 1762 376 considera-

202 401 278 428 tum
300 393 478 439 pertingat
500 393 543 427 ad
565 394 743 428 rationem
766 393 922 428 honesti.

739 517 1082 561 ARTICULUS
1117 517 1192 560 IV.
1694 537 1757 573 703

344 624 497 655 UTRUM
529 624 757 654 HONESTAS
791 625 961 654 DEBEAT
994 625 1098 654 Pom
1131 625 1232 655 PARS
1266 624 1617 655 TEMPERANTIAE.

275 712 334 746 AD
358 723 545 751 QUARTUM
566 712 615 746 sic
638 713 853 759 proceditur.
868 712 1030 754 Videtur,
1049 713 1144 758 quod
1160 713 1331 747 honestas
1349 723 1424 746 non
1442 711 1568 747 debeat
1582 712 1669 759 poni
1683 723 1764 758 pars

204 766 480 812 temperantiae:
504 777 577 800 non
601 767 697 799 enim
721 774 772 800 est
793 765 974 812 possibile,
997 767 1093 812 quod
1114 766 1211 800 idem
1237 773 1401 812 respectu
1423 766 1583 811 ejusdem
1608 766 1651 800 sit
1671 777 1764 812 pars,

207 827 240 853 et
261 827 395 853 toturn:
419 819 481 853 sed
502 820 740 865 temperantia
764 828 816 854 est
837 831 917 865 pars
939 820 1150 861 honestatis,
1165 827 1203 853 ut
1222 818 1364 853 Tullius
1385 819 1471 853 dicit
1484 820 1518 853 in
1534 830 1565 854 2.
1580 819 1764 854 Rhetoric.

205 873 279 917 (lib.
298 885 328 908 2.
352 873 388 907 da
409 873 577 917 Inwnt.);
602 884 687 918 ergo
710 873 880 907 honestas
903 884 976 907 non
999 881 1052 907 est
1077 884 1158 919 pars
1179 873 1448 919 temperantiae.

278 937 309 960 2.
332 927 568 961 PRAETEREA.
591 926 725 961 Esdrae
750 937 779 971 3.
796 938 872 972 cap.
895 937 924 971 3.
941 927 1078 968 dicitur,
1094 926 1190 972 quod
1211 928 1326 960 vinum
1342 927 1454 960 omnia
1465 926 1667 973 praecordia
1685 926 1767 970 facit

207 980 358 1014 honesta:
382 980 444 1014 sed
466 991 550 1014 usus
573 980 657 1022 vini,
679 980 872 1026 praecipue
894 979 1105 1026 superfluus,
1125 979 1167 1013 de
1191 990 1262 1025 quo
1284 980 1333 1014 ibi
1353 979 1454 1026 loqui
1473 980 1624 1022 videtur,
1650 979 1766 1025 magis

207 1033 360 1079 pertinet
383 1033 425 1066 ad
446 1033 776 1079 intemperantiam,
799 1044 908 1079 quam
930 1033 974 1067 ad
995 1034 1292 1079 temperantiam3
1315 1045 1402 1080 ergo
1424 1034 1596 1068 honestas
1617 1044 1693 1068 non
1715 1041 1768 1068 est

206 1098 287 1132 pars
313 1087 582 1132 temperantiae.

281 1151 309 1186 3.
332 1140 566 1174 PRAETEREA.
590 1140 795 1174 Honestum
817 1141 957 1183 dicitur,
979 1141 1075 1186 quod
1098 1148 1151 1175 est
1172 1141 1313 1175 honore
1336 1141 1502 1187 dignum:
1525 1141 1587 1175 sed
1611 1140 1707 1187 justi,
1733 1147 1768 1174 et

199 1192 318 1228 -fortes
340 1195 497 1228 maxime
519 1193 755 1235 honorantur,
778 1202 815 1228 ut
841 1194 925 1228 dicit
947 1194 1084 1228 Philos.
1106 1195 1141 1228 in
1167 1205 1194 1228 1.
1217 1194 1322 1228 Rhet.
1348 1194 1433 1240 (cap.
1456 1194 1521 1241 9.);
1545 1205 1632 1239 ergo
1654 1194 1767 1228 hone-

209 1255 281 1282 stas
302 1258 376 1281 non
399 1248 551 1292 pertinet
573 1247 616 1281 ad
638 1248 928 1293 temperantiam,
950 1248 1010 1282 sed
1033 1248 1149 1293 magis
1172 1247 1215 1281 ad
1236 1247 1420 1293 justitiam,
1448 1256 1482 1282 et
1509 1247 1767 1289 fortitudinem,

210 1300 304 1334 unde
328 1309 360 1334 et
382 1299 573 1334 Eleazarus
597 1301 692 1342 dixit,
715 1309 752 1334 ut
775 1301 903 1334 dicitur
925 1312 956 1335 2.
978 1301 1145 1334 Machab.
1169 1299 1219 1334 6.:
1242 1302 1390 1336 Fortiter
1405 1307 1471 1347 pro
1492 1302 1707 1347 gravissimis,
1729 1311 1768 1336 ac

207 1355 417 1388 sanctissimis
437 1354 558 1399 legibus
579 1354 709 1388 honesta
732 1359 833 1388 mortu
849 1354 1047 1400 perfungar.

285 1407 358 1441 SED
382 1417 537 1442 CONTRA
560 1416 622 1449 cst,
645 1407 741 1452 quod
764 1407 970 1441 Macrobius
993 1408 1067 1452 (liln
1087 1420 1113 1442 r.
1136 1409 1171 1441 in
1192 1408 1303 1443 Somn.
1322 1408 1409 1454 scip.
1429 1414 1499 1454 cap.
1519 1408 1582 1453 8.),
1604 1407 1770 1442 honesta-

209 1468 283 1494 tem
306 1460 407 1506 ponit
428 1468 567 1506 partem
594 1461 868 1506 temperantiae:
892 1461 1108 1495 Ambrosius
1137 1461 1246 1495 etiam
1267 1461 1304 1494 in
1330 1472 1357 1495 1.
1381 1461 1424 1495 de
1448 1459 1555 1496 Offic.
1579 1460 1665 1507 (cap.
1685 1460 1767 1507 43),

209 1513 468 1559 temperantiae
491 1513 693 1560 specialiter
713 1514 943 1548 honestatem
966 1514 1133 1548 attribuit.

280 1567 509 1601 RESPONDEO
532 1567 736 1608 dicendum,
760 1569 867 1613 quod,
895 1568 986 1602 sicut
1006 1579 1112 1613 supra
1134 1567 1271 1601 dictum
1298 1575 1351 1602 est
1379 1567 1456 1611 (art.
1478 1579 1510 1602 2.
1532 1567 1602 1613 huj.
1623 1567 1685 1613 q),
1706 1566 1771 1601 ho-

209 1628 329 1654 nestas
351 1629 404 1654 est
425 1620 603 1666 quaedam
625 1621 816 1666 spiritualis
838 1621 1087 1667 pulchritudo:
1116 1620 1268 1667 pulchro
1292 1629 1413 1655 autem
1437 1621 1628 1667 opponitur
1648 1629 1768 1665 turpe:

211 1675 376 1720 opposita
396 1683 517 1709 autem
532 1676 688 1709 maxime
703 1686 740 1709 se
755 1675 912 1710 invicem
929 1675 1178 1717 manifestant3
1200 1683 1234 1709 et
1248 1675 1330 1709 ideo
1348 1675 1390 1708 ad
1405 1674 1682 1720 temperantiam
1696 1684 1772 1720 spe-

211 1728 348 1762 cialiter
372 1728 544 1762 hone'stas
566 1728 745 1774 pertinere
766 1729 917 1771 videtur,
940 1740 1031 1775 quae
1053 1729 1088 1762 id
1111 1728 1207 1774 quod
1230 1736 1282 1763 est
1303 1728 1445 1762 homini
1462 1729 1722 1773 turpissimum,
1737 1734 1772 1761 et

214 1781 562 1823 indecentissimum,
585 1781 735 1828 repellit,
757 1781 895 1816 scilicet
908 1782 1064 1817 brutales
1081 1782 1303 1827 voluptate53
1318 1782 1411 1816 unde
1426 1790 1459 1816 et
1473 1781 1508 1815 in
1522 1781 1601 1827 ipso
1622 1780 1771 1815 nomine

210 1836 471 1881 temperantiae
493 1835 651 1869 maxime
672 1835 883 1881 intelligitur
896 1836 1033 1870 bonum
1049 1836 1208 1877 rationis,
1224 1837 1324 1881 cujus
1347 1843 1400 1869 est
1420 1834 1613 1876 moderari,
1632 1841 1666 1868 et
1685 1841 1773 1868 tem-

212 1900 337 1934 perare
361 1889 672 1935 concupiscentias
695 1900 843 1935 pravas,
862 1889 911 1923 sic
935 1900 1022 1935 ergo
1044 1889 1228 1930 honestas,
1250 1896 1355 1935 prout
1376 1887 1524 1934 speciali
1545 1887 1701 1934 quadam
1722 1898 1774 1920 ra-

212 1942 311 1976 tione
338 1942 598 1988 temperantiae
622 1943 833 1985 attribuitur,
852 1943 997 1988 ponitur
1018 1954 1098 1989 pars
1121 1944 1208 1989 ejus,
1230 1954 1304 1976 non
1326 1942 1471 1988 quidem
1490 1941 1697 1986 subjectiva,
1715 1939 1773 1974 vel

212 1996 304 2030 sicut
325 1996 435 2030 virtus
458 1996 637 2041 adjuncta,
659 1997 721 2030 sed
743 2008 824 2041 pars
846 1996 1030 2042 integralis
1052 1996 1174 2042 ipsius,
1194 1996 1285 2030 sicut
1306 1995 1484 2042 quaedam
1503 1995 1579 2040 ejus
1601 1994 1772 2029 conditio.

283 2049 342 2083 AD
364 2060 513 2083 PRIMUM
535 2060 621 2095 ergo
644 2050 848 2092 dicendum,
870 2050 966 2096 quod
988 2049 1226 2096 temperantia
1245 2049 1390 2095 ponitur
1403 2060 1483 2095 pars
1502 2047 1697 2094 subjectiva
1710 2047 1775 2081 ho-

213 2102 316 2144 nesti,
338 2110 445 2147 prout
465 2102 618 2136 sumitur
639 2103 675 2136 in
697 2114 761 2137 sua
784 2103 1062 2138 communitate:
1090 2103 1140 2138 sic
1163 2110 1284 2137 autem
1310 2113 1384 2137 non
1410 2101 1555 2148 ponitur
1574 2109 1774 2148 temperan-

213 2156 283 2190 tiae
304 2167 396 2202 pars.

286 2209 346 2244 AD
369 2219 576 2243 SECUNDUM
598 2208 803 2251 dicendum,
826 2210 922 2256 quod
943 2211 1061 2244 vinum
1082 2211 1116 2244 in
1139 2211 1237 2244 ebriis
1250 2210 1338 2256 facit
1354 2208 1554 2256 praecordia
1572 2209 1703 2243 honesta
1724 2219 1775 2242 se-

217 2263 375 2298 cundum
390 2274 517 2297 eorum
537 2263 820 2308 reputationem3
837 2264 919 2309 quia
932 2263 1072 2297 videtur
1091 2265 1151 2305 eis,
1168 2263 1264 2309 quod
1279 2263 1347 2297 sint
1362 2262 1496 2308 magni,
1512 2270 1546 2296 et
1557 2261 1773 2296 honorandi.

289 2318 349 2352 AD
366 2328 537 2352 TERTIUM
552 2317 756 2359 dicendum,
771 2317 867 2363 quod
889 2317 1055 2362 justitiae,
1079 2325 1113 2351 et
1133 2316 1331 2351 fortitudini
1346 2316 1492 2350 debetur
1511 2316 1628 2361 major
1643 2315 1774 2357 honor,

217 2383 326 2417 quam
352 2371 622 2417 temperantiae,
641 2379 785 2417 propter
800 2372 946 2416 majoris
960 2371 1046 2404 boni
1067 2369 1338 2405 excellentiam:
1361 2370 1422 2404 sed
1443 2368 1701 2415 temperantiae
1720 2367 1776 2402 de-

215 2426 318 2459 betur
344 2426 460 2470 major
485 2425 605 2458 honor
626 2432 771 2470 propter
793 2424 1054 2458 cohibitionem
1075 2423 1247 2457 vitiorum
1269 2423 1385 2469 magis
1407 2421 1720 2468 exprobrabilium,
1738 2428 1777 2455 ut

217 2490 259 2513 ex
281 2478 383 2512 dictis
406 2486 502 2524 patet
523 2478 575 2523 (in
594 2484 683 2524 corp.
706 2477 811 2522 art.),·
836 2485 870 2511 et
890 2477 940 2511 sic
962 2477 1133 2512 honestas
1159 2479 1275 2523 magis
1298 2476 1497 2511 attribuitur
1517 2476 1776 2522 temperantiae

217 2532 415 2566 secundum
446 2531 609 2577 regulam
636 2531 815 2577 Apostoli,
839 2541 866 2564 1.
890 2530 933 2564 ad
965 2530 1050 2565 Cor.
1083 2541 1146 2572 12.,
1161 2530 1258 2576 quod
1285 2530 1450 2564 inhonesta
1475 2533 1588 2564 nostra
1613 2530 1776 2574 majorem

217 2585 334 2621 habent
355 2585 572 2626 honestatem&
595 2584 734 2620 scilicet
754 2592 1005 2619 removentem
1026 2584 1123 2630 quod
1144 2584 1379 2619 inhonestum
1398 2591 1461 2618 est.
