1859 3122
476 132 698 194 QUAES¹T10
731 160 817 189 XIV.
851 161 1095 190 ARTICULUS
1129 160 1189 190 111.
1534 160 1610 203 125

607 328 951 373 ARTICULUS
988 329 1066 372 111.
1570 352 1610 387 7,-

131 434 284 465 UTRUM
312 436 548 465 PECCATUM
576 436 619 466 IN
648 436 852 466 SPIRITUM
880 437 1087 466 SANCTUM
1115 437 1182 466 SIT
1215 437 1536 467 IRREMISSIBILE.

80 521 191 566 (Part.
206 533 234 568 3.
250 533 279 568 q.
295 522 350 557 86.
369 528 434 558 art.
451 535 478 569 3.
501 523 543 557 acl
568 535 599 558 2.
618 529 646 558 et
674 536 704 558 2.
728 524 817 558 Dist.
845 534 894 570 43.
923 529 986 558 art.
1008 535 1041 568 4.
1066 528 1094 557 et
1115 524 1199 557 Mal.
1222 536 1251 569 q.
1272 536 1300 570 3.
1324 529 1389 558 art.
1419 534 1472 568 14.
1498 529 1528 559 et
1548 536 1591 570 15.

481 581 509 610 et
531 576 652 621 Quodl.
675 589 706 611 2.
730 589 758 622 q.
782 578 812 612 8.
833 582 897 611 art.
920 589 946 611 J.
969 582 997 612 et
1016 578 1109 612 Rom.
1128 577 1186 621 2.).

125 665 186 699 AD
209 675 379 700 TERTIUM
394 666 443 700 sic
458 666 673 712 proceditur.
689 666 851 708 Videtur,
869 666 967 712 quod
989 674 1179 712 peccatum
1201 665 1237 699 in
1253 665 1425 711 Spiritum
1442 665 1617 700 Sanctum

54 727 128 751 non
147 717 192 751 sit
207 718 470 754 irremissibile:
490 720 575 753 dicit
593 720 690 753 enim
705 720 799 765 Aug.
816 721 851 753 in
866 719 925 753 lib.
941 720 984 753 de
998 719 1107 753 Verb.
1123 719 1233 752 Dom.
1253 719 1364 763 (sarm.
1380 731 1424 753 Π.
1445 726 1517 765 cap.
1532 719 1593 765 13.)
1606 732 1616 754 :

55 770 108 804 De
121 770 208 804 nullo
223 770 460 815 despui-andlan
478 778 532 814 est,
557 773 703 819 quandlu
719 775 886 820 patientia
907 774 1051 807 Domini
1064 773 1106 807 ad
1118 774 1356 818 poeniteutiam
1371 785 1445 806 eum
1461 773 1616 808 adducit:

56 823 117 857 sed
138 824 168 858 si
187 823 332 870 aliquod
351 834 542 871 peccatum
564 834 656 860 esset
677 826 933 868 irremissibile,
957 834 1051 861 esset
1072 827 1114 860 de
1139 825 1259 871 aliquo
1283 834 1474 872 peccatore
1498 826 1619 872 despe-

56 877 226 919 randum,
249 888 336 924 ergo
355 888 546 924 peccatum
565 880 600 913 in
621 880 795 926 Spiritum
818 880 993 914 Sanctum
1014 891 1087 913 non
1108 886 1160 913 est
1177 878 1433 913 irremissibile.

127 940 158 963 2.
180 930 416 966 PRAETEREA.
440 933 591 967 Nullum
610 942 801 978 peccatum
820 934 1022 975 remittitur,
1045 933 1112 967 nisi
1127 944 1189 978 per
1210 932 1281 966 hoc
1305 932 1402 978 quod
1424 933 1545 966 anima
1568 944 1620 966 sa-

56 990 160 1017 natur
175 994 194 1017 a
207 984 305 1018 Deo:
328 986 389 1019 sed
409 987 623 1033 omnipotenti
643 987 766 1021 madico
782 987 888 1021 nullus
907 987 1101 1021 insanabilis
1115 987 1256 1031 languor
1270 987 1408 1027 occurit,
1425 986 1517 1020 sicut
1532 985 1619 1020 dicit

57 1035 159 1070 Glos.
175 1037 299 1082 (Aug.)
315 1050 420 1084 super
430 1039 518 1073 illud
537 1040 630 1074 Psal.
660 1050 752 1075 102.:
770 1042 840 1085 Qui
854 1046 949 1074 sancit
962 1052 1070 1074 onznes
1087 1041 1295 1085 infirmitates
1317 1045 1410 1080 tuas‚·
1432 1050 1519 1085 ergo
1541 1050 1620 1085 pec-

57 1097 177 1124 catum
194 1090 230 1124 in
253 1090 427 1137 Spiritum
446 1093 621 1127 Sanctum
643 1105 716 1127 non
740 1102 792 1127 est
814 1093 1068 1128 irremissibile.

130 1154 158 1189 3.
180 1143 415 1180 PRAETEREA.
436 1146 606 1181 Liberum
629 1147 815 1181 arbitrium
836 1159 873 1181 se
895 1148 1003 1181 habet
1025 1147 1068 1180 ad
1089 1147 1239 1188 bonum,
1261 1154 1296 1180 et
1318 1147 1360 1180 ad
1380 1146 1537 1181 malum:
1557 1146 1620 1180 sed

58 1197 229 1243 quamdiu
251 1199 354 1233 durat
372 1208 483 1234 status
498 1201 588 1243 viae,
604 1209 722 1247 potest
745 1201 871 1247 aliquis
895 1213 914 1234 a
936 1212 1164 1247 quacumque
1186 1201 1315 1234 virtute
1338 1200 1513 1241 excidere,
1536 1211 1620 1233 cum

58 1251 166 1284 etiam
183 1251 347 1297 Angelus
370 1253 413 1287 de
438 1253 542 1288 coelo
566 1255 753 1296 ceciderit3
776 1255 869 1288 unde
892 1255 1021 1288 dicitur
1037 1254 1103 1299 Job
1126 1264 1177 1296 4:
1201 1254 1241 1287 In
1262 1254 1398 1299 Angelis
1417 1255 1484 1288 suis
1499 1255 1621 1299 reperit

52 1305 271 1349 pravitatem,
290 1312 412 1352 quanto
436 1309 540 1353 magis
561 1310 618 1353 qui
639 1309 789 1343 habitant
809 1308 920 1342 domos
947 1308 1075 1342 luteus?
1102 1307 1198 1353 Ergo
1229 1307 1306 1353 pari
1338 1308 1476 1340 ratione
1504 1315 1623 1352 potest

60 1355 186 1403 aliquis
209 1369 228 1391 a
250 1370 481 1406 quocumque
503 1370 653 1406 peccato
677 1361 720 1395 ad
742 1370 874 1395 statum
903 1361 1057 1406 justitiae
1088 1361 1223 1402 redire3
1253 1371 1339 1406 ergo
1368 1368 1559 1406 peccatum
1585 1360 1621 1393 in

60 1409 232 1456 Spiritum
256 1411 430 1447 Sanctum
452 1426 526 1448 non
549 1423 601 1448 est
621 1414 877 1449 irremissibile.

132 1463 206 1498 SED
233 1476 388 1501 CONTRA
411 1475 474 1509 est,
497 1468 593 1513 quod
616 1469 745 1502 dicitur
766 1469 893 1502 Matth.
920 1479 992 1503 12.:
1016 1469 1086 1512 Qui
1112 1468 1234 1502 dixerit
1253 1469 1392 1501 vei-Imm
1416 1473 1531 1502 contra
1552 1467 1623 1514 Spi-

60 1518 162 1551 ritum
185 1518 356 1562 Sanctum,
381 1533 446 1554 non
459 1523 644 1556 remittatur
658 1524 699 1564 ei,
715 1534 814 1568 neque
829 1524 863 1556 in
878 1522 934 1556 hoc
949 1522 1089 1563 saeculo,
1106 1533 1204 1566 nequa
1220 1521 1403 1566 insutum:
1420 1529 1454 1554 et
1468 1521 1622 1566 August.

62 1569 147 1604 dicit
167 1571 202 1604 in
224 1571 284 1606 lib.
311 1584 338 1606 1.
361 1574 404 1608 de
427 1574 541 1608 Serm.
564 1575 674 1608 Dom.
697 1576 733 1608 in
752 1583 876 1609 monte
898 1576 988 1621 (cap.
1011 1575 1094 1619 22),
1111 1574 1207 1619 quod
1225 1582 1324 1607 tanta
1339 1581 1391 1607 est
1404 1573 1502 1607 labes
1517 1574 1622 1619 hujus

61 1624 212 1669 peccati,
234 1626 330 1671 quod
352 1626 595 1661 humilitatem
618 1629 834 1674 deprecandi
856 1629 973 1662 subire
995 1639 1068 1661 non
1091 1635 1219 1673 potest.

133 1676 361 1713 RESPONDEO
385 1680 589 1722 dicendum,
620 1682 716 1727 quod
746 1681 945 1715 secundum
976 1681 1133 1714 diversas
1165 1680 1392 1725 acceptiones
1422 1680 1561 1726 peccati
1587 1680 1623 1713 in

64 1729 237 1775 Spiritum
249 1732 436 1775 Sanctum,
451 1734 694 1768 diversimode
708 1734 951 1768 irremissibile
968 1734 1113 1768 dicitur:
1130 1734 1158 1767 si
1174 1733 1270 1767 enim
1283 1733 1422 1766 dicatur
1432 1741 1623 1779 peccatum

62 1782 98 1815 in
121 1783 295 1828 Spiritum
315 1786 489 1820 Sanctum
511 1787 626 1822 finalis
645 1788 932 1833 impoenitentia,
947 1787 997 1821 sic
1013 1788 1140 1821 dicitur
1154 1785 1410 1827 irremissibile,
1425 1787 1508 1832 quia
1522 1786 1623 1820 nullo

63 1836 174 1870 modo
196 1838 406 1872 remittitur:
429 1849 619 1885 peccatum
642 1842 739 1874 enim
761 1840 926 1882 mortale,
948 1841 984 1874 in
1006 1851 1078 1886 quo
1100 1840 1214 1873 homo
1235 1847 1440 1885 perseverat
1454 1851 1566 1885 usque
1581 1839 1624 1873 ad

63 1897 232 1932 mortem,
255 1892 336 1937 quia
358 1893 394 1926 in
415 1893 484 1927 hac
503 1894 575 1927 vita
597 1905 671 1928 non
693 1894 885 1928 remittitur
903 1905 966 1939 per
986 1893 1259 1940 poenitentiam,
1281 1904 1348 1925 nec
1377 1893 1486 1926 etiam
1512 1893 1548 1926 in
1574 1891 1625 1926 fu-

62 1950 143 1976 turo
165 1944 372 1980 dimittetur.
397 1946 607 1981 Secundum
630 1956 751 1981 autem
774 1947 861 1981 alias
882 1948 968 1981 duas
984 1947 1211 1992 acceptiones
1227 1946 1355 1979 dicitur
1368 1945 1624 1987 irremissibile,

63 2006 137 2030 non
159 1998 254 2042 quod
273 1998 374 2033 nullo
397 2000 509 2034 modo
532 2001 744 2043 remittatur,
766 2001 827 2034 sed
847 2001 941 2046 quia,
957 2008 1128 2046 quantum
1146 2007 1198 2033 est
1213 1999 1256 2032 de
1271 2010 1320 2040 se,
1334 1999 1443 2033 habet
1456 1999 1626 2033 meritum

65 2056 103 2082 ut
122 2061 196 2083 non
218 2052 430 2086 remittatur.
461 2053 506 2087 Et
531 2054 603 2088 hoc
633 2055 818 2101 dupliciter.
856 2055 928 2088 Uno
958 2053 1052 2088 modo
1083 2062 1258 2099 quantum
1291 2054 1333 2087 ad
1360 2064 1536 2098 poenam:
1565 2052 1626 2098 qui

68 2102 164 2136 enim
186 2115 228 2137 ex
249 2104 466 2150 ignorantia,
484 2106 542 2140 vel
563 2107 770 2141 infirmitate
799 2115 936 2153 peccat,
965 2109 1146 2141 minorem
1176 2118 1332 2152 poenam
1361 2114 1538 2140 meretur:
1567 2105 1626 2151 qui

66 2163 185 2189 autem
208 2169 251 2191 ex
273 2167 369 2192 certa
391 2159 528 2193 malitia
550 2169 686 2205 peccat,
710 2172 784 2194 non
806 2161 915 2194 habet
936 2160 1094 2205 aliquam
1117 2160 1399 2201 excusationem,
1430 2159 1524 2192 unde
1552 2160 1626 2204 ejus

65 2219 181 2253 poena
202 2210 402 2245 minuatur:
424 2213 587 2247 similiter
610 2214 716 2247 etiam
741 2214 802 2259 qui
828 2213 1103 2259 blasphemabat
1129 2213 1164 2246 in
1195 2213 1325 2246 Filium
1352 2213 1524 2253 hominis,
1551 2213 1626 2256 ejus

66 2261 248 2297 divinitate
266 2265 430 2298 nondum
459 2266 629 2309 revelata,
659 2274 798 2313 poterat
826 2267 959 2300 habere
990 2266 1149 2311 aliquam
1179 2267 1452 2300 excusationem
1481 2273 1627 2311 propter

65 2314 311 2351 infirmitatem
334 2319 462 2361 carnis,
484 2331 593 2365 quam
615 2321 651 2353 in
674 2331 717 2354 eo
741 2320 951 2366 aspiciebat:
975 2328 1010 2353 et
1036 2320 1085 2354 sic
1117 2319 1299 2353 minorem
1329 2330 1487 2365 poenam
1515 2330 1628 2352 mere-

65 2369 184 2405 batur:
207 2372 270 2405 sed
292 2372 353 2417 qui
372 2373 409 2406 in
424 2373 539 2419 ipsam
560 2374 784 2407 divinitatem
806 2373 1093 2419 blasphemabat,
1115 2384 1225 2418 opera
1249 2372 1400 2418 Spiritus
1418 2372 1541 2406 Sancti
1557 2371 1628 2404 dia-

65 2422 152 2456 bolo
171 2424 377 2467 attribuens,
392 2426 531 2460 nullam
546 2427 816 2461 excusationem
831 2427 997 2468 habebat,
1012 2426 1106 2460 unde
1123 2427 1198 2471 ejus
1213 2437 1330 2471 poena
1349 2426 1627 2466 diminueretur3

67 2483 102 2509 et
123 2476 207 2511 ideo
235 2478 363 2512 dicitur
389 2479 589 2513 secundum
620 2480 885 2525 expositionem
915 2480 1046 2525 Chrys.
1076 2479 1205 2522 (homil.
1227 2491 1283 2523 42.
1312 2480 1346 2512 in
1375 2478 1528 2522 Mami),
1556 2477 1628 2511 hoc

66 2538 256 2574 peccatum
272 2530 415 2576 Judaeis
436 2544 511 2566 non
532 2533 677 2574 remitti,
698 2544 815 2578 neque
838 2533 872 2566 in
894 2533 965 2566 hoc
990 2532 1148 2573 saeculo,
1170 2543 1288 2577 neque
1314 2532 1349 2564 in
1377 2531 1516 2572 futur03
1545 2530 1628 2576 quia

67 2593 132 2626 pro
154 2594 197 2617 eo
219 2584 314 2629 passi
336 2593 417 2618 sunt
437 2597 595 2631 poenam
615 2594 649 2619 et
670 2588 705 2620 in
727 2586 906 2631 praesenti
927 2587 999 2619 vita
1021 2596 1083 2630 per
1104 2585 1304 2625 Romanos,
1321 2593 1355 2618 et
1373 2585 1407 2617 in
1424 2583 1540 2617 sutura
1554 2583 1627 2616 vita

68 2634 103 2667 in
132 2647 249 2681 poena
270 2637 417 2671 inferni:
447 2638 539 2672 sicut
568 2639 677 2672 etiam
705 2639 838 2672 Athan.
862 2640 914 2684 (1⁴12
944 2644 1039 2673 tract.
1069 2645 1164 2684 super
1193 2638 1274 2671 illud.
1304 2637 1422 2670 Mami.
1453 2648 1523 2670 12..·
1547 2636 1630 2680 Qui-

69 2699 205 2734 cumque
225 2690 347 2724 dixerit
366 2693 456 2725 verb.
478 2693 553 2735 etc.)
572 2693 708 2726 inducit
729 2692 934 2738 exemplum
957 2692 1000 2725 de
1023 2703 1151 2725 eorum
1177 2691 1393 2736 parentibus,
1414 2690 1484 2735 'qui
1510 2689 1628 2735 primo

69 2741 214 2785 quidem
237 2751 361 2777 contra
383 2743 549 2790 Moysem
573 2745 836 2778 contenderunt
857 2753 1002 2790 propter
1023 2744 1203 2778 defectum
1229 2754 1353 2788 aquae,
1384 2751 1418 2776 et
1448 2743 1568 2788 panis;
1596 2750 1630 2776 et

14 2840 16 2846 k
68 2793 139 2828 hoc
161 2795 341 2830 Dominus
364 2797 529 2831 sustinuit
550 2798 744 2843 patienter:
767 2798 948 2832 habebant
966 2798 1063 2831 enim
1080 2797 1350 2831 excusationem
1366 2808 1408 2829 ex
1423 2795 1629 2830 infirmitate

14 2874 19 2900 i,
70 2848 204 2882 carnis:
223 2849 285 2883 sed
307 2850 527 2894 posmodum
550 2851 692 2896 gravius
711 2859 964 2896 peccaverunt,
979 2851 1081 2896 quasi
1097 2849 1389 2895 blasphemantes
1404 2849 1440 2882 in
1456 2849 1630 2895 Spiritum
