1859 3122
473 193 693 229 QUAESTIO
727 192 857 222 vau.
891 193 1135 223 ARTICULUS
1168 193 1224 222 IV.
1539 194 1616 236 501

141 275 201 310 AD
228 286 434 310 SECUNDUM
457 275 662 317 dicendum,
689 275 785 321 quod
815 275 914 309 Deus
941 275 1050 310 habet
1071 286 1278 320 supremam
1301 282 1516 321 potestatem
1539 275 1625 320 judi-

71 329 199 372 candi;
222 337 257 364 ct
278 330 321 363 ad
344 329 461 374 ipsum
484 329 646 375 pertinet,
661 329 831 375 quidquid
848 337 973 363 contra
996 328 1153 375 aliquem
1177 336 1363 375 peccatur;
1386 336 1421 362 et
1438 328 1520 362 ideo
1543 328 1625 361 libe-

71 394 150 416 rum
173 383 203 416 ei
226 391 279 416 est
300 394 456 428 poenam
476 383 677 424 remittere3
700 383 890 428 praecipue
905 394 988 416 cum
1004 390 1155 428 peccato
1176 394 1217 416 ex
1235 383 1305 416 hoc
1330 393 1446 428 poena
1466 382 1623 415 maxime

71 436 252 477 debeatur,
274 436 369 481 quod
393 445 444 470 est
467 444 590 470 contra
613 437 748 482 ipsum:
772 447 846 470 non
861 444 982 469 tamen
998 436 1144 470 remittit
1158 447 1327 482 poenam,
1343 435 1411 469 nisi
1425 435 1623 469 secundum

72 489 168 535 quod
191 489 295 524 decet
317 500 419 522 suam
441 490 652 530 bonitatem,
674 501 765 535 quae
788 498 840 523 est
862 489 1026 523 omnium
1049 489 1169 533 legum
1194 489 1304 523 radix.

142 543 201 576 AD
225 553 396 577 TERTIUM
418 543 623 585 dicendum,
647 543 742 588 quod
764 543 879 588 judex,
903 543 932 576 si
953 543 1156 576 inordinate
1171 554 1326 588 poenam
1343 543 1552 584 remitteret,
1566 554 1627 576 no-

72 604 282 631 cumentum
304 596 449 631 inferret
470 597 734 637 communitati,
766 597 823 630 cui
845 597 985 642 expedit
1007 604 1044 630 ut
1066 597 1245 631 maleficia
1265 597 1467 642 puniantur,
1491 597 1533 630 ad.
1555 597 1626 630 hoc

73 649 168 695 quod
193 658 339 696 peccata
362 650 539 692 vitentur3
562 650 655 683 unde
676 650 782 684 Deut.
807 661 857 695 13.
880 659 961 695 post
982 661 1139 695 poenam
1162 651 1360 684 seductoris
1389 650 1567 684 subditur:
1594 655 1628 683 nt

73 704 177 737 onmis
198 704 302 737 Israffl
322 704 453 738 audiens
472 705 595 746 timul,
614 709 643 738 et
664 715 870 749 naquaquam
890 704 980 737 ῑιῖίνιι
994 704 1107 749 saciat
1121 705 1296 750 quippiam
1316 705 1411 749 hujus
1433 706 1480 738 rai
1500 704 1625 738 similo:

73 765 221 790 noceret
242 757 351 791 etiam
373 769 559 803 personae,
580 757 637 790 cui
659 765 712 791 est
732 756 831 790 illata
852 756 1000 802 injuria3
1023 768 1114 802 quae
1137 758 1516 803 recompensationem
1539 757 1629 792 acci-

41 810 43 812 ’
73 810 124 856 pit
140 821 203 855 per
224 811 420 856 quamdam
442 811 704 845 restitutionem
727 810 877 844 honoris
899 810 934 843 in
956 821 1074 856 poena
1099 811 1312 856 injuriantis.

542 1075 896 1137 QUAESTIO
938 1075 1159 1122 LXVIII.

240 1201 303 1232 DE
328 1200 704 1232 PERTINENTIBUS
731 1200 796 1230 AD
822 1199 1055 1240 INJUSTAM
1082 1199 1465 1238 ACCUSATIONEM,

444 1272 495 1302 IN
533 1271 761 1311 QUATUOR
788 1271 1049 1303 ARTICULOS
1078 1271 1253 1302 DIVISA.

149 1402 281 1436 Postea
296 1401 599 1436 considerandum
615 1409 668 1435 est
678 1402 720 1436 de
734 1401 802 1443 his,
817 1411 908 1447 quae
919 1401 1097 1447 pertinent
1108 1400 1151 1435 ad
1166 1400 1336 1446 injustam
1351 1401 1632 1436 accusationem.

538 1491 581 1525 Et
603 1491 694 1525 circa
715 1491 774 1525 hoc
796 1495 1002 1536 quaeruntur
1023 1495 1175 1536 quatuor.

148 1562 284 1596 Primo.
307 1562 439 1596 Utrum
461 1562 575 1596 homo
599 1573 768 1596 accusare
790 1570 962 1596 teneatur.

150 1615 332 1650 Secundo.
356 1616 487 1650 Utrum
507 1615 689 1649 accusatio
712 1617 755 1649 sit
775 1615 939 1649 facienda
961 1615 997 1648 in
1019 1615 1172 1661 scriptis.

150 1667 286 1703 Tertio.
311 1669 513 1709 Quomodo
536 1668 719 1703 accusatio
742 1669 786 1703 sit
807 1668 947 1702 vitiosa.

151 1722 303 1763 Quarto.
329 1722 495 1763 Qualiter
516 1722 610 1756 male
633 1729 843 1756 accusantes
865 1722 935 1755 sint
955 1721 1138 1768 puniendi.

659 1845 1002 1890 ARTICULUS
1030 1846 1062 1888 I.
1570 1858 1629 1904 381

349 1955 501 1986 UTRUM
533 1955 662 1984 HOMO
697 1955 930 1985 TENEATUR
961 1955 1019 1984 AD
1053 1954 1369 1985 ACCUSANDUM.

153 2045 213 2078 AD
235 2055 384 2080 PRIMUM
405 2045 455 2080 sic
477 2045 692 2091 proceditur.
720 2044 881 2086 Videtur,
904 2044 1000 2090 quod
1027 2044 1141 2078 homo
1167 2055 1241 2078 non
1267 2052 1431 2079 teneatur
1460 2045 1503 2078 ad
1537 2056 1638 2079 accu-

80 2097 252 2132 sandum:
274 2098 393 2132 nullus
417 2099 514 2132 enim
536 2106 725 2132 excusatur
747 2098 788 2131 ab
811 2097 1021 2143 impletione
1044 2097 1155 2131 divini
1181 2098 1363 2143 praecepti
1389 2106 1534 2144 propter
1560 2110 1639 2145 pec-

82 2159 214 2193 catum,
246 2151 328 2197 quia
349 2153 422 2196 jam
444 2164 486 2186 ex
507 2163 572 2186 suo
595 2160 745 2198 peccato
769 2151 1008 2185 commodum
1031 2159 1248 2196 reportaret:
1277 2152 1338 2185 sed
1362 2151 1472 2197 aliqui
1493 2160 1638 2198 propter

82 2212 273 2250 peccatum
288 2205 484 2239 redduntur
505 2205 681 2239 inhabiles
697 2205 740 2238 ad
756 2205 1013 2246 accusandum,
1036 2206 1127 2238 sicut
1142 2205 1459 2247 excommunicati,
1474 2205 1637 2247 infames,

83 2265 117 2291 et
136 2257 188 2291 illi
210 2258 270 2303 qui
291 2266 373 2292 sunt
394 2258 436 2292 de
459 2259 655 2304 majoribus
679 2258 888 2292 criminibus
911 2258 1081 2300 accusati,
1100 2258 1196 2304 prius
1219 2270 1326 2304 quam
1342 2259 1477 2292 innoxii
1494 2260 1639 2293 demon-

83 2318 256 2353 strentur,
279 2323 365 2357 ergo
387 2311 501 2346 homo
524 2323 598 2345 non
620 2320 760 2345 tenetur
782 2323 824 2345 ex
845 2320 1039 2358 praecepto
1063 2312 1184 2346 divino
1206 2312 1248 2346 ad
1272 2313 1527 2347 accusandum.

154 2374 185 2399 2.
207 2364 442 2399 PRAETEREA.
468 2365 590 2400 Omne
612 2365 772 2399 debitum
795 2376 837 2398 ex
860 2365 1033 2398 charitate
1056 2365 1244 2411 dependet,
1268 2377 1358 2411 quae
1382 2374 1434 2399 est
1448 2365 1526 2399 finis
1542 2376 1639 2411 prae-

84 2418 196 2462 cepti:
218 2418 313 2452 unde
336 2418 464 2452 dicitur
484 2419 590 2453 Rom.
619 2430 681 2464 13.:
709 2419 846 2453 Nemini
867 2419 1047 2464 quidqmmz
1075 2418 1226 2460 debeatis,
1255 2420 1319 2453 nisi
1344 2424 1378 2453 ut
1404 2420 1547 2452 invicem
1569 2419 1640 2452 dili-

82 2472 188 2515 gatis:
212 2472 273 2505 sed
295 2472 382 2505 illud
403 2473 498 2518 quod
519 2481 571 2506 est
593 2473 787 2514 charitatis,
810 2473 923 2506 homo
951 2473 1055 2506 debet
1082 2473 1249 2507 omnibus
1277 2473 1484 2517 majoribus,
1515 2481 1549 2506 et
1577 2473 1640 2505 mi-

83 2524 240 2566 noribus,
263 2525 422 2567 subditis,
445 2534 479 2559 et
501 2526 683 2571 praelatis;
708 2538 791 2559 cum
813 2538 900 2571 ergo
923 2527 1052 2560 subditi
1071 2538 1144 2559 non
1168 2527 1320 2560 debeant
1339 2526 1518 2571 praelatos
1537 2537 1638 2558 accu-

84 2587 173 2618 sare,
195 2588 261 2611 nec
284 2579 442 2613 minores
462 2591 546 2613 suos
574 2581 742 2624 majores,
775 2588 813 2613 ut
833 2591 894 2625 per
917 2579 1017 2624 plura
1041 2579 1194 2625 capitula
1218 2580 1388 2625 probatur
1417 2590 1448 2614 2.
1471 2591 1502 2624 q.
1527 2589 1570 2623 7.,
1592 2579 1639 2611 vi-

85 2630 196 2672 detur,
219 2631 315 2676 quod
336 2632 454 2666 nullus
479 2644 521 2666 ex
543 2633 662 2666 debito
684 2640 847 2667 teneatur
870 2644 1050 2666 accusare.

158 2695 185 2728 3.
206 2684 441 2719 PRAETEREA.
463 2685 590 2719 Nullus
605 2694 742 2720 tenetur
763 2694 886 2720 contra
902 2686 1110 2720 fidelitatem
1127 2696 1243 2730 agere,
1260 2696 1367 2730 quam
1383 2685 1487 2718 debet
1501 2686 1638 2727 amico;

86 2736 169 2780 quia
190 2748 263 2770 non
287 2737 391 2771 debet
413 2738 512 2771 alteri
536 2739 665 2780 lacere,
688 2740 783 2784 quod
807 2740 871 2773 sibi
894 2751 967 2772 non
989 2739 1065 2772 vult
1086 2739 1179 2771 lieri:
1200 2739 1259 2771 sed
1283 2749 1452 2771 accusare
1482 2737 1636 2783 aliquem

86 2790 301 2834 quandoque
318 2799 370 2825 est
385 2799 508 2825 contra
524 2791 743 2833 fidelitatem,
766 2804 874 2837 quam
890 2793 968 2837 quis
987 2792 1092 2825 debet
1116 2791 1251 2824 amico:
1275 2791 1403 2824 dicitur
1418 2791 1564 2824 enimin
1579 2791 1638 2825 lib.

87 2840 190 2875 Prov.
218 2853 280 2875 11.:
305 2844 375 2887 Qui
396 2845 800 2889 ambulatfraudulentur,
827 2846 952 2879 revelat
978 2855 1126 2878 arcam:
1154 2845 1210 2888 qui
1231 2843 1457 2889 autcmfidelis
1478 2850 1531 2886 est,
1559 2845 1639 2879 celat

88 2895 188 2928 amici
209 2897 415 2930 commissum
425 2909 437 2936 ,·
461 2908 547 2941 ergo
569 2897 683 2930 homo
706 2909 780 2931 non
801 2905 942 2931 tenetur
964 2897 1006 2931 ad
1030 2896 1286 2930 accusandum.

231 2975 256 3000 S.
279 2976 398 3002 Timum:
421 2977 523 3002 Summa
550 2977 709 3012 Theo-'ogiam
732 2978 794 3003 Vol.
817 2978 868 3005 III.

1469 2988 1496 3010 35
