1859 3122
207 171 317 214 1204
597 165 819 203 QUAESTIO
855 164 1042 195 CLXXXV.
1077 162 1321 193 ARTICULUS
1353 162 1380 192 Ι.

629 425 984 486 QUAESTIO
1027 423 1335 472 CLXXXV.

344 564 407 594 DE
434 562 493 594 115
520 562 649 602 QUAE
676 561 944 592 PERTINENT
968 561 1034 592 AD
1060 560 1249 592 STATUM
1275 560 1616 600 EPISCOPORUM,
1662 582 1679 598 v

636 633 688 663 IN
714 631 837 664 OCTO
864 631 1127 664 ARTICULOS
1153 631 1329 663 DIVISA.

272 781 414 817 Deinde
437 780 742 816 considerandum
768 787 822 815 est
836 779 878 814 de
900 780 956 814 his
980 791 1072 826 quae
1090 779 1269 825 pertinent
1283 778 1327 813 ad
1341 786 1474 813 statum
1487 778 1764 826 Episcoporum.

700 870 746 905 Et
767 870 857 904 circa
878 869 935 904 hoc
957 873 1162 915 quaeruntur
1183 872 1263 902 octo.

275 943 410 978 Primo.
433 942 564 977 Utrum
587 941 695 976 liceat
716 941 966 988 episcopatum
990 948 1168 986 appetere.

275 997 457 1032 Secundo.
481 997 612 1031 Utrum
633 995 740 1030 liceat
763 995 1013 1041 episcopatum
1035 993 1189 1028 finaliter
1210 1004 1387 1028 recusare.

276 1051 413 1086 Tertio.
437 1051 568 1086 Utrum
592 1057 759 1096 oporteat
780 1050 824 1083 ad
847 1049 1098 1095 episcopatum
1121 1047 1254 1093 eligere
1276 1047 1478 1082 meliorem.

277 1106 430 1147 Quarto.
454 1105 586 1139 Utrum
608 1104 808 1150 Episcopus
830 1103 943 1149 possit
966 1103 1009 1136 ad
1032 1101 1248 1147 religionem
1269 1101 1432 1135 transire.

278 1159 429 1200 Quinto.
453 1159 585 1193 Utrum
607 1158 714 1192 liceat
736 1158 766 1191 ei
790 1156 1026 1203 corporaliter
1046 1155 1208 1189 subditos
1230 1166 1316 1189 suos
1337 1154 1514 1189 deserere.

277 1214 397 1248 Sexto.
421 1213 553 1247 Utrum
574 1212 689 1258 possit
710 1211 842 1245 habere
862 1210 1059 1256 proprium.

278 1266 455 1313 Septimo.
479 1266 611 1300 Utrum
633 1272 760 1311 peccet
780 1262 982 1298 mortaliter
1002 1263 1100 1296 bona
1114 1261 1361 1296 ecclesiastica
1375 1261 1592 1308 pauperibus
1604 1272 1679 1296 non
1696 1272 1774 1296 ero-

206 1321 336 1368 gando.

280 1375 437 1410 Octavo.
459 1373 591 1408 Utrum
612 1371 784 1418 religiosi,
807 1372 868 1418 qui
889 1369 933 1404 ad
955 1370 1205 1417 episcopatum
1239 1376 1481 1412 assumuntur,
1513 1376 1703 1404 teneantur
1729 1369 1772 1404 ad

209 1427 456 1464 observantias
477 1426 671 1473 regulares.

643 1627 663 1644 ·
796 1566 1143 1613 ARTICULUS
1179 1566 1212 1609 1.
1707 1575 1775 1623 876

515 1678 668 1709 UTRUM
700 1677 859 1707 LICEAT
892 1675 1200 1706 EPISCOPATUM
1234 1674 1467 1704 APPETERE.

234 1768 375 1815 (Quodl.
398 1779 428 1803 2.
451 1772 515 1802 art,
536 1779 582 1802 II.
604 1771 633 1801 et
655 1765 776 1810 Quodl.
795 1777 824 1812 3.
847 1769 910 1799 art.
933 1777 964 1811 9.
987 1769 1015 1799 et
1038 1763 1159 1809 Quodl.
1178 1775 1205 1809 5.
1229 1767 1292 1798 art.
1313 1775 1341 1798 1.
1360 1767 1389 1797 et
1408 1761 1529 1807 Quodl.
1547 1773 1598 1797 12.
1617 1765 1684 1796 art.
1702 1761 1752 1796 18.

646 1825 675 1855 et
696 1826 806 1867 opusc.
828 1820 878 1855 18.
901 1825 974 1866 cap.
997 1831 1048 1865 19.
1071 1823 1100 1853 et
1121 1830 1148 1853 1.
1177 1818 1264 1852 Tim.
1282 1817 1341 1864 3.).

282 1913 341 1947 AD
363 1922 513 1947 PRrMUM
534 1910 585 1945 sic
612 1909 828 1957 proceditur.
855 1908 1015 1951 Videtur,
1037 1908 1134 1954 quod
1164 1907 1272 1941 liceat
1305 1906 1555 1953 episcopatum
1589 1913 1776 1952 appetere:

213 1967 299 2002 dicit
321 1966 417 2000 enim
441 1966 568 2012 Apost.
595 1975 622 1998 1.
647 1965 690 1998 ad
714 1963 811 1998 Tim.
838 1975 885 2009 3.:
911 1963 981 2007 Qui
1007 1963 1229 2009 episcopatum
1262 1960 1431 2003 desiderat,
1453 1961 1573 1995 bonum
1600 1967 1678 2007 opus
1698 1959 1779 1995 desi-

212 2021 325 2062 dera&
349 2020 411 2054 sed
433 2020 573 2054 licitum
595 2026 658 2060 est,
682 2026 717 2052 et
737 2016 917 2051 laudabile
939 2017 1077 2050 bonum
1101 2027 1190 2062 opus
1214 2015 1438 2056 desiderare3
1461 2025 1548 2060 ergo
1571 2015 1682 2048 etiam
1702 2013 1778 2048 lau-

213 2074 330 2109 dabile
353 2082 406 2108 est
427 2073 631 2107 desiderare
654 2071 914 2118 episcopatum.

286 2138 316 2161 2.
339 2127 576 2162 PRAETEREA.
604 2125 724 2159 Status
757 2124 1022 2170 Episcoporum
1058 2131 1111 2157 est
1144 2122 1347 2169 perfectior,
1381 2134 1489 2168 quarn
1523 2121 1779 2168 religiosorum

214 2190 338 2223 status,
360 2189 398 2215 ut
419 2191 526 2226 supra
548 2179 711 2213 habitum
734 2186 787 2212 est
808 2179 855 2224 (q.
876 2185 988 2224 praec.
1011 2182 1074 2211 art.
1098 2177 1160 2223 7.).·
1184 2177 1245 2211 sed
1267 2175 1447 2210 laudabile
1462 2183 1525 2218 est,
1539 2176 1635 2222 quod
1652 2175 1779 2221 aliquis

215 2235 392 2270 desideret
413 2234 456 2268 ad
479 2241 612 2268 statum
633 2232 818 2278 religionis
839 2232 1011 2273 transire3
1034 2242 1120 2276 ergo
1140 2230 1249 2265 etiam
1268 2229 1446 2264 laudabile
1461 2237 1524 2272 est,
1540 2229 1636 2276 quod
1651 2229 1780 2276 aliquis

216 2297 360 2336 appetat
381 2288 424 2322 ad
447 2288 696 2334 episcopatum
717 2285 937 2332 promoveri.

290 2355 319 2388 3.
342 2343 579 2377 PRAETEREA.
607 2341 714 2375 Prov.
739 2351 791 2374 11.
815 2339 958 2373 dicitur:
996 2340 1067 2384 Qui
1093 2338 1261 2374 abscondit
1285 2339 1475 2385 frumenta,
1501 2338 1714 2374 maledicetur
1745 2339 1781 2373 in

212 2397 363 2444 populis;
388 2396 564 2431 benedictio
587 2400 696 2429 autem
716 2401 813 2440 super
833 2398 932 2440 caput
951 2393 1184 2427 vendentium:
1213 2392 1275 2427 sed
1304 2392 1364 2426 ille
1395 2392 1455 2438 qui
1489 2400 1542 2427 est
1572 2392 1725 2427 idoneus
1747 2400 1783 2426 et

215 2453 300 2493 vita,
323 2459 356 2485 et
378 2449 526 2484 scientia
549 2449 592 2482 ad
615 2448 877 2494 episcopatum,
904 2446 1045 2480 videtur
1065 2446 1244 2481 frumenta
1266 2446 1462 2491 spiritualia
1497 2445 1730 2489 abscondere,
1752 2445 1782 2480 si

216 2516 253 2539 se
277 2504 318 2538 ab
342 2504 550 2549 episcopatu
573 2501 777 2536 subtrahat:
799 2512 862 2547 per
883 2501 954 2534 hoc
985 2508 1104 2534 autem
1136 2500 1232 2546 quod
1267 2500 1517 2546 episcopatum
1551 2499 1692 2546 accipit,
1722 2511 1783 2546 po-

216 2558 311 2592 nitur
333 2558 368 2591 in
391 2564 482 2591 statu
504 2555 684 2590 frumenta
706 2554 903 2600 spiritualia
929 2554 1177 2599 dispensandi3
1200 2565 1286 2599 ergo
1308 2553 1459 2595 videtur,
1481 2553 1576 2599 quod
1603 2552 1782 2587 laudabile

217 2612 262 2646 sit
283 2611 530 2657 episcopatum
555 2617 735 2656 appetere,
759 2616 793 2642 et
813 2607 1048 2654 vituperabile
1071 2608 1189 2653 ipsum
1212 2607 1387 2653 refugere.

288 2675 321 2707 4.
345 2665 580 2698 PRAETEREA.
604 2663 713 2696 Facta
735 2670 957 2702 sanctorum,
980 2662 1121 2706 quaein
1139 2661 1249 2694 Sacra
1266 2660 1450 2706 Scriptura
1465 2667 1664 2702 narrantur,
1678 2659 1782 2694 nobis

219 2726 470 2764 proponuntur
490 2717 526 2750 in
549 2716 766 2761 exemplum,
789 2715 989 2749 secundum
1016 2714 1102 2748 illud
1126 2715 1168 2748 ad
1188 2715 1295 2748 Rom.
1320 2725 1389 2758 15.:
1412 2715 1645 2759 Quaecumque
1661 2715 1784 2760 scripta

218 2777 305 2813 smil,
330 2771 371 2804 ad
393 2776 538 2805 nostram
561 2770 743 2804 doctrinam
766 2770 890 2815 scripta
910 2773 1004 2802 sunt:
1028 2769 1088 2801 sed
1112 2768 1242 2812 legitur
1265 2769 1330 2801 Isa.
1351 2766 1395 2809 6.‚
1418 2767 1514 2813 quod
1536 2767 1646 2801 Isaias
1669 2778 1706 2802 se
1725 2767 1785 2801 ob-

223 2825 303 2858 tulit
327 2825 368 2857 ad
393 2823 552 2858 officium
576 2823 872 2869 praedicationis:
895 2822 991 2867 quod
1023 2822 1213 2866 praecipue
1249 2821 1423 2865 competit
1455 2821 1662 2867 Episcopis;
1696 2831 1782 2866 ergo

221 2878 372 2920 videtur,
395 2877 491 2923 quod
515 2886 681 2923 appetere
704 2877 955 2922 episcopatum
977 2875 1021 2908 sit
1042 2874 1231 2908 laudabile.
