1859 3122
221 107 304 162 698
622 117 839 152 QUAESTlo
871 117 1022 147 xcvm.
1055 117 1299 148 ARTICULUS
1332 118 1376 147 11.

290 210 322 242 4.
345 200 581 233 PRAETEREA.
595 199 848 244 Juramentum
869 199 1149 245 promissorium
1171 210 1209 234 se
1231 199 1389 233 extendit
1403 198 1447 232 ad
1464 198 1594 242 futura,
1615 198 1708 234 sicut
1729 210 1780 234 as·
1822 208 1823 211 ’

219 253 412 288 sertorium
434 252 478 286 ad
499 253 703 298 praeterita,
726 260 760 287 et
789 253 1009 299 praesentia:
1033 252 1095 287 sed
1125 260 1244 299 potest
1265 252 1488 298 contingere,
1510 252 1608 299 quod
1633 252 1780 287 tollatur

220 307 393 352 obligatio
415 307 609 352 juramenti
630 318 693 352 per
716 306 862 352 aliquid,
885 306 982 353 quod
1004 308 1040 341 in
1053 306 1215 340 futurum
1237 314 1417 352 emergat3
1441 306 1534 340 sicut
1555 318 1638 340 curn
1661 305 1780 352 aliqua

221 360 346 394 civitas
365 361 458 405 jurat
472 371 508 394 se
524 359 657 405 aliquid
680 368 917 402 servaturum,
933 369 967 394 et
981 368 1106 406 postea
1120 360 1377 406 superveniunt
1389 359 1476 393 novi
1490 359 1598 402 cives,
1617 359 1677 406 qui
1691 359 1780 394 illud
1794 394 1804 399 ,

219 424 293 446 non
315 414 541 458 juraverunt3
563 412 621 447 vel
643 424 727 446 cum
750 413 946 448 canonicus
970 413 1097 459 aliquis
1111 414 1205 459 jurat
1219 421 1350 447 statuta
1368 412 1553 447 Ecclesiae
1575 413 1726 459 alicujus
1740 424 1778 447 se

221 475 458 508 servaturum,
482 475 516 500 et
537 467 772 512 postmodum
796 466 915 512 aliqua
936 466 1026 500 fiunt
1047 467 1090 500 de
1112 478 1230 510 novo;
1254 477 1340 512 ergo
1363 466 1513 509 videtur,
1529 467 1626 512 quod
1639 466 1706 501 iste
1721 466 1782 512 qui

220 519 479 565 transgreditur
500 521 757 565 juramentum,
778 531 853 554 non
875 528 1011 566 peccet.

293 574 366 609 SED
387 585 542 609 CONTRA
564 582 626 616 est,
643 574 740 620 quod
754 575 849 620 Aug.
866 574 952 608 dicit
972 574 1009 608 in
1030 573 1090 608 lib.
1105 573 1148 608 de
1159 573 1287 608 Verbis
1306 573 1572 620 Apost.Jacobi
1594 573 1703 617 (serm.
1727 574 1781 609 28.

221 634 290 674 sup.
312 629 362 673 2.)
382 628 424 662 de
446 627 603 674 perjurio
625 628 795 674 loquens:
823 641 840 659 «
859 627 1009 670 Videtis,
1032 639 1141 674 quam
1162 627 1229 662 ista
1251 626 1460 661 detestanda
1481 627 1526 661 sit
1537 626 1669 670 bellua,
1684 635 1719 662 et
1739 627 1783 662 de

220 682 324 716 rebus
346 681 515 715 humanis
537 682 810 716 exterminanda
831 695 863 715 ».
1335 678 1337 681 ’

292 735 522 770 RESPONDEO
539 735 745 777 dicendum,
761 735 870 781 quod,
892 734 984 769 sicut
1005 746 1111 781 supra
1134 735 1270 769 dictum
1289 742 1342 769 est
1362 735 1407 780 (q.
1430 735 1485 780 89.
1500 739 1564 769 art.
1589 734 1646 778 1.),
1665 734 1782 780 jurare

220 797 272 823 est
290 789 411 823 Deum
429 797 559 823 testem
580 789 770 822 invocare:
793 788 946 834 pertinet
961 796 1082 822 autem
1097 788 1141 822 ad
1156 788 1227 822 Dei
1242 787 1524 830 irreverentiam,
1540 787 1637 833 quod
1655 786 1783 833 aliquis

222 854 306 876 eum
327 850 458 877 testem
480 842 626 876 invocet
651 841 835 877 falsitatis:
859 841 941 888 quia
968 853 1030 887 per
1055 841 1127 876 hoc
1155 842 1214 876 dat
1239 841 1454 887 intelligere,
1481 840 1540 875 vel
1560 840 1657 887 quod
1682 841 1782 875 Deus

220 895 410 930 veritatem
431 907 506 930 non
528 904 739 942 cognoscat,
761 895 819 929 vel
841 895 937 941 quod
958 894 1152 929 falsitatem
1173 895 1357 929 testificari
1376 894 1484 937 velit3
1508 902 1543 929 et
1566 894 1650 929 ideo
1671 895 1786 941 perju-

219 949 314 984 rium
337 949 525 984 manifeste
548 957 601 984 est
621 957 813 995 peccatum
828 948 996 995 religioni
1011 949 1244 991 contrarium,
1264 949 1365 995 cujus
1384 956 1436 982 est
1449 948 1531 982 Deo
1545 948 1785 983 reverentiam

228 1003 406 1037 exhibere.

294 1057 355 1091 AD
382 1067 531 1091 PRtMUM
554 1067 641 1102 ergo
664 1055 871 1098 dicendum,
895 1055 991 1102 quod
1012 1055 1074 1090 ille
1097 1056 1156 1102 qui
1182 1056 1276 1101 jurat
1301 1066 1339 1089 se
1360 1054 1540 1089 facturum
1562 1054 1696 1102 aliquid
1721 1054 1786 1089 illi-

225 1111 350 1153 citum,
371 1111 523 1156 jurando
546 1110 695 1144 incurrit
712 1110 910 1156 perjurium
931 1117 1078 1156 propter
1099 1108 1280 1143 defectum
1301 1109 1475 1154 justitiae:
1498 1108 1560 1143 sed
1582 1108 1612 1143 si
1632 1119 1706 1143 non
1721 1108 1788 1143 im-

223 1163 320 1210 pleat
342 1164 438 1209 quod
459 1163 600 1209 juravit,
621 1163 658 1197 in
671 1163 743 1197 hoc
759 1163 955 1209 perjurium
965 1174 1039 1196 non
1058 1162 1225 1205 incurrit3
1242 1163 1324 1208 quia
1338 1162 1410 1196 hoc
1425 1173 1499 1196 non
1512 1170 1588 1197 erat
1600 1161 1672 1197 tale
1690 1162 1786 1209 quid,

226 1217 323 1263 quod
346 1217 409 1250 sub
431 1218 636 1262 juramento
661 1217 788 1250 cadere
810 1224 942 1262 posset.

298 1271 357 1304 AD
386 1281 593 1304 SECUNDUM
620 1270 827 1312 dicendum,
855 1269 951 1315 quod
972 1268 1033 1303 ille
1055 1269 1115 1315 qui
1137 1270 1229 1315 jurat
1249 1280 1286 1303 se
1307 1280 1382 1303 non
1402 1269 1619 1304 intraturum
1645 1268 1786 1315 religio·
1840 1295 1841 1298 η

223 1335 320 1365 nem,
339 1323 396 1357 vel
418 1335 491 1357 non
520 1324 686 1357 daturum
714 1322 999 1369 eleemosynam,
1021 1322 1079 1356 vel
1105 1322 1238 1368 aliquid
1259 1322 1480 1367 hujusmodi,
1501 1323 1653 1368 jurando
1673 1323 1787 1368 periu-

228 1378 321 1411 rium
343 1377 492 1410 incurrit
513 1384 658 1422 propter
681 1375 861 1410 defectum
888 1376 1023 1422 judicii,
1051 1384 1085 1410 et
1110 1375 1192 1409 ideo
1220 1375 1363 1422 quando
1390 1374 1475 1410 facit
1488 1376 1523 1409 id
1545 1376 1641 1422 quod
1657 1375 1787 1410 melius

226 1439 289 1472 est,
312 1442 386 1464 non
410 1437 462 1464 est
483 1430 692 1476 perjurium,
715 1430 776 1464 sed
798 1429 954 1476 perjurio
977 1429 1220 1472 contrarium3
1243 1429 1463 1463 contrarium
1486 1429 1582 1463 enim
1596 1430 1671 1475 ejus
1691 1429 1788 1476 quod

225 1484 312 1518 facit
332 1484 396 1518 sub
419 1485 624 1529 juramento
647 1483 775 1517 cadere
796 1495 870 1517 non
893 1491 1043 1529 poterat.

299 1538 357 1571 Ar)
374 1548 544 1572 TERTlUM
567 1537 773 1578 dicendum,
796 1536 892 1582 quod
909 1548 990 1571 cum
1007 1535 1134 1582 aliquis
1155 1537 1259 1582 Jurat,
1281 1535 1339 1570 vel
1353 1536 1530 1582 promittit
1550 1547 1587 1571 se
1608 1535 1788 1571 facturum

228 1591 453 1625 voluntatem
478 1590 634 1633 alterius,
661 1590 895 1636 intelligenda
922 1597 974 1624 est
1001 1590 1119 1624 debita
1146 1589 1325 1633 conditio;
1352 1590 1383 1624 si
1408 1589 1546 1624 scilicet
1570 1590 1605 1624 id
1631 1590 1728 1637 quod
1755 1590 1788 1625 ei

230 1645 434 1686 mandatur,
456 1644 596 1678 licitum
618 1644 674 1685 sit,
698 1652 731 1678 et
751 1644 959 1685 honestum,
982 1651 1017 1677 et
1037 1642 1226 1689 portabile,
1247 1643 1322 1677 sive
1344 1643 1584 1678 moderatum.

300 1699 359 1733 AD
387 1708 576 1737 QUARTUM
596 1698 803 1740 dicendum,
823 1697 920 1743 quod
935 1698 1278 1743 quiajuramentum
1301 1705 1354 1731 est
1375 1698 1469 1732 actio
1490 1697 1701 1744 personalis,
1725 1697 1786 1732 ille

228 1752 288 1798 qui
311 1752 353 1786 de
376 1762 474 1785 novo
497 1751 535 1785 fit
557 1751 644 1785 civis
663 1751 813 1796 alicujus
836 1751 1000 1792 civitatis,
1018 1761 1092 1784 non
1115 1750 1296 1796 obligatur
1317 1751 1418 1797 quasi
1435 1752 1639 1797 juramento
1662 1751 1705 1786 de
1719 1763 1789 1787 ser-

226 1805 344 1839 vanda
365 1805 440 1846 illa,
462 1816 553 1851 quae
569 1805 694 1839 civitas
709 1815 746 1838 se
765 1812 989 1838 servaturam
1002 1804 1149 1849 juravit3
1164 1813 1286 1838 tamen
1307 1812 1448 1838 tenetur
1469 1816 1512 1839 ex
1530 1804 1687 1851 quadam
1706 1804 1791 1840 fide-

226 1859 336 1900 litate,
360 1870 401 1892 ex
424 1870 493 1904 qua
516 1858 707 1904 obligatur,
729 1866 767 1892 ut
796 1858 889 1892 sicut
909 1857 948 1892 fit
972 1857 1093 1892 socius
1114 1857 1295 1891 bonorum
1326 1858 1490 1901 civitatis,
1516 1858 1566 1892 ita
1593 1858 1703 1893 etiam
1727 1858 1789 1893 fiat

229 1913 405 1958 particeps
429 1922 598 1946 onerum:
624 1911 820 1945 canonicus
842 1922 941 1953 vero,
963 1912 1024 1957 qui
1049 1911 1141 1956 jurat
1166 1922 1203 1945 se
1230 1918 1453 1945 servaturum
1476 1919 1607 1946 statuta
1633 1911 1728 1946 edita
1753 1911 1789 1946 in

227 1965 348 2011 aliquo
373 1964 542 2011 collegiQ
564 1976 637 1999 non
659 1972 801 1999 tenetur
823 1975 864 1998 ex
890 1965 1094 2010 juramento
1122 1963 1165 1998 ad
1188 1964 1406 1999 servandum
1431 1964 1561 2007 futura,
1589 1964 1659 2000 nisi
1679 1965 1791 2000 inten-

229 2019 319 2052 derit
337 2030 374 2053 se
397 2018 558 2063 obligare
581 2018 625 2052 ad
647 2018 771 2052 omnia
787 2025 918 2052 statuta
932 2017 1135 2063 praeterita,
1158 2025 1193 2051 et
1206 2016 1340 2052 futura:
1355 2026 1496 2052 tenetur
1516 2026 1639 2053 tamen
1661 2030 1704 2053 ea
1721 2029 1790 2053 ser—

226 2084 310 2106 vere
341 2083 383 2105 ex
411 2072 487 2118 ipsa
509 2072 544 2104 vi
573 2080 802 2112 statutorum,
834 2082 925 2117 quae
955 2071 1090 2106 habent
1111 2071 1315 2106 coactivam
1345 2071 1526 2115 virtutem,
1549 2080 1587 2107 ut
1607 2083 1649 2107 ex
1671 2083 1790 2119 supra-

228 2125 330 2159 dictis
353 2133 449 2170 patet
471 2125 548 2169 (1-2.
572 2137 601 2170 q.
621 2125 677 2171 96.
701 2130 765 2159 art.
787 2125 851 2169 4).

779 2265 1126 2310 ARTICULUS
1155 2266 1234 2308 HI.
1725 2287 1786 2325 523

420 2375 573 2404 UTRL'M
600 2374 722 2403 OMNE
749 2374 983 2415 PERJURIUM
1010 2375 1078 2403 SIT
1111 2374 1347 2404 PECCATUM
1379 2373 1600 2403 MORTALE.

529 2461 648 2508 (Schr.
664 2473 693 2506 q.
711 2462 765 2495 So.
785 2466 848 2495 art.
865 2473 892 2506 5.
909 2468 996 2507 corp.
1018 2467 1082 2507 εἰς.
1098 2462 1184 2496 Dist.
1196 2473 1249 2508 39.
1265 2466 1330 2496 art.
1342 2473 1370 2507 5.
1386 2473 1415 2506 [J-
1431 2461 1488 2505 L).

299 2550 358 2584 AD
378 2560 549 2585 TERTIUM
572 2551 621 2583 sic
641 2550 855 2596 proceditur.
876 2549 1037 2592 Videtur,
1055 2549 1150 2596 quod
1167 2561 1241 2583 non
1260 2560 1369 2583 omne
1383 2548 1578 2596 perjurium
1600 2548 1645 2583 sit
1664 2559 1789 2595 pecca-

224 2612 300 2637 tum
323 2604 476 2638 mortale
493 2614 499 2636 :
516 2604 644 2637 dicitur
659 2604 755 2638 enim
771 2611 868 2637 extra
884 2603 926 2636 de
936 2603 1087 2649 Jurejur.
1109 2605 1198 2649 (cap.
1213 2616 1223 2638 :
1253 2603 1412 2647 l⁷e1·zcm):
1438 2615 1456 2634 ‹<
1477 2602 1517 2636 In
1540 2613 1581 2636 ea
1600 2602 1788 2648 questione

227 2668 317 2703 quae
340 2657 503 2703 ponitur:
528 2668 573 2690 an
596 2668 615 2690 a
637 2656 855 2691 sacramenti
877 2656 1023 2690 vinculo
1047 2656 1290 2698 absolvantur,
1313 2656 1373 2702 qui
1390 2655 1478 2690 illud
1496 2655 1598 2689 inviti
1624 2666 1689 2702 pro
1703 2655 1787 2697 vita,

225 2719 259 2744 et
281 2711 385 2745 rebus
407 2711 590 2745 servandis
612 2710 786 2752 fecerunt,
807 2709 898 2744 nihil
919 2709 1014 2743 aliud
1037 2710 1261 2751 arbitramur,
1284 2721 1393 2756 quam
1415 2709 1511 2755 quod
1539 2717 1785 2743 antecessores

227 2765 339 2798 nostri
362 2765 519 2799 Romani
549 2764 743 2799 Pontifices
775 2764 932 2798 arbitrati
961 2763 1069 2798 fuisse
1099 2772 1316 2807 noscuntur3
1347 2763 1406 2810 qui
1436 2763 1525 2798 tales
1550 2775 1569 2798 a
1594 2762 1787 2808 juramenti

227 2819 373 2852 nexibus
397 2818 637 2852 absolverunt.
665 2818 873 2859 Caeterum,
904 2825 941 2851 ut
967 2825 1093 2862 agatur
1123 2816 1333 2858 consultius,
1364 2825 1399 2851 et
1427 2815 1608 2851 auferatur
1636 2815 1785 2850 materia
