1859 3122
189 187 300 228 1206
569 194 788 230 QUAESTIO
823 194 1010 224 CLXXXV.
1044 194 1288 224 ARTICULUS
1323 196 1348 225 1.

181 277 290 312 bilem
312 287 402 317 esse,
424 275 526 322 quasi
543 275 657 309 dicat:
682 274 820 316 Laudo,
843 275 939 321 quod
962 275 1148 320 quaeritis;
1172 275 1233 309 sed
1252 275 1347 321 prius
1370 275 1506 318 discite,
1529 276 1613 322 quid
1634 287 1740 322 quae-

181 331 264 364 ratis
291 343 322 363 n.

251 383 310 416 AD
326 392 531 416 SECUNDUM
547 381 750 425 dicendum,
767 380 863 426 quod
877 392 951 415 non
967 389 1018 415 est
1034 381 1161 416 eadem
1175 381 1266 416 ratio
1283 381 1325 415 de
1340 388 1432 416 statu
1447 381 1632 428 religionis
1649 390 1683 417 et
1697 382 1740 417 de

180 444 272 470 statu
293 435 501 481 episcopali,
517 442 661 480 propter
677 434 753 469 duo.
771 435 885 468 Primo
901 435 1057 480 quidem,
1074 435 1156 481 quia
1171 435 1213 468 ad
1232 443 1365 469 statum
1385 435 1628 481 episcopalem
1642 447 1742 481 prae-

181 489 331 535 exigitur
343 489 438 523 vitae
454 488 636 534 perfectio,
651 496 689 522 ut
702 495 799 534 patet
813 500 875 534 per
884 488 955 523 hoc
965 489 1061 534 quod
1075 489 1256 523 Dominus
1269 501 1286 523 a
1299 490 1405 524 Petro
1417 490 1603 535 quaesivit,
1618 490 1648 524 si
1662 489 1740 536 plus

180 554 265 576 eum
282 542 431 576 caeteris
446 541 620 588 diligeret,
637 550 831 588 antequam
847 542 880 576 ei
895 542 1139 576 committeret
1156 542 1335 588 pastorale
1351 542 1529 578 officium:
1546 543 1607 577 sed
1619 543 1662 577 ad
1677 550 1743 577 sta-

180 604 258 630 tum
276 595 476 641 Religionis
491 606 565 628 non
580 595 820 641 praeexigitur
838 594 1021 641 perfectio,
1036 595 1098 629 sed
1114 603 1165 630 est
1179 596 1236 629 via
1249 596 1286 629 in
1301 595 1578 641 perfectionem;
1599 596 1693 630 unde
1708 604 1743 631 et

183 649 376 690 Dominus,
392 648 519 682 Matth.
546 659 609 695 19„
631 660 704 682 non
727 649 831 682 dixit:
855 649 891 683 Si
917 661 946 683 es
966 649 1137 695 perfectus,
1160 649 1255 692 vade,
1275 649 1377 684 vende
1399 651 1510 684 omnia
1531 661 1611 696 quae
1632 650 1740 691 habe5;

183 703 263 737 sed:
286 703 322 737 St
341 704 392 736 vis
409 702 571 748 perfectus
588 713 661 742 essex
686 709 719 736 et
740 702 845 747 hujus
868 701 1088 736 differentiae
1109 703 1201 736 ratio
1224 711 1288 745 est,
1311 703 1393 749 quia
1416 703 1613 737 secundum
1631 703 1741 737 Dion.

187 758 277 803 (cap.
295 769 324 803 )'·
347 757 436 792 Eccl.
458 757 570 800 Hier.)
591 755 764 803 perfectio
779 757 932 802 pertinet
953 757 1067 791 active
1083 757 1126 790 ad
1141 757 1374 803 Episcopum,
1392 757 1484 792 sicut
1505 758 1548 792 ad
1569 757 1743 804 perfecto-

187 822 280 853 rem,
297 811 339 844 ad
354 810 577 844 monachum
599 818 716 844 autem
735 810 885 855 passive,
900 810 990 844 sicut
1006 811 1048 844 ad
1063 809 1279 856 perfectum:
1297 811 1486 857 requiritur
1500 819 1631 853 autem,
1646 811 1742 857 quod

184 865 229 899 sit
250 863 427 910 perfectus
448 863 586 909 aliquis,
602 864 644 897 ad
659 864 729 897 hoc
746 864 842 909 quod
857 864 969 909 possit
988 863 1077 898 alios
1094 864 1135 897 ad
1151 863 1412 910 perfectionem
1435 865 1630 907 adducere;
1646 864 1742 910 quod

183 929 256 951 non
271 917 512 962 praeexigitur
534 917 575 950 ab
599 928 654 958 eo,
682 917 742 962 qui
769 917 873 951 debet
896 917 938 950 ad
962 917 1221 962 perfectionem
1249 918 1395 952 adduci:
1423 926 1475 952 est
1502 926 1623 952 autem
1644 929 1742 964 prae-

182 979 448 1016 sumptuosum,
471 970 567 1016 quod
591 970 717 1016 aliquis
739 970 937 1016 perfectum
960 982 997 1004 se
1020 979 1168 1017 reputet,
1191 982 1264 1004 non
1288 979 1408 1005 autem
1431 972 1526 1017 quod
1549 971 1676 1017 aliquis
1699 972 1742 1006 ad

181 1023 443 1071 perfectionem
465 1024 596 1057 tendat.
617 1024 776 1065 Secundo,
805 1024 887 1069 quia
902 1023 962 1057 ille
981 1024 1041 1070 qui
1062 1032 1195 1058 statum
1216 1024 1416 1069 Religionis
1436 1025 1596 1066 assumit,
1612 1036 1648 1059 se
1665 1024 1740 1058 aliis

180 1078 323 1123 subjicit
344 1078 386 1111 ad
409 1077 605 1122 spiritualia
622 1077 814 1122 capienda,
837 1087 872 1111 et
892 1077 963 1112 hoc
986 1077 1131 1112 cuilibet
1153 1078 1254 1119 licet;
1273 1078 1366 1112 unde
1388 1078 1611 1123 Augustinus
1630 1090 1681 1125 19.
1699 1077 1742 1112 de

184 1132 263 1166 Civ.
279 1132 348 1165 Dei
370 1132 458 1177 (cap.
480 1132 547 1177 19.)
570 1131 673 1165 dicit:
700 1144 717 1162 (<
735 1132 765 1165 Α
785 1131 902 1165 studio
922 1132 1199 1177 cognoscendae
1217 1131 1374 1165 veritatis
1392 1143 1501 1165 nemo
1523 1131 1743 1178 prohibetur,

182 1185 278 1231 quod
302 1185 344 1218 ad
371 1184 550 1218 laudabile
574 1185 687 1218 otium
710 1185 861 1230 pertinet
882 1196 913 1218 »ι
937 1185 998 1219 sed
1020 1184 1081 1219 ille
1109 1185 1169 1230 qui
1189 1185 1315 1218 transit
1337 1185 1379 1218 ad
1402 1192 1534 1219 statum
1562 1185 1744 1231 episcopa-

182 1239 266 1280 lem,
288 1238 502 1272 sublimatur
524 1238 566 1271 ad
593 1238 664 1271 hoc
688 1238 783 1283 quod
812 1237 889 1272 aliis
911 1238 1114 1284 provideat3
1138 1246 1171 1272 et
1193 1238 1285 1272 hanc
1308 1238 1603 1273 sublimationem
1621 1238 1741 1273 nullus

183 1292 288 1325 debet
309 1292 374 1325 sibi
396 1303 590 1332 assumere,
618 1292 818 1325 secundum
840 1291 927 1324 illud
955 1291 997 1324 ad
1024 1291 1114 1325 Heb.
1145 1302 1189 1335 5.:
1218 1292 1328 1337 Neque
1357 1293 1529 1337 quisquam
1553 1293 1653 1326 sumit
1677 1293 1740 1327 silvi

183 1345 350 1386 honorem,
373 1345 424 1379 sad.
450 1346 506 1390 qni
527 1349 667 1379 vocatur
688 1355 708 1377 α
729 1345 814 1384 De0;
839 1352 873 1378 et
895 1344 1024 1390 Chrys.
1054 1344 1139 1378 dicit
1165 1356 1272 1390 super
1297 1345 1422 1379 Matth.
1444 1345 1548 1390 (hom.
1567 1357 1611 1391 35.
1633 1347 1669 1379 in
1690 1352 1740 1392 op.

180 1398 352 1444 imperf.):
379 1398 612 1432 «Primatum
634 1397 817 1432 Ecclesiae
841 1398 1109 1442 concupiscere,
1131 1409 1248 1444 neque
1269 1398 1404 1443 justum
1426 1407 1488 1440 est,
1512 1410 1628 1444 neque
1643 1399 1741 1434 utile.

184 1451 276 1492 Quis
299 1451 394 1485 enim
422 1451 564 1496 sapiens
589 1450 665 1485 vult
692 1451 786 1485 ultro
813 1462 850 1485 se
873 1451 1048 1497 subjicere
1071 1451 1242 1493 servituti,
1269 1451 1430 1497 periculo
1451 1451 1525 1494 tali,
1551 1460 1589 1486 ut
1610 1452 1669 1486 det
1689 1463 1741 1486 ra-

181 1505 319 1539 tionem
341 1516 405 1551 pro
429 1505 530 1538 omni
551 1504 738 1538 Ecclesia?
761 1505 829 1538 nisi
855 1504 945 1539 forte
974 1505 1034 1550 qui
1059 1516 1136 1538 non
1162 1505 1266 1539 timet
1292 1505 1361 1539 Dei
1383 1505 1566 1550 judicium,
1594 1505 1742 1540 abutens

182 1559 337 1605 primatu
354 1558 599 1592 ecclesiastico
614 1557 858 1600 saeculariter,
873 1566 911 1592 ut
926 1558 1064 1592 scilicet
1086 1566 1273 1592 convertat
1286 1558 1403 1604 ipsum
1419 1560 1455 1592 in
1471 1558 1695 1593 saecularem
1709 1572 1742 1593 )).

253 1612 312 1646 AD
335 1622 506 1646 TERTIUM
529 1612 733 1653 dicendum,
760 1611 857 1658 quod
880 1611 1098 1657 dispensatio
1125 1612 1363 1658 spiritualium
1384 1612 1648 1646 frumentorum
1669 1623 1743 1647 non

186 1673 238 1700 est
258 1665 423 1699 facienda
444 1666 643 1699 secundum
667 1665 852 1699 arbitrium
875 1664 1073 1709 cujuslibet,
1097 1666 1157 1699 sed
1185 1665 1429 1711 principaliter
1450 1666 1595 1711 quidem
1617 1677 1744 1700 secun-

186 1720 271 1754 dum
294 1720 489 1761 arbitrium,
512 1727 546 1753 et
568 1719 841 1765 dispositionem
863 1719 943 1760 Dei,
966 1719 1180 1752 secundario
1197 1726 1316 1753 autem
1338 1719 1539 1753 secundum
1558 1719 1742 1754 arbitrium

183 1773 411 1819 superiorum
437 1773 701 1818 praelatorum;
725 1784 766 1806 ex
789 1784 943 1818 quorum
966 1783 1119 1818 persona
1145 1772 1274 1806 dicitur
1299 1784 1326 1806 1.
1355 1772 1398 1806 ad
1421 1771 1507 1806 Cor.
1528 1782 1580 1815 4.:
1608 1773 1660 1807 Sic
1685 1785 1745 1807 nos

182 1828 340 1861 existimet
361 1827 467 1867 homo,
491 1831 525 1860 ut
548 1828 715 1861 ministros
737 1827 873 1868 Christi,
892 1831 919 1860 et
933 1826 1163 1872 dispensatores
1177 1827 1407 1871 mysteriorum
1423 1826 1502 1866 Der}
1518 1834 1552 1860 et
1569 1826 1651 1860 ideo
1669 1837 1743 1860 non

181 1879 393 1926 intelligitur
414 1879 474 1913 ille
497 1880 717 1914 abscondere
739 1879 919 1913 frumenta
946 1879 1154 1925 spiritualia,
1177 1881 1234 1913 cui
1255 1891 1329 1913 non
1352 1880 1525 1926 competit
1546 1892 1588 1914 ex
1611 1879 1744 1923 officio,

183 1945 249 1967 nec
272 1933 305 1967 ei
323 1945 342 1967 a
364 1933 548 1979 superiore
577 1934 787 1979 injungitur,
815 1934 844 1967 si
871 1933 912 1967 ab
941 1933 1094 1967 aliorum
1123 1934 1359 1975 correctione,
1393 1942 1453 1967 aut
1482 1934 1742 1979 gubernatione

184 1987 331 2020 desistat
357 1987 418 2020 sed
440 1986 560 2020 solum
587 1995 672 2021 tunc
699 1986 910 2031 intelligitur
937 1987 1167 2028 abscondere,
1189 1987 1219 2021 si
1240 1987 1547 2033 dispensationem
1569 1987 1741 2034 negligat,

184 2051 266 2074 cum
290 2040 321 2074 ei
337 2051 379 2073 ex
394 2039 514 2074 officio
530 2040 724 2082 incumbit;
742 2040 800 2074 vel
814 2041 843 2074 si
858 2039 1030 2081 officium,
1047 2051 1130 2074 cum
1145 2041 1178 2074 ei
1191 2041 1398 2086 injungitur,
1413 2041 1642 2086 pertinaciter
1655 2041 1745 2076 reci-

182 2104 267 2138 pere
278 2101 420 2134 renuat,
440 2093 533 2127 unde
549 2094 642 2139 Aug.
655 2094 740 2128 dicit
755 2105 804 2137 19.
819 2094 861 2127 de
874 2093 1033 2127 CiV.Dei
1049 2094 1231 2140 (cap.19.):
1251 2094 1409 2129 «Otium
1424 2102 1589 2128 sanctum
1603 2095 1741 2141 quaerit

185 2147 339 2180 charitas
360 2146 538 2188 veritatis,
567 2147 754 2192 negotium
777 2148 911 2192 justum
934 2147 1080 2192 suscipit
1101 2147 1297 2181 necessitas
1321 2147 1518 2182 charitatis:
1539 2159 1650 2193 quam
1671 2159 1743 2182 sar-

185 2200 305 2234 cinam
328 2200 356 2233 si
376 2199 496 2234 nullus
517 2200 684 2245 imponit,
710 2200 974 2245 percipiendae,
1002 2209 1107 2246 atque
1133 2201 1326 2235 intuendae
1347 2201 1550 2235 vacandum
1577 2209 1630 2235 est
1649 2201 1741 2235 veri-

187 2254 270 2288 tati:
293 2253 322 2287 si
344 2261 464 2287 autem
486 2253 694 2299 imponitur,
717 2254 941 2298 suscipienda
964 2261 1016 2288 est
1037 2262 1182 2299 propter
1203 2254 1384 2288 charitatis
1406 2255 1703 2289 necessitatem».

254 2307 313 2341 AD
342 2317 529 2346 QUARTUM
551 2307 756 2348 dicendum,
780 2307 887 2352 quod,
907 2307 997 2341 sicut
1025 2306 1179 2352 Gregor.
1207 2307 1292 2341 dicit
1317 2308 1352 2341 in
1380 2307 1557 2341 Pastorali
1584 2307 1688 2354 (part.
1715 2320 1742 2343 Ι.

185 2366 256 2406 cap.
279 2361 340 2406 7.),
363 2373 380 2391 «
403 2360 524 2401 isaias,
541 2360 600 2405 qui
622 2360 715 2394 mitti
730 2360 854 2401 voluit,
871 2368 951 2394 ante
971 2372 1007 2394 se
1022 2372 1085 2405 per
1100 2360 1220 2395 altaris
1236 2360 1417 2395 calculum
1431 2369 1622 2407 purgatum
1644 2361 1743 2403 vidit,

183 2424 227 2446 ne
250 2424 323 2447 non
346 2422 516 2459 purgatus
539 2413 635 2447 adire
656 2414 805 2459 quisque
827 2425 929 2447 sacra
952 2413 1149 2447 ministeria
1171 2414 1319 2457 audeat;
1342 2415 1425 2460 quia
1447 2426 1533 2460 ergo
1555 2414 1659 2449 valde
1681 2413 1744 2448 dif-

184 2465 278 2500 ficile
301 2474 354 2500 est
379 2475 572 2512 purgatum
599 2478 635 2501 se
663 2467 859 2513 quemlibet
884 2477 989 2512 posse
1017 2477 1252 2512 cognoscere,
1279 2468 1555 2513 praedicationis
1583 2467 1742 2502 officium

186 2519 294 2553 tutius
317 2519 517 2554 declinatur
538 2533 570 2554 ».

738 2601 1080 2646 ARTICULUS
1116 2602 1172 2645 H.
1673 2616 1742 2662 877

257 2692 407 2722 UTRUM
434 2692 591 2722 LICEAT
619 2692 926 2722 EPISCOPATUM
954 2693 1202 2734 INJUNCTUM
1228 2694 1398 2725 OMNINO
1427 2695 1659 2724 RECUSARE.

777 2762 918 2807 (Quodl.
937 2774 965 2809 5.
987 2767 1050 2796 art.
1074 2764 1155 2808 22.).

257 2837 315 2871 AD
330 2848 535 2873 SECUNDUM
550 2838 599 2872 sic
622 2838 838 2883 proceditur.
857 2838 1019 2880 Videtur,
1042 2839 1138 2884 quod
1159 2839 1266 2874 liceat
1280 2840 1529 2886 episcopatum
1542 2840 1742 2886 injunctum

185 2891 336 2925 omnino
358 2902 544 2926 recusare:
567 2899 605 2925 ut
623 2891 721 2926 enim
744 2891 854 2937 Greg.
877 2891 963 2926 dicit
982 2892 1019 2926 in
1040 2892 1179 2928 Pastor.
1201 2893 1306 2940 (part.
1328 2906 1355 2929 Ι.
1369 2901 1442 2940 cap.
1463 2895 1523 2940 7.),
1547 2905 1643 2941 «per
1657 2893 1741 2929 acti-

1851 2039 1853 2050 i.
1839 1894 1854 2003 ²45?
