1859 3122
212 126 295 180 642
591 136 811 170 QUAESTIO
845 135 1021 166 LXXXIX.
1055 135 1299 167 ARTICULUS
1332 137 1391 166 111.

759 287 1104 332 ARTICULUS
1135 289 1214 332 III.
1699 302 1769 346 484

282 396 433 426 UTRUM
460 396 794 427 CONVENIENTER
821 397 1059 427 PONANTUR
1086 397 1191 427 TRES
1220 383 1411 426 COMITES
1433 397 1694 439 JURAMENTI,

476 462 733 491 VIDELICET:
754 462 965 503 JUSTITIA,
984 462 1209 504 JUDICIUM,
1230 463 1285 491 ET
1307 462 1505 493 VERITAS.

212 549 314 596 (Infr.
336 555 400 584 art.
424 561 453 596 7.
476 556 564 596 corp.
587 555 616 584 et
637 562 666 595 q.
685 551 740 596 98.
763 555 825 585 art.
848 563 875 585 Ι.
898 550 939 584 ad
960 563 986 585 I.
1009 556 1039 586 et
1055 563 1083 597 3.
1105 552 1195 586 Dist.
1212 563 1263 598 39.
1287 563 1316 597 q.
1335 563 1363 597 3.
1386 556 1414 585 et
1431 550 1552 595 chodl.
1571 562 1600 597 5.
1623 556 1687 586 art.
1711 553 1769 598 7.).

282 639 341 673 AD
364 649 534 673 TERTIUM
562 639 612 673 sic
639 639 855 685 proceditur.
876 639 1039 681 Videtur,
1067 639 1163 686 quod
1189 639 1488 674 inconvenienter
1508 648 1688 684 ponantur
1709 645 1772 676 tres

212 693 364 726 comites
390 692 593 737 juramenti,
620 691 806 726 videlicet:
829 693 974 737 justitia,
997 692 1175 737 judicium,
1204 700 1238 726 et
1263 693 1408 727 veritas:
1431 704 1472 726 ea
1499 692 1596 726 enim
1618 702 1772 738 quorum

211 757 321 780 unum
348 745 541 779 includitur
571 745 607 778 in
623 745 748 786 altero,
775 757 849 779 non
876 754 958 779 sunt
985 745 1283 780 connumeranda
1308 754 1495 791 tamquam
1522 745 1678 780 diversa:
1705 745 1768 779 sed

212 800 344 833 horum
370 799 478 832 trium
505 810 618 832 unum
645 798 840 832 includitur
865 799 902 832 in
929 799 1061 833 altero:
1090 800 1173 844 quia
1198 799 1328 833 veritas
1357 807 1410 833 est
1435 810 1516 844 pars
1542 798 1696 844 justitiae
1723 809 1775 832 εθ-

213 853 371 886 cundum
394 851 556 885 Tullium
581 852 654 895 (lib.
680 864 711 886 2.
739 852 774 886 de
800 853 962 897 Inwnt.):
989 852 1163 897 judicium
1190 860 1312 886 autem
1339 860 1392 886 est
1418 860 1515 886 actus
1543 851 1710 896 justitiae,
1736 859 1775 885 ut

212 918 316 952 supra
337 906 501 939 habitum
516 912 568 940 est
591 905 636 951 (q.
656 906 712 940 60.
733 910 795 939 art.
822 906 881 949 1.);
904 917 991 951 ergo
1006 905 1304 940 inconvenienter
1325 913 1508 952 ponuntur
1528 913 1599 940 tres
1622 904 1773 939 comites

211 959 413 1005 juramenti.

284 1023 314 1047 2.
341 1013 576 1047 PRAETEREA.
600 1012 714 1046 Multa
741 1012 808 1046 alia
831 1012 1059 1058 requiruntur
1086 1012 1129 1046 ad
1155 1013 1418 1057 juramentum3
1441 1011 1596 1046 scilicet:
1617 1010 1774 1052 devotio,

213 1074 247 1101 et
268 1066 364 1109 fides,
388 1078 451 1112 per
468 1077 577 1111 quarn
598 1066 786 1100 credamus
808 1066 930 1100 Deum
954 1066 1077 1100 omnia
1099 1066 1202 1107 scire,
1226 1073 1259 1100 et
1280 1065 1425 1100 mentiri
1445 1076 1520 1099 non
1542 1075 1669 1111 posse;
1688 1076 1774 1110 ergo

212 1120 363 1161 videtur,
386 1120 481 1165 quod
504 1118 761 1153 insufficienter
781 1126 852 1153 tres
876 1120 1029 1154 comites
1051 1119 1244 1164 juramenti
1266 1126 1533 1153 enumerantur.

287 1184 315 1217 3.
338 1173 574 1207 PRAETEREA.
592 1172 691 1206 Haec
709 1174 775 1206 tria
790 1172 826 1205 in
842 1172 1003 1218 quolibet
1025 1183 1134 1218 opere
1156 1172 1319 1206 humano
1335 1172 1549 1218 requirenda
1571 1179 1663 1213 sunt,
1684 1171 1775 1205 nihil

215 1227 310 1260 enim
338 1226 442 1260 debet
466 1225 541 1260 fieri
571 1234 695 1259 contra
722 1225 878 1269 justiam,
906 1233 966 1259 aut
991 1226 1191 1267 veritatem,
1219 1233 1279 1259 aut
1305 1226 1380 1259 sine
1402 1225 1550 1270 judicio,
1572 1224 1771 1259 secundum

213 1279 297 1313 illud
320 1280 455 1325 primae
475 1279 518 1312 ad
534 1279 697 1312 Timoth.
716 1290 763 1324 3.:
780 1279 995 1324 Nihilfczcsczs
1013 1280 1079 1312 sina
1095 1278 1316 1324 praejudicio,
1337 1278 1429 1312 idest
1447 1278 1523 1312 sine
1543 1278 1771 1324 praecedenti

213 1332 367 1378 judicio,
395 1343 481 1377 ergo
508 1332 598 1366 haec
625 1332 692 1365 tria
718 1343 792 1366 non
819 1333 935 1376 magis
964 1332 1094 1366 debent
1122 1332 1292 1366 associari
1318 1332 1534 1376 juramento,
1562 1342 1671 1377 quam
1699 1330 1776 1364 aliis

214 1385 382 1419 humanis
405 1385 554 1419 actibus.

286 1438 360 1472 SED
383 1449 538 1473 CONTRA
561 1446 623 1479 est,
646 1438 741 1483 quod
771 1437 898 1471 dicitur
915 1437 1045 1482 Jerem.
1072 1447 1126 1480 4:
1144 1438 1297 1481 surabis:
1325 1437 1414 1471 Vivit
1435 1437 1614 1479 Dominus,
1636 1438 1672 1471 in
1691 1438 1778 1471 veri-

215 1497 290 1534 tate,
320 1493 353 1525 in
377 1490 518 1536 jndicio,
546 1497 575 1526 et
600 1493 810 1536 injustitia:
840 1492 936 1536 quod
964 1502 1148 1537 exponens
1178 1491 1423 1536 Hieronymus
1452 1491 1537 1525 dicit
1570 1491 1614 1535 (et
1640 1491 1778 1526 habetur

215 1552 287 1591 cup.
314 1557 345 1580 2.
373 1557 425 1580 22.
453 1557 482 1590 q.
510 1546 572 1590 2.):
599 1545 1005 1578 «Animadvertendum
1027 1552 1091 1586 est,
1113 1545 1209 1590 quod
1230 1544 1479 1590 jusjurandum
1499 1544 1567 1578 hos
1588 1544 1697 1578 habet
1722 1555 1780 1578 co-

216 1599 332 1640 mites,
354 1599 508 1633 scilicet:
531 1598 730 1640 veritatem,
752 1598 937 1643 judicium,
961 1606 995 1631 et
1016 1598 1188 1643 justitiam
1209 1611 1241 1631 ».

286 1652 514 1687 RESPONDEO
543 1652 748 1693 dicendum,
776 1652 885 1698 quod,
912 1652 1004 1686 sicut
1029 1663 1136 1698 supra
1162 1651 1299 1685 dictum
1326 1659 1379 1685 est
1409 1650 1487 1694 (art.
1521 1650 1666 1697 praec),
1688 1651 1780 1696 jura-

216 1714 379 1740 mentum
401 1717 475 1739 non
498 1714 550 1740 est
570 1706 720 1747 bonurn,
735 1706 802 1739 nisi
817 1706 849 1739 ei
868 1705 928 1750 qui
942 1705 1032 1739 bene
1054 1705 1164 1739 utitur
1184 1705 1388 1750 juramento
1405 1717 1412 1739 :
1433 1705 1476 1738 ad
1493 1704 1633 1738 bonurn
1655 1712 1776 1738 autem

215 1771 320 1793 usum
342 1760 534 1804 juramenti
557 1759 618 1792 dno
641 1759 886 1804 requiruntur:
905 1760 1017 1804 primo
1037 1758 1195 1804 quidem,
1211 1758 1307 1804 quod
1323 1757 1451 1803 aliquis
1471 1768 1547 1791 non
1564 1756 1701 1799 leviter,
1715 1757 1777 1791 sed

216 1825 258 1846 ex
279 1814 481 1846 necessaria
505 1823 625 1854 causa,
641 1820 676 1846 et
690 1812 842 1845 discrete
863 1813 972 1857 juret:
995 1819 1029 1845 et
1051 1818 1226 1857 quantum
1243 1811 1286 1844 ad
1299 1811 1370 1845 hoc
1386 1811 1577 1856 requiritur
1593 1811 1779 1856 judicium,

216 1865 354 1899 scilicet
375 1865 600 1899 discretionis
623 1876 665 1899 ex
686 1873 785 1911 parte
807 1865 972 1909 jurantis:
999 1864 1135 1899 secundo
1163 1872 1337 1910 quantum
1361 1865 1403 1898 ad
1426 1864 1460 1897 id
1488 1863 1584 1909 quod
1607 1875 1670 1909 per
1690 1865 1781 1909 jura-

217 1927 381 1952 mentum
404 1918 656 1960 confirmatur3
679 1926 717 1952 ut
738 1918 876 1952 scilicet
896 1929 1013 1963 neque
1029 1917 1074 1952 sit
1092 1917 1234 1958 falsum,
1248 1928 1365 1962 neque
1380 1917 1425 1950 sit
1446 1916 1579 1962 aliquid
1595 1916 1777 1950 illicitum:

218 1979 250 2006 et
277 1980 453 2017 quantum
477 1972 519 2005 ad
542 1972 612 2005 hoc
638 1972 826 2016 requiritur
848 1971 990 2013 veritas,
1013 1982 1075 2017 per
1090 1982 1199 2016 quarn
1216 1970 1342 2015 aliquis
1357 1971 1562 2016 juramento
1578 1970 1779 2012 confirmat,

218 2025 314 2070 quod
336 2036 462 2058 verum
485 2032 552 2058 est:
581 2032 614 2057 et
640 2024 784 2068 justitia,
813 2035 876 2069 per
904 2035 1012 2069 quam
1043 2023 1241 2067 confirmat,
1261 2024 1357 2068 quod
1388 2023 1527 2057 licitum
1555 2031 1625 2058 est:
1652 2023 1778 2068 judicio

218 2086 338 2112 autem
374 2086 470 2111 caret
500 2079 744 2122 juramentum
775 2077 979 2110 incautum:
1010 2078 1150 2111 veritate
1177 2085 1298 2110 autem
1331 2077 1575 2121 juramentum
1606 2076 1778 2111 mendax:

214 2132 344 2176 justitia
367 2139 487 2164 autem
510 2131 751 2174 juramentum
776 2130 950 2175 iniquum,
973 2130 1047 2163 sive
1068 2129 1246 2164 illicitum.

289 2185 349 2218 AD
371 2195 520 2218 PRIMUM
547 2195 634 2229 ergo
662 2183 866 2225 dicendum,
894 2184 990 2229 quod
1017 2184 1179 2227 judicium
1205 2195 1278 2217 non
1305 2184 1458 2218 sumitur
1478 2184 1538 2217 hic
1565 2195 1629 2230 pro
1657 2195 1780 2218 execu-

217 2238 316 2272 tione
338 2237 506 2283 justitiae,
529 2238 587 2271 sed
612 2248 676 2282 pro
700 2237 834 2282 judicio
861 2237 1098 2278 discretionis,
1120 2245 1158 2270 ut
1179 2237 1316 2271 dictum
1346 2245 1399 2272 est
1427 2239 1478 2282 (in
1504 2238 1636 2284 corp.):
1663 2248 1779 2283 neque

219 2293 327 2325 etiam
349 2292 471 2325 veritas
493 2290 551 2323 hic
575 2290 758 2335 accipitur,
780 2291 981 2324 secundum
1004 2290 1099 2336 quod
1123 2298 1175 2324 est
1196 2302 1276 2336 pars
1297 2290 1465 2336 justitiae,
1493 2290 1554 2325 sed
1580 2291 1778 2325 secundum

219 2345 315 2390 quod
339 2351 391 2378 est
412 2343 591 2389 quaedam
614 2343 774 2377 conditio
797 2343 1003 2377 locutionis.

291 2398 350 2431 AD
379 2407 585 2431 SECUNDUM
613 2396 818 2438 dicendum,
846 2396 942 2442 quod
970 2396 1128 2438 devotio,
1155 2404 1190 2430 et
1216 2396 1315 2439 fides,
1347 2405 1381 2431 et
1407 2397 1529 2431 onmia
1558 2397 1779 2443 hujusmodi,

219 2462 310 2497 quae
341 2450 530 2495 exiguntur
558 2449 601 2482 ad
632 2449 792 2483 debitum
823 2449 973 2483 modum
1004 2450 1156 2495 jurandi,
1188 2449 1435 2495 intelliguntur
1461 2450 1498 2484 in
1523 2450 1676 2495 judicio:
1710 2450 1779 2485 alia

220 2505 317 2539 enim
345 2504 416 2537 duo
444 2503 621 2549 pertinent
647 2502 690 2536 ad
718 2514 806 2543 rem,
834 2503 876 2536 de
905 2515 973 2548 qua
1002 2505 1148 2548 juratur,
1176 2512 1214 2538 ut
1241 2504 1375 2538 dictum
1403 2512 1456 2538 est
1482 2504 1534 2549 (in
1560 2510 1650 2551 corp.
1682 2505 1778 2551 art.):

220 2558 384 2604 quamvis
407 2565 528 2602 posset
546 2556 627 2598 dici,
650 2556 745 2602 quod
768 2556 901 2601 justitia
925 2557 1077 2601 pertinet
1100 2557 1143 2590 ad
1167 2569 1325 2599 causam,
1346 2568 1410 2603 pro
1433 2569 1502 2603 qua
1524 2558 1670 2603 juratur.

291 2611 350 2645 AD
380 2621 550 2644 TERTIUM
573 2609 777 2650 dicendum,
801 2611 895 2654 quod
918 2610 952 2642 iu
976 2612 1180 2655 juramento
1203 2619 1256 2644 cst
1277 2610 1477 2656 periculum
1500 2622 1687 2655 magnum,
1701 2619 1778 2645 tum

221 2672 365 2710 propter
387 2664 455 2698 Dei
474 2663 774 2707 magnitudinem,
798 2665 898 2707 cujus
920 2664 1169 2697 testimonium
1190 2664 1388 2706 invocatur,
1408 2673 1485 2698 tum
1505 2665 1613 2698 etiarn
1635 2673 1780 2711 propter

221 2717 432 2751 labilitatem
454 2717 600 2761 linguae
626 2717 819 2758 humanae,
847 2718 948 2761 cujus
974 2717 1083 2750 verba
1109 2719 1314 2763 juramento
1342 2717 1619 2759 confirmantur3
1643 2725 1676 2752 et
1696 2718 1778 2752 ideo

222 2771 431 2816 hujusmodi
450 2770 566 2815 magis
586 2770 813 2815 requiruntur
835 2771 877 2803 ad
899 2770 1153 2813 juramentum,
1177 2782 1285 2816 quam
1301 2771 1343 2804 ad
1359 2771 1448 2805 alios
1468 2772 1648 2806 humanos
1667 2779 1777 2806 actus.
