1920 3142
210 196 265 236 26
677 204 895 239 QUAESTIO
929 203 955 233 1.
990 202 1234 233 ART1CULus
1268 202 1295 231 1.

209 288 377 335 quidquid
400 287 496 321 enim
518 287 649 320 horum
676 285 790 319 homo
812 285 1007 330 negaverit,
1029 283 1181 318 infidelis
1207 290 1407 330 reputatur3
1434 293 1520 329 ergo
1542 283 1651 317 etiarn
1676 282 1763 318 fides

209 350 262 376 est
283 343 375 375 circa
395 341 528 382 omnia,
544 351 633 385 quae
655 339 690 372 in
708 339 817 372 Sacra
838 338 1020 384 Scriptura
1043 337 1286 372 continentur:
1308 337 1368 371 sed
1386 336 1435 370 ibi
1452 336 1564 370 multa
1586 337 1628 371 de
1649 336 1765 371 homi-

208 395 311 428 nibus
334 394 573 434 continentur,
597 400 631 426 et
652 392 694 425 de
722 392 799 425 aliis
821 391 925 425 rebus
953 391 1096 432 creatis,
1124 401 1210 436 ergo
1238 390 1417 436 obiectum
1446 389 1529 423 fidei
1549 401 1623 424 non
1644 389 1763 424 solum

209 456 260 482 θεῖ
278 448 407 481 veritas
430 447 555 491 prima,
578 445 639 478 sed
662 445 771 478 etiam
793 444 923 478 veritas
945 451 1075 477 creata.

283 513 309 546 3.
330 501 564 534 PRAETEREA.
586 498 689 531 Fides
713 497 877 531 charitati
893 497 1144 539 condividitur,
1160 503 1197 530 ut
1212 508 1319 542 supra
1335 496 1471 530 dictum
1487 503 1541 530 est
1557 496 1648 540 (1—2.
1664 508 1692 542 q.
1709 495 1764 531 62.

209 560 273 588 art.
297 555 359 598 3.).·
383 553 443 587 sed
472 552 643 585 charitate
671 563 743 584 non
772 550 891 584 solum
919 550 1100 595 diligimus
1128 550 1260 592 Deum,
1283 551 1344 596 qui
1371 558 1423 584 est
1449 561 1591 584 summa
1611 549 1764 591 bonitas,

208 607 268 641 sed
296 607 402 640 etiam
431 605 612 650 diligimus
635 604 861 650 proximum3
882 615 968 649 ergo
991 603 1074 637 fidei
1100 603 1283 648 objectum
1312 614 1384 637 non
1412 611 1464 637 est
1494 602 1614 637 solum
1635 602 1765 636 veritas

208 660 333 706 prima.
1524 683 1529 686 -

281 713 354 746 SED
378 722 531 746 CONTRA
555 718 617 753 est,
640 710 736 756 quod
762 710 870 744 Dion.
900 709 986 743 dicit
1009 720 1038 754 7.
1068 720 1143 755 cap.
1172 709 1214 743 de
1240 710 1321 743 Div.
1348 710 1458 744 Nom.
1480 710 1569 755 (lect.
1587 710 1646 756 5),
1670 708 1765 755 quod

209 765 294 800 fides
322 773 373 799 θεῖ
400 765 494 798 circa
521 763 736 809 simplicem,
764 771 798 797 et
825 774 966 808 semper
993 763 1205 797 existentem
1238 763 1443 797 veritatem:
1471 763 1562 797 haec
1578 770 1699 797 autem
1714 770 1767 796 est

208 819 338 854 veritas
360 819 497 864 prima3
521 829 606 863 ergo
631 817 814 862 objectum
837 816 919 850 fidei
939 823 991 850 est
1012 816 1142 850 veritas
1163 816 1290 862 prima.

280 873 507 906 RESPONDEO
531 870 734 911 dicendum,
757 869 854 915 quod
877 869 1066 914 cujuslibet
1088 869 1328 915 cognoscitivi
1345 869 1486 903 habitus
1506 869 1689 915 objectum
1702 868 1765 903 duo

209 926 335 967 habet3
358 924 512 959 scilicet:
537 923 580 967 id,
605 923 700 969 quod
730 922 962 956 materialiter
989 924 1231 968 cognoscitur,
1258 923 1354 969 quod
1386 931 1438 956 est
1463 923 1555 957 sicut
1580 922 1766 957 materiale

209 979 410 1024 objectum3
433 986 466 1011 et
489 977 531 1019 id,
554 988 617 1022 per
638 976 734 1022 quod
758 976 1001 1022 cognoscitur,
1023 976 1120 1021 quod
1140 983 1190 1010 est
1209 975 1372 1010 formalis
1392 976 1482 1010 ratio
1503 976 1652 1021 objecti3
1675 975 1767 1010 sicut

208 1032 244 1066 in
265 1031 412 1066 scientia
435 1030 654 1076 geometriae
675 1029 892 1064 unzterialitar
907 1029 997 1063 scita
1011 1037 1092 1063 sunt
1115 1028 1554 1075 conclusiones:formalis
1566 1040 1652 1063 vero
1674 1028 1765 1063 ratio

208 1085 343 1120 sciendi
364 1092 444 1118 sunt
467 1083 584 1118 media
600 1082 930 1124 demonstrationis,
950 1094 1012 1128 per
1032 1093 1122 1128 quae
1142 1082 1394 1117 conclusiones
1410 1090 1694 1128 cognoscuntur3
1715 1082 1765 1116 sic

206 1138 314 1183 igitur
336 1139 370 1172 in
393 1137 460 1170 fide
482 1137 511 1170 si
530 1136 800 1170 consideremus
814 1135 1006 1170 formalem
1019 1136 1198 1170 rationem
1213 1136 1355 1181 objecti,
1365 1135 1455 1169 nihil
1469 1144 1522 1170 est
1536 1135 1642 1178 aliud,
1657 1146 1766 1181 quam

207 1191 336 1226 veritas
355 1190 491 1236 prima:
515 1201 588 1224 non
611 1190 708 1224 enim
729 1189 828 1231 fides,
852 1189 894 1223 de
917 1201 993 1237 qua,
1009 1189 1203 1235 loquimur,
1227 1189 1373 1224 assentit
1395 1189 1512 1232 alicui,
1530 1189 1599 1223 nisi
1613 1189 1696 1235 quia
1714 1196 1767 1223 est

209 1257 227 1278 a
249 1245 329 1278 Deo
352 1243 572 1285 revelatum3
595 1243 689 1277 unde
710 1242 778 1288 ipsi
799 1243 940 1276 veritati
959 1243 1100 1276 divinae
1122 1242 1391 1285 fidesinnititur,
1413 1251 1599 1289 tamquam
1622 1242 1765 1276 medio:

211 1298 240 1332 si
268 1308 354 1331 vero
382 1296 651 1330 consideremus
678 1295 912 1330 materialiter
938 1307 990 1338 ea,
1018 1296 1144 1342 quibus
1171 1295 1259 1330 fides
1285 1296 1442 1338 assentit,
1468 1307 1542 1330 non
1568 1295 1687 1330 solum
1715 1303 1768 1330 est

209 1351 284 1396 ipse
306 1351 416 1392 Deus,
439 1350 499 1384 sed
522 1351 629 1383 etiam
652 1349 765 1383 multa
788 1349 875 1391 alia3
898 1360 989 1395 quae
1011 1357 1133 1383 tamen
1155 1350 1217 1384 sub
1247 1361 1392 1384 assensu
1419 1349 1501 1383 fidei
1526 1360 1601 1383 non
1624 1349 1766 1391 cadunt,

210 1404 278 1438 nisi
300 1404 497 1438 secundum
525 1403 620 1449 quod
647 1403 781 1436 habent
807 1402 965 1449 aliquem
993 1403 1157 1437 ordinem
1181 1403 1224 1436 ad
1244 1403 1385 1445 Deum,
1412 1410 1518 1449 prout
1543 1401 1680 1437 scilicet
1704 1413 1767 1448 per

210 1457 349 1503 aliquos
371 1457 563 1490 divinitatis
586 1455 733 1490 effectus
755 1456 869 1490 homo
893 1457 1078 1501 adjuvatur
1098 1457 1141 1490 ad
1162 1456 1383 1490 tendendum
1403 1457 1438 1490 in
1454 1456 1612 1489 divinam
1633 1455 1767 1490 fruitio-

209 1523 316 1553 nem3
340 1518 373 1544 et
400 1511 480 1544 ideo
510 1510 617 1544 etiam
646 1522 686 1544 ex
713 1509 781 1544 hac
810 1518 909 1555 parte
936 1510 1119 1555 objectum
1146 1509 1227 1544 fidei
1255 1517 1306 1543 θεῖ
1337 1509 1610 1555 quodammodo
1636 1509 1766 1544 veritas

209 1565 335 1610 prima,
358 1564 569 1610 inquantum
591 1563 681 1597 nihil
704 1563 799 1598 cadit
821 1563 883 1597 sub
906 1563 986 1605 fide,
1008 1564 1077 1597 nisi
1098 1563 1133 1597 in
1157 1564 1282 1597 ordine
1305 1563 1349 1597 ad
1370 1564 1513 1598 Deum:
1536 1563 1627 1597 sicut
1657 1563 1764 1597 etiam

209 1618 389 1663 objectum
412 1617 613 1651 medicinae
637 1625 689 1652 est
710 1617 842 1651 sanitas
858 1629 865 1659 3
886 1617 967 1662 quia
986 1616 1076 1650 nihil
1095 1617 1274 1651 medicina
1290 1617 1492 1651 considerat
1506 1616 1574 1651 nisi
1590 1617 1626 1650 in
1641 1616 1765 1651 ordine

209 1671 252 1705 ad
276 1671 476 1705 sanitatem.

279 1725 338 1758 AD
368 1735 514 1758 Primum
543 1735 629 1769 ergo
660 1723 866 1765 dicendum,
901 1724 997 1770 quod
1029 1735 1071 1758 ea
1105 1735 1195 1770 quae
1222 1724 1400 1770 pertinent
1429 1723 1473 1758 ad
1502 1723 1765 1759 humanitatem

209 1778 355 1819 Christi,
383 1786 416 1811 et
443 1778 485 1811 ad
514 1778 748 1812 Sacramenta
775 1777 971 1820 Ecclesiae,
998 1777 1057 1811 vel
1079 1777 1122 1810 ad
1145 1788 1391 1823 quascumque
1419 1785 1610 1820 creaturas,
1633 1778 1765 1812 cadunt

208 1831 270 1865 sub
287 1830 365 1872 fide,
380 1831 591 1876 inquantum
615 1843 677 1877 per
698 1831 788 1865 haec
816 1831 1027 1865 ordinamur
1054 1830 1097 1864 ad
1123 1831 1256 1873 Deum,
1283 1838 1317 1865 et
1344 1831 1393 1865 eis
1420 1831 1528 1865 etiam
1550 1831 1765 1866 assentimus

208 1892 352 1930 propter
373 1884 531 1918 divinam
549 1885 749 1918 veritatem.

279 1937 322 1971 Et
342 1937 504 1971 similiter
526 1938 722 1972 dicendum
745 1946 798 1972 est
818 1948 868 1973 AD
891 1948 1098 1973 SECUNDUM
1121 1937 1163 1972 de
1186 1938 1352 1972 omnibus
1381 1937 1461 1981 illis,
1483 1949 1574 1985 quae
1595 1938 1632 1972 in
1655 1938 1765 1973 Sacra

209 1990 392 2036 Scriptura
414 1990 611 2025 traduntur.
880 2028 883 2032 ,

280 2043 338 2077 An
366 2053 535 2078 TERTIUM
567 2044 772 2087 dicendum,
808 2046 902 2091 quod
931 2045 1039 2079 etiam
1068 2045 1221 2080 charitas
1248 2045 1364 2091 diligit
1391 2045 1595 2091 proximum
1621 2053 1766 2092 propter

209 2096 342 2138 Deum,
357 2105 390 2130 θῖ
405 2097 453 2131 sic
474 2098 656 2143 objectum
672 2099 746 2143 ejus
762 2099 903 2145 proprie
919 2106 971 2133 est
985 2099 1060 2145 ipse
1074 2099 1186 2141 Deus,
1205 2106 1242 2133 ut
1256 2098 1347 2132 insra
1363 2099 1499 2133 dicetur
1515 2098 1559 2144 (q.
1575 2110 1622 2145 25.
1632 2104 1695 2134 art.
1707 2100 1764 2144 1.).

762 2215 1106 2260 ARTICULUS
1140 2216 1196 2258 H.
1744 2237 1762 2260 2

412 2309 563 2339 UTRUM
591 2310 815 2352 OBJECTUM
842 2312 957 2340 FIDEI
986 2312 1052 2341 SIT
1082 2312 1265 2347 ALIQUID
1294 2311 1562 2341 COMPLEXUM

682 2371 759 2400 PER
787 2371 950 2400 MODUM
976 2371 1292 2402 ENUNTIABILIS.

290 2438 333 2482 (I.
354 2439 439 2472 Dist.
462 2449 512 2482 41.
533 2440 564 2472 in
587 2446 656 2484 exp.
680 2440 724 2473 lit.
745 2446 773 2474 rt
796 2441 850 2474 lili.
873 2453 901 2476 I.
924 2441 1039 2476 Contr.
1061 2453 1090 2486 g.
1115 2448 1186 2488 cap.
1209 2452 1237 2487 7.
1260 2446 1289 2476 et
1314 2442 1400 2476 Veri.
1420 2453 1449 2486 q.
1470 2452 1519 2485 14.
1539 2446 1602 2475 art.
1625 2442 1685 2486 8.).

283 2515 342 2548 AD
365 2525 568 2548 SECUNDUM
596 2515 645 2548 sic
668 2517 880 2561 proceditur.
898 2517 1057 2559 Videtur,
1074 2517 1169 2562 quod
1185 2517 1364 2562 objectum
1381 2516 1461 2550 fidei
1475 2527 1549 2549 non
1570 2516 1614 2549 sit
1633 2515 1764 2561 aliquid

214 2567 441 2612 complexum
464 2580 526 2613 per
548 2569 697 2601 modum
721 2570 965 2603 enuntiabilis:
989 2571 1171 2615 objectum
1195 2570 1290 2604 enim
1311 2569 1390 2603 fidei
1414 2577 1466 2602 est
1487 2569 1616 2602 veritas
1639 2569 1764 2615 prima,

213 2620 303 2654 sicut
322 2621 456 2654 dictum
480 2629 531 2655 θεῖ
555 2622 634 2665 (art.
648 2623 798 2667 ]¹›·11uc.):
823 2623 883 2656 scd
907 2624 1021 2668 prima
1039 2624 1169 2658 veritas
1192 2630 1244 2657 θεῖ
1265 2623 1347 2669 quid
1367 2621 1658 2667 incomplexum3
1679 2633 1765 2667 ergo

213 2673 393 2718 objectum
418 2674 497 2708 [idei
520 2686 593 2708 non
616 2683 668 2708 est
696 2675 827 2720 aliquid
851 2676 1094 2721 complexum.

285 2737 314 2760 2.
338 2727 570 2762 PRAh’rLREA.
596 2728 780 2773 Expositio
812 2728 892 2762 fidei
921 2730 954 2763 in
987 2730 1165 2776 Symbolo
1196 2730 1415 2764 continetur:
1439 2729 1500 2764 sed
1530 2729 1564 2762 in
1587 2728 1765 2775 Symbolo

213 2790 285 2812 non
301 2789 481 2825 ponuntur
495 2781 738 2823 enuntiabilia,
753 2782 813 2815 sed
831 2793 903 2815 res:
921 2794 993 2816 non
1017 2784 1112 2817 enim
1136 2784 1264 2817 dicitur
1284 2783 1343 2825 ibi,
1359 2783 1454 2828 quod
1469 2783 1567 2816 Deus
1589 2782 1633 2816 sit
1654 2782 1767 2816 omni-

213 2840 352 2878 potens,
375 2833 452 2866 sed:
472 2834 575 2868 Credo
593 2836 623 2868 in
640 2835 747 2869 Deum
776 2836 1050 2881 0111111‘pote11tmz‚·
1074 2848 1160 2882 ergo
1184 2837 1365 2883 objectum
1388 2836 1469 2871 fidei
1490 2847 1564 2870 non
1586 2842 1639 2870 est
1659 2846 1767 2870 enun-

213 2885 346 2927 tiabile,
369 2886 427 2920 scd
451 2898 515 2921 res.
