1859 3122
197 118 283 172 586
565 130 783 165 QUAEsrro
815 130 994 160 Lxxxm.
1027 130 1271 160 ARTICULUS
1304 131 1377 160 vn.

195 211 289 246 dabit
307 212 411 253 vobis,
433 210 586 256 August.
610 211 696 245 dicit
718 211 832 256 (tract.
855 213 957 255 102.):
982 225 999 243 «
1020 211 1268 246 Exaudiuntur
1287 223 1415 246 omnes
1436 223 1502 258 pro
1523 211 1660 258 seipsis,
1681 223 1755 247 non

193 273 314 298 autem
334 275 400 310 pro
422 265 610 307 omnibus;
632 264 726 299 unde
741 276 815 299 non
829 265 1041 312 simpliciter
1055 265 1192 299 dictum
1208 273 1270 300 est:
1286 265 1390 308 dab-it,
1407 265 1481 308 sed,
1495 265 1588 300 dabit
1601 259 1694 300 vobis
1715 279 1733 299 »
1747 277 1755 308 ;

193 329 280 363 ergo
302 317 452 360 videtur,
479 318 575 363 quod
596 329 671 352 non
693 319 888 353 debeamus
908 330 974 365 pro
998 318 1076 353 aliis
1098 330 1214 361 orare,
1236 318 1297 353 sed
1319 318 1439 352 solum
1460 330 1525 365 pro
1546 318 1662 352 nobis.

270 383 297 416 3.
320 371 555 406 PRAETEREA.
578 371 648 405 Pro
671 371 761 413 aliis,
784 372 813 406 si
834 372 904 406 sint
933 372 1031 414 mali,
1054 373 1289 419 prohibemur
1310 383 1425 414 orare,
1447 371 1648 406 secundum
1667 370 1756 406 illud

196 424 293 458 Hier.
317 434 367 469 7.:
399 425 449 458 Tu
470 437 544 470 ergo
566 425 636 459 noli
657 437 754 459 orare
769 432 833 472 pro
855 427 981 472 populo
1004 426 1074 468 hoc,
1091 431 1121 461 at
1141 438 1207 460 non
1230 427 1362 460 obsistas
1375 426 1470 468 mihi,
1485 426 1643 471 quianon
1661 436 1758 460 exau-

194 477 285 512 diam
307 482 352 512 ta:
375 489 439 524 pro
461 478 566 512 bonis
589 487 710 512 autem
732 490 806 512 non
829 487 972 525 oportet
993 490 1108 522 orare,
1130 479 1213 525 quia
1233 479 1302 525 ipsi
1324 490 1388 525 pro
1423 490 1460 513 se
1493 478 1579 524 ipsis
1613 486 1757 514 orantes

194 530 450 574 exaudiuntur3
473 543 560 577 ergo
582 532 734 574 videtur,
757 533 854 578 quod
875 544 949 567 non
972 532 1168 567 debeamus
1190 544 1254 578 pro
1278 532 1356 566 aliis
1378 543 1492 566 orare.

266 584 341 619 SED
364 595 519 620 CONTRA
543 593 605 627 est,
628 586 724 632 quod
748 586 876 620 dicitur
892 586 1019 631 Jacobi
1045 597 1094 631 5.:
1129 586 1231 621 Orata²
1248 592 1314 633 pro
1336 587 1491 628 invicem,
1514 590 1550 620 ut
1570 585 1755 621 salvemini.

265 639 494 674 RESPONDEO
518 640 723 682 dicendum,
751 640 859 686 quod,
881 641 974 674 sicut
995 640 1132 674 dictum
1151 648 1204 674 est
1224 639 1304 684 (art.
1316 641 1462 686 praec),
1479 639 1568 674 illud
1586 639 1757 673 debemus

195 692 333 727 orando
355 701 486 738 petere,
510 693 605 739 quod
629 694 801 727 debemus
825 693 1046 728 desiderare:
1070 694 1272 728 desiderare
1303 701 1424 727 autem
1458 693 1630 727 debemus
1663 692 1758 727 bona

193 758 268 780 non
290 746 410 781 solum
432 747 547 789 nobis,
570 746 632 781 sed
655 747 764 781 etiam
786 746 883 780 aliis:
906 747 978 781 hoc
1001 747 1098 781 enim
1112 747 1265 793 pertinet
1284 747 1327 781 ad
1345 748 1524 781 rationem
1543 745 1757 788 dilectionis,

195 811 304 846 quam
326 800 481 846 proximi
503 800 675 834 debemus
697 800 918 846 impendere,
941 809 978 834 ut
1001 812 1043 834 ex
1064 812 1172 846 supra
1194 800 1296 835 dictis
1318 808 1415 846 patet
1437 800 1484 846 (q.
1503 811 1550 845 25.
1570 805 1601 835 et
1616 799 1704 845 26.),·
1724 807 1759 834 et

193 853 276 888 ideo
300 853 456 887 charitas
476 853 548 887 hoc
571 854 728 900 requirit,
751 862 788 888 ut
809 866 873 900 pro
897 854 974 888 aliis
996 854 1268 897 oremus3unde
1285 854 1474 900 Chrysost.
1502 854 1605 899 (alius
1625 854 1755 899 auctor)

196 906 282 941 dicit
303 918 407 953 supra
429 907 556 941 Matth.
581 908 684 952 (hom.
707 919 757 952 14.
780 909 814 941 in
837 915 887 954 op.
911 908 1076 955 imperf.):
1102 920 1120 940 ‹<
1141 908 1272 942 Prose
1295 919 1397 941 orare
1426 907 1620 941 necessitas
1642 906 1758 952 cogit3

195 971 259 1006 pro
284 960 396 994 altero
420 969 541 995 autem
563 961 718 995 charitas
740 960 969 996 fraternitatis
991 961 1165 995 hortatur.
1188 960 1341 995 Dulcior
1367 968 1488 995 autem
1522 968 1604 995 ante
1637 960 1758 994 Deum

195 1022 248 1048 est
274 1014 401 1056 oratio,
427 1025 502 1048 non
529 1026 638 1060 quam
663 1015 859 1049 necessitas
886 1015 1106 1057 transmittit,
1133 1015 1194 1049 sed
1222 1026 1332 1061 quam
1354 1014 1509 1049 charitas
1527 1013 1758 1048 fraternitatis

196 1067 433 1101 commendat
450 1081 482 1102 >).

268 1120 327 1154 AD
354 1131 503 1155 PRIMUM
526 1132 613 1167 ergo
635 1121 840 1164 dicendum,
863 1123 971 1168 quod,
994 1122 1086 1156 sicut
1108 1122 1312 1168 Cyprianus
1339 1121 1424 1156 dicit
1443 1122 1481 1155 in
1499 1121 1590 1156 libro
1605 1120 1650 1156 de
1667 1120 1760 1156 Ora-

194 1174 293 1208 tione
308 1174 504 1208 Dominica
525 1175 742 1222 (interprim.
761 1181 791 1210 et
809 1176 906 1221 med.)
925 1189 942 1208 ‹<
957 1176 1039 1210 ideo
1054 1187 1128 1210 non
1143 1176 1306 1210 dicimus:
1320 1176 1423 1210 Pater
1435 1187 1536 1218 meus,
1551 1174 1624 1210 sed:
1639 1179 1758 1215 nostem

196 1239 281 1262 nec:
305 1229 363 1262 Da
382 1229 474 1270 mihi,
499 1229 578 1263 sed:
601 1229 642 1263 da
663 1231 774 1271 nobis;
798 1230 881 1275 quia
915 1230 1060 1264 unitatis
1087 1229 1259 1275 magister
1279 1228 1396 1263 noluit
1416 1228 1584 1275 privatim
1613 1239 1759 1274 precem

196 1281 283 1323 fieri,
306 1289 344 1316 ut
364 1281 502 1316 scilicet
523 1283 600 1328 quis
622 1294 687 1328 pro
710 1294 747 1317 se
769 1291 910 1317 tanturn
931 1290 1114 1330 precetur:
1136 1295 1249 1317 unum
1272 1282 1369 1317 enim
1387 1293 1490 1317 orare
1507 1293 1572 1328 pro
1592 1281 1759 1316 omnibus

197 1334 332 1377 voluit3
354 1335 528 1381 quoniam
548 1336 585 1369 in
608 1347 680 1370 uno
703 1347 832 1370 omnes
853 1337 928 1382 ipse
950 1337 1106 1382 portavit
1127 1351 1158 1370 )).

268 1388 328 1422 AD
351 1399 558 1423 SECUNDUM
580 1389 785 1432 dicendum,
807 1390 904 1436 quod
925 1402 990 1436 pro
1012 1402 1050 1424 se
1073 1401 1175 1424 orare
1202 1389 1347 1436 ponitur
1380 1389 1540 1423 conditio
1574 1388 1760 1430 orationis,

196 1452 271 1475 non
293 1441 439 1487 quidem
459 1443 663 1476 necessaria
684 1443 728 1477 ad
752 1442 920 1477 effectum
942 1443 1116 1485 merendi,
1137 1443 1199 1478 sed
1221 1443 1312 1477 sicut
1338 1442 1542 1477 necessaria
1571 1442 1614 1476 ad
1634 1441 1762 1475 >indefi-

198 1495 368 1529 cientiam
390 1496 623 1541 impetrandi:
647 1497 825 1542 contingit
847 1497 944 1531 enim
967 1497 1184 1543 quandoque
1218 1495 1314 1543 quod
1348 1496 1463 1530 oratio
1486 1507 1550 1541 pro
1573 1495 1644 1529 alio
1665 1494 1760 1529 facta

198 1560 273 1582 non
294 1549 474 1595 impetrat,
497 1549 638 1583 etiamsi
660 1549 721 1584 fiat
742 1550 810 1596 pie,
833 1558 867 1584 et
888 1558 1167 1596 perseveranter,
1190 1558 1224 1584 et
1245 1551 1288 1584 de
1309 1549 1566 1595 pertinentibus
1597 1548 1641 1583 ad
1671 1547 1762 1583 salu—

195 1610 283 1644 tem,
304 1611 450 1648 propter
472 1603 785 1649 impedimentum,
808 1604 904 1650 quod
927 1613 979 1638 est
1001 1616 1043 1638 ex
1065 1612 1164 1650 parte
1188 1605 1274 1649 ejus,
1293 1614 1358 1649 pro
1381 1614 1452 1649 quo
1476 1610 1608 1645 oratur,
1638 1613 1761 1637 secun—

198 1656 285 1689 dum
306 1656 393 1690 illud
417 1657 514 1690 Hier.
541 1668 612 1702 15.:
634 1657 670 1692 Si
690 1659 833 1692 steterint
857 1658 995 1704 Moyses,
1019 1663 1046 1692 et
1071 1658 1202 1692 Sarnzcal
1221 1669 1334 1692 coram.
1349 1669 1409 1699 me,
1426 1669 1491 1690 non
1506 1661 1547 1691 est
1560 1657 1674 1690 anima
1688 1666 1761 1690 mea

197 1709 239 1744 ad
255 1710 418 1756 populum
441 1712 558 1745 istunc:
580 1710 818 1745 nihilominus
840 1719 963 1745 tamen
985 1711 1101 1745 oratio
1124 1711 1307 1745 meritoria
1323 1711 1387 1744 erit
1402 1710 1530 1752 oranti,
1546 1709 1606 1756 qui
1620 1720 1663 1744 ex
1681 1709 1762 1743 cha-

198 1763 300 1797 ritate
323 1772 413 1806 orat,
435 1764 635 1798 secundum
656 1764 743 1798 illud
766 1764 859 1799 Psal.
880 1775 950 1810 34.:
969 1766 1090 1800 Oratio
1105 1776 1177 1800 mea
1194 1767 1228 1799 ιῗιι
1241 1766 1313 1799 sinu
1327 1776 1396 1798 meo
1412 1769 1640 1804 commrtetum
1658 1762 1760 1797 Glos.

199 1817 342 1863 (interl.)
369 1830 385 1848 «
408 1818 499 1852 idest
521 1817 586 1851 etsi
606 1829 681 1852 non
705 1818 754 1852 eis
776 1819 898 1864 prosit,
922 1829 990 1864 ego
1012 1826 1136 1852 tamen
1157 1829 1231 1852 non
1259 1829 1339 1852 sum
1367 1816 1553 1851 frustratus
1573 1827 1654 1851 mea
1672 1827 1763 1850 mer-

200 1870 287 1904 cede
309 1884 340 1904 ».
516 1867 518 1870 ’

272 1924 331 1957 AD
359 1934 530 1958 TERTIUM
553 1924 758 1967 dicendum,
782 1925 877 1971 quod
900 1925 1009 1959 etiam
1039 1937 1103 1972 pro
1133 1925 1382 1972 peccatoribus
1417 1924 1593 1959 orandum
1628 1932 1690 1966 est,
1724 1931 1762 1958 ut

200 1985 473 2020 convertantur,
496 1986 531 2011 et
552 1989 616 2024 pro
638 1979 750 2023 justis,
772 1987 810 2012 ut
831 1987 1071 2024 perseverent,
1095 1987 1128 2013 et
1149 1979 1355 2025 proficiant:
1380 1986 1523 2013 orantes
1543 1986 1666 2012 tamen
1686 1989 1761 2011 non

199 2042 263 2077 pro
287 2031 454 2064 omnibus
476 2031 725 2077 peccatoribus
741 2032 990 2074 exaudiuntur,
1005 2032 1066 2066 sed
1081 2043 1146 2078 pro
1162 2032 1395 2078 quibusdam:
1413 2032 1650 2066 exaudiuntur
1664 2031 1760 2065 enim

198 2095 263 2130 pro
285 2084 568 2129 praedestinatis,
589 2096 663 2118 non
686 2094 807 2125 autem
829 2097 893 2131 pro
915 2086 1101 2132 praescitis
1124 2085 1166 2119 ad
1189 2094 1363 2120 mortem:
1387 2086 1479 2120 sicut
1507 2085 1616 2119 etiam
1647 2095 1762 2119 corre-

199 2137 282 2178 ctio,
305 2149 373 2183 qua
400 2136 525 2171 fratres
548 2138 774 2183 corrigimus,
797 2138 964 2172 effectum
988 2139 1097 2173 habet
1118 2139 1153 2172 in
1176 2140 1459 2185 praedestinatis,
1481 2150 1555 2173 non
1582 2139 1618 2172 in
1644 2149 1762 2184 repro-

197 2191 300 2233 batis,
323 2190 521 2224 secundum
544 2191 631 2225 illud
654 2191 791 2226 Eccle.:
817 2203 846 2237 7.
882 2193 988 2227 Nemo
1006 2197 1112 2239 potest
1133 2194 1309 2237 corrigere,
1333 2205 1425 2238 quam
1447 2193 1537 2227 Deus
1562 2192 1759 2238 despexerim

199 2252 234 2278 et
256 2244 338 2278 ideo
361 2244 489 2278 dicitur
515 2255 541 2277 1.
561 2244 663 2289 Joan.
686 2255 737 2287 4:
763 2246 833 2289 Qui
853 2247 913 2280 scit
931 2246 1071 2290 [rutrum
1094 2258 1187 2280 suum
1208 2253 1343 2292 percura
1368 2252 1504 2293 paccano
1526 2258 1591 2280 non
1613 2245 1655 2280 ad
1676 2257 1762 2280 mor-

197 2303 274 2339 tum,
296 2302 413 2344 patum
437 2303 465 2332 tet
486 2297 623 2331 dabitur
643 2300 672 2332 ei
692 2300 762 2332 vita
781 2300 936 2345 peccanti
953 2311 1016 2332 mm
1033 2299 1074 2332 llll
1098 2305 1257 2334 inertum:
1278 2301 1338 2334 sed
1361 2300 1453 2333 sicut
1470 2299 1570 2341 nulli,
1589 2299 1761 2345 quamdiu

198 2351 285 2384 vivit
307 2351 377 2392 hic,
400 2351 684 2385 subtrahendum
707 2359 759 2385 est
774 2352 1008 2386 correctionis
1023 2352 1251 2395 beneficit11113
1266 2353 1348 2398 quia
1363 2365 1436 2387 non
1452 2364 1644 2399 possumus
1663 2364 1761 2399 prae-

199 2405 393 2438 destinatos
416 2404 632 2449 distinguere
657 2416 674 2438 a
699 2405 906 2450 reprobatis,
930 2414 967 2439 ut
989 2406 1082 2450 Aug.
1099 2406 1184 2440 dicit
1206 2407 1240 2440 in
1257 2406 1314 2440 lib.
1337 2407 1379 2440 de
1396 2407 1561 2452 Corrept.
1582 2414 1615 2440 et
1637 2406 1760 2440 Gratia

199 2459 287 2504 (stip.
312 2460 386 2505 ι)·.),’
410 2459 458 2492 ita
481 2459 590 2493 etiam
612 2459 700 2492 nulli
722 2468 774 2493 est
795 2462 1001 2504 negandum
1019 2461 1191 2494 orationis
1206 2460 1434 2506 suii'ragium3
1450 2473 1514 2507 pro
1533 2461 1632 2506 justis
1652 2461 1760 2495 etiam

198 2521 250 2547 est
271 2514 448 2547 orandum
475 2514 601 2559 tripli-1:1⁷
623 2514 778 2546 ratione:
798 2515 911 2559 primm
935 2514 1091 2559 quidem,
1115 2515 1196 2559 quia
1232 2514 1430 2548 multorum
1464 2525 1587 2560 preces
1621 2513 1760 2548 facilius

198 2567 452 2608 exaudiuntur,
476 2566 568 2599 unde
591 2578 696 2612 super
718 2565 804 2599 illud
836 2566 940 2599 Rom.
970 2578 1039 2611 15.:
1076 2568 1249 2611 Λιίίιιῑτίῐς
1272 2580 1319 2602 ωε
1342 2569 1374 2601 in
1399 2569 1603 2602 01·<zli0nilms
1634 2568 1759 2609 vestro,

199 2619 284 2653 dicit
308 2619 408 2653 Glos.
433 2619 519 2663 (ord.
544 2619 729 2663 Ambrosi·
749 2632 765 2650 «
784 2620 879 2653 Bene
904 2628 1007 2663 rogat
1040 2620 1249 2666 Apostolus,
1285 2621 1442 2655 minores
1476 2632 1541 2667 pro
1575 2632 1612 2654 se
1646 2631 1760 2661 orare,

197 2673 301 2706 multi
323 2673 419 2706 enim
442 2673 594 2715 minimi,
617 2673 702 2706 dum
725 2681 991 2718 congregantur
1013 2674 1201 2708 unanimes
1224 2674 1312 2709 siunt
1334 2674 1478 2719 magni3
1505 2682 1539 2708 et
1559 2673 1759 2708 multorum

198 2737 322 2771 preces
343 2726 566 2772 impossibile
589 2733 641 2760 est
662 2726 758 2772 quod
780 2737 854 2760 non
877 2726 1068 2772 impetrent
1091 2741 1121 2768 »‚
1144 2727 1231 2761 illud
1254 2727 1390 2761 scilicet
1410 2727 1506 2773 quod
1526 2734 1578 2762 est
1596 2727 1761 2773 impetra-

196 2778 284 2813 bile:
306 2779 452 2821 secundo,
477 2788 514 2813 ut
536 2791 577 2813 ex
600 2779 721 2814 multis
744 2779 857 2825 gratia
881 2788 1006 2825 agatur
1028 2780 1109 2814 Deo
1132 2780 1174 2814 de
1197 2780 1391 2823 beneficiis,
1415 2792 1506 2826 quae
1529 2779 1760 2814 conferuntur

196 2832 316 2876 justis3
339 2844 429 2879 quae
453 2833 562 2867 etiam
584 2833 619 2867 in
643 2832 831 2867 utilitatem
854 2832 1053 2867 multorum
1075 2841 1237 2879 vergunt,
1261 2841 1298 2868 ut
1319 2842 1416 2880 patet
1437 2845 1499 2880 per
1517 2833 1645 2879 Apost.
1665 2843 1697 2869 2.
1715 2834 1758 2867 ad
