1859 3122
222 146 308 199 596
592 154 812 190 QUAESTIO
846 154 1027 184 LXXXIII.
1060 154 1304 185 ARTICULUS
1337 155 1425 184 XIV.

219 237 444 284 parationem
467 236 510 270 ad
532 236 771 270 intentionem
793 236 940 279 orantis,
957 236 1007 270 ita
1025 236 1133 270 etiam
1152 235 1188 270 in
1211 235 1399 270 communi
1421 235 1585 270 oratione
1602 247 1665 283 per
1683 247 1780 271 com-

220 291 446 337 parationem
469 290 511 323 ad
531 289 656 336 populi
683 290 928 324 devotionem.

287 344 350 378 AD
371 354 520 378 PRIMUM
535 355 619 389 ergo
637 343 842 384 dicendum,
857 343 966 389 quod,
981 343 1072 377 sicut
1086 342 1239 388 August.
1256 342 1341 377 dicit
1355 342 1398 376 ad
1413 343 1571 377 Probam
1593 343 1671 388 (loc.
1691 343 1778 389 εὴ).-

223 411 241 430 <<
263 398 347 432 Non
371 406 423 432 est
444 398 514 431 hoc
538 408 641 431 orare
668 397 704 431 in
727 396 970 442 multiloquio,
993 396 1022 430 si
1043 396 1174 430 diutius
1202 404 1337 431 oretur:
1360 396 1456 430 aliud
1478 404 1531 430 est
1550 408 1671 431 sermo
1692 396 1782 430 mul-

220 459 287 492 tus,
316 450 411 484 aliud
439 451 625 484 diuturnus
653 449 821 484 affectus:
844 461 929 484 nam
958 457 993 484 et
1018 449 1061 483 de
1088 450 1166 495 ipso
1193 449 1356 483 Domino
1388 449 1560 496 scriptum
1590 459 1653 493 est,
1684 449 1781 496 quod

218 504 483 550 pernoctaverit
504 504 539 537 in
563 503 713 545 orando,
737 511 771 538 et
792 503 888 549 quod
908 502 1079 549 prolixius
1103 503 1268 544 oraverit,
1285 511 1323 537 ut
1336 503 1440 537 nobis
1458 503 1643 548 praeberet
1666 514 1783 537 exem-

219 557 320 603 plum
341 570 382 599 »;
405 565 438 591 et
459 565 585 602 postea
607 557 742 591 subdit:
770 569 787 588 «
809 556 914 590 Absit
940 556 982 589 ab
1006 557 1169 590 oratione
1197 556 1310 590 multa
1343 556 1492 599 locutio,
1515 557 1576 590 sed
1597 567 1671 590 non
1693 556 1784 590 desit

220 610 334 645 multa
348 611 520 657 precatio,
532 611 562 644 si
575 609 716 644 fervens
731 617 935 656 perseverat
950 609 1114 644 intentio:
1130 621 1216 643 nam
1231 609 1386 643 multum
1400 609 1512 655 loqui,
1528 617 1580 644 est
1594 610 1629 643 in
1644 609 1781 643 orando

220 675 297 698 rem
318 663 563 698 necessariam
585 663 773 710 superfiuis
796 674 903 708 agere
918 663 1054 698 verbis:
1070 663 1224 697 multum
1245 671 1364 697 autem
1387 663 1536 709 precari,
1554 671 1607 697 est
1625 664 1669 697 ad
1687 674 1783 705 eum,

221 729 330 764 quem
352 729 553 763 precamur,
576 718 753 759 diuturna,
781 725 815 750 et
841 717 898 762 pia
926 716 1043 750 cordis
1066 717 1280 750 excitatione
1307 716 1464 762 pulsare:
1487 716 1699 763 plerumque
1727 728 1784 750 au-

220 780 294 806 tem
315 772 386 806 hoc
408 772 597 818 negotium
612 771 690 817 plus
713 770 917 818 gemitibus,
934 782 1042 816 quam
1057 770 1285 804 sermonibus
1307 770 1441 816 agitur3
1460 769 1540 816 plus
1560 770 1657 812 fletu,
1675 781 1784 816 quam

222 825 330 860 affatu
353 839 385 860 )).

294 879 353 913 AD
376 889 583 913 SECUNDUM
606 878 810 920 dicendum,
830 878 925 924 quod
948 877 1132 923 prolixitas
1160 877 1332 911 orationis
1354 888 1428 911 non
1455 877 1618 911 consistit
1638 877 1675 910 in
1700 876 1784 919 hoc,

223 933 319 979 quod
342 932 454 966 multa
477 941 654 979 petantur,
675 932 738 966 sed
759 932 796 965 in
817 932 888 966 hoc
911 932 1008 978 quod
1031 930 1180 965 affectus
1202 931 1432 965 continuetur
1453 931 1496 965 ad
1518 942 1630 965 unum
1653 930 1786 965 deside-

223 987 388 1020 randum.

294 1040 352 1074 AD
369 1050 540 1074 TERTmM
563 1039 768 1080 dicendum,
791 1038 887 1084 quod
909 1038 1091 1072 Dominus
1117 1049 1191 1071 non
1217 1038 1370 1072 instituit
1389 1038 1483 1071 hanc
1507 1038 1722 1080 orationem,
1748 1045 1787 1071 ut

221 1093 278 1128 his
301 1093 387 1127 solis
416 1093 534 1127 verbis
556 1093 606 1126 uti
633 1093 830 1126 debeamus
856 1093 891 1125 in
920 1092 1070 1134 orando,
1093 1092 1153 1125 sed
1182 1092 1263 1137 quia
1287 1092 1329 1125 ad
1350 1091 1440 1125 haec
1463 1090 1541 1125 sola
1562 1091 1786 1136 impetranda

223 1147 329 1181 debet
354 1147 500 1181 tendere
526 1156 670 1180 nostrae
698 1146 871 1180 orationis
892 1145 1055 1187 intentio,
1078 1144 1389 1191 qualitercumque
1412 1156 1452 1179 ea
1472 1144 1710 1192 proferamus,
1728 1143 1787 1178 vel

223 1201 437 1246 cogitemus.

294 1254 353 1288 AD
382 1264 570 1292 QUARTUM
598 1253 802 1294 dicendum,
831 1253 926 1298 quod
955 1252 1082 1298 aliquis
1110 1252 1280 1285 continue
1308 1259 1403 1286 orat:
1422 1250 1480 1285 vel
1506 1259 1651 1297 propter
1678 1251 1788 1285 conti-

223 1307 398 1341 nuitatem
421 1306 600 1348 desiderii,
622 1314 660 1340 ut
682 1306 817 1340 dictum
841 1313 893 1340 est
917 1305 965 1349 (in
981 1312 1070 1352 corp.
1090 1305 1186 1349 art.).·
1201 1304 1259 1338 vel
1281 1306 1363 1350 quia
1385 1316 1459 1339 non
1478 1305 1680 1339 intermittit
1701 1304 1786 1350 quin

222 1361 446 1406 temporibus
468 1360 606 1394 statutis
629 1368 718 1401 oret,
739 1359 798 1393 vel
819 1367 964 1405 propter
986 1358 1167 1399 effectum,
1187 1359 1260 1392 sive
1278 1358 1314 1391 in
1335 1359 1414 1404 ipso
1437 1366 1573 1400 orante,
1596 1358 1656 1404 qui
1678 1358 1786 1392 etiam

224 1422 306 1460 post
327 1414 530 1447 orationem
552 1421 714 1446 remanet
736 1413 852 1457 magis
875 1413 1038 1453 devotus,
1054 1412 1127 1445 sive
1150 1412 1259 1445 etiam
1281 1411 1317 1444 in
1340 1411 1424 1453 alio,
1446 1419 1531 1458 puta
1554 1423 1637 1445 curn
1659 1411 1787 1457 aliquis

224 1467 296 1502 suis
317 1467 500 1501 beneficiis
522 1474 697 1513 provocat
719 1466 842 1508 alium,
865 1474 903 1500 ut
924 1477 988 1511 pro
1011 1477 1048 1500 se
1071 1473 1159 1507 oret,
1182 1466 1290 1499 etiam
1318 1465 1463 1511 quando
1485 1465 1562 1510 ipse
1584 1465 1625 1499 ab
1649 1465 1786 1499 orando

225 1528 352 1563 cessat,
374 1529 408 1555 et
429 1520 591 1566 quiescit.

770 1678 1114 1723 ARTICULUS
1144 1678 1242 1721 XV.
1717 1700 1787 1736 452

638 1799 792 1829 UTRUM
825 1798 988 1829 ORATIO
1021 1799 1088 1828 SIT
1122 1797 1374 1828 MERITORIA.

225 1900 342 1948 (Schr.
365 1904 429 1934 art.
452 1910 480 1945 7.
503 1899 545 1934 ad
566 1910 597 1934 2.
620 1904 650 1934 et
669 1910 702 1943 4.
724 1899 814 1933 Dist.
836 1910 880 1944 15.
903 1910 933 1944 q.
955 1909 988 1943 4.
1010 1903 1072 1933 art.
1093 1909 1122 1944 7.
1146 1910 1175 1944 q.
1197 1909 1227 1933 2.
1246 1904 1309 1944 per
1331 1903 1387 1933 tot.
1403 1903 1514 1944 atq-3.
1529 1904 1617 1944 corp.
1637 1903 1667 1933 et
1680 1897 1722 1932 ad
1732 1898 1787 1944 3.).

297 2000 356 2034 AD
379 2010 738 2039 DECIMUMQUINTUM
765 1999 815 2034 sic
839 1999 1056 2046 proceditur.
1078 1999 1240 2041 Videtur,
1264 1999 1359 2045 quod
1383 1999 1499 2033 oratio
1521 2010 1596 2033 non
1617 1999 1662 2033 sit
1687 1998 1791 2033 meri-

225 2053 337 2095 toria3
360 2064 469 2087 omne
491 2054 588 2087 enim
611 2054 780 2087 meritum
802 2053 965 2100 procedit
987 2064 1006 2086 a
1029 2053 1161 2098 gratia:
1184 2053 1246 2087 sed
1269 2053 1386 2087 oratio
1408 2052 1592 2100 praecedit
1617 2052 1788 2099 gratiam3

227 2107 309 2153 quia
332 2106 441 2140 etiam
462 2106 539 2152 ipsa
561 2107 676 2152 gratia
697 2118 759 2152 per
781 2107 985 2140 orationem
1009 2107 1230 2152 impetratur,
1252 2106 1451 2141 secundum
1474 2105 1562 2140 illud
1592 2105 1680 2140 Luc.
1715 2117 1789 2141 11.:

228 2161 327 2195 Pater
351 2165 455 2194 vester
480 2159 517 2194 Aa
544 2160 629 2194 coelo
651 2160 743 2195 dabit
767 2161 921 2206 spiritmn
949 2160 1069 2194 bonnm
1085 2161 1268 2206 petentibus
1287 2172 1339 2201 se;
1363 2171 1450 2207 ergo
1481 2159 1596 2194 orado
1630 2170 1705 2194 non
1737 2166 1791 2194 est

228 2221 329 2248 actus
350 2221 565 2247 meritorius.

300 2277 330 2300 2.
353 2266 588 2301 PRAETEREA.
612 2266 651 2300 Si
673 2267 788 2300 oratio
812 2265 946 2312 aliquid
969 2274 1136 2309 meretur,
1172 2267 1329 2301 maxime
1362 2267 1502 2301 videtur
1535 2265 1668 2301 mereri
1700 2265 1788 2300 illud

228 2321 325 2367 quod
347 2320 484 2353 orando
507 2320 652 2365 petitur:
676 2320 737 2353 sed
761 2320 832 2353 hoc
855 2330 928 2353 non
956 2330 1099 2365 semper
1133 2328 1310 2362 meretur3
1344 2320 1428 2366 quia
1461 2319 1646 2354 multoties
1680 2319 1790 2354 etiam

228 2381 437 2408 sanctorum
460 2373 642 2406 orationes
663 2384 737 2406 non
759 2373 1012 2406 exaudiuntur:
1035 2373 1127 2407 sicut
1144 2373 1277 2407 Paulus
1295 2385 1369 2408 non
1389 2382 1441 2408 est
1461 2373 1646 2408 exauditus
1665 2381 1790 2420 petens

229 2438 248 2460 a
270 2438 307 2460 se
328 2426 509 2460 removeri
530 2425 716 2459 stimulum
740 2426 875 2467 carnis3
899 2437 985 2471 ergo
1009 2427 1125 2460 oratio
1147 2438 1221 2460 non
1244 2435 1296 2461 cst
1317 2435 1416 2461 actus
1438 2427 1654 2461 meritorius.

302 2491 330 2526 3.
352 2479 588 2514 PRAETEREA.
613 2479 742 2514 Oratio
765 2479 956 2525 praecipue
980 2479 1061 2513 fidei
1082 2480 1254 2522 innititur,
1276 2481 1476 2515 secundum
1498 2480 1584 2514 illud
1594 2480 1721 2525 Jacobi
1739 2491 1787 2514 1.:

229 2533 371 2568 Postula!
396 2538 504 2567 antam
531 2534 564 2566 in
588 2532 649 2576 fida
671 2532 754 2566 nillil
775 2533 952 2566 lmasimns:
981 2532 1068 2567 fides
1091 2533 1210 2567 autem
1233 2545 1306 2567 non
1328 2533 1460 2568 sufficit
1489 2533 1532 2567 ad
1563 2533 1789 2576 merendum,

229 2595 267 2620 ut
288 2594 385 2633 patet
406 2586 441 2619 in
463 2586 518 2620 his
541 2585 601 2632 qui
622 2586 756 2620 habent
777 2585 884 2619 fldem
908 2585 1122 2629 informem;
1147 2597 1233 2633 ergo
1257 2587 1372 2621 oratio
1394 2598 1468 2621 non
1491 2595 1543 2621 est
1565 2594 1664 2620 actus
1687 2586 1790 2620 meri-

229 2648 353 2674 torius.

303 2694 377 2726 550
401 2703 554 2727 CONTRA
577 2700 640 2734 est,
663 2692 758 2738 quod
782 2703 886 2737 super
909 2691 994 2725 illud
1017 2692 1073 2727 Ps.
1100 2704 1168 2738 μή
1195 2694 1312 2728 Oratio
1336 2705 1407 2728 marl,
1428 2695 1461 2727 in
1483 2694 1556 2728 sina
1573 2705 1642 2727 mec>
1657 2704 1790 2727 conver-

232 2752 329 2787 tstur,
358 2747 443 2779 dicit
465 2746 566 2780 Glos.
590 2746 746 2790 (interl.):
777 2758 793 2776 «
817 2745 860 2779 Et
881 2745 910 2778 si
933 2745 982 2779 eis
1004 2757 1076 2778 non
1100 2746 1244 2791 profuit,
1268 2758 1335 2792 ego
1358 2755 1480 2780 tamen
1503 2757 1575 2780 non
1598 2757 1677 2780 sum
1707 2756 1788 2779 mea

232 2800 398 2833 mercede
420 2799 604 2833 frustratus
627 2812 658 2833 »z
682 2810 820 2833 merces
843 2807 962 2834 autem
989 2811 1062 2833 non
1094 2800 1241 2835 debetur
1269 2801 1337 2835 nisi
1370 2802 1519 2842 merit03
1553 2811 1639 2846 ergo
1673 2799 1787 2834 oratio

232 2853 339 2886 habet
360 2853 537 2887 rationem
560 2853 688 2887 meriti.
