1859 3122
229 189 308 242 176
640 198 860 234 QUAESTIO
893 198 1014 227 XXIII.
1048 197 1291 227 ARTICULUS
1325 197 1368 227 11.

787 367 1129 411 ARTICULUS
1165 367 1220 409 Π.
1717 390 1780 424 115

409 476 563 506 UTRUM
593 476 807 506 CHARITAS
833 476 898 505 SIT
925 476 1108 511 ALIQUID
1138 475 1346 505 CREATUM
1372 475 1416 506 IN
1442 475 1592 505 ANIMA.

279 563 320 606 (r.
342 563 431 598 Dist.
453 574 503 608 17.
525 575 554 609 q.
578 575 604 597 l.
626 568 691 597 art.
713 575 741 597 Ι.
762 568 791 597 et
807 575 834 608 3.
856 563 942 596 Dist.
969 574 1021 608 27.
1044 575 1074 608 q.
1096 574 1126 596 2.
1149 566 1212 596 art.
1234 573 1266 606 4.
1289 567 1319 596 at
1351 562 1438 596 Veri.
1461 574 1490 607 q.
1513 575 1540 597 I.
1563 567 1627 596 art.
1650 562 1723 606 IL).

293 651 352 684 AD
364 661 571 685 SECUNDUM
582 651 631 684 sic
647 650 862 697 proceditur.
875 650 1037 692 Videtur,
1052 650 1148 696 quod
1164 650 1319 684 charitas
1334 661 1407 684 non
1419 650 1463 684 sit
1474 649 1606 696 aliquid
1619 658 1780 685 creatum

222 704 257 738 in
281 704 417 738 anima:
433 704 519 738 dicit
534 705 630 738 enim
651 704 803 749 August.
820 704 855 737 in
874 704 905 738 8.
925 704 968 738 de
989 703 1088 737 Trin.
1111 704 1197 750 (cap.
1214 704 1260 748 8.)
1275 716 1284 738 :
1300 716 1318 734 ‹<
1335 703 1410 744 Qui
1431 703 1637 749 proximum
1655 703 1781 749 diligit,

223 769 448 804 consequens
464 766 517 792 est
531 766 569 792 ut
582 758 699 803 ipsam
723 757 956 791 dilectionem
979 757 1102 803 diligat
1124 770 1159 792 »z
1181 757 1280 791 Deus
1304 765 1424 790 autem
1446 756 1589 791 dilectio
1612 765 1683 799 est;
1699 768 1784 791 con-

223 822 374 857 sequens
397 819 449 845 est
471 822 557 857 ergo
581 819 618 845 ut
637 811 829 857 praecipue
843 811 966 845 Deum
981 811 1115 857 diligat,
1131 819 1164 845 et
1178 811 1213 844 in
1237 821 1287 856 15.
1306 811 1349 844 de
1369 810 1470 844 Trin.
1492 811 1578 857 (cap.
1596 812 1662 857 17.)
1677 811 1780 846 dicit:

225 877 242 896 ‹<
264 865 315 898 Ita
338 864 475 898 dictum
498 873 560 906 est,
583 865 682 898 Deus
705 865 860 898 charitas
881 873 942 906 est,
963 865 1053 898 sicut
1068 864 1204 898 dictum
1224 872 1286 904 est,
1302 864 1402 898 Deus
1416 864 1558 910 spiritus
1573 871 1625 898 est
1639 878 1656 896 »
1670 877 1678 906 3
1694 875 1780 910 ergo

222 918 377 952 charitas
400 929 473 951 non
497 926 549 951 est
571 917 717 963 aliquod
741 926 900 951 creatum
922 918 958 951 in
977 918 1108 957 anima,
1131 917 1192 951 sed
1215 926 1266 951 est
1287 917 1362 962 ipse
1384 917 1495 951 Deus.

293 981 324 1004 2.
346 971 582 1005 PRAETEREA.
611 972 711 1005 Deus
733 979 786 1005 est
813 971 1044 1016 spiritualiter
1064 972 1136 1004 vita
1161 971 1314 1012 animae,
1341 971 1434 1005 sicut
1461 971 1581 1005 anima
1606 972 1679 1006 vita
1705 983 1781 1006 cor-

222 1025 331 1071 poris,
354 1026 556 1058 secundum
571 1024 658 1058 illud
672 1025 818 1058 Denter.
842 1035 914 1070 3o.:
938 1025 1007 1071 Ipse
1026 1029 1068 1058 est
1082 1026 1153 1058 vita
1169 1029 1245 1058 tua.-
1266 1024 1328 1058 sed
1345 1024 1465 1058 anima
1478 1024 1636 1059 vivificat
1650 1036 1780 1071 corpus

220 1089 283 1124 per
304 1078 479 1124 seipsam;
503 1089 588 1124 ergo
612 1078 712 1112 Deus
734 1077 892 1112 vivificat
917 1079 1076 1111 animam
1098 1089 1160 1122 per
1181 1077 1355 1123 seipsum:
1377 1076 1536 1111 vivificat
1557 1085 1678 1111 autem
1700 1089 1781 1112 eam

222 1142 284 1177 per
306 1131 532 1172 charitatem,
551 1131 751 1165 secundum
766 1130 853 1165 illud
871 1142 897 1165 1.
909 1131 1012 1176 Joan.
1030 1142 1075 1176 3.:
1096 1131 1164 1165 Nos
1180 1132 1312 1173 scimus,
1332 1132 1488 1176 qnoniam
1504 1132 1658 1166 translati
1669 1143 1779 1166 sumus

224 1184 260 1219 de
281 1190 384 1218 morte
403 1184 445 1217 ad
465 1186 584 1226 vitam,
607 1185 765 1230 quoniam
788 1184 956 1230 diligimus
970 1185 1119 1230 fratrem
1140 1195 1225 1229 ergo
1248 1184 1347 1218 Deus
1374 1192 1427 1218 est
1447 1184 1523 1229 ipsa
1546 1184 1712 1218 charitas.

296 1249 324 1283 3.
347 1237 584 1272 PRAETEREA.
606 1236 708 1271 Nihil
730 1245 891 1271 creatum
913 1245 966 1271 est
987 1236 1145 1270 infinitae
1166 1237 1315 1278 virtutis,
1334 1237 1395 1270 sed
1410 1237 1525 1283 magis
1547 1239 1665 1271 omnis
1685 1248 1780 1271 crea-

222 1298 299 1324 tura
316 1298 368 1324 est
389 1291 545 1324 vanitas:
567 1291 721 1324 charitas
741 1299 861 1324 autem
879 1301 953 1324 non
969 1298 1021 1324 est
1035 1290 1185 1332 vanitas,
1201 1291 1261 1324 sed
1281 1292 1396 1335 magis
1418 1291 1568 1325 vanitati
1585 1298 1780 1336 repugnat3

223 1353 256 1378 et
278 1352 330 1378 est
351 1344 510 1377 infinitae
530 1344 681 1385 virtutis,
705 1344 787 1389 quia
814 1344 974 1377 animam
995 1344 1155 1377 hominis
1178 1343 1220 1377 ad
1242 1344 1380 1377 bonum
1401 1343 1580 1377 infinitum
1599 1343 1780 1389 perducit;

222 1409 308 1444 ergo
331 1398 486 1431 charitas
509 1409 583 1431 non
606 1406 659 1431 est
681 1397 814 1443 aliquid
837 1405 996 1431 creatum
1020 1397 1055 1430 in
1078 1397 1209 1430 anima.

293 1451 366 1485 SED
390 1461 545 1485 CONTRA
573 1459 636 1492 θεῖ,
664 1451 759 1496 quod
787 1451 940 1496 August.
964 1450 1049 1484 dicit
1074 1450 1110 1483 in
1141 1461 1168 1495 3.
1193 1450 1235 1484 de
1264 1450 1389 1484 Doctr.
1418 1450 1550 1484 Christ.
1574 1450 1662 1496 (cap.
1686 1451 1778 1496 10.).·

226 1517 243 1535 «
257 1504 483 1538 Charitatem
492 1515 586 1537 voco
602 1512 743 1537 motum
760 1503 871 1536 animi
887 1503 930 1537 ad
944 1502 1133 1537 fruendum
1148 1503 1229 1536 Deo
1245 1511 1390 1548 propter
1402 1503 1565 1548 ipsum»:
1581 1503 1642 1537 sed
1658 1510 1778 1537 motus

222 1557 333 1590 animi
355 1565 407 1591 θεῖ
430 1556 562 1602 aliquid
586 1564 749 1591 creatum
770 1557 806 1590 in
829 1557 968 1598 anima3
991 1567 1077 1602 ergo
1101 1564 1135 1590 et
1157 1556 1312 1590 charitas
1334 1564 1386 1590 est
1408 1556 1541 1602 aliquid
1564 1564 1724 1590 creatum
1739 1557 1776 1590 in

221 1611 352 1644 anima.

292 1664 520 1698 RESPONDEO
544 1663 750 1706 dicendum,
774 1663 881 1709 quod,
903 1663 1076 1709 Magister
1097 1670 1339 1709 perscrutatur
1356 1663 1450 1697 hanc
1473 1663 1722 1708 quaestionem
1743 1662 1780 1696 in

226 1728 276 1762 17.
299 1717 452 1751 distinct.
481 1728 506 1751 1.
530 1717 590 1751 lib.
615 1717 713 1751 Sent.
738 1725 772 1751 et
792 1717 904 1761 ponit,
928 1717 1023 1762 quod
1047 1716 1201 1750 charitas
1223 1727 1297 1750 non
1324 1725 1377 1750 est
1404 1715 1535 1762 aliquid
1559 1724 1720 1750 creatum
1741 1716 1777 1749 in

221 1771 353 1811 anima,
375 1771 437 1804 sed
456 1779 508 1804 est
530 1772 604 1816 ipse
623 1770 775 1816 Spiritus
795 1770 948 1803 Sanctus
968 1778 1127 1803 mentem
1145 1769 1364 1804 inhabitans:
1389 1781 1453 1803 nec
1478 1777 1530 1803 est
1551 1780 1614 1803 sua
1628 1769 1779 1803 intentio

221 1824 317 1869 quod
339 1824 405 1857 iste
428 1832 548 1857 motus
572 1823 788 1865 dilectionis,
811 1834 882 1869 quo
904 1823 1025 1857 Deum
1049 1822 1242 1868 diligimus,
1265 1823 1308 1857 sit
1329 1823 1403 1868 ipse
1427 1823 1578 1868 Spiritus
1607 1823 1778 1866 Sanctus;

222 1876 284 1910 sed
308 1877 403 1922 quod
426 1877 490 1910 iste
518 1885 638 1910 motus
665 1875 869 1910 dilectionis
898 1884 948 1910 est
977 1887 996 1909 a
1019 1875 1151 1921 Spiritu
1180 1875 1326 1917 Sancto,
1349 1887 1423 1909 non
1453 1875 1634 1909 mediante
1657 1875 1778 1921 aliquo

223 1929 358 1971 habitu,
381 1930 472 1963 sicut
495 1941 514 1962 a
538 1929 670 1975 Spiritu
697 1929 831 1962 Sancto
855 1937 936 1962 sunt
958 1928 1017 1962 alii
1041 1937 1139 1962 actus
1161 1928 1310 1962 virtuosi
1336 1929 1574 1962 mediantibus
1600 1928 1779 1963 habitibus

223 1982 375 2016 aliarum
396 1983 580 2024 virtutum,
603 1990 687 2029 puta
710 1982 833 2016 habitu
856 1981 949 2023 fidei,
973 1990 1033 2015 aut
1054 1981 1140 2028 spei,
1163 1990 1223 2015 aut
1238 1981 1386 2027 alicujus
1407 1981 1550 2016 alterius
1568 1982 1725 2024 virtutis;
1746 1989 1780 2016 et

221 2037 292 2070 hoc
316 2036 457 2070 dicebat
478 2044 624 2082 propter
647 2034 899 2069 excellentiam
917 2035 1110 2068 charitatis.
1127 2034 1198 2068 Sed
1214 2035 1243 2068 si
1263 2035 1340 2080 quis
1363 2043 1459 2068 recte
1479 2035 1693 2076 consideret,
1707 2035 1778 2069 hoc

222 2089 337 2135 magis
371 2089 547 2123 redundat
572 2089 608 2122 in
637 2088 819 2122 charitatis
846 2088 1121 2130 detrimentum3
1148 2099 1222 2121 non
1250 2088 1346 2121 enim
1375 2096 1495 2122 motus
1528 2088 1709 2122 charitatis
1730 2088 1778 2122 ita

222 2142 383 2189 procedit
406 2154 424 2175 a
448 2142 581 2187 Spiritu
605 2142 739 2175 Sancto
768 2148 937 2175 movente
959 2141 1159 2174 humanam
1181 2149 1353 2183 mentem,
1376 2141 1472 2186 quod
1493 2141 1653 2174 humana
1675 2152 1777 2176 mens

221 2197 265 2230 sit
287 2204 387 2229 mota
407 2203 560 2236 tantum,
583 2204 617 2229 et
638 2194 739 2228 nullo
762 2195 873 2228 modo
901 2194 945 2228 sit
965 2194 1180 2240 principium
1207 2194 1312 2239 hujus
1334 2203 1474 2236 motus;
1496 2194 1588 2228 sicut
1609 2205 1692 2227 cum
1715 2193 1778 2228 ali-

223 2249 318 2295 quod
341 2260 470 2294 corpus
494 2256 660 2282 movetur
683 2248 723 2281 ab
753 2248 873 2294 aliquo
897 2247 1063 2281 exteriori
1085 2255 1268 2281 movente:
1292 2247 1363 2281 hoc
1387 2247 1483 2282 enim
1507 2255 1558 2281 est
1580 2255 1705 2281 contra
1728 2258 1779 2280 ra-

220 2303 357 2336 tionem
378 2301 583 2342 voluntarii,
607 2303 705 2346 cujus
729 2310 872 2346 oportet
893 2301 1110 2346 principium
1133 2301 1167 2333 in
1189 2301 1267 2346 ipso
1287 2311 1376 2342 esse,
1398 2300 1490 2334 sicut
1511 2311 1616 2346 supra
1639 2300 1776 2334 dictum

223 2363 275 2390 est
298 2356 374 2399 (1-2.
394 2367 424 2400 q.
447 2356 478 2389 6.
499 2360 561 2388 art.
585 2355 653 2398 r.),·
678 2355 770 2388 unde
794 2362 1013 2400 sequeretur,
1036 2355 1131 2400 quod
1154 2353 1300 2399 diligere
1319 2365 1393 2387 non
1409 2362 1501 2388 esset
1521 2353 1778 2396 voluntarium,

222 2409 318 2455 quod
341 2408 503 2454 implicat
527 2408 871 2449 contradictione1n3
896 2419 981 2441 cum
1003 2418 1107 2441 amor
1129 2407 1171 2441 de
1193 2407 1247 2441 sui
1263 2407 1401 2440 ratione
1423 2407 1604 2453 importet,
1619 2408 1715 2452 quod
1733 2407 1780 2441 sit

223 2471 321 2496 actus
342 2461 550 2495 voluntatis.
575 2460 750 2494 Similiter
772 2461 880 2494 etiam
908 2472 981 2494 non
1004 2468 1121 2506 potest
1147 2460 1228 2502 dici,
1256 2460 1351 2506 quod
1379 2461 1427 2494 sic
1455 2469 1602 2494 moveat
1624 2460 1776 2506 Spiritus

223 2517 376 2549 Sanctus
398 2515 624 2548 voluntatem
648 2514 691 2547 ad
714 2521 833 2547 actum
858 2513 1041 2559 diligendi,
1064 2514 1155 2547 sicut
1181 2522 1346 2547 movetur
1367 2515 1663 2556 instrumentum3
1683 2513 1778 2559 quod

223 2569 288 2603 etsi
310 2569 354 2602 sit
375 2568 589 2613 principium
614 2575 724 2607 actus,
747 2577 821 2600 non
848 2575 969 2600 tamen
993 2575 1045 2600 est
1072 2567 1107 2600 in
1134 2567 1213 2612 ipso
1245 2577 1364 2612 agere,
1393 2566 1451 2600 vel
1478 2578 1552 2600 non
1584 2577 1702 2611 agere,
1728 2566 1777 2600 sic

223 2622 318 2656 enim
334 2622 441 2655 etiam
454 2620 639 2655 tolleretur
651 2620 741 2653 ratio
757 2619 961 2661 voluntarii,
977 2628 1011 2654 et
1026 2620 1274 2654 excluderetur
1288 2619 1378 2653 ratio
1394 2619 1530 2660 meriti3
1546 2631 1628 2652 cum
1642 2627 1778 2653 tamem

221 2687 327 2721 supra
348 2675 512 2709 habiturn
535 2675 579 2708 sit
603 2674 677 2718 (1-2.
701 2686 730 2719 q.
753 2686 821 2717 114.
840 2679 904 2707 izi-t.
927 2675 989 2718 4),
1015 2674 1110 2719 quod
1133 2672 1279 2706 dilectio
1303 2673 1485 2706 charitatis
1508 2680 1561 2706 est
1582 2672 1680 2706 radix
1707 2683 1779 2706 me-

224 2729 343 2763 rendi:
368 2729 428 2762 sed
453 2735 607 2773 oportet,
630 2727 726 2772 quod
749 2727 777 2760 si
798 2726 964 2760 voluntas
989 2734 1179 2760 moveatur
1206 2737 1224 2759 a
1253 2725 1385 2771 Spiritu
1410 2725 1544 2759 Sancto
1568 2726 1610 2759 ad
1633 2725 1780 2770 diligen-

223 2781 318 2823 dum,
341 2782 447 2815 etiam
471 2781 547 2826 ipsa
569 2781 613 2814 sit
635 2779 793 2813 efficiens
816 2780 909 2812 hunc
935 2788 1071 2812 actum:
1095 2778 1213 2812 nullus
1236 2787 1356 2812 autem
1383 2786 1482 2812 actus
1516 2777 1671 2824 perfecte
1701 2789 1779 2824 pro·

222 2835 362 2868 ducitur
383 2835 424 2867 ab
449 2834 566 2880 aliqua
589 2833 748 2878 potentia
764 2832 891 2873 activa,
906 2833 971 2865 nisi
989 2833 1032 2866 sit
1047 2832 1078 2866 ei
1094 2831 1338 2865 connaturalis
1354 2842 1415 2877 per
1431 2830 1588 2876 aliquam
1608 2829 1776 2872 formam,

222 2899 312 2934 quae
335 2888 378 2921 sit
399 2887 616 2933 principium
639 2886 809 2928 actionis3
834 2885 927 2919 unde
950 2885 1060 2927 Deus,
1084 2885 1143 2931 qui
1166 2884 1289 2919 omnia
1311 2892 1434 2918 movet
1457 2885 1498 2917 ad
1523 2884 1661 2918 debitos
1677 2883 1776 2925 fines,
