1859 3122
183 123 268 176 276
588 129 809 166 QUAESTIO
843 130 993 159 XXXIII.
1028 129 1273 159 ARTICULUS
1306 129 1349 158 ΙΙ.

182 216 306 250 omnia
327 222 529 261 praecepta,
551 224 643 259 quae
670 213 847 258 pertinent
873 212 916 246 ad
942 211 1227 258 impendendum
1250 210 1396 256 aliquod
1419 209 1631 244 beneficium
1659 220 1738 255 pro-

181 269 292 310 ximo,
315 268 532 302 reducuntur
555 266 599 299 ad
620 273 851 312 praeceptum
873 266 916 299 de
934 265 1176 299 honoratione
1199 272 1399 310 parentum.

253 323 312 355 AD
339 331 510 355 TERTIUM
532 319 736 361 dicendum,
755 319 851 365 quod
878 319 1056 353 correctio
1083 317 1238 352 fraterna
1265 318 1440 364 tripliciter
1466 316 1584 351 omitti
1609 323 1737 363 potest.

189 376 260 410 Uno
283 374 428 420 quidem
445 373 538 406 moda
553 372 748 414 meritorie,
762 373 907 418 quando
923 384 964 406 ex
979 372 1152 405 charitate
1169 370 1295 416 aliquis
1311 370 1575 404 correctionem
1589 369 1738 404 omittit:

182 429 268 462 dicit
290 428 386 462 enim
410 427 562 471 August.
584 426 619 459 in
646 437 673 459 1.
697 426 740 459 de
763 425 871 460 Civit.
893 426 963 459 Dei
985 427 1074 472 (rap.
1099 426 1168 471 9.).·
1195 424 1268 458 «Si
1289 432 1477 470 propterea
1504 423 1654 469 quisque
1681 423 1740 457 ob·
1775 442 1783 449 -

181 481 376 526 jurgandis,
404 488 439 513 et
468 479 702 525 corripiendis
732 478 826 513 male
853 479 1039 524 agentibus
1066 478 1190 524 parcit,
1218 477 1300 524 quia
1327 485 1573 523 opportunum
1598 484 1740 522 tempus

182 534 381 579 inquiritur,
402 532 460 567 vel
481 533 609 566 iisdem
631 533 715 578 ipsis
742 533 879 573 metuit,
908 543 952 566 ne
981 532 1176 566 deteriores
1204 542 1246 564 ex
1273 531 1344 564 hoc
1376 529 1584 572 efficiantur,
1612 529 1670 563 vel
1696 529 1740 563 ad

182 588 317 621 bonam
338 587 462 628 vitam,
485 594 519 620 et
541 588 637 631 piam
660 586 875 620 erudiendos
890 585 1089 631 impediant
1103 584 1192 618 alios
1207 584 1382 625 infirmos,
1397 591 1431 617 et
1444 591 1619 629 premant,
1635 591 1740 628 atque

184 648 345 674 avertant
367 651 386 673 a
400 639 481 681 fide,
496 651 570 672 non
583 639 723 673 videtur
739 650 816 673 esse
832 639 1034 684 cupiditatis
1050 639 1207 680 occasio,
1224 638 1285 672 sed
1302 637 1495 671 consilium
1511 636 1739 670 charitatis».

183 694 261 728 Alio
283 693 377 727 modo
400 693 695 739 praetermittitur
722 692 877 726 fraterna
905 693 1082 726 correctio
1113 703 1196 725 cum
1227 699 1377 737 peccato
1405 689 1568 732 mortali;
1595 690 1740 735 quando

183 747 321 782 scilicet
341 746 565 788 formidatur,
587 754 625 780 ut
646 747 693 780 ibi
716 747 855 788 dicitur,
876 747 1049 791 judicium
1079 745 1189 791 vulgi,
1218 753 1252 779 et
1282 745 1398 778 carnis
1427 744 1656 785 excruciatio,
1682 743 1741 777 vel

184 801 405 847 peremptio;
425 801 510 834 dum
532 808 654 833 tamen
676 800 765 833 haec
788 800 837 833 ita
859 800 1091 833 dominentur
1112 799 1149 832 in
1171 798 1306 839 animo,
1334 798 1430 844 quod
1456 797 1633 832 fraternae
1661 797 1741 830 cha-

184 854 278 888 ritati
299 861 582 899 praeponantur:
606 860 638 886 et
665 853 736 886 hoc
767 853 907 886 videtur
937 853 1158 897 contingere,
1183 852 1326 898 quando
1358 851 1485 896 aliquis
1512 849 1742 896 probabiliter

183 907 381 952 praesumit
398 906 440 940 de
464 906 583 952 aliquo
603 905 846 951 delinquente,
869 906 964 951 quod
995 914 1118 951 posset
1148 917 1229 939 eum
1259 917 1278 939 a
1308 912 1457 950 peccato
1482 904 1680 946 retrahere,
1708 911 1742 937 et

182 968 305 994 tamen
328 968 473 1006 propter
493 961 676 1001 timorem,
694 959 751 993 vel
771 959 1002 1005 cupiditatem
1018 959 1277 1005 praetermittit.
1300 959 1410 993 Trrtio
1426 958 1519 992 modo
1533 957 1742 1003 hujusmodi

185 1014 335 1048 omissio
358 1022 410 1047 est
436 1022 625 1058 peccatum
652 1012 804 1054 veniale,
832 1013 976 1058 quando
1003 1014 1123 1054 timor,
1150 1012 1207 1046 vel
1235 1012 1409 1058 cupiditas
1435 1012 1632 1046 tardiorem
1657 1010 1743 1045 facit

184 1068 373 1101 hominem
396 1067 439 1100 ad
461 1066 717 1112 corrigendum
736 1066 864 1100 delicta
886 1066 1019 1108 fratris,
1041 1078 1115 1100 non
1137 1075 1258 1100 tamen
1277 1066 1324 1099 ita
1342 1065 1438 1111 quod
1460 1065 1489 1099 si
1504 1065 1536 1098 ei
1551 1072 1742 1106 constaret,

184 1121 280 1167 quod
301 1120 448 1154 fratrem
470 1128 592 1166 posset
613 1131 632 1153 a
655 1128 804 1165 peccato
826 1120 1019 1161 retrahere,
1046 1128 1192 1166 propter
1216 1120 1398 1160 timorem,
1425 1118 1483 1152 vel
1509 1117 1743 1164 cupiditatem

184 1175 376 1215 omitteret,
398 1173 524 1219 quibus
542 1174 578 1206 in
594 1174 716 1207 animo
732 1184 797 1207 suo
812 1174 1001 1219 praeponit
1016 1174 1229 1207 charitatem
1251 1172 1465 1215 fraternam3
1489 1181 1522 1206 et
1543 1173 1614 1206 hoc
1631 1171 1742 1205 modo

184 1228 401 1274 quandoque
423 1227 489 1260 viri
511 1227 624 1261 sancti
646 1226 834 1272 negligunt
856 1227 1035 1271 corrigere
1058 1227 1317 1272 delinquentes.

256 1281 316 1315 AD
332 1291 519 1319 QUARTUM
542 1280 746 1321 dicendum,
769 1280 865 1325 quod
884 1279 983 1321 illud,
1006 1280 1102 1326 quod
1125 1281 1272 1314 debetur
1294 1280 1401 1314 alicui
1422 1279 1694 1321 determinatae,
1710 1286 1744 1313 et

187 1342 305 1368 certae
327 1345 514 1380 personae,
537 1334 611 1367 sive
633 1334 677 1367 sit
702 1333 839 1367 bonum
868 1333 1070 1379 corporale,
1097 1333 1170 1367 sive
1198 1333 1392 1378 spirituale,
1420 1340 1563 1379 oportet
1589 1332 1685 1378 quod
1712 1332 1744 1366 ei

184 1387 447 1433 impendamus,
469 1398 543 1420 non
566 1394 793 1432 expectantes
809 1386 906 1432 quod
920 1387 1023 1421 nobis
1037 1395 1214 1428 occurrat,
1229 1387 1291 1420 sed
1305 1387 1462 1420 debitam
1476 1385 1744 1420 solicitudinem

184 1441 369 1482 habentes,
392 1448 429 1474 ut
451 1452 534 1474 eum
555 1440 796 1486 inquiramus,
818 1440 912 1474 unde
934 1440 1027 1474 sicut
1047 1439 1106 1473 ille
1129 1441 1188 1486 qui
1215 1440 1320 1474 debet
1345 1440 1538 1486 pecuniam
1565 1439 1744 1480 creditori,

186 1494 291 1528 debet
313 1505 396 1527 eum
417 1493 610 1539 requirere,
633 1505 717 1527 cum
738 1501 880 1539 tempus
902 1492 1018 1534 fuerit,
1046 1501 1084 1526 ut
1105 1493 1137 1526 ei
1155 1493 1315 1527 debitum
1333 1493 1473 1527 reddat:
1492 1493 1541 1526 ita
1559 1492 1620 1539 qui
1636 1492 1746 1526 habet

184 1545 388 1593 specialiter
409 1558 533 1580 curam
556 1546 717 1592 alicujus,
739 1547 844 1580 debet
866 1558 950 1581 eum
971 1557 1155 1592 quaerere,
1178 1546 1221 1579 ad
1246 1547 1317 1580 hoc
1349 1546 1445 1592 quod
1475 1557 1559 1580 eum
1589 1545 1747 1591 corrigat

185 1601 228 1634 de
249 1607 418 1646 peccato:
441 1600 504 1634 sed
525 1599 587 1634 illa
607 1600 792 1642 beneficia,
817 1611 907 1645 quae
929 1611 1003 1634 non
1022 1600 1196 1634 debentur
1218 1608 1335 1633 certae
1354 1610 1542 1645 personae,
1564 1599 1627 1633 sed
1649 1609 1746 1632 corn-

187 1653 342 1687 muniter
364 1653 531 1687 omnibus
554 1653 738 1699 proximis,
761 1653 834 1687 sive
857 1653 927 1687 sint
948 1652 1163 1699 corporalia,
1183 1653 1256 1687 sive
1279 1652 1487 1699 spiritualia,
1508 1664 1582 1686 non
1604 1659 1747 1699 oportet

187 1717 253 1740 nos
280 1718 451 1752 quaerere
479 1707 606 1752 quibus
632 1706 905 1752 impendamu53
936 1706 999 1740 sed
1027 1705 1159 1740 sufficit
1187 1706 1283 1752 quod
1313 1707 1566 1752 impendamus
1597 1706 1658 1748 eis,
1685 1706 1746 1752 qui

184 1759 288 1793 nobis
311 1768 520 1794 occurrunt:
543 1760 613 1793 hoc
637 1760 734 1794 enim
754 1760 855 1806 quasi
876 1771 941 1806 pro
957 1760 1114 1805 quadani
1128 1768 1225 1794 sorte
1240 1760 1448 1794 habendum
1463 1768 1525 1802 est,
1539 1767 1579 1794 ut
1591 1759 1745 1806 August.

185 1813 271 1847 dicit
291 1813 327 1846 in
353 1824 380 1846 1.
404 1813 446 1847 de
460 1813 637 1847 Doctrina
656 1813 863 1847 Christiana
887 1814 973 1859 (rap.
996 1814 1087 1858 28.);
1112 1822 1145 1847 et
1165 1821 1312 1859 propter
1335 1813 1406 1847 hoc
1437 1813 1521 1847 dicit
1548 1813 1586 1846 in
1615 1812 1674 1846 lib.
1702 1812 1745 1847 de

185 1866 292 1900 Verb.
314 1867 425 1900 Dom.
449 1867 524 1911 (scr.
547 1867 619 1912 15),
644 1867 740 1912 quod
763 1866 937 1900 admonet
956 1878 1023 1900 nos
1041 1867 1222 1900 Dominus
1243 1874 1366 1900 noster
1391 1877 1465 1900 non
1486 1865 1670 1912 negligere
1697 1866 1746 1900 in—

184 1920 303 1954 vicem
324 1928 473 1966 peccata
502 1928 636 1962 nostra,
666 1931 740 1954 non
769 1921 974 1965 quaerendo
997 1920 1080 1966 quid
1103 1920 1355 1966 reprehendas,
1383 1920 1444 1954 sed
1465 1920 1620 1954 videndo
1649 1919 1746 1966 quod
1769 1961 1773 1966 .

187 1973 364 2018 corrigas:
399 1973 559 2019 alioquin
589 1972 815 2007 efficeremur
842 1973 1088 2019 exploratores
1114 1973 1207 2008 vitae
1237 1973 1402 2014 aliorum,
1434 1980 1558 2007 contra
1586 1973 1621 2006 id
1648 1973 1745 2019 quod

187 2027 314 2061 dicitur
335 2027 505 2061 Proverb.
529 2036 604 2069 24:
627 2027 676 2061 Nc
697 2038 836 2072 quaeras
858 2028 1054 2073 impietatmn
1078 2028 1111 2060 in
1132 2027 1226 2061 domo
1245 2028 1338 2072 justI,
1362 2032 1391 2061 et
1406 2038 1470 2060 non
1484 2031 1587 2061 vastas
1602 2028 1744 2072 requiem

184 2082 274 2125 eju&
299 2080 391 2114 unde
414 2088 521 2126 patet,
543 2080 638 2126 quod
661 2091 727 2113 nec
750 2080 939 2125 religiosus
954 2088 1097 2126 oportet
1111 2080 1205 2115 exire
1221 2080 1416 2114 claustrum
1432 2079 1474 2113 ad
1490 2079 1744 2127 corrigendum

187 2133 445 2180 delinquentes.

739 2275 1084 2320 ARTICULUS
1121 2276 1198 2319 ΠΙ.
1680 2299 1743 2336 197

217 2385 369 2414 UTRUM
397 2383 648 2414 CORRECTIO
677 2384 902 2413 FRATERNA
925 2385 1168 2413 PERTINEAT
1197 2385 1343 2413 SOLUM
1367 2386 1424 2413 AD
1452 2385 1718 2414 PRAELATOS.

514 2472 563 2517 (4.
586 2472 674 2506 Dist.
697 2483 751 2517 29.
774 2483 803 2517 q.
825 2483 855 2506 2.
879 2477 941 2506 art.
963 2483 994 2506 2.
1016 2477 1047 2506 et
1073 2473 1154 2506 Viri.
1177 2484 1207 2518 q.
1226 2484 1253 2518 3.
1276 2478 1338 2507 ιιι-ί.
1361 2473 1418 2517 1.).

257 2561 317 2595 AD
345 2571 515 2596 TERTIUM
535 2561 584 2595 sic
606 2560 821 2607 proceditur.
844 2560 1005 2602 Videtur,
1033 2561 1128 2606 quod
1157 2562 1334 2595 correctio
1361 2561 1517 2597 fraterna
1543 2573 1616 2596 non
1643 2563 1745 2609 perti-

187 2623 270 2648 neat
287 2615 353 2648 nisi
376 2614 419 2648 ad
441 2614 644 2648 Praelatos:
668 2614 753 2648 dicit
772 2615 867 2648 enim
891 2615 1136 2660 Hieronymus
1160 2615 1210 2658 (111⁷
1231 2615 1325 2650 halet
1343 2622 1463 2662 utplus.
1489 2616 1583 2661 Orig.
1606 2616 1691 2650 hom.
1714 2627 1743 2661 7.

189 2669 221 2701 in
238 2668 346 2712 Jos.):
373 2681 390 2699 «
413 2668 629 2702 Sacerdotes
647 2668 812 2702 studeant
834 2667 920 2701 illud
944 2667 1131 2713 Evangelii
1160 2668 1328 2714 implere:
1359 2669 1389 2702 si
1418 2669 1621 2714 peccaverit
1646 2669 1683 2702 in
1708 2677 1743 2703 te

188 2720 294 2754 frater
315 2729 407 2762 tuus,
430 2729 495 2755 etc.
516 2734 547 2756 »1
570 2721 631 2755 sed
653 2723 800 2755 nomine
821 2721 1059 2755 Sacerdotum
1083 2730 1347 2756 consueverunt
1368 2721 1561 2767 significari
1576 2721 1742 2764 Praelati,

189 2774 249 2818 qui
271 2774 403 2808 habent
422 2786 545 2808 curam
568 2774 740 2817 aliorum3
763 2785 850 2819 crgo
872 2775 1022 2816 videtur,
1044 2775 1139 2820 quod
1162 2775 1204 2808 ad
1230 2775 1328 2809 solos
1359 2775 1543 2810 Praelatos
1569 2775 1743 2821 pertineat

189 2826 341 2862 fraterna
364 2829 552 2863 correctio.
