1859 3122
478 176 698 213 QuAt-:smo
733 177 897 208 cxxxn.
929 177 1175 208 ARTICULUS
1209 178 1237 208 1.
1560 166 1638 209 881

85 258 180 304 quod
201 257 293 304 apud
311 258 480 293 homines
499 258 672 293 decorum
691 259 842 301 videtur,
861 259 935 294 sive
956 258 1043 293 illud
1062 259 1106 293 sit
1123 259 1260 293 bonurn
1279 258 1468 305 corporale
1487 258 1645 306 aliquod,

85 312 159 346 sive
181 310 382 358 spirituale:
406 312 488 357 quia
514 323 600 346 vero
627 312 726 354 illud,
754 313 849 358 quod
877 312 1087 358 simpliciter
1113 312 1252 346 clarum
1280 321 1342 354 est,
1370 324 1388 346 a
1416 313 1537 347 multis
1564 324 1647 347 con-

86 364 175 410 spici
197 372 325 411 potest‚
349 373 383 399 et
405 376 423 398 a
446 366 606 407 remotis,
628 366 710 400 ideo
733 366 874 412 proprie
897 377 959 412 per
980 376 1115 400 nomen
1139 365 1276 411 gloriae
1303 366 1530 410 designatur„
1549 366 1644 412 quod

83 418 221 452 bonum
240 417 389 460 alicujus
409 419 575 453 deveniat
593 420 627 452 in
646 419 844 453 multorum
863 419 1041 460 notitiam,
1061 427 1095 453 et
1113 419 1430 465 approbationem:
1447 420 1645 453 secundum

84 472 180 518 quod
204 471 393 506 Sallustius
416 472 501 505 dicit
522 473 557 505 in
581 472 810 507 Catilinario:
837 485 854 504 c<
878 472 1036 507 Gloriari
1064 472 1106 506 ad
1138 483 1248 505 unum
1270 483 1345 506 non
1372 480 1423 506 est
1445 485 1484 507 »z
1511 472 1646 517 largius

83 532 205 559 tamen
220 533 369 570 accepto
386 524 521 570 gloriae
537 526 697 567 nomine,
712 537 784 560 non
801 525 920 559 solum
936 526 1099 560 consistit
1116 526 1150 559 in
1167 525 1405 559 multitudiuis
1425 526 1645 569 cognitione,

83 578 144 612 sed
167 578 276 611 etiam
298 589 509 623 paucorum,
531 578 587 612 vel
609 579 725 620 unius,
748 587 808 613 aut
829 579 883 613 sui
897 579 1026 621 solius,
1046 579 1131 613 dum
1150 578 1288 612 scilicet
1315 578 1441 624 aliquis
1461 579 1645 624 proprium

83 631 220 664 bonum
242 642 347 664 suum
371 632 574 665 considerat
595 640 633 665 ut
655 632 803 677 dignum
826 632 950 666 laude:
973 628 1070 678 quod
1093 639 1212 666 autem
1236 631 1362 678 aliquis
1384 632 1520 665 bonum
1539 643 1646 666 suum

84 691 294 729 cognoscat,
317 691 351 718 et
373 685 555 730 approbet,
577 696 651 718 non
674 693 726 719 est
751 693 961 731 peccatum:
990 685 1118 719 dicitur
1144 685 1240 719 enim
1270 696 1298 719 1.
1327 685 1369 719 ad
1397 685 1564 719 Corinth.
1592 695 1642 721 2.:

84 738 152 772 Nos
177 743 286 773 uittam
308 749 372 772 non
392 740 543 784 spiritum
566 739 661 783 liujus
682 739 798 773 mundi
819 740 1012 785 accepimus,
1034 739 1087 773 sad
1107 740 1272 785 spiritum,
1295 739 1352 784 qui
1373 750 1412 773 cx
1432 739 1504 772 Deo
1532 743 1586 780 est,
1609 744 1646 773 ut

82 792 235 833 sciamus,
258 802 338 837 quae
359 803 380 826 a
401 793 474 826 Duo
493 792 616 826 donata
634 797 707 826 sunt
725 794 836 826 nobis:
855 791 1019 826 similiter
1038 792 1145 826 etiarn
1164 803 1237 826 non
1258 800 1310 826 est
1327 800 1528 838 peccatum,
1547 793 1644 838 quod

84 844 211 890 aliquis
233 844 319 879 velit
340 845 434 878 bona
458 856 567 891 opera
588 857 652 880 sua
675 845 716 879 ab
740 845 818 879 aliis
840 845 1050 891 approbari;
1073 845 1200 879 dicitur
1223 845 1319 878 enim
1346 845 1473 878 Matth.
1505 856 1552 889 5.:
1580 845 1645 879 Lic-

83 903 153 932 ceat
167 898 224 932 lux
235 903 346 932 vestra
360 910 473 932 coram
487 899 691 939 hominilms,·
708 906 742 932 et
757 899 837 932 ideo
854 898 1030 944 appetitus
1045 897 1182 943 gloriae
1202 898 1244 932 de
1260 909 1297 932 se
1313 909 1386 931 non
1400 898 1565 932 nominat
1587 897 1646 931 ali-

83 951 167 997 quid
187 951 376 986 vitiosum:
399 952 460 986 sed
484 952 660 998 appetitus
681 952 810 994 inanis,
828 951 886 985 vel
903 962 1017 985 vanae
1040 950 1177 995 gloriae
1199 951 1328 984 vitium
1349 951 1532 996 importat,
1558 962 1645 984 narn

83 1004 268 1051 quodlibet
288 1016 423 1038 vanum
446 1014 612 1051 appetere
634 1005 805 1039 vitiosum
828 1013 890 1046 est,
913 1004 1114 1038 secundum
1135 1003 1222 1037 illud
1251 1004 1308 1037 Ps.
1330 1014 1382 1046 4:
1412 1005 1456 1038 Ut
1476 1004 1553 1049 quid
1574 1004 1646 1038 dili-

79 1059 157 1103 gitis
180 1060 376 1100 vanitatssm,
400 1064 430 1093 et
446 1060 603 1104 quaeritis
623 1058 857 1092 mendacium?
880 1058 1004 1091 Potest
1025 1065 1145 1091 autem
1173 1057 1289 1102 gloria
1317 1057 1387 1090 dici
1418 1068 1511 1090 vana
1543 1058 1647 1103 tripli-

82 1113 184 1146 citer.-
211 1124 276 1146 uno
298 1111 392 1146 modo
416 1121 457 1146 ex
484 1120 582 1157 parte
613 1111 676 1152 rei,
706 1112 749 1145 de
776 1122 847 1157 qua
877 1111 955 1156 quis
983 1110 1139 1155 gloriam
1166 1112 1320 1156 quaerit:
1349 1118 1433 1155 puta
1455 1121 1539 1143 curn
1567 1110 1645 1155 quis

82 1166 221 1210 quaerit
242 1164 397 1210 gloriam
412 1164 455 1199 de
471 1175 514 1198 eo
531 1164 626 1210 quod
642 1175 715 1198 non
739 1173 791 1198 est
812 1163 927 1210 gloria
946 1164 1115 1209 dignum3
1139 1164 1229 1197 sicut
1251 1163 1294 1197 de
1317 1163 1436 1209 aliqua
1458 1174 1495 1196 re
1516 1162 1646 1208 fragili,

83 1226 118 1252 et
139 1217 293 1252 caduca:
308 1218 373 1252 alio
389 1218 483 1252 modo
506 1229 548 1252 ex
566 1226 665 1264 parte
687 1219 776 1263 ejus,
795 1229 815 1251 a
834 1229 904 1263 quo
925 1217 1002 1263 quis
1024 1217 1179 1262 gloriam
1198 1217 1346 1262 quaerit,
1369 1224 1453 1262 puta
1474 1216 1646 1258 hominis,

83 1272 185 1316 cujus
206 1271 380 1317 judicium
405 1282 479 1305 non
507 1279 560 1305 est
586 1279 741 1304 certum:
773 1272 865 1305 tertio
895 1281 937 1304 ex
964 1278 1062 1316 parte
1084 1270 1205 1316 ipsius,
1233 1270 1293 1315 qui
1318 1270 1474 1316 gloriam
1501 1270 1645 1316 appetit,

83 1324 143 1370 qui
163 1323 331 1358 videlicet
352 1325 549 1370 appetitum
579 1324 716 1370 gloriae
745 1335 831 1358 suae
860 1335 935 1357 non
960 1323 1068 1358 refert
1092 1324 1128 1357 in
1155 1323 1315 1357 debitum
1341 1323 1464 1364 finem,
1490 1331 1575 1368 puta
1602 1323 1644 1357 ad

84 1377 265 1411 honorem
290 1377 371 1419 Dei,
397 1377 455 1411 vel
481 1378 635 1424 proximi
660 1377 825 1412 salutem.

153 1431 213 1465 AD
235 1441 384 1465 PRIMUM
399 1442 485 1476 ergo
501 1431 706 1472 dicendum,
727 1430 834 1476 quod,
853 1430 945 1464 sicut
959 1430 1112 1476 August.
1132 1430 1217 1464 dicit
1231 1441 1336 1476 super
1349 1429 1436 1463 illud
1451 1429 1554 1474 Joan.
1574 1440 1643 1475 13.:

91 1484 152 1518 Vos
166 1485 294 1519 vocatis
306 1496 368 1526 me,
384 1485 555 1529 Magister,
571 1489 599 1518 et
612 1485 770 1526 Domine,
786 1489 816 1518 et
830 1485 905 1518 bena
919 1483 1024 1518 dicitis
1041 1483 1188 1527 (tractat.
1200 1483 1282 1528 58),
1301 1496 1319 1514 ‹<
1330 1483 1573 1528 periculosum
1592 1491 1645 1517 est

83 1537 150 1571 sibi
170 1536 324 1582 placere,
347 1537 405 1571 cui
427 1537 628 1571 cavendum
650 1545 703 1571 est
723 1537 922 1583 superbire:
953 1536 1013 1570 ille
1042 1545 1174 1577 autem,
1202 1537 1263 1582 qui
1291 1547 1398 1582 super
1429 1536 1553 1570 omnia
1580 1544 1644 1578 est,

82 1599 416 1636 quantumcumque
431 1601 468 1624 se
481 1589 613 1632 laudet,
628 1601 702 1624 non
718 1590 857 1624 extollit
870 1601 926 1624 se:
942 1591 1045 1624 nobis
1060 1601 1217 1635 namque
1233 1590 1373 1635 expedit
1386 1590 1506 1623 Deum
1524 1601 1642 1628 nosse,

81 1654 155 1677 non
176 1643 246 1677 illi:
266 1654 333 1677 nec
353 1654 435 1677 eum
457 1643 607 1689 quisque
629 1643 829 1689 cognoscit,
851 1644 881 1677 si
901 1655 975 1677 non
997 1655 1035 1678 se
1056 1643 1190 1677 indicet
1210 1643 1286 1689 ipse
1308 1644 1366 1689 qui
1381 1644 1483 1677 novit
1495 1656 1533 1685 »3
1548 1643 1643 1677 unde

81 1704 188 1742 patet,
210 1697 305 1742 quod
328 1697 428 1730 Deus
450 1708 553 1730 suam
575 1696 730 1742 gloriam
752 1708 825 1730 non
848 1697 987 1742 quaerit
1008 1704 1154 1742 propter
1175 1707 1224 1738 se,
1246 1696 1307 1730 sed
1330 1705 1474 1742 propter
1495 1708 1582 1732 nos:
1609 1705 1644 1730 et

81 1749 245 1784 similiter
265 1750 375 1783 etiarn
396 1750 510 1784 homo
533 1749 758 1783 laudabiliter
779 1757 897 1796 potest
919 1749 962 1783 ad
985 1749 1139 1783 aliorum
1157 1748 1348 1783 utilitatem
1367 1749 1522 1795 gloriam
1540 1761 1643 1784 suam

81 1810 261 1849 appetere,
283 1803 483 1837 secundum
512 1802 600 1837 illud
626 1803 754 1837 Matth.
790 1813 838 1848 3.:
875 1802 1010 1837 Videant
1036 1809 1135 1848 opera
1160 1807 1268 1837 vestra
1295 1804 1391 1845 bona,
1413 1808 1441 1837 et
1463 1803 1644 1848 glorificent

81 1857 216 1891 Patrem
235 1861 394 1898 vestrum,
416 1857 473 1902 qui
493 1857 528 1890 in
554 1856 649 1891 coelis
674 1861 729 1891 est.

152 1909 212 1944 AD
235 1919 442 1944 SECUNDUM
463 1909 670 1951 dicendum,
685 1909 781 1956 quod
798 1908 925 1955 gloria,
942 1919 1033 1955 quae
1048 1909 1199 1943 habetur
1214 1920 1234 1942 a
1247 1909 1341 1950 Deo,
1364 1920 1437 1943 non
1457 1917 1509 1943 est
1527 1909 1644 1955 gloria

80 1974 185 2006 vana,
207 1963 269 1998 sed
290 1974 394 1998 vera:
417 1971 450 1997 et
471 1963 550 1997 talis
573 1962 689 2008 gloria
709 1963 813 1997 bonis
835 1962 1003 2008 operibus
1025 1962 1061 1996 in
1083 1962 1286 2008 praemium
1304 1963 1579 2008 repromittitur:
1599 1962 1643 1997 de

82 2028 151 2063 qua
173 2017 312 2059 dicitur,
335 2026 365 2050 2.
389 2016 433 2050 ad
455 2016 541 2051 Cor.
568 2027 639 2050 10.:
658 2017 734 2060 -Qui
758 2016 935 2062 gloriatur,
958 2017 993 2049 izi
1011 2016 1159 2049 Domino
1184 2016 1365 2061 glorietur:
1387 2028 1453 2050 non
1473 2017 1560 2050 enim
1586 2018 1643 2061 qui

80 2071 216 2116 seipsum
242 2069 456 2111 commendat,
484 2070 537 2104 ille
565 2070 725 2115 probatus
750 2074 803 2111 est,
829 2068 883 2103 sad
908 2081 1001 2114 quem
1028 2069 1118 2103 Deus
1144 2069 1371 2103 commendat:
1399 2077 1642 2114 provocantur

82 2123 190 2158 etiam
214 2123 323 2169 aliqui
345 2123 388 2156 ad
410 2123 582 2156 virtutum
605 2134 716 2168 opera
739 2134 781 2156 ex
803 2122 962 2168 appetitu
984 2121 1119 2167 gloriae
1140 2122 1334 2163 humanae,
1356 2122 1448 2156 sicut
1469 2123 1577 2156 etiam
1599 2133 1642 2156 ex

82 2177 238 2223 appetitu
261 2176 414 2210 aliorum
437 2184 663 2210 terrenorum
684 2176 885 2209 bonorum:
916 2185 991 2208 non
1017 2183 1141 2208 tamen
1171 2183 1224 2209 est
1251 2186 1335 2209 vere
1363 2175 1554 2217 virtuosus,
1581 2176 1642 2221 qui

81 2238 226 2276 propter
242 2230 442 2263 humanam
461 2229 615 2274 gloriam
634 2239 743 2274 opera
761 2228 901 2262 virtutis
920 2236 1099 2273 operatur,
1118 2236 1156 2262 ut
1174 2228 1327 2274 August.
1346 2229 1472 2274 probat
1490 2229 1526 2262 in
1549 2239 1576 2274 5.
1597 2229 1639 2262 de

83 2282 163 2317 Civ.
184 2283 253 2316 Dei
274 2284 359 2328 (cap.
386 2283 465 2327 12).

152 2336 212 2370 AD
235 2346 405 2370 TERTIUM
421 2335 625 2376 dicendum,
648 2335 744 2380 quod
767 2334 810 2368 ad
831 2333 1091 2380 perfectionem
1101 2335 1260 2369 hominis
1276 2335 1439 2380 pertinet,
1455 2335 1551 2380 quod
1565 2335 1640 2381 ipse

80 2400 118 2424 se
141 2397 353 2435 cognoscat;
376 2389 437 2423 sed
452 2383 556 2434 'quod
577 2388 653 2434 ipse
676 2388 717 2421 ab
741 2387 818 2422 aliis
841 2396 1094 2433 cognoscatur,
1122 2399 1196 2421 non
1217 2388 1372 2433 pertinet
1398 2388 1440 2421 ad
1468 2390 1544 2433 ejus
1562 2399 1640 2433 per-

82 2441 295 2484 fectionem,
319 2449 354 2476 et
374 2441 456 2476 ideo
479 2453 553 2475 non
576 2449 628 2475 est
649 2452 712 2487 per
733 2451 770 2474 se
793 2440 1055 2486 appetendum:
1076 2449 1194 2486 potest
1211 2449 1333 2474 tamen
1352 2441 1480 2487 appeti,
1493 2441 1642 2486 inquan-

81 2503 160 2529 tum
181 2502 235 2529 est
253 2494 340 2528 utile
363 2495 406 2528 ad
427 2493 571 2540 aliquid,
592 2493 650 2527 vel
673 2493 715 2527 ad
737 2493 808 2527 hoc
827 2493 922 2539 quod
937 2493 1036 2527 Deus
1055 2494 1096 2527 ab
1115 2494 1323 2527 hominibus
1337 2493 1568 2539 glorificetur,
1583 2493 1641 2527 vel

83 2548 127 2582 ad
147 2548 220 2582 hoc
242 2548 339 2594 quod
359 2548 529 2582 homines
547 2547 737 2593 proficiant
758 2557 800 2581 ex
821 2546 918 2580 bono
940 2547 1036 2592 quod
1051 2547 1087 2580 in
1101 2547 1172 2581 alio
1191 2555 1427 2592 cognoscunt,
1441 2546 1499 2581 vel
1513 2558 1556 2581 ex
1568 2547 1639 2581 hoc

83 2603 179 2647 quod
189 2602 265 2646 ipse
277 2601 393 2635 homo
408 2612 450 2635 ex
464 2601 580 2642 bonis,
596 2611 687 2646 quae
702 2601 737 2634 in
752 2611 789 2634 se
805 2599 1004 2645 cognoscit,
1024 2611 1086 2646 per
1098 2600 1347 2634 testimonium
1361 2599 1475 2634 laudis
1490 2600 1639 2642 alienae,

83 2655 223 2688 studeat
243 2654 280 2688 in
302 2654 352 2688 eis
373 2665 612 2700 perseverare,
635 2662 669 2688 et
692 2654 735 2687 ad
756 2653 908 2687 meliora
929 2653 1121 2698 proficere3
1144 2662 1178 2688 et
1203 2654 1402 2688 secundum
1423 2654 1494 2688 hoc
1521 2654 1642 2688 lauda—

83 2707 154 2740 bile
177 2717 239 2748 est,
263 2707 359 2752 quod
378 2718 501 2741 curam
523 2707 653 2740 habeat
674 2706 800 2752 aliquis
824 2706 866 2740 de
889 2705 986 2740 bono
1008 2707 1168 2748 nomine,
1184 2715 1218 2740 et
1233 2707 1329 2752 quod
1342 2707 1528 2752 provideat
1544 2708 1640 2741 bona

85 2771 209 2794 coram
231 2760 324 2803 Deo,
347 2768 381 2794 et
400 2760 627 2804 hominibus3
649 2771 723 2794 non
743 2768 866 2794 tamen
887 2763 984 2809 quod
1006 2761 1041 2795 in
1063 2760 1255 2795 hominurn
1277 2759 1382 2794 laude
1403 2760 1557 2795 inaniter
1583 2761 1640 2795 de-

83 2812 244 2848 lectetur.
