<?xml version="1.0" encoding="UTF-8"?>
<!DOCTYPE html PUBLIC "-//W3C//DTD XHTML 1.0 Transitional//EN"
    "http://www.w3.org/TR/xhtml1/DTD/xhtml1-transitional.dtd">
<html xmlns="http://www.w3.org/1999/xhtml" xml:lang="en" lang="en">
 <head>
  <title>
</title>
<meta http-equiv="Content-Type" content="text/html;charset=utf-8" />
  <meta name='ocr-system' content='tesseract 3.04.00' />
  <meta name='ocr-capabilities' content='ocr_page ocr_carea ocr_par ocr_line ocrx_word'/>
</head>
<body>
  <div class='ocr_page' id='page_1' title='image "./divithomaeaquina03thomuoft_1262.png"; bbox 0 0 1859 3122; ppageno 0'>
   <div class='ocr_carea' id='block_1_1' title="bbox 188 179 1385 234">
    <p class='ocr_par' dir='ltr' id='par_1_1' title="bbox 188 179 1385 234">
     <span class='ocr_line' id='line_1_1' title="bbox 188 179 1385 234; baseline 0.001 -14"><span class='ocrx_word' id='word_1_1' title='bbox 188 179 302 234; x_wconf 67' lang='lat'>1254⁴</span> <span class='ocrx_word' id='word_1_2' title='bbox 538 190 759 225; x_wconf 88' lang='lat' dir='ltr'><strong>QUAESTIO</strong></span> <span class='ocrx_word' id='word_1_3' title='bbox 794 190 1030 219; x_wconf 76' lang='lat' dir='ltr'><strong>CLXXXVIII.</strong></span> <span class='ocrx_word' id='word_1_4' title='bbox 1064 191 1308 220; x_wconf 84' lang='lat' dir='ltr'>ARTICULUS</span> <span class='ocrx_word' id='word_1_5' title='bbox 1340 191 1385 221; x_wconf 84' lang='lat'>11.</span> 
     </span>
    </p>
   </div>
   <div class='ocr_carea' id='block_1_2' title="bbox 178 270 1741 1583">
    <p class='ocr_par' dir='ltr' id='par_1_2' title="bbox 180 270 1740 956">
     <span class='ocr_line' id='line_1_2' title="bbox 253 270 1738 316; baseline 0.002 -11"><span class='ocrx_word' id='word_1_6' title='bbox 253 272 313 305; x_wconf 89' lang='lat' dir='ltr'>AD</span> <span class='ocrx_word' id='word_1_7' title='bbox 333 281 540 305; x_wconf 76' lang='lat' dir='ltr'>SECUNDUM</span> <span class='ocrx_word' id='word_1_8' title='bbox 555 270 761 312; x_wconf 88' lang='lat' dir='ltr'>dicendum,</span> <span class='ocrx_word' id='word_1_9' title='bbox 783 271 880 316; x_wconf 88' lang='lat' dir='ltr'>quod</span> <span class='ocrx_word' id='word_1_10' title='bbox 903 271 1030 305; x_wconf 88' lang='lat' dir='ltr'>eadem</span> <span class='ocrx_word' id='word_1_11' title='bbox 1053 280 1105 305; x_wconf 90' lang='lat' dir='ltr'>est</span> <span class='ocrx_word' id='word_1_12' title='bbox 1127 271 1282 306; x_wconf 86' lang='lat' dir='ltr'>ratio-de</span> <span class='ocrx_word' id='word_1_13' title='bbox 1305 272 1506 314; x_wconf 80' lang='lat' dir='ltr'>monachis,</span> <span class='ocrx_word' id='word_1_14' title='bbox 1522 281 1556 307; x_wconf 89' lang='lat' dir='ltr'>et</span> <span class='ocrx_word' id='word_1_15' title='bbox 1569 273 1738 308; x_wconf 87' lang='lat' dir='ltr'>omnibus</span> 
     </span>
     <span class='ocr_line' id='line_1_3' title="bbox 183 324 1739 373; baseline 0.002 -15"><span class='ocrx_word' id='word_1_16' title='bbox 183 325 260 358; x_wconf 89' lang='lat' dir='ltr'>aliis</span> <span class='ocrx_word' id='word_1_17' title='bbox 286 324 475 369; x_wconf 81' lang='lat' dir='ltr'>religiosis,</span> <span class='ocrx_word' id='word_1_18' title='bbox 499 332 673 369; x_wconf 89' lang='lat' dir='ltr'>quantum</span> <span class='ocrx_word' id='word_1_19' title='bbox 696 325 739 357; x_wconf 89' lang='lat' dir='ltr'>ad</span> <span class='ocrx_word' id='word_1_20' title='bbox 766 335 808 358; x_wconf 88' lang='lat' dir='ltr'>ea</span> <span class='ocrx_word' id='word_1_21' title='bbox 839 335 930 370; x_wconf 88' lang='lat' dir='ltr'>quae</span> <span class='ocrx_word' id='word_1_22' title='bbox 961 332 1042 358; x_wconf 89' lang='lat' dir='ltr'>suut</span> <span class='ocrx_word' id='word_1_23' title='bbox 1073 325 1284 359; x_wconf 90' lang='lat' dir='ltr'>communia</span> <span class='ocrx_word' id='word_1_24' title='bbox 1314 325 1415 359; x_wconf 88' lang='lat' dir='ltr'>omni</span> <span class='ocrx_word' id='word_1_25' title='bbox 1444 325 1627 372; x_wconf 88' lang='lat' dir='ltr'>religioni;</span> <span class='ocrx_word' id='word_1_26' title='bbox 1654 336 1739 373; x_wconf 90' lang='lat' dir='ltr'>puta</span> 
     </span>
     <span class='ocr_line' id='line_1_4' title="bbox 182 376 1738 425; baseline 0.003 -14"><span class='ocrx_word' id='word_1_27' title='bbox 182 378 277 424; x_wconf 89' lang='lat' dir='ltr'>quod</span> <span class='ocrx_word' id='word_1_28' title='bbox 299 376 456 411; x_wconf 86' lang='lat' dir='ltr'>totaliter</span> <span class='ocrx_word' id='word_1_29' title='bbox 478 388 515 411; x_wconf 91' lang='lat' dir='ltr'>se</span> <span class='ocrx_word' id='word_1_30' title='bbox 537 377 704 411; x_wconf 86' lang='lat' dir='ltr'>dedicent</span> <span class='ocrx_word' id='word_1_31' title='bbox 718 378 846 411; x_wconf 91' lang='lat' dir='ltr'>divinis</span> <span class='ocrx_word' id='word_1_32' title='bbox 869 378 1061 424; x_wconf 75' lang='lat' dir='ltr'>obsequiis,</span> <span class='ocrx_word' id='word_1_33' title='bbox 1077 386 1111 412; x_wconf 90' lang='lat' dir='ltr'>et</span> <span class='ocrx_word' id='word_1_34' title='bbox 1123 379 1221 424; x_wconf 87' lang='lat' dir='ltr'>quod</span> <span class='ocrx_word' id='word_1_35' title='bbox 1235 378 1439 412; x_wconf 80' lang='lat' dir='ltr'>essentialia</span> <span class='ocrx_word' id='word_1_36' title='bbox 1453 387 1536 413; x_wconf 88' lang='lat' dir='ltr'>vota</span> <span class='ocrx_word' id='word_1_37' title='bbox 1553 379 1738 425; x_wconf 80' lang='lat' dir='ltr'>religionis</span> 
     </span>
     <span class='ocr_line' id='line_1_5' title="bbox 184 430 1740 476; baseline 0.001 -11"><span class='ocrx_word' id='word_1_38' title='bbox 184 431 386 472; x_wconf 82' lang='lat' dir='ltr'>observent,</span> <span class='ocrx_word' id='word_1_39' title='bbox 409 438 442 464; x_wconf 89' lang='lat' dir='ltr'>et</span> <span class='ocrx_word' id='word_1_40' title='bbox 462 430 558 476; x_wconf 91' lang='lat' dir='ltr'>quod</span> <span class='ocrx_word' id='word_1_41' title='bbox 580 442 599 464; x_wconf 93' lang='lat' dir='ltr'>a</span> <span class='ocrx_word' id='word_1_42' title='bbox 622 430 864 465; x_wconf 86' lang='lat' dir='ltr'>saecularibus</span> <span class='ocrx_word' id='word_1_43' title='bbox 885 431 1041 476; x_wconf 86' lang='lat' dir='ltr'>negotiis</span> <span class='ocrx_word' id='word_1_44' title='bbox 1063 442 1101 465; x_wconf 94' lang='lat' dir='ltr'>se</span> <span class='ocrx_word' id='word_1_45' title='bbox 1123 431 1342 465; x_wconf 87' lang='lat' dir='ltr'>abstineant:</span> <span class='ocrx_word' id='word_1_46' title='bbox 1365 431 1427 465; x_wconf 86' lang='lat' dir='ltr'>sed</span> <span class='ocrx_word' id='word_1_47' title='bbox 1448 443 1523 465; x_wconf 89' lang='lat' dir='ltr'>non</span> <span class='ocrx_word' id='word_1_48' title='bbox 1538 440 1682 476; x_wconf 89' lang='lat' dir='ltr'>oportet</span> <span class='ocrx_word' id='word_1_49' title='bbox 1698 434 1740 468; x_wconf 91' lang='lat' dir='ltr'>si-</span> 
     </span>
     <span class='ocr_line' id='line_1_6' title="bbox 181 483 1739 530; baseline 0.001 -13"><span class='ocrx_word' id='word_1_50' title='bbox 181 483 423 517; x_wconf 85' lang='lat' dir='ltr'>militudinem</span> <span class='ocrx_word' id='word_1_51' title='bbox 438 495 515 517; x_wconf 88' lang='lat' dir='ltr'>esse</span> <span class='ocrx_word' id='word_1_52' title='bbox 534 493 709 529; x_wconf 88' lang='lat' dir='ltr'>quantum</span> <span class='ocrx_word' id='word_1_53' title='bbox 728 484 771 517; x_wconf 87' lang='lat' dir='ltr'>ad</span> <span class='ocrx_word' id='word_1_54' title='bbox 795 483 874 526; x_wconf 86' lang='lat' dir='ltr'>alia,</span> <span class='ocrx_word' id='word_1_55' title='bbox 897 495 988 529; x_wconf 88' lang='lat' dir='ltr'>quae</span> <span class='ocrx_word' id='word_1_56' title='bbox 1007 492 1089 518; x_wconf 90' lang='lat' dir='ltr'>sunt</span> <span class='ocrx_word' id='word_1_57' title='bbox 1106 484 1250 530; x_wconf 87' lang='lat' dir='ltr'>propria</span> <span class='ocrx_word' id='word_1_58' title='bbox 1267 485 1491 518; x_wconf 81' lang='lat' dir='ltr'>monasticae</span> <span class='ocrx_word' id='word_1_59' title='bbox 1513 484 1739 530; x_wconf 86' lang='lat' dir='ltr'>professioni,</span> 
     </span>
     <span class='ocr_line' id='line_1_7' title="bbox 182 536 1740 584; baseline 0.002 -13"><span class='ocrx_word' id='word_1_60' title='bbox 182 548 273 583; x_wconf 82' lang='lat' dir='ltr'>quae</span> <span class='ocrx_word' id='word_1_61' title='bbox 295 536 497 582; x_wconf 81' lang='lat' dir='ltr'>specialiter</span> <span class='ocrx_word' id='word_1_62' title='bbox 520 537 563 570; x_wconf 92' lang='lat' dir='ltr'>ad</span> <span class='ocrx_word' id='word_1_63' title='bbox 584 538 697 571; x_wconf 90' lang='lat' dir='ltr'>vitam</span> <span class='ocrx_word' id='word_1_64' title='bbox 720 537 1042 583; x_wconf 82' lang='lat' dir='ltr'>contemplativam</span> <span class='ocrx_word' id='word_1_65' title='bbox 1064 538 1290 580; x_wconf 80' lang='lat' dir='ltr'>ordinantur3</span> <span class='ocrx_word' id='word_1_66' title='bbox 1318 538 1412 572; x_wconf 89' lang='lat' dir='ltr'>unde</span> <span class='ocrx_word' id='word_1_67' title='bbox 1440 546 1474 572; x_wconf 91' lang='lat' dir='ltr'>et</span> <span class='ocrx_word' id='word_1_68' title='bbox 1499 538 1535 571; x_wconf 87' lang='lat' dir='ltr'>in</span> <span class='ocrx_word' id='word_1_69' title='bbox 1557 538 1740 584; x_wconf 84' lang='lat' dir='ltr'>praedicta</span> 
     </span>
     <span class='ocr_line' id='line_1_8' title="bbox 180 590 1739 636; baseline 0.001 -12"><span class='ocrx_word' id='word_1_70' title='bbox 180 590 364 624; x_wconf 89' lang='lat' dir='ltr'>Decretali</span> <span class='ocrx_word' id='word_1_71' title='bbox 391 591 433 624; x_wconf 93' lang='lat' dir='ltr'>de</span> <span class='ocrx_word' id='word_1_72' title='bbox 457 590 679 624; x_wconf 88' lang='lat' dir='ltr'>Postulando</span> <span class='ocrx_word' id='word_1_73' title='bbox 701 602 775 624; x_wconf 87' lang='lat' dir='ltr'>non</span> <span class='ocrx_word' id='word_1_74' title='bbox 803 590 932 624; x_wconf 89' lang='lat' dir='ltr'>dicitur</span> <span class='ocrx_word' id='word_1_75' title='bbox 953 590 1175 636; x_wconf 89' lang='lat' dir='ltr'>simpliciter,</span> <span class='ocrx_word' id='word_1_76' title='bbox 1198 591 1295 636; x_wconf 85' lang='lat' dir='ltr'>quod</span> <span class='ocrx_word' id='word_1_77' title='bbox 1317 590 1361 624; x_wconf 87' lang='lat' dir='ltr'>sit</span> <span class='ocrx_word' id='word_1_78' title='bbox 1380 591 1477 624; x_wconf 91' lang='lat' dir='ltr'>idem</span> <span class='ocrx_word' id='word_1_79' title='bbox 1498 591 1673 636; x_wconf 88' lang='lat' dir='ltr'>judicium</span> <span class='ocrx_word' id='word_1_80' title='bbox 1695 591 1739 626; x_wconf 88' lang='lat' dir='ltr'>de</span> 
     </span>
     <span class='ocr_line' id='line_1_9' title="bbox 182 643 1739 690; baseline 0 -12"><span class='ocrx_word' id='word_1_81' title='bbox 182 644 367 678; x_wconf 89' lang='lat' dir='ltr'>canonicis</span> <span class='ocrx_word' id='word_1_82' title='bbox 389 643 624 689; x_wconf 83' lang='lat' dir='ltr'>regularibus,</span> <span class='ocrx_word' id='word_1_83' title='bbox 647 644 744 689; x_wconf 88' lang='lat' dir='ltr'>quod</span> <span class='ocrx_word' id='word_1_84' title='bbox 767 644 809 678; x_wconf 90' lang='lat' dir='ltr'>de</span> <span class='ocrx_word' id='word_1_85' title='bbox 832 644 1042 686; x_wconf 80' lang='lat' dir='ltr'>monachis3</span> <span class='ocrx_word' id='word_1_86' title='bbox 1065 644 1128 678; x_wconf 90' lang='lat' dir='ltr'>sed</span> <span class='ocrx_word' id='word_1_87' title='bbox 1150 651 1326 689; x_wconf 90' lang='lat' dir='ltr'>quantum</span> <span class='ocrx_word' id='word_1_88' title='bbox 1354 643 1397 677; x_wconf 92' lang='lat' dir='ltr'>ad</span> <span class='ocrx_word' id='word_1_89' title='bbox 1423 644 1645 690; x_wconf 86' lang='lat' dir='ltr'>supradicta;</span> <span class='ocrx_word' id='word_1_90' title='bbox 1671 645 1739 679; x_wconf 88' lang='lat' dir='ltr'>sci—</span> 
     </span>
     <span class='ocr_line' id='line_1_10' title="bbox 181 696 1739 743; baseline 0.001 -13"><span class='ocrx_word' id='word_1_91' title='bbox 181 697 275 740; x_wconf 88' lang='lat' dir='ltr'>licet,</span> <span class='ocrx_word' id='word_1_92' title='bbox 297 710 315 729; x_wconf 88' lang='lat'>«</span> <span class='ocrx_word' id='word_1_93' title='bbox 337 698 433 743; x_wconf 92' lang='lat' dir='ltr'>quod</span> <span class='ocrx_word' id='word_1_94' title='bbox 452 697 488 730; x_wconf 90' lang='lat' dir='ltr'>in</span> <span class='ocrx_word' id='word_1_95' title='bbox 509 696 711 731; x_wconf 84' lang='lat' dir='ltr'>forensibus</span> <span class='ocrx_word' id='word_1_96' title='bbox 739 697 856 731; x_wconf 88' lang='lat' dir='ltr'>causis</span> <span class='ocrx_word' id='word_1_97' title='bbox 886 696 1007 731; x_wconf 87' lang='lat' dir='ltr'>officio</span> <span class='ocrx_word' id='word_1_98' title='bbox 1039 696 1287 731; x_wconf 84' lang='lat' dir='ltr'>advocationis</span> <span class='ocrx_word' id='word_1_99' title='bbox 1317 708 1391 730; x_wconf 90' lang='lat' dir='ltr'>non</span> <span class='ocrx_word' id='word_1_100' title='bbox 1417 704 1616 739; x_wconf 77' lang='lat' dir='ltr'>utantur&gt;›;</span> <span class='ocrx_word' id='word_1_101' title='bbox 1643 705 1678 732; x_wconf 93' lang='lat' dir='ltr'>et</span> <span class='ocrx_word' id='word_1_102' title='bbox 1703 698 1739 731; x_wconf 89' lang='lat' dir='ltr'>in</span> 
     </span>
     <span class='ocr_line' id='line_1_11' title="bbox 181 750 1739 796; baseline 0 -12"><span class='ocrx_word' id='word_1_103' title='bbox 181 750 366 785; x_wconf 88' lang='lat' dir='ltr'>Decretali</span> <span class='ocrx_word' id='word_1_104' title='bbox 386 750 533 784; x_wconf 89' lang='lat' dir='ltr'>inducta</span> <span class='ocrx_word' id='word_1_105' title='bbox 556 751 598 784; x_wconf 91' lang='lat' dir='ltr'>de</span> <span class='ocrx_word' id='word_1_106' title='bbox 622 750 726 784; x_wconf 86' lang='lat' dir='ltr'>Statu</span> <span class='ocrx_word' id='word_1_107' title='bbox 752 750 923 784; x_wconf 84' lang='lat' dir='ltr'>Monach.</span> <span class='ocrx_word' id='word_1_108' title='bbox 947 758 1138 796; x_wconf 78' lang='lat' dir='ltr'>postquam</span> <span class='ocrx_word' id='word_1_109' title='bbox 1162 750 1406 796; x_wconf 87' lang='lat' dir='ltr'>praemiserat,</span> <span class='ocrx_word' id='word_1_110' title='bbox 1429 750 1525 796; x_wconf 91' lang='lat' dir='ltr'>quod</span> <span class='ocrx_word' id='word_1_111' title='bbox 1550 763 1568 782; x_wconf 77' lang='grc' dir='ltr'><strong>α</strong></span> <span class='ocrx_word' id='word_1_112' title='bbox 1582 761 1656 784; x_wconf 90' lang='lat' dir='ltr'>non</span> <span class='ocrx_word' id='word_1_113' title='bbox 1678 762 1739 796; x_wconf 93' lang='lat' dir='ltr'>pu-</span> 
     </span>
     <span class='ocr_line' id='line_1_12' title="bbox 180 803 1740 849; baseline 0.001 -12"><span class='ocrx_word' id='word_1_114' title='bbox 180 812 299 838; x_wconf 89' lang='lat' dir='ltr'>tantur</span> <span class='ocrx_word' id='word_1_115' title='bbox 314 816 334 838; x_wconf 91' lang='lat' dir='ltr'>a</span> <span class='ocrx_word' id='word_1_116' title='bbox 356 804 540 838; x_wconf 90' lang='lat' dir='ltr'>consortio</span> <span class='ocrx_word' id='word_1_117' title='bbox 559 804 827 837; x_wconf 89' lang='lat' dir='ltr'>monachorum</span> <span class='ocrx_word' id='word_1_118' title='bbox 847 803 999 849; x_wconf 84' lang='lat' dir='ltr'>sejuncti</span> <span class='ocrx_word' id='word_1_119' title='bbox 1013 803 1182 838; x_wconf 90' lang='lat' dir='ltr'>canonici</span> <span class='ocrx_word' id='word_1_120' title='bbox 1196 803 1377 849; x_wconf 85' lang='lat' dir='ltr'>regulares</span> <span class='ocrx_word' id='word_1_121' title='bbox 1391 817 1424 845; x_wconf 81' lang='lat'>»,</span> <span class='ocrx_word' id='word_1_122' title='bbox 1445 803 1622 839; x_wconf 87' lang='lat' dir='ltr'>subditur:</span> <span class='ocrx_word' id='word_1_123' title='bbox 1641 817 1659 836; x_wconf 84' lang='lat'>«</span> <span class='ocrx_word' id='word_1_124' title='bbox 1674 803 1740 838; x_wconf 89' lang='lat' dir='ltr'>Re-</span> 
     </span>
     <span class='ocr_line' id='line_1_13' title="bbox 181 856 1737 903; baseline 0.001 -13"><span class='ocrx_word' id='word_1_125' title='bbox 181 856 286 903; x_wconf 85' lang='lat' dir='ltr'>gulae</span> <span class='ocrx_word' id='word_1_126' title='bbox 308 865 431 891; x_wconf 89' lang='lat' dir='ltr'>tamen</span> <span class='ocrx_word' id='word_1_127' title='bbox 452 857 651 890; x_wconf 89' lang='lat' dir='ltr'>inserviunt</span> <span class='ocrx_word' id='word_1_128' title='bbox 669 856 797 890; x_wconf 80' lang='lat' dir='ltr'>laxiori</span> <span class='ocrx_word' id='word_1_129' title='bbox 819 870 836 888; x_wconf 92' lang='lat'>»</span> <span class='ocrx_word' id='word_1_130' title='bbox 851 869 859 898; x_wconf 90' lang='lat'>;</span> <span class='ocrx_word' id='word_1_131' title='bbox 882 868 924 890; x_wconf 78' lang='lat' dir='ltr'>ex</span> <span class='ocrx_word' id='word_1_132' title='bbox 942 868 1013 902; x_wconf 88' lang='lat' dir='ltr'>quo</span> <span class='ocrx_word' id='word_1_133' title='bbox 1028 864 1136 903; x_wconf 89' lang='lat' dir='ltr'>patet,</span> <span class='ocrx_word' id='word_1_134' title='bbox 1157 857 1254 902; x_wconf 92' lang='lat' dir='ltr'>quod</span> <span class='ocrx_word' id='word_1_135' title='bbox 1268 867 1343 890; x_wconf 92' lang='lat' dir='ltr'>non</span> <span class='ocrx_word' id='word_1_136' title='bbox 1358 856 1401 890; x_wconf 88' lang='lat' dir='ltr'>ad</span> <span class='ocrx_word' id='word_1_137' title='bbox 1418 857 1541 891; x_wconf 85' lang='lat' dir='ltr'>omnia</span> <span class='ocrx_word' id='word_1_138' title='bbox 1559 865 1737 898; x_wconf 86' lang='lat' dir='ltr'>tenentur,</span> 
     </span>
     <span class='ocr_line' id='line_1_14' title="bbox 180 910 543 956; baseline 0 -13"><span class='ocrx_word' id='word_1_139' title='bbox 180 910 223 944; x_wconf 85' lang='lat' dir='ltr'>ad</span> <span class='ocrx_word' id='word_1_140' title='bbox 246 921 337 956; x_wconf 85' lang='lat' dir='ltr'>quae</span> <span class='ocrx_word' id='word_1_141' title='bbox 360 910 543 944; x_wconf 89' lang='lat' dir='ltr'>monachi.</span> 
     </span>
    </p>

    <p class='ocr_par' dir='ltr' id='par_1_3' title="bbox 178 963 1741 1583">
     <span class='ocr_line' id='line_1_15' title="bbox 250 963 1737 1010; baseline 0.001 -14"><span class='ocrx_word' id='word_1_142' title='bbox 250 963 310 996; x_wconf 86' lang='lat' dir='ltr'>AD</span> <span class='ocrx_word' id='word_1_143' title='bbox 331 973 504 998; x_wconf 75' lang='lat' dir='ltr'>TERTmM</span> <span class='ocrx_word' id='word_1_144' title='bbox 527 963 733 1005; x_wconf 87' lang='lat' dir='ltr'>dicendum,</span> <span class='ocrx_word' id='word_1_145' title='bbox 748 963 844 1009; x_wconf 91' lang='lat' dir='ltr'>quod</span> <span class='ocrx_word' id='word_1_146' title='bbox 867 963 1044 1010; x_wconf 64' lang='lat' dir='ltr'>dupliciter</span> <span class='ocrx_word' id='word_1_147' title='bbox 1063 963 1190 1009; x_wconf 88' lang='lat' dir='ltr'>aliquis</span> <span class='ocrx_word' id='word_1_148' title='bbox 1207 971 1327 1008; x_wconf 88' lang='lat' dir='ltr'>potest</span> <span class='ocrx_word' id='word_1_149' title='bbox 1345 974 1422 998; x_wconf 87' lang='lat' dir='ltr'>esse</span> <span class='ocrx_word' id='word_1_150' title='bbox 1435 963 1472 997; x_wconf 91' lang='lat' dir='ltr'>in</span> <span class='ocrx_word' id='word_1_151' title='bbox 1490 963 1656 998; x_wconf 86' lang='lat' dir='ltr'>saeculo:</span> <span class='ocrx_word' id='word_1_152' title='bbox 1672 976 1737 998; x_wconf 86' lang='lat' dir='ltr'>uno</span> 
     </span>
     <span class='ocr_line' id='line_1_16' title="bbox 180 1016 1736 1063; baseline 0.002 -14"><span class='ocrx_word' id='word_1_153' title='bbox 180 1016 274 1050; x_wconf 85' lang='lat' dir='ltr'>modo</span> <span class='ocrx_word' id='word_1_154' title='bbox 302 1027 365 1062; x_wconf 92' lang='lat' dir='ltr'>per</span> <span class='ocrx_word' id='word_1_155' title='bbox 391 1017 634 1062; x_wconf 87' lang='lat' dir='ltr'>praesentiam</span> <span class='ocrx_word' id='word_1_156' title='bbox 656 1017 903 1062; x_wconf 86' lang='lat' dir='ltr'>corporalem:</span> <span class='ocrx_word' id='word_1_157' title='bbox 932 1017 997 1051; x_wconf 79' lang='lat' dir='ltr'>alio</span> <span class='ocrx_word' id='word_1_158' title='bbox 1018 1017 1114 1051; x_wconf 83' lang='lat' dir='ltr'>modo</span> <span class='ocrx_word' id='word_1_159' title='bbox 1136 1028 1199 1063; x_wconf 91' lang='lat' dir='ltr'>per</span> <span class='ocrx_word' id='word_1_160' title='bbox 1221 1017 1349 1051; x_wconf 90' lang='lat' dir='ltr'>mentis</span> <span class='ocrx_word' id='word_1_161' title='bbox 1373 1016 1562 1059; x_wconf 85' lang='lat' dir='ltr'>affectum;</span> <span class='ocrx_word' id='word_1_162' title='bbox 1583 1018 1678 1052; x_wconf 90' lang='lat' dir='ltr'>unde</span> <span class='ocrx_word' id='word_1_163' title='bbox 1701 1026 1736 1052; x_wconf 92' lang='lat' dir='ltr'>et</span> 
     </span>
     <span class='ocr_line' id='line_1_17' title="bbox 181 1069 1738 1117; baseline 0.001 -14"><span class='ocrx_word' id='word_1_164' title='bbox 181 1069 363 1115; x_wconf 89' lang='lat' dir='ltr'>discipulis</span> <span class='ocrx_word' id='word_1_165' title='bbox 385 1069 459 1103; x_wconf 87' lang='lat' dir='ltr'>suis</span> <span class='ocrx_word' id='word_1_166' title='bbox 482 1069 664 1103; x_wconf 88' lang='lat' dir='ltr'>Dominus</span> <span class='ocrx_word' id='word_1_167' title='bbox 686 1070 771 1104; x_wconf 80' lang='lat' dir='ltr'>dixit</span> <span class='ocrx_word' id='word_1_168' title='bbox 793 1070 905 1114; x_wconf 81' lang='lat' dir='ltr'>(Joan.</span> <span class='ocrx_word' id='word_1_169' title='bbox 928 1071 1013 1115; x_wconf 83' lang='lat'><strong><em>15.).·</em></strong></span> <span class='ocrx_word' id='word_1_170' title='bbox 1036 1071 1106 1115; x_wconf 78' lang='lat' dir='ltr'>Ego</span> <span class='ocrx_word' id='word_1_171' title='bbox 1133 1071 1210 1115; x_wconf 66' lang='lat' dir='ltr'>elegi</span> <span class='ocrx_word' id='word_1_172' title='bbox 1230 1082 1288 1104; x_wconf 70' lang='lat' dir='ltr'>vos</span> <span class='ocrx_word' id='word_1_173' title='bbox 1309 1070 1345 1104; x_wconf 75' lang='lat' dir='ltr'>de</span> <span class='ocrx_word' id='word_1_174' title='bbox 1370 1070 1491 1104; x_wconf 81' lang='lat' dir='ltr'>mundo</span> <span class='ocrx_word' id='word_1_175' title='bbox 1501 1082 1515 1116; x_wconf 78' lang='lat'>,·</span> <span class='ocrx_word' id='word_1_176' title='bbox 1539 1071 1581 1105; x_wconf 92' lang='lat' dir='ltr'>de</span> <span class='ocrx_word' id='word_1_177' title='bbox 1609 1071 1738 1117; x_wconf 91' lang='lat' dir='ltr'>quibus</span> 
     </span>
     <span class='ocr_line' id='line_1_18' title="bbox 178 1122 1736 1169; baseline 0.001 -13"><span class='ocrx_word' id='word_1_178' title='bbox 178 1130 301 1156; x_wconf 87' lang='lat' dir='ltr'>tamen</span> <span class='ocrx_word' id='word_1_179' title='bbox 325 1123 367 1156; x_wconf 88' lang='lat' dir='ltr'>ad</span> <span class='ocrx_word' id='word_1_180' title='bbox 390 1123 537 1156; x_wconf 90' lang='lat' dir='ltr'>Patrem</span> <span class='ocrx_word' id='word_1_181' title='bbox 551 1122 710 1168; x_wconf 91' lang='lat' dir='ltr'>loquitur</span> <span class='ocrx_word' id='word_1_182' title='bbox 725 1123 848 1157; x_wconf 88' lang='lat' dir='ltr'>dicens</span> <span class='ocrx_word' id='word_1_183' title='bbox 863 1123 973 1167; x_wconf 80' lang='lat' dir='ltr'>(Joan.</span> <span class='ocrx_word' id='word_1_184' title='bbox 988 1125 1053 1169; x_wconf 80' lang='lat'><em>17.)</em></span> <span class='ocrx_word' id='word_1_185' title='bbox 1067 1136 1077 1157; x_wconf 91' lang='lat'><em>:</em></span> <span class='ocrx_word' id='word_1_186' title='bbox 1093 1123 1132 1157; x_wconf 85' lang='lat' dir='ltr'>In</span> <span class='ocrx_word' id='word_1_187' title='bbox 1153 1123 1273 1157; x_wconf 78' lang='lat' dir='ltr'>mundo</span> <span class='ocrx_word' id='word_1_188' title='bbox 1293 1128 1381 1165; x_wconf 81' lang='lat' dir='ltr'>sunt,</span> <span class='ocrx_word' id='word_1_189' title='bbox 1404 1129 1433 1158; x_wconf 80' lang='lat' dir='ltr'>et</span> <span class='ocrx_word' id='word_1_190' title='bbox 1453 1135 1507 1169; x_wconf 75' lang='lat' dir='ltr'>ego</span> <span class='ocrx_word' id='word_1_191' title='bbox 1522 1123 1565 1158; x_wconf 84' lang='lat' dir='ltr'>ad</span> <span class='ocrx_word' id='word_1_192' title='bbox 1586 1129 1614 1159; x_wconf 81' lang='lat' dir='ltr'>te</span> <span class='ocrx_word' id='word_1_193' title='bbox 1627 1126 1736 1164; x_wconf 57' lang='lat' dir='ltr'>venia·</span> 
     </span>
     <span class='ocr_line' id='line_1_19' title="bbox 182 1175 1741 1222; baseline 0.001 -13"><span class='ocrx_word' id='word_1_194' title='bbox 182 1175 346 1221; x_wconf 84' lang='lat' dir='ltr'>quamvis</span> <span class='ocrx_word' id='word_1_195' title='bbox 369 1187 458 1222; x_wconf 87' lang='lat' dir='ltr'>ergo</span> <span class='ocrx_word' id='word_1_196' title='bbox 481 1176 653 1222; x_wconf 86' lang='lat' dir='ltr'>religiosi,</span> <span class='ocrx_word' id='word_1_197' title='bbox 675 1176 736 1222; x_wconf 92' lang='lat' dir='ltr'>qui</span> <span class='ocrx_word' id='word_1_198' title='bbox 758 1176 853 1209; x_wconf 85' lang='lat' dir='ltr'>circa</span> <span class='ocrx_word' id='word_1_199' title='bbox 875 1187 984 1222; x_wconf 88' lang='lat' dir='ltr'>opera</span> <span class='ocrx_word' id='word_1_200' title='bbox 1005 1176 1099 1210; x_wconf 90' lang='lat' dir='ltr'>vitae</span> <span class='ocrx_word' id='word_1_201' title='bbox 1115 1176 1253 1210; x_wconf 86' lang='lat' dir='ltr'>activae</span> <span class='ocrx_word' id='word_1_202' title='bbox 1267 1184 1503 1222; x_wconf 86' lang='lat' dir='ltr'>occupantur,</span> <span class='ocrx_word' id='word_1_203' title='bbox 1525 1177 1596 1211; x_wconf 89' lang='lat' dir='ltr'>sint</span> <span class='ocrx_word' id='word_1_204' title='bbox 1610 1176 1648 1211; x_wconf 87' lang='lat' dir='ltr'>in</span> <span class='ocrx_word' id='word_1_205' title='bbox 1665 1188 1741 1211; x_wconf 89' lang='lat' dir='ltr'>sae-</span> 
     </span>
     <span class='ocr_line' id='line_1_20' title="bbox 180 1228 1738 1276; baseline 0.001 -14"><span class='ocrx_word' id='word_1_206' title='bbox 180 1228 262 1262; x_wconf 90' lang='lat' dir='ltr'>culo</span> <span class='ocrx_word' id='word_1_207' title='bbox 277 1229 480 1263; x_wconf 89' lang='lat' dir='ltr'>secundum</span> <span class='ocrx_word' id='word_1_208' title='bbox 494 1229 734 1275; x_wconf 82' lang='lat' dir='ltr'>praesentiam</span> <span class='ocrx_word' id='word_1_209' title='bbox 750 1229 997 1274; x_wconf 83' lang='lat' dir='ltr'>corporalem3</span> <span class='ocrx_word' id='word_1_210' title='bbox 1019 1240 1093 1263; x_wconf 90' lang='lat' dir='ltr'>non</span> <span class='ocrx_word' id='word_1_211' title='bbox 1115 1237 1236 1263; x_wconf 89' lang='lat' dir='ltr'>tamen</span> <span class='ocrx_word' id='word_1_212' title='bbox 1251 1237 1332 1264; x_wconf 88' lang='lat' dir='ltr'>sunt</span> <span class='ocrx_word' id='word_1_213' title='bbox 1346 1229 1382 1263; x_wconf 91' lang='lat' dir='ltr'>in</span> <span class='ocrx_word' id='word_1_214' title='bbox 1397 1229 1543 1264; x_wconf 85' lang='lat' dir='ltr'>saeculo</span> <span class='ocrx_word' id='word_1_215' title='bbox 1563 1238 1738 1276; x_wconf 90' lang='lat' dir='ltr'>quantum</span> 
     </span>
     <span class='ocr_line' id='line_1_21' title="bbox 180 1281 1737 1328; baseline 0.001 -13"><span class='ocrx_word' id='word_1_216' title='bbox 180 1282 223 1315; x_wconf 85' lang='lat' dir='ltr'>ad</span> <span class='ocrx_word' id='word_1_217' title='bbox 247 1282 378 1316; x_wconf 87' lang='lat' dir='ltr'>mentis</span> <span class='ocrx_word' id='word_1_218' title='bbox 401 1281 590 1324; x_wconf 85' lang='lat' dir='ltr'>affectum;</span> <span class='ocrx_word' id='word_1_219' title='bbox 614 1282 697 1327; x_wconf 87' lang='lat' dir='ltr'>quia</span> <span class='ocrx_word' id='word_1_220' title='bbox 718 1282 753 1315; x_wconf 88' lang='lat' dir='ltr'>in</span> <span class='ocrx_word' id='word_1_221' title='bbox 778 1282 1013 1315; x_wconf 79' lang='lat' dir='ltr'>exterioribus</span> <span class='ocrx_word' id='word_1_222' title='bbox 1041 1290 1274 1328; x_wconf 88' lang='lat' dir='ltr'>occupantur,</span> <span class='ocrx_word' id='word_1_223' title='bbox 1296 1294 1370 1316; x_wconf 91' lang='lat' dir='ltr'>non</span> <span class='ocrx_word' id='word_1_224' title='bbox 1397 1282 1498 1328; x_wconf 88' lang='lat' dir='ltr'>quasi</span> <span class='ocrx_word' id='word_1_225' title='bbox 1524 1291 1737 1328; x_wconf 89' lang='lat' dir='ltr'>quaerentes</span> 
     </span>
     <span class='ocr_line' id='line_1_22' title="bbox 181 1334 1737 1381; baseline 0.001 -13"><span class='ocrx_word' id='word_1_226' title='bbox 181 1334 313 1380; x_wconf 85' lang='lat' dir='ltr'>aliquid</span> <span class='ocrx_word' id='word_1_227' title='bbox 337 1335 373 1368; x_wconf 91' lang='lat' dir='ltr'>in</span> <span class='ocrx_word' id='word_1_228' title='bbox 397 1336 547 1376; x_wconf 87' lang='lat' dir='ltr'>mundo,</span> <span class='ocrx_word' id='word_1_229' title='bbox 569 1336 631 1369; x_wconf 89' lang='lat' dir='ltr'>sed</span> <span class='ocrx_word' id='word_1_230' title='bbox 654 1334 773 1368; x_wconf 91' lang='lat' dir='ltr'>solum</span> <span class='ocrx_word' id='word_1_231' title='bbox 796 1343 941 1379; x_wconf 86' lang='lat' dir='ltr'>propter</span> <span class='ocrx_word' id='word_1_232' title='bbox 963 1334 1124 1368; x_wconf 90' lang='lat' dir='ltr'>divinum</span> <span class='ocrx_word' id='word_1_233' title='bbox 1147 1335 1377 1381; x_wconf 88' lang='lat' dir='ltr'>obsequium:</span> <span class='ocrx_word' id='word_1_234' title='bbox 1407 1336 1553 1370; x_wconf 70' lang='lat' dir='ltr'>Utuntur</span> <span class='ocrx_word' id='word_1_235' title='bbox 1574 1336 1658 1369; x_wconf 73' lang='lat' dir='ltr'>enim</span> <span class='ocrx_word' id='word_1_236' title='bbox 1679 1336 1737 1370; x_wconf 75' lang='lat' dir='ltr'>hoc</span> 
     </span>
     <span class='ocr_line' id='line_1_23' title="bbox 179 1388 1738 1435; baseline 0.001 -14"><span class='ocrx_word' id='word_1_237' title='bbox 179 1388 316 1431; x_wconf 80' lang='lat' dir='ltr'>mundo,</span> <span class='ocrx_word' id='word_1_238' title='bbox 340 1394 511 1434; x_wconf 76' lang='lat' dir='ltr'>tamquam</span> <span class='ocrx_word' id='word_1_239' title='bbox 536 1401 602 1422; x_wconf 79' lang='lat' dir='ltr'>non</span> <span class='ocrx_word' id='word_1_240' title='bbox 636 1394 767 1428; x_wconf 58' lang='lat' dir='ltr'>utentes,</span> <span class='ocrx_word' id='word_1_241' title='bbox 795 1397 832 1422; x_wconf 91' lang='lat' dir='ltr'>ut</span> <span class='ocrx_word' id='word_1_242' title='bbox 858 1388 987 1421; x_wconf 91' lang='lat' dir='ltr'>dicitur</span> <span class='ocrx_word' id='word_1_243' title='bbox 1013 1399 1040 1422; x_wconf 89' lang='lat'>1.</span> <span class='ocrx_word' id='word_1_244' title='bbox 1069 1388 1111 1421; x_wconf 86' lang='lat' dir='ltr'>ad</span> <span class='ocrx_word' id='word_1_245' title='bbox 1144 1388 1228 1422; x_wconf 92' lang='lat' dir='ltr'>Cor.</span> <span class='ocrx_word' id='word_1_246' title='bbox 1258 1399 1307 1433; x_wconf 87' lang='lat'>7.;</span> <span class='ocrx_word' id='word_1_247' title='bbox 1329 1389 1424 1423; x_wconf 91' lang='lat' dir='ltr'>unde</span> <span class='ocrx_word' id='word_1_248' title='bbox 1441 1389 1567 1434; x_wconf 88' lang='lat' dir='ltr'>Jacobi</span> <span class='ocrx_word' id='word_1_249' title='bbox 1593 1399 1619 1423; x_wconf 92' lang='lat'>1.</span> <span class='ocrx_word' id='word_1_250' title='bbox 1642 1397 1738 1435; x_wconf 87' lang='lat' dir='ltr'>post—</span> 
     </span>
     <span class='ocr_line' id='line_1_24' title="bbox 181 1441 1738 1487; baseline 0.001 -13"><span class='ocrx_word' id='word_1_251' title='bbox 181 1453 291 1487; x_wconf 90' lang='lat' dir='ltr'>quam</span> <span class='ocrx_word' id='word_1_252' title='bbox 313 1442 451 1476; x_wconf 87' lang='lat' dir='ltr'>dictum</span> <span class='ocrx_word' id='word_1_253' title='bbox 473 1450 540 1476; x_wconf 87' lang='lat' dir='ltr'>est:</span> <span class='ocrx_word' id='word_1_254' title='bbox 564 1442 688 1487; x_wconf 66' lang='lat' dir='ltr'>Religio</span> <span class='ocrx_word' id='word_1_255' title='bbox 716 1441 852 1483; x_wconf 78' lang='lat' dir='ltr'>munda,</span> <span class='ocrx_word' id='word_1_256' title='bbox 876 1446 902 1475; x_wconf 62' lang='lat' dir='ltr'>ct</span> <span class='ocrx_word' id='word_1_257' title='bbox 925 1441 1141 1476; x_wconf 77' lang='lat' dir='ltr'>immaculata</span> <span class='ocrx_word' id='word_1_258' title='bbox 1160 1446 1202 1475; x_wconf 70' lang='lat' dir='ltr'>ast</span> <span class='ocrx_word' id='word_1_259' title='bbox 1226 1443 1362 1476; x_wconf 58' lang='lat' dir='ltr'>visitare</span> <span class='ocrx_word' id='word_1_260' title='bbox 1386 1442 1540 1487; x_wconf 68' lang='lat' dir='ltr'>Pupium,</span> <span class='ocrx_word' id='word_1_261' title='bbox 1567 1447 1595 1476; x_wconf 78' lang='grc' dir='ltr'>εἰ</span> <span class='ocrx_word' id='word_1_262' title='bbox 1619 1442 1738 1476; x_wconf 76' lang='lat' dir='ltr'>viduas</span> 
     </span>
     <span class='ocr_line' id='line_1_25' title="bbox 180 1494 1738 1540; baseline 0 -12"><span class='ocrx_word' id='word_1_263' title='bbox 180 1497 214 1528; x_wconf 71' lang='lat' dir='ltr'>in</span> <span class='ocrx_word' id='word_1_264' title='bbox 239 1495 474 1540; x_wconf 79' lang='lat' dir='ltr'>tribulatione;</span> <span class='ocrx_word' id='word_1_265' title='bbox 502 1495 683 1529; x_wconf 88' lang='lat' dir='ltr'>subditur:</span> <span class='ocrx_word' id='word_1_266' title='bbox 710 1495 754 1529; x_wconf 80' lang='lat' dir='ltr'>Et</span> <span class='ocrx_word' id='word_1_267' title='bbox 780 1495 1031 1529; x_wconf 68' lang='lat' dir='ltr'>immaculatum</span> <span class='ocrx_word' id='word_1_268' title='bbox 1057 1506 1087 1528; x_wconf 61' lang='lat'>50²</span> <span class='ocrx_word' id='word_1_269' title='bbox 1114 1494 1272 1529; x_wconf 63' lang='lat' dir='ltr'>custodire</span> <span class='ocrx_word' id='word_1_270' title='bbox 1298 1495 1338 1528; x_wconf 81' lang='lat' dir='ltr'>ab</span> <span class='ocrx_word' id='word_1_271' title='bbox 1365 1494 1423 1529; x_wconf 76' lang='lat' dir='ltr'>hoc</span> <span class='ocrx_word' id='word_1_272' title='bbox 1448 1494 1587 1536; x_wconf 75' lang='lat' dir='ltr'>saeczclo,</span> <span class='ocrx_word' id='word_1_273' title='bbox 1611 1502 1648 1528; x_wconf 92' lang='lat' dir='ltr'>ut</span> <span class='ocrx_word' id='word_1_274' title='bbox 1674 1495 1738 1529; x_wconf 89' lang='lat' dir='ltr'>sci-</span> 
     </span>
     <span class='ocr_line' id='line_1_26' title="bbox 179 1547 1104 1583; baseline -0.001 -1"><span class='ocrx_word' id='word_1_275' title='bbox 179 1548 264 1583; x_wconf 89' lang='lat' dir='ltr'>licet</span> <span class='ocrx_word' id='word_1_276' title='bbox 285 1547 435 1583; x_wconf 84' lang='lat' dir='ltr'>affectus</span> <span class='ocrx_word' id='word_1_277' title='bbox 457 1549 494 1582; x_wconf 91' lang='lat' dir='ltr'>in</span> <span class='ocrx_word' id='word_1_278' title='bbox 517 1548 622 1582; x_wconf 88' lang='lat' dir='ltr'>rebus</span> <span class='ocrx_word' id='word_1_279' title='bbox 644 1547 780 1582; x_wconf 90' lang='lat' dir='ltr'>saeculi</span> <span class='ocrx_word' id='word_1_280' title='bbox 801 1559 875 1582; x_wconf 90' lang='lat' dir='ltr'>non</span> <span class='ocrx_word' id='word_1_281' title='bbox 894 1547 1104 1581; x_wconf 89' lang='lat' dir='ltr'>detineatur.</span> 
     </span>
    </p>
   </div>
   <div class='ocr_carea' id='block_1_3' title="bbox 726 1664 1736 1723">
    <p class='ocr_par' dir='ltr' id='par_1_4' title="bbox 726 1664 1736 1723">
     <span class='ocr_line' id='line_1_27' title="bbox 726 1664 1736 1723; baseline 0.004 -16"><span class='ocrx_word' id='word_1_282' title='bbox 726 1664 1071 1709; x_wconf 87' lang='lat' dir='ltr'><strong>ARTICULUS</strong></span> <span class='ocrx_word' id='word_1_283' title='bbox 1105 1665 1184 1707; x_wconf 91' lang='grc' dir='ltr'>ΠΙ.</span> <span class='ocrx_word' id='word_1_284' title='bbox 1669 1686 1736 1723; x_wconf 90' lang='lat'>902</span> 
     </span>
    </p>
   </div>
   <div class='ocr_carea' id='block_1_4' title="bbox 276 1760 1637 1883">
    <p class='ocr_par' dir='ltr' id='par_1_5' title="bbox 276 1760 1637 1883">
     <span class='ocr_line' id='line_1_28' title="bbox 276 1760 1637 1797; baseline 0 -7"><span class='ocrx_word' id='word_1_285' title='bbox 276 1762 430 1791; x_wconf 84' lang='lat' dir='ltr'>UTRUM</span> <span class='ocrx_word' id='word_1_286' title='bbox 453 1761 618 1797; x_wconf 81' lang='lat' dir='ltr'><strong>ALIQUA</strong></span> <span class='ocrx_word' id='word_1_287' title='bbox 645 1761 820 1791; x_wconf 84' lang='lat' dir='ltr'><strong>RELIGIO</strong></span> <span class='ocrx_word' id='word_1_288' title='bbox 851 1761 1059 1791; x_wconf 78' lang='lat' dir='ltr'>ORDINARI</span> <span class='ocrx_word' id='word_1_289' title='bbox 1088 1760 1233 1790; x_wconf 84' lang='lat' dir='ltr'>POSSIT</span> <span class='ocrx_word' id='word_1_290' title='bbox 1256 1760 1313 1789; x_wconf 82' lang='lat' dir='ltr'>AD</span> <span class='ocrx_word' id='word_1_291' title='bbox 1342 1760 1637 1790; x_wconf 79' lang='lat' dir='ltr'>MILITANDUM.</span> 
     </span>
     <span class='ocr_line' id='line_1_29' title="bbox 714 1836 1195 1883; baseline -0.004 -12"><span class='ocrx_word' id='word_1_292' title='bbox 714 1837 818 1883; x_wconf 80' lang='lat' dir='ltr'>(Infr.</span> <span class='ocrx_word' id='word_1_293' title='bbox 841 1842 904 1871; x_wconf 78' lang='lat' dir='ltr'>art.</span> <span class='ocrx_word' id='word_1_294' title='bbox 927 1848 959 1881; x_wconf 80' lang='lat'>4.</span> <span class='ocrx_word' id='word_1_295' title='bbox 980 1836 1020 1870; x_wconf 83' lang='lat' dir='ltr'>ad</span> <span class='ocrx_word' id='word_1_296' title='bbox 1041 1848 1072 1871; x_wconf 87' lang='lat'>2.</span> <span class='ocrx_word' id='word_1_297' title='bbox 1090 1841 1121 1871; x_wconf 76' lang='lat' dir='ltr'>et</span> <span class='ocrx_word' id='word_1_298' title='bbox 1136 1836 1195 1882; x_wconf 82' lang='lat'><em>5.).</em></span> 
     </span>
    </p>
   </div>
   <div class='ocr_carea' id='block_1_5' title="bbox 176 1917 1736 2924">
    <p class='ocr_par' dir='ltr' id='par_1_6' title="bbox 177 1917 1736 2220">
     <span class='ocr_line' id='line_1_30' title="bbox 249 1917 1736 1965; baseline -0.002 -12"><span class='ocrx_word' id='word_1_299' title='bbox 249 1921 308 1954; x_wconf 79' lang='lat' dir='ltr'>AD</span> <span class='ocrx_word' id='word_1_300' title='bbox 337 1931 508 1955; x_wconf 76' lang='lat' dir='ltr'>TERTmM</span> <span class='ocrx_word' id='word_1_301' title='bbox 542 1920 592 1954; x_wconf 90' lang='lat' dir='ltr'>sic</span> <span class='ocrx_word' id='word_1_302' title='bbox 615 1920 831 1965; x_wconf 86' lang='lat' dir='ltr'>proceditur.</span> <span class='ocrx_word' id='word_1_303' title='bbox 857 1919 1019 1960; x_wconf 85' lang='lat' dir='ltr'>Videtur,</span> <span class='ocrx_word' id='word_1_304' title='bbox 1043 1919 1140 1965; x_wconf 92' lang='lat' dir='ltr'>quod</span> <span class='ocrx_word' id='word_1_305' title='bbox 1167 1918 1265 1952; x_wconf 88' lang='lat' dir='ltr'>nulla</span> <span class='ocrx_word' id='word_1_306' title='bbox 1292 1917 1421 1963; x_wconf 90' lang='lat' dir='ltr'>religio</span> <span class='ocrx_word' id='word_1_307' title='bbox 1444 1917 1602 1951; x_wconf 88' lang='lat' dir='ltr'>ordinari</span> <span class='ocrx_word' id='word_1_308' title='bbox 1623 1917 1736 1963; x_wconf 89' lang='lat' dir='ltr'>possit</span> 
     </span>
     <span class='ocr_line' id='line_1_31' title="bbox 177 1969 1734 2018; baseline -0.003 -11"><span class='ocrx_word' id='word_1_309' title='bbox 177 1973 221 2017; x_wconf 64' lang='lat' dir='ltr'>sd</span> <span class='ocrx_word' id='word_1_310' title='bbox 243 1973 488 2007; x_wconf 83' lang='lat' dir='ltr'>militandum:</span> <span class='ocrx_word' id='word_1_311' title='bbox 517 1974 638 2007; x_wconf 87' lang='lat' dir='ltr'>omnis</span> <span class='ocrx_word' id='word_1_312' title='bbox 661 1973 758 2007; x_wconf 89' lang='lat' dir='ltr'>enim</span> <span class='ocrx_word' id='word_1_313' title='bbox 780 1972 908 2018; x_wconf 87' lang='lat' dir='ltr'>religio</span> <span class='ocrx_word' id='word_1_314' title='bbox 931 1973 1084 2018; x_wconf 88' lang='lat' dir='ltr'>pertinet</span> <span class='ocrx_word' id='word_1_315' title='bbox 1105 1972 1148 2005; x_wconf 89' lang='lat' dir='ltr'>ad</span> <span class='ocrx_word' id='word_1_316' title='bbox 1175 1980 1307 2005; x_wconf 90' lang='lat' dir='ltr'>statum</span> <span class='ocrx_word' id='word_1_317' title='bbox 1330 1970 1578 2017; x_wconf 86' lang='lat' dir='ltr'>perfectionis:</span> <span class='ocrx_word' id='word_1_318' title='bbox 1601 1969 1663 2004; x_wconf 87' lang='lat' dir='ltr'>sed</span> <span class='ocrx_word' id='word_1_319' title='bbox 1692 1970 1734 2003; x_wconf 87' lang='lat' dir='ltr'>ad</span> 
     </span>
     <span class='ocr_line' id='line_1_32' title="bbox 178 2024 1734 2072; baseline -0.002 -12"><span class='ocrx_word' id='word_1_320' title='bbox 178 2026 438 2072; x_wconf 90' lang='lat' dir='ltr'>perfectionem</span> <span class='ocrx_word' id='word_1_321' title='bbox 460 2027 554 2061; x_wconf 88' lang='lat' dir='ltr'>vitae</span> <span class='ocrx_word' id='word_1_322' title='bbox 577 2027 792 2060; x_wconf 84' lang='lat' dir='ltr'>christianae</span> <span class='ocrx_word' id='word_1_323' title='bbox 814 2026 978 2072; x_wconf 85' lang='lat' dir='ltr'>pertinet,</span> <span class='ocrx_word' id='word_1_324' title='bbox 1001 2025 1097 2071; x_wconf 93' lang='lat' dir='ltr'>quod</span> <span class='ocrx_word' id='word_1_325' title='bbox 1119 2025 1300 2059; x_wconf 89' lang='lat' dir='ltr'>Dominus</span> <span class='ocrx_word' id='word_1_326' title='bbox 1323 2024 1419 2067; x_wconf 87' lang='lat' dir='ltr'>dicit,</span> <span class='ocrx_word' id='word_1_327' title='bbox 1441 2024 1568 2058; x_wconf 89' lang='lat' dir='ltr'>Matth.</span> <span class='ocrx_word' id='word_1_328' title='bbox 1594 2034 1643 2069; x_wconf 80' lang='lat'>5.:</span> <span class='ocrx_word' id='word_1_329' title='bbox 1665 2024 1734 2069; x_wconf 81' lang='lat' dir='ltr'>Ego</span> 
     </span>
     <span class='ocr_line' id='line_1_33' title="bbox 177 2077 1735 2125; baseline -0.001 -12"><span class='ocrx_word' id='word_1_330' title='bbox 177 2079 248 2114; x_wconf 76' lang='lat' dir='ltr'>dico</span> <span class='ocrx_word' id='word_1_331' title='bbox 274 2081 379 2122; x_wconf 74' lang='lat' dir='ltr'>vobis,</span> <span class='ocrx_word' id='word_1_332' title='bbox 398 2092 465 2114; x_wconf 80' lang='lat' dir='ltr'>non.</span> <span class='ocrx_word' id='word_1_333' title='bbox 486 2081 628 2114; x_wconf 62' lang='lat' dir='ltr'>resistere</span> <span class='ocrx_word' id='word_1_334' title='bbox 647 2077 756 2114; x_wconf 73' lang='lat' dir='ltr'>malo:</span> <span class='ocrx_word' id='word_1_335' title='bbox 778 2079 830 2113; x_wconf 76' lang='lat' dir='ltr'>sed</span> <span class='ocrx_word' id='word_1_336' title='bbox 849 2080 876 2113; x_wconf 75' lang='lat' dir='ltr'>si</span> <span class='ocrx_word' id='word_1_337' title='bbox 897 2080 967 2124; x_wconf 82' lang='lat' dir='ltr'>quis</span> <span class='ocrx_word' id='word_1_338' title='bbox 984 2080 1178 2125; x_wconf 61' lang='lat' dir='ltr'>percusserit</span> <span class='ocrx_word' id='word_1_339' title='bbox 1200 2083 1228 2113; x_wconf 70' lang='lat' dir='ltr'>te</span> <span class='ocrx_word' id='word_1_340' title='bbox 1250 2080 1283 2111; x_wconf 83' lang='lat' dir='ltr'>in</span> <span class='ocrx_word' id='word_1_341' title='bbox 1303 2089 1404 2112; x_wconf 82' lang='lat' dir='ltr'>unam</span> <span class='ocrx_word' id='word_1_342' title='bbox 1429 2077 1603 2111; x_wconf 83' lang='lat' dir='ltr'>maxillam</span> <span class='ocrx_word' id='word_1_343' title='bbox 1613 2077 1735 2124; x_wconf 74' lang='lat' dir='ltr'>praebe</span> 
     </span>
     <span class='ocr_line' id='line_1_34' title="bbox 177 2129 1735 2179; baseline -0.002 -12"><span class='ocrx_word' id='word_1_344' title='bbox 177 2134 205 2167; x_wconf 72' lang='lat' dir='ltr'>ci</span> <span class='ocrx_word' id='word_1_345' title='bbox 226 2138 253 2167; x_wconf 79' lang='lat' dir='ltr'>et</span> <span class='ocrx_word' id='word_1_346' title='bbox 274 2134 433 2168; x_wconf 67' lang='lat' dir='ltr'>alteram:</span> <span class='ocrx_word' id='word_1_347' title='bbox 457 2133 554 2179; x_wconf 91' lang='lat' dir='ltr'>quod</span> <span class='ocrx_word' id='word_1_348' title='bbox 576 2140 752 2178; x_wconf 87' lang='lat' dir='ltr'>repugnat</span> <span class='ocrx_word' id='word_1_349' title='bbox 773 2131 893 2166; x_wconf 87' lang='lat' dir='ltr'>officio</span> <span class='ocrx_word' id='word_1_350' title='bbox 914 2131 1077 2174; x_wconf 83' lang='lat' dir='ltr'>militari;</span> <span class='ocrx_word' id='word_1_351' title='bbox 1101 2142 1187 2177; x_wconf 87' lang='lat' dir='ltr'>ergo</span> <span class='ocrx_word' id='word_1_352' title='bbox 1207 2130 1306 2165; x_wconf 89' lang='lat' dir='ltr'>nulla</span> <span class='ocrx_word' id='word_1_353' title='bbox 1322 2130 1449 2176; x_wconf 87' lang='lat' dir='ltr'>religio</span> <span class='ocrx_word' id='word_1_354' title='bbox 1465 2138 1583 2176; x_wconf 90' lang='lat' dir='ltr'>potest</span> <span class='ocrx_word' id='word_1_355' title='bbox 1599 2129 1735 2164; x_wconf 90' lang='lat' dir='ltr'>institui</span> 
     </span>
     <span class='ocr_line' id='line_1_35' title="bbox 178 2185 483 2220; baseline 0 -1"><span class='ocrx_word' id='word_1_356' title='bbox 178 2185 221 2219; x_wconf 82' lang='lat' dir='ltr'>ad</span> <span class='ocrx_word' id='word_1_357' title='bbox 243 2185 483 2220; x_wconf 89' lang='lat' dir='ltr'>militandum.</span> 
     </span>
    </p>

    <p class='ocr_par' dir='ltr' id='par_1_7' title="bbox 176 2236 1735 2499">
     <span class='ocr_line' id='line_1_36' title="bbox 249 2236 1733 2284; baseline -0.002 -12"><span class='ocrx_word' id='word_1_358' title='bbox 249 2249 279 2272; x_wconf 83' lang='lat'>2.</span> <span class='ocrx_word' id='word_1_359' title='bbox 303 2239 540 2274; x_wconf 79' lang='lat' dir='ltr'>PRAETEREA.</span> <span class='ocrx_word' id='word_1_360' title='bbox 565 2238 720 2273; x_wconf 90' lang='lat' dir='ltr'>Gravior</span> <span class='ocrx_word' id='word_1_361' title='bbox 742 2246 795 2272; x_wconf 88' lang='lat' dir='ltr'>est</span> <span class='ocrx_word' id='word_1_362' title='bbox 816 2238 1077 2284; x_wconf 84' lang='lat' dir='ltr'>compugnatio</span> <span class='ocrx_word' id='word_1_363' title='bbox 1102 2237 1347 2283; x_wconf 86' lang='lat' dir='ltr'>corporalium</span> <span class='ocrx_word' id='word_1_364' title='bbox 1373 2236 1603 2283; x_wconf 89' lang='lat' dir='ltr'>praeliorum,</span> <span class='ocrx_word' id='word_1_365' title='bbox 1625 2246 1733 2282; x_wconf 90' lang='lat' dir='ltr'>quam</span> 
     </span>
     <span class='ocr_line' id='line_1_37' title="bbox 178 2289 1735 2337; baseline -0.002 -11"><span class='ocrx_word' id='word_1_366' title='bbox 178 2293 468 2327; x_wconf 84' lang='lat' dir='ltr'>concertationes</span> <span class='ocrx_word' id='word_1_367' title='bbox 493 2293 699 2334; x_wconf 90' lang='lat' dir='ltr'>verborum,</span> <span class='ocrx_word' id='word_1_368' title='bbox 726 2303 817 2337; x_wconf 88' lang='lat' dir='ltr'>quae</span> <span class='ocrx_word' id='word_1_369' title='bbox 839 2291 875 2324; x_wconf 91' lang='lat' dir='ltr'>in</span> <span class='ocrx_word' id='word_1_370' title='bbox 899 2291 1196 2325; x_wconf 85' lang='lat' dir='ltr'>advocationibus</span> <span class='ocrx_word' id='word_1_371' title='bbox 1219 2290 1326 2324; x_wconf 85' lang='lat' dir='ltr'>fiunt:</span> <span class='ocrx_word' id='word_1_372' title='bbox 1350 2290 1411 2325; x_wconf 88' lang='lat' dir='ltr'>sed</span> <span class='ocrx_word' id='word_1_373' title='bbox 1434 2289 1610 2336; x_wconf 85' lang='lat' dir='ltr'>religiosis</span> <span class='ocrx_word' id='word_1_374' title='bbox 1631 2290 1735 2324; x_wconf 88' lang='lat' dir='ltr'>inter-</span> 
     </span>
     <span class='ocr_line' id='line_1_38' title="bbox 177 2343 1734 2391; baseline -0.001 -12"><span class='ocrx_word' id='word_1_375' title='bbox 177 2346 305 2380; x_wconf 89' lang='lat' dir='ltr'>dicitur</span> <span class='ocrx_word' id='word_1_376' title='bbox 328 2345 448 2379; x_wconf 88' lang='lat' dir='ltr'>officio</span> <span class='ocrx_word' id='word_1_377' title='bbox 472 2345 721 2380; x_wconf 88' lang='lat' dir='ltr'>advocationis</span> <span class='ocrx_word' id='word_1_378' title='bbox 743 2344 804 2386; x_wconf 90' lang='lat' dir='ltr'>uti,</span> <span class='ocrx_word' id='word_1_379' title='bbox 832 2352 870 2378; x_wconf 89' lang='lat' dir='ltr'>ut</span> <span class='ocrx_word' id='word_1_380' title='bbox 895 2353 992 2391; x_wconf 89' lang='lat' dir='ltr'>patet</span> <span class='ocrx_word' id='word_1_381' title='bbox 1017 2345 1053 2378; x_wconf 87' lang='lat' dir='ltr'>in</span> <span class='ocrx_word' id='word_1_382' title='bbox 1083 2344 1267 2378; x_wconf 88' lang='lat' dir='ltr'>Decretali</span> <span class='ocrx_word' id='word_1_383' title='bbox 1299 2344 1342 2378; x_wconf 91' lang='lat' dir='ltr'>de</span> <span class='ocrx_word' id='word_1_384' title='bbox 1371 2343 1594 2378; x_wconf 90' lang='lat' dir='ltr'>Postulando</span> <span class='ocrx_word' id='word_1_385' title='bbox 1628 2354 1734 2389; x_wconf 88' lang='lat' dir='ltr'>supra</span> 
     </span>
     <span class='ocr_line' id='line_1_39' title="bbox 176 2395 1732 2445; baseline -0.001 -13"><span class='ocrx_word' id='word_1_386' title='bbox 176 2399 322 2433; x_wconf 84' lang='lat' dir='ltr'>inducta</span> <span class='ocrx_word' id='word_1_387' title='bbox 344 2400 424 2443; x_wconf 83' lang='lat' dir='ltr'>(art.</span> <span class='ocrx_word' id='word_1_388' title='bbox 443 2405 558 2445; x_wconf 77' lang='lat' dir='ltr'>praec.</span> <span class='ocrx_word' id='word_1_389' title='bbox 581 2410 650 2444; x_wconf 82' lang='lat' dir='ltr'>arg.</span> <span class='ocrx_word' id='word_1_390' title='bbox 673 2398 743 2443; x_wconf 85' lang='lat'><strong><em>2.);</em></strong></span> <span class='ocrx_word' id='word_1_391' title='bbox 769 2409 855 2444; x_wconf 86' lang='lat' dir='ltr'>ergo</span> <span class='ocrx_word' id='word_1_392' title='bbox 886 2397 1037 2440; x_wconf 87' lang='lat' dir='ltr'>videtur,</span> <span class='ocrx_word' id='word_1_393' title='bbox 1060 2397 1157 2443; x_wconf 87' lang='lat' dir='ltr'>quod</span> <span class='ocrx_word' id='word_1_394' title='bbox 1185 2397 1299 2431; x_wconf 90' lang='lat' dir='ltr'>multo</span> <span class='ocrx_word' id='word_1_395' title='bbox 1323 2397 1440 2431; x_wconf 88' lang='lat' dir='ltr'>minus</span> <span class='ocrx_word' id='word_1_396' title='bbox 1463 2396 1581 2442; x_wconf 88' lang='lat' dir='ltr'>aliqua</span> <span class='ocrx_word' id='word_1_397' title='bbox 1603 2395 1732 2442; x_wconf 89' lang='lat' dir='ltr'>religio</span> 
     </span>
     <span class='ocr_line' id='line_1_40' title="bbox 176 2451 770 2499; baseline -0.002 -13"><span class='ocrx_word' id='word_1_398' title='bbox 176 2453 290 2499; x_wconf 87' lang='lat' dir='ltr'>possit</span> <span class='ocrx_word' id='word_1_399' title='bbox 310 2452 446 2486; x_wconf 87' lang='lat' dir='ltr'>institui</span> <span class='ocrx_word' id='word_1_400' title='bbox 468 2453 511 2486; x_wconf 86' lang='lat' dir='ltr'>ad</span> <span class='ocrx_word' id='word_1_401' title='bbox 531 2451 770 2486; x_wconf 88' lang='lat' dir='ltr'>militandum.</span> 
     </span>
    </p>

    <p class='ocr_par' dir='ltr' id='par_1_8' title="bbox 176 2502 1733 2763">
     <span class='ocr_line' id='line_1_41' title="bbox 251 2502 1732 2551; baseline -0.003 -12"><span class='ocrx_word' id='word_1_402' title='bbox 251 2517 279 2551; x_wconf 80' lang='lat'>3.</span> <span class='ocrx_word' id='word_1_403' title='bbox 302 2506 538 2540; x_wconf 70' lang='lat' dir='ltr'>PRAETEREA.</span> <span class='ocrx_word' id='word_1_404' title='bbox 566 2505 686 2539; x_wconf 89' lang='lat' dir='ltr'>Status</span> <span class='ocrx_word' id='word_1_405' title='bbox 708 2504 894 2550; x_wconf 89' lang='lat' dir='ltr'>religionis</span> <span class='ocrx_word' id='word_1_406' title='bbox 916 2511 969 2537; x_wconf 86' lang='lat' dir='ltr'>est</span> <span class='ocrx_word' id='word_1_407' title='bbox 990 2511 1100 2537; x_wconf 89' lang='lat' dir='ltr'>status</span> <span class='ocrx_word' id='word_1_408' title='bbox 1123 2502 1376 2549; x_wconf 87' lang='lat' dir='ltr'>poenitentiae,</span> <span class='ocrx_word' id='word_1_409' title='bbox 1399 2511 1435 2536; x_wconf 91' lang='lat' dir='ltr'>ut</span> <span class='ocrx_word' id='word_1_410' title='bbox 1460 2513 1566 2547; x_wconf 91' lang='lat' dir='ltr'>supra</span> <span class='ocrx_word' id='word_1_411' title='bbox 1599 2502 1732 2536; x_wconf 89' lang='lat' dir='ltr'>dictum</span> 
     </span>
     <span class='ocr_line' id='line_1_42' title="bbox 177 2554 1731 2605; baseline -0.003 -12"><span class='ocrx_word' id='word_1_412' title='bbox 177 2568 230 2593; x_wconf 80' lang='lat' dir='ltr'>est</span> <span class='ocrx_word' id='word_1_413' title='bbox 252 2558 297 2604; x_wconf 83' lang='lat' dir='ltr'>(q.</span> <span class='ocrx_word' id='word_1_414' title='bbox 316 2566 430 2605; x_wconf 75' lang='lat' dir='ltr'>praec.</span> <span class='ocrx_word' id='word_1_415' title='bbox 453 2564 518 2593; x_wconf 75' lang='lat' dir='ltr'>art.</span> <span class='ocrx_word' id='word_1_416' title='bbox 549 2559 614 2603; x_wconf 81' lang='lat'><em>6.):</em></span> <span class='ocrx_word' id='word_1_417' title='bbox 639 2558 699 2592; x_wconf 90' lang='lat' dir='ltr'>sed</span> <span class='ocrx_word' id='word_1_418' title='bbox 721 2557 986 2604; x_wconf 79' lang='lat' dir='ltr'>poenitentibus</span> <span class='ocrx_word' id='word_1_419' title='bbox 1013 2556 1213 2590; x_wconf 84' lang='lat' dir='ltr'>secundum</span> <span class='ocrx_word' id='word_1_420' title='bbox 1231 2556 1315 2601; x_wconf 86' lang='lat' dir='ltr'>Jura</span> <span class='ocrx_word' id='word_1_421' title='bbox 1341 2555 1564 2590; x_wconf 90' lang='lat' dir='ltr'>interdicitur</span> <span class='ocrx_word' id='word_1_422' title='bbox 1589 2554 1731 2589; x_wconf 86' lang='lat' dir='ltr'>militia:</span> 
     </span>
     <span class='ocr_line' id='line_1_43' title="bbox 176 2608 1733 2656; baseline -0.002 -11"><span class='ocrx_word' id='word_1_423' title='bbox 176 2612 305 2646; x_wconf 88' lang='lat' dir='ltr'>dicitur</span> <span class='ocrx_word' id='word_1_424' title='bbox 327 2612 424 2646; x_wconf 86' lang='lat' dir='ltr'>enim</span> <span class='ocrx_word' id='word_1_425' title='bbox 447 2612 482 2645; x_wconf 92' lang='lat' dir='ltr'>in</span> <span class='ocrx_word' id='word_1_426' title='bbox 504 2612 649 2646; x_wconf 88' lang='lat' dir='ltr'>Decret.</span> <span class='ocrx_word' id='word_1_427' title='bbox 673 2611 716 2644; x_wconf 91' lang='lat' dir='ltr'>de</span> <span class='ocrx_word' id='word_1_428' title='bbox 739 2611 877 2644; x_wconf 89' lang='lat' dir='ltr'>Poenit.</span> <span class='ocrx_word' id='word_1_429' title='bbox 897 2610 987 2644; x_wconf 90' lang='lat' dir='ltr'>Dist.</span> <span class='ocrx_word' id='word_1_430' title='bbox 1007 2621 1034 2654; x_wconf 84' lang='lat'>5.</span> <span class='ocrx_word' id='word_1_431' title='bbox 1052 2610 1141 2656; x_wconf 80' lang='lat' dir='ltr'>(cap.</span> <span class='ocrx_word' id='word_1_432' title='bbox 1154 2610 1213 2655; x_wconf 81' lang='lat'><em>3.):</em></span> <span class='ocrx_word' id='word_1_433' title='bbox 1232 2608 1499 2643; x_wconf 88' lang='lat' dir='ltr'>«Contrarium</span> <span class='ocrx_word' id='word_1_434' title='bbox 1515 2608 1664 2642; x_wconf 88' lang='lat' dir='ltr'>omnino</span> <span class='ocrx_word' id='word_1_435' title='bbox 1681 2615 1733 2642; x_wconf 88' lang='lat' dir='ltr'>est</span> 
     </span>
     <span class='ocr_line' id='line_1_44' title="bbox 177 2661 1733 2710; baseline -0.003 -11"><span class='ocrx_word' id='word_1_436' title='bbox 177 2665 430 2699; x_wconf 84' lang='lat' dir='ltr'>ecclesiasticis</span> <span class='ocrx_word' id='word_1_437' title='bbox 458 2664 603 2710; x_wconf 88' lang='lat' dir='ltr'>regulis,</span> <span class='ocrx_word' id='word_1_438' title='bbox 631 2672 712 2710; x_wconf 88' lang='lat' dir='ltr'>post</span> <span class='ocrx_word' id='word_1_439' title='bbox 733 2663 974 2709; x_wconf 86' lang='lat' dir='ltr'>poenitentiae</span> <span class='ocrx_word' id='word_1_440' title='bbox 997 2664 1178 2696; x_wconf 88' lang='lat' dir='ltr'>actionem</span> <span class='ocrx_word' id='word_1_441' title='bbox 1201 2662 1315 2696; x_wconf 81' lang='lat' dir='ltr'>redire</span> <span class='ocrx_word' id='word_1_442' title='bbox 1343 2662 1385 2695; x_wconf 86' lang='lat' dir='ltr'>ad</span> <span class='ocrx_word' id='word_1_443' title='bbox 1414 2661 1579 2695; x_wconf 88' lang='lat' dir='ltr'>militiam</span> <span class='ocrx_word' id='word_1_444' title='bbox 1613 2672 1733 2695; x_wconf 89' lang='lat' dir='ltr'>saecu-</span> 
     </span>
     <span class='ocr_line' id='line_1_45' title="bbox 177 2714 1532 2763; baseline -0.002 -12"><span class='ocrx_word' id='word_1_445' title='bbox 177 2717 290 2752; x_wconf 83' lang='lat' dir='ltr'>larem</span> <span class='ocrx_word' id='word_1_446' title='bbox 310 2731 342 2760; x_wconf 80' lang='lat'>»3</span> <span class='ocrx_word' id='word_1_447' title='bbox 366 2730 453 2763; x_wconf 86' lang='lat' dir='ltr'>ergo</span> <span class='ocrx_word' id='word_1_448' title='bbox 472 2717 571 2751; x_wconf 83' lang='lat' dir='ltr'>nulla</span> <span class='ocrx_word' id='word_1_449' title='bbox 593 2717 719 2763; x_wconf 84' lang='lat' dir='ltr'>religio</span> <span class='ocrx_word' id='word_1_450' title='bbox 748 2728 907 2762; x_wconf 86' lang='lat' dir='ltr'>congrue</span> <span class='ocrx_word' id='word_1_451' title='bbox 930 2715 1064 2750; x_wconf 87' lang='lat' dir='ltr'>institui</span> <span class='ocrx_word' id='word_1_452' title='bbox 1087 2723 1205 2761; x_wconf 89' lang='lat' dir='ltr'>potest</span> <span class='ocrx_word' id='word_1_453' title='bbox 1227 2715 1270 2748; x_wconf 90' lang='lat' dir='ltr'>ad</span> <span class='ocrx_word' id='word_1_454' title='bbox 1294 2714 1532 2748; x_wconf 89' lang='lat' dir='ltr'>militandum.</span> 
     </span>
    </p>

    <p class='ocr_par' dir='ltr' id='par_1_9' title="bbox 176 2767 1732 2924">
     <span class='ocr_line' id='line_1_46' title="bbox 248 2767 1732 2816; baseline -0.003 -10"><span class='ocrx_word' id='word_1_455' title='bbox 248 2782 280 2814; x_wconf 74' lang='lat'>4.</span> <span class='ocrx_word' id='word_1_456' title='bbox 302 2772 539 2806; x_wconf 72' lang='lat' dir='ltr'>PRAETEREA.</span> <span class='ocrx_word' id='word_1_457' title='bbox 556 2770 665 2805; x_wconf 88' lang='lat' dir='ltr'>Nulla</span> <span class='ocrx_word' id='word_1_458' title='bbox 687 2770 828 2816; x_wconf 89' lang='lat' dir='ltr'>Religio</span> <span class='ocrx_word' id='word_1_459' title='bbox 843 2770 979 2804; x_wconf 89' lang='lat' dir='ltr'>institui</span> <span class='ocrx_word' id='word_1_460' title='bbox 993 2777 1110 2815; x_wconf 86' lang='lat' dir='ltr'>potest</span> <span class='ocrx_word' id='word_1_461' title='bbox 1124 2769 1167 2802; x_wconf 86' lang='lat' dir='ltr'>ad</span> <span class='ocrx_word' id='word_1_462' title='bbox 1183 2769 1317 2815; x_wconf 89' lang='lat' dir='ltr'>aliquid</span> <span class='ocrx_word' id='word_1_463' title='bbox 1338 2769 1529 2814; x_wconf 85' lang='lat' dir='ltr'>injustum:</span> <span class='ocrx_word' id='word_1_464' title='bbox 1548 2767 1622 2810; x_wconf 88' lang='lat' dir='ltr'>sed,</span> <span class='ocrx_word' id='word_1_465' title='bbox 1641 2768 1732 2802; x_wconf 90' lang='lat' dir='ltr'>sicut</span> 
     </span>
     <span class='ocr_line' id='line_1_47' title="bbox 176 2820 1729 2870; baseline -0.003 -11"><span class='ocrx_word' id='word_1_466' title='bbox 176 2826 333 2859; x_wconf 86' lang='lat' dir='ltr'>Isidorus</span> <span class='ocrx_word' id='word_1_467' title='bbox 355 2825 442 2859; x_wconf 89' lang='lat' dir='ltr'>dicit</span> <span class='ocrx_word' id='word_1_468' title='bbox 463 2825 498 2858; x_wconf 91' lang='lat' dir='ltr'>in</span> <span class='ocrx_word' id='word_1_469' title='bbox 521 2824 579 2859; x_wconf 88' lang='lat' dir='ltr'>lib.</span> <span class='ocrx_word' id='word_1_470' title='bbox 604 2824 654 2858; x_wconf 89' lang='lat'>18.</span> <span class='ocrx_word' id='word_1_471' title='bbox 671 2823 827 2870; x_wconf 80' lang='lat' dir='ltr'>Etymol.</span> <span class='ocrx_word' id='word_1_472' title='bbox 846 2824 933 2868; x_wconf 67' lang='lat' dir='ltr'>(cup.</span> <span class='ocrx_word' id='word_1_473' title='bbox 952 2824 1010 2867; x_wconf 71' lang='lat' dir='ltr'>L),</span> <span class='ocrx_word' id='word_1_474' title='bbox 1037 2824 1202 2868; x_wconf 88' lang='lat' dir='ltr'>«justum</span> <span class='ocrx_word' id='word_1_475' title='bbox 1217 2821 1352 2856; x_wconf 91' lang='lat' dir='ltr'>bellum</span> <span class='ocrx_word' id='word_1_476' title='bbox 1366 2830 1429 2863; x_wconf 86' lang='lat' dir='ltr'>est,</span> <span class='ocrx_word' id='word_1_477' title='bbox 1446 2821 1541 2867; x_wconf 89' lang='lat' dir='ltr'>quod</span> <span class='ocrx_word' id='word_1_478' title='bbox 1556 2832 1599 2855; x_wconf 81' lang='lat' dir='ltr'>ex</span> <span class='ocrx_word' id='word_1_479' title='bbox 1613 2820 1729 2855; x_wconf 87' lang='lat' dir='ltr'>edicto</span> 
     </span>
     <span class='ocr_line' id='line_1_48' title="bbox 176 2873 1730 2924; baseline -0.004 -13"><span class='ocrx_word' id='word_1_480' title='bbox 176 2878 353 2924; x_wconf 83' lang='lat' dir='ltr'>imperiali</span> <span class='ocrx_word' id='word_1_481' title='bbox 375 2880 510 2924; x_wconf 89' lang='lat' dir='ltr'>geritur</span> <span class='ocrx_word' id='word_1_482' title='bbox 526 2891 558 2919; x_wconf 79' lang='lat'>»3</span> <span class='ocrx_word' id='word_1_483' title='bbox 590 2889 672 2911; x_wconf 87' lang='lat' dir='ltr'>cum</span> <span class='ocrx_word' id='word_1_484' title='bbox 704 2888 790 2923; x_wconf 85' lang='lat' dir='ltr'>ergo</span> <span class='ocrx_word' id='word_1_485' title='bbox 818 2876 977 2922; x_wconf 81' lang='lat' dir='ltr'>religiosi</span> <span class='ocrx_word' id='word_1_486' title='bbox 1000 2876 1069 2910; x_wconf 89' lang='lat' dir='ltr'>sint</span> <span class='ocrx_word' id='word_1_487' title='bbox 1090 2876 1267 2922; x_wconf 80' lang='lat' dir='ltr'>quaedam</span> <span class='ocrx_word' id='word_1_488' title='bbox 1290 2875 1448 2921; x_wconf 73' lang='lat' dir='ltr'>privatae</span> <span class='ocrx_word' id='word_1_489' title='bbox 1476 2884 1661 2920; x_wconf 88' lang='lat' dir='ltr'>personae,</span> <span class='ocrx_word' id='word_1_490' title='bbox 1684 2873 1730 2905; x_wconf 90' lang='lat' dir='ltr'>vi-</span> 
     </span>
    </p>
   </div>
  </div>
 </body>
</html>
