1859 3122
186 179 294 222 1132
569 178 790 214 QUAESTIO
825 178 999 208 CLXXIV.
1031 178 1276 209 ARTICULUS
1308 179 1368 208 111.

174 261 345 305 jumentis,
367 264 397 294 et
415 259 619 301 volucribus,
641 264 670 293 et
686 259 867 305 reptilibus,
886 263 915 294 et
930 259 1089 306 piscibus;
1110 266 1144 294 et
1162 259 1234 293 hoc
1255 267 1374 294 totum
1394 259 1460 295 fuit
1481 271 1523 294 ex
1543 261 1666 295 divina
1687 261 1738 295 in-

179 312 386 358 spiratione,
411 323 498 345 nam
524 312 779 357 praemittitur:
806 311 908 346 Dedit
934 313 1026 347 Deus
1048 313 1246 359 sapientiam
1272 313 1453 356 Salomoni,
1474 319 1505 349 et
1519 313 1738 360 prudentiam

180 366 319 400 multam
342 367 451 400 nimis.
479 365 527 398 Hi
553 373 675 399 tamen
696 365 759 399 duo
781 365 913 411 gradus
935 374 1018 400 sunt
1042 365 1133 400 infra
1160 366 1388 412 prophetiam
1414 367 1557 413 proprie
1583 367 1738 412 dictam3

180 419 262 465 quia
287 430 363 452 non
389 418 568 464 attingunt
595 419 638 452 ad
663 418 975 465 supernaturalem
1000 420 1209 454 veritatem:
1236 419 1298 453 illa
1325 428 1447 454 autem
1473 421 1676 467 prophetia,
1701 422 1739 456 in

180 484 249 518 qua
271 471 519 506 manifestatur
541 472 820 517 supernaturalis
841 472 972 506 veritas
993 484 1057 518 per
1077 473 1332 519 imaginariam
1357 474 1549 516 visionem,
1571 474 1740 509 diversifi-

180 533 279 560 catur
293 527 407 572 primo
434 525 633 559 secundum
661 524 903 560 differentiam
924 526 1070 568 somnii,
1092 526 1189 572 quod
1211 526 1250 560 fit
1274 526 1310 560 in
1333 526 1559 570 dormiendo,
1581 535 1614 562 et
1634 528 1740 563 visio-

179 580 245 620 nis,
265 590 356 624 quae
376 578 415 612 fit
432 578 469 612 in
486 578 684 623 vigilando,
706 589 797 624 quae
820 579 974 625 pertinet
988 579 1031 613 ad
1047 579 1214 613 altiorem
1235 580 1386 626 gradum
1409 581 1639 627 prophetiae:
1656 581 1739 628 quia

180 633 297 677 major
317 632 370 666 vis
391 632 593 678 prophetici
607 631 753 666 luminis
775 643 852 666 esse
874 633 1024 674 videtur,
1039 644 1130 679 quae
1146 633 1303 679 aliquem
1322 641 1540 680 occupatum
1555 635 1650 669 circa
1663 646 1741 669 sen-

179 685 293 719 sibilia
314 685 350 718 in
371 685 557 730 vigilando
580 685 754 719 abstrahit
776 685 819 719 ad
841 685 1136 732 supernaturalia,
1163 698 1273 732 quam
1294 686 1355 720 illa
1377 698 1469 732 quae
1491 687 1652 721 animam
1676 688 1742 722 ho-

179 739 285 772 minis
308 739 525 772 abstractam
549 750 566 772 a
589 738 815 772 sensibilibus
833 739 970 773 invenit
987 739 1023 772 in
1043 739 1276 774 dormiendo:
1299 740 1435 775 secundo
1456 748 1577 774 autem
1595 741 1740 780 diversi-

178 792 330 825 ficantur
343 791 474 837 gradus
485 791 695 837 prophetiae
707 800 881 838 quantum
893 792 935 825 ad
947 793 1218 838 expressionem
1230 793 1418 838 signorum
1436 793 1737 839 imaginabilium,

179 844 304 889 quibus
326 844 456 878 veritas
477 844 712 889 intelligibilis
735 845 954 890 exprimitur.
977 845 1021 879 Et
1043 845 1126 891 quia
1148 845 1250 891 signa
1272 846 1429 880 maxime
1451 857 1617 892 expressa
1638 846 1740 881 intel-

178 897 322 942 ligibilis
347 897 507 931 veritatis
533 905 616 931 sunt
636 900 756 939 verba,
783 898 866 932 ideo
894 898 1000 932 altior
1026 899 1157 944 gradus
1183 899 1394 944 prophetiae
1421 899 1572 942 videtur,
1595 900 1738 946 quando

177 951 359 996 Propheta
381 951 479 984 audit
498 951 607 985 verba
630 951 865 995 exprimentia
887 951 1153 998 intelligibilem
1175 952 1374 994 veritatem,
1389 953 1464 987 sive
1485 953 1522 986 in
1542 953 1740 999 vigilando,

178 1004 252 1038 sive
274 1005 308 1038 in
336 1004 562 1046 dormiendo,
590 1016 700 1050 quam
727 1005 871 1050 quando
898 1005 995 1039 videt
1021 1005 1159 1051 aliquas
1190 1017 1246 1039 res
1276 1006 1533 1052 significativas
1562 1007 1740 1042 veritatis:

178 1058 270 1091 sicut
302 1066 441 1104 septem
474 1058 593 1104 spicae
619 1057 747 1104 plenae
782 1058 987 1104 significant
1013 1067 1152 1105 septem
1180 1070 1294 1093 annos
1321 1059 1490 1094 ubertatis
1518 1060 1618 1104 (Gen.
1651 1061 1738 1106 41),

178 1111 213 1144 in
236 1111 363 1157 quibus
378 1111 487 1145 etiam
502 1111 613 1157 signis
631 1119 732 1146 tanto
754 1112 894 1146 videtur
914 1112 1106 1158 prophetia
1128 1123 1205 1146 esse
1232 1112 1348 1154 altior,
1370 1120 1505 1158 quanto
1532 1113 1634 1159 signa
1659 1120 1741 1147 sunt

179 1164 294 1210 magis
318 1175 498 1210 expressa:
521 1165 613 1199 sicut
634 1165 779 1210 quando
797 1165 971 1210 Jeremias
987 1165 1075 1199 vidit
1089 1165 1299 1199 incendium
1322 1166 1475 1200 civitatis
1496 1166 1560 1200 sub
1581 1166 1742 1201 similitu-

178 1218 260 1252 dine
288 1217 382 1252 ollae
409 1229 615 1258 succensae,
643 1219 733 1252 sicut
759 1218 888 1252 dicitur
909 1218 1040 1264 Jerem.
1067 1230 1115 1252 1.:
1138 1220 1233 1253 tertio
1261 1227 1380 1253 autem
1409 1220 1608 1254 ostenditur
1635 1219 1741 1254 altior

180 1282 258 1305 esse
279 1272 410 1316 gradus
432 1271 655 1317 prophetiae,
678 1271 822 1317 quando
850 1272 1033 1317 Propheta
1053 1283 1127 1305 non
1149 1271 1270 1305 solum
1290 1272 1388 1306 videt
1409 1272 1512 1317 signa
1533 1273 1740 1315 verborum,

178 1324 237 1358 vel
257 1323 449 1365 factorum,
468 1324 530 1358 sed
553 1324 662 1358 etiam
676 1324 772 1358 videt
790 1324 846 1358 vel
865 1325 901 1358 in
920 1324 1116 1370 vigilando,
1138 1324 1196 1358 vel
1216 1325 1253 1358 in
1274 1325 1488 1359 dormiendo
1505 1325 1662 1372 aliquem
1675 1326 1742 1360 sibi

180 1377 463 1423 colloquentem,
478 1385 538 1411 aut
551 1377 683 1423 aliquid
699 1378 1029 1412 demonstrantem:
1045 1378 1127 1423 quia
1142 1389 1205 1423 per
1218 1378 1289 1412 hoc
1305 1379 1516 1420 ostenditur,
1526 1380 1623 1425 quod
1638 1391 1740 1414 mens

180 1431 384 1476 Prophetae
406 1431 522 1476 magis
545 1431 807 1476 appropinquat
831 1431 874 1464 ad
897 1442 1044 1464 causam
1062 1430 1302 1466 revelantem:
1331 1437 1448 1477 quarto
1475 1440 1597 1466 autem
1622 1440 1742 1478 potest

179 1483 314 1517 attendi
333 1483 483 1517 altitudo
499 1484 629 1529 gradus
644 1483 865 1529 prophetalis
885 1495 927 1518 ex
949 1484 1158 1518 conditione
1178 1485 1253 1529 ejus
1272 1484 1332 1530 qui
1346 1485 1504 1519 videtur:
1526 1497 1613 1519 nam
1635 1485 1740 1521 altior

177 1537 306 1581 gradus
329 1537 538 1583 prophetiae
562 1545 626 1578 est,
648 1538 677 1571 si
698 1537 758 1570 ille
780 1538 840 1582 qui
866 1537 1036 1583 loquitur,
1063 1537 1122 1572 vel
1148 1538 1382 1579 demonstrat,
1404 1538 1566 1572 videatur
1591 1539 1627 1572 in
1653 1539 1742 1585 vigi-

178 1590 297 1632 lando,
320 1590 377 1624 vel
398 1590 434 1624 in
457 1590 671 1624 dormiendo
695 1591 729 1623 in
751 1591 871 1636 specie
890 1590 1034 1636 Angeli,
1057 1602 1166 1636 quam
1189 1591 1218 1625 si
1238 1591 1402 1625 videatur
1422 1592 1458 1625 in
1480 1594 1600 1637 specie
1621 1593 1739 1627 homi-

176 1645 248 1677 nis:
266 1651 300 1677 et
319 1643 435 1677 adhuc
459 1643 575 1685 altior,
598 1644 626 1677 si
647 1643 809 1677 videatur
831 1644 867 1677 in
885 1644 1111 1686 dormiendo,
1133 1644 1191 1678 vel
1208 1645 1243 1678 in
1257 1644 1442 1690 vigilando
1464 1645 1500 1679 in
1521 1646 1640 1691 specie
1655 1646 1736 1688 Dei,

175 1697 375 1730 secundum
396 1696 486 1730 illud
507 1697 620 1730 lsaiae
643 1696 674 1730 6.
692 1709 698 1730 :
729 1697 803 1730 Vidi
829 1698 1016 1731 Dominum
1041 1697 1209 1732 sedent-sm.
1238 1697 1354 1743 Super
1376 1709 1503 1733 omnes
1525 1706 1646 1733 autem
1667 1699 1735 1734 hos

175 1751 307 1795 gradus
330 1758 382 1784 est
403 1752 534 1784 tertiam
558 1761 670 1795 genus
697 1750 919 1796 prophetiae,
943 1751 978 1784 in
1001 1762 1072 1796 quo
1094 1750 1328 1797 intelligibilis
1351 1752 1492 1793 veritas,
1516 1760 1550 1786 et
1570 1763 1738 1798 superna-

175 1803 309 1845 turalis,
332 1804 466 1849 absque
493 1803 707 1848 imaginaria
734 1804 873 1837 visione
897 1804 1114 1838 ostenditur:
1139 1815 1229 1849 quae
1252 1813 1374 1838 tamen
1397 1805 1536 1839 excedit
1557 1806 1736 1840 rationem

176 1857 387 1902 prophetiae
414 1857 557 1902 proprie
585 1857 712 1898 dictae,
739 1865 777 1890 ut
803 1856 940 1890 dictum
967 1865 1019 1890 est
1047 1857 1127 1900 (art.
1149 1864 1263 1903 praec.
1291 1857 1332 1892 ad
1355 1859 1423 1903 3.);
1452 1866 1486 1892 et
1510 1858 1593 1892 ideo
1616 1870 1740 1893 conse-

175 1921 287 1955 quens
311 1918 374 1952 est,
402 1910 499 1956 quod
526 1910 656 1955 gradus
690 1910 902 1956 prophetiae
932 1911 1076 1956 proprie
1103 1910 1219 1944 dictae
1250 1911 1513 1957 distinguantur
1538 1912 1738 1946 secundum

175 1963 429 2009 imaginariam
455 1963 646 1996 visionem.

243 2016 302 2049 AD
324 2026 473 2050 PRIMUM
492 2027 580 2061 ergo
595 2015 801 2057 dicendum,
815 2016 912 2062 quod
935 2016 1102 2050 discretio
1118 2016 1264 2051 luminis
1278 2017 1514 2063 intelligibilis
1525 2029 1600 2052 non
1616 2027 1734 2064 potest

175 2080 195 2103 a
216 2069 319 2103 nobis
343 2069 528 2115 cognosci,
550 2069 617 2103 nisi
633 2070 832 2103 secundum
855 2070 950 2115 quod
969 2070 1148 2116 judicatur
1166 2081 1229 2116 per
1243 2070 1362 2117 aliqua
1383 2071 1486 2116 signa
1507 2071 1733 2118 imaginaria,

173 2122 233 2157 vel
254 2122 448 2165 sensibilia3
473 2131 507 2156 et
529 2122 610 2156 ideo
634 2134 676 2156 ex
699 2123 902 2156 diversitate
925 2123 1208 2168 imaginatorum
1229 2124 1460 2170 perpenditur
1481 2125 1666 2159 diversitas
1684 2125 1734 2159 in-

173 2175 387 2210 tellectualis
409 2175 568 2209 luminis.

244 2230 304 2263 AD
331 2239 537 2264 SECUNDUM
565 2229 770 2270 dicendum,
800 2230 907 2275 quod,
930 2229 1022 2264 sicut
1051 2241 1156 2276 supra
1178 2230 1315 2264 dictum
1345 2238 1397 2265 est
1419 2230 1464 2277 (q.
1490 2241 1564 2277 171.
1586 2236 1650 2266 art.
1671 2232 1736 2276 2.),

173 2283 362 2329 prophetia
384 2294 458 2316 non
488 2290 540 2316 est
561 2293 623 2327 per
650 2283 802 2316 modum
824 2283 966 2317 habitus
988 2283 1233 2325 immanentis,
1254 2284 1317 2317 sed
1343 2284 1459 2330 magis
1489 2296 1552 2329 per
1585 2285 1737 2324 modum

174 2336 349 2381 passionis
361 2337 576 2370 transeuntis
588 2348 595 2378 ;
607 2336 700 2369 unde
711 2347 784 2369 non
801 2344 852 2370 est
867 2337 1138 2378 inconveniens,
1159 2337 1255 2382 quod
1270 2337 1331 2370 uni
1346 2345 1379 2371 et
1395 2338 1512 2372 eidem
1531 2337 1736 2384 Prophetae

175 2389 235 2423 fiat
257 2389 428 2423 revelatio
450 2389 662 2435 prophetica
684 2389 832 2422 diversis
854 2390 990 2423 vicibus
1012 2391 1212 2424 secundum
1235 2390 1393 2424 diversos
1417 2391 1558 2436 gradus.

244 2443 304 2476 AD
320 2453 491 2477 TERT1UM
509 2442 714 2484 dicendum,
734 2442 829 2487 quod
854 2443 958 2484 dicta,
981 2451 1015 2476 et
1033 2443 1138 2484 facta,
1161 2443 1204 2477 de
1223 2443 1350 2488 quibus
1368 2444 1416 2478 ibi
1438 2443 1476 2477 fit
1499 2444 1648 2486 mentio,
1662 2455 1737 2477 non

174 2496 350 2541 pertinent
373 2497 416 2530 ad
439 2495 699 2530 revelationem
720 2495 943 2541 prophetiae,
959 2497 1019 2530 sed
1041 2498 1083 2530 ad
1099 2497 1422 2538 denuntiationem,
1444 2508 1535 2542 quae
1556 2497 1594 2531 fit
1615 2508 1738 2532 secun-

174 2549 260 2582 dum
282 2549 556 2595 dispositionem
577 2560 716 2590 eorum,
735 2549 862 2594 quibus
882 2549 1109 2583 denuntiatur
1128 2550 1174 2591 id,
1193 2550 1290 2595 quod
1310 2550 1513 2595 Prophetae
1535 2549 1735 2584 revelatum

174 2611 243 2636 est:
267 2611 300 2636 et
320 2603 392 2636 hoc
408 2602 445 2636 fit
469 2602 684 2648 quandoque
708 2613 769 2647 per
787 2602 892 2642 dicta,
912 2602 1129 2648 quandoque
1144 2613 1206 2648 per
1220 2602 1332 2636 facta:
1358 2603 1580 2637 denuntiatio
1601 2611 1734 2644 autem,

175 2664 207 2688 ct
229 2656 391 2700 operatio
422 2655 681 2689 miraculorum
710 2663 970 2700 consequenter
1002 2667 1038 2689 se
1061 2656 1195 2690 habent
1229 2656 1271 2689 ad
1294 2656 1533 2702 prophetiam,
1566 2664 1604 2690 ut
1629 2667 1736 2702 supra

174 2709 308 2742 dictum
331 2718 383 2744 est
406 2710 450 2755 (q.
470 2721 536 2755 171.
557 2714 623 2744 art.
652 2709 709 2753 1.).
