1859 3122
465 175 685 210 QUAESTIO
721 175 868 204 CLXIII.
904 174 1146 204 AR'I'ICULUS
1181 174 1235 202 IV.
1541 171 1645 213 1071

164 266 191 301 3.
212 255 447 289 ΡΗΑΕΤΕΗΕΑ.
465 256 659 289 Peccatum
683 256 717 289 in
741 256 913 301 Spiritum
940 256 1112 288 Sanctum
1135 255 1274 288 videtur
1288 265 1365 287 csse
1385 253 1650 296 gravissumum

90 309 151 342 sed
174 309 292 342 Adanu
316 309 350 341 in
376 309 548 354 Spiritum
573 310 747 343 Sanctum
769 310 908 343 videtur
932 320 1120 354 peccasse,
1143 308 1225 353 quia
1248 307 1411 353 peccavit
1429 306 1593 349 cogitans
1609 306 1651 338 de

90 362 209 395 divina
232 362 497 395 misericordia:
519 363 613 408 quod
631 363 782 407 pertinet
801 363 842 396 ad
859 370 1048 407 peccatum
1064 361 1384 407 praesumptionis3
1401 371 1486 404 ergo
1502 359 1652 396 videtur,

90 416 187 461 quod
210 415 330 448 Adam
353 416 495 460 gravius
518 416 693 461 peccavit,
715 427 823 461 quam
846 416 932 449 Eva.

161 468 235 502 SED
263 479 417 502 CONTRA
442 478 505 510 est,
527 470 623 515 quod
651 481 767 514 poena
795 469 987 514 respondet
1015 468 1157 514 culpae:
1186 467 1247 501 sed
1275 466 1404 501 mulier
1431 475 1483 501 est
1510 465 1653 512 gravius

89 522 225 568 punita,
247 533 357 567 quam
379 523 443 563 vir,
466 531 504 556 ut
526 532 622 568 patet
643 523 733 557 Gen.
760 534 809 568 3.;
833 534 918 567 ergo
943 522 1086 567 gravius
1109 521 1282 567 peccavit,
1305 532 1412 566 quarn
1436 520 1499 553 vir.

160 574 388 616 Respouom
412 576 617 617 dIcendurn,
640 577 748 622 quod,
770 576 862 609 sicut
883 576 1019 609 dictum
1043 583 1095 609 est
1120 575 1202 619 (art.
1225 574 1368 620 praeta),
1394 573 1548 618 gravitas
1575 582 1654 618 pec-

90 628 160 662 cati
181 629 412 674 principalius
436 630 627 663 attenditur
650 629 849 663 secundum
871 629 1010 675 peccati
1032 630 1204 673 speciem,
1226 639 1335 673 quarn
1349 627 1548 661 secundum
1573 637 1652 672 pec-

90 681 160 715 cati
182 682 510 723 circumstantiani3
533 683 726 717 dicendum
745 691 797 716 est
819 693 917 727 crgo,
939 682 1035 727 quod
1058 681 1087 715 si
1109 680 1380 714 consideremus
1403 679 1652 714 conditionem

89 746 265 780 personae
300 735 493 780 utriusque,
528 735 681 769 scilicet:
711 735 882 776 mulieris,
917 743 952 769 et
978 735 1054 776 viri,
1094 741 1284 779 peccatum
1310 733 1376 767 viri
1412 741 1463 767 est
1489 732 1652 777 gravius;

89 788 172 833 quia
193 796 269 822 erat
290 787 479 833 perfectior
502 789 669 823 muliere:
693 790 755 823 sed
777 796 951 834 quantum
967 789 1010 822 ad
1032 788 1151 833 ipsum
1173 798 1286 832 genus
1305 786 1445 832 peccati
1467 786 1651 831 utriusque

90 849 280 886 peccatum
299 841 448 887 aequale
468 842 614 876 dicitur:
635 842 717 888 quia
740 843 922 886 utriusque
945 849 1136 885 peccatum
1158 839 1223 874 fuit
1245 840 1426 885 superbia3
1449 839 1542 873 unde
1558 840 1652 883 Aug.

90 894 176 928 dicit
193 905 244 928 11.
259 906 366 940 super
389 894 480 929 Gen.
505 896 547 928 ad
570 895 619 929 lit.
644 896 732 939 (cap.
752 895 814 941 35.)
830 894 925 940 quod
945 893 1107 927 «mulier
1129 893 1313 927 excusavit
1335 901 1525 938 peccatum
1547 903 1653 926 suurn

89 948 217 993 impari
236 959 334 989 sexu,
357 948 418 981 sed
440 949 515 994 pari
530 947 621 982 fastu
643 962 660 980 »
677 960 683 981 :
704 949 765 982 sed
781 955 954 993 quantum
971 947 1013 980 ad
1037 947 1194 992 speciem
1210 946 1398 991 superbiae
1417 946 1560 991 gravius
1576 956 1654 990 pec-

91 1001 185 1034 cavit
206 1001 347 1042 mulier,
369 1001 500 1046 triplici
521 1002 670 1036 ratione.
694 1001 809 1035 Pm'mo
829 1000 984 1045 quidem,
1007 1000 1088 1045 quia
1116 1000 1234 1044 major
1256 999 1363 1032 elatio
1390 998 1455 1032 fuit
1482 998 1654 1039 mulieris,

91 1065 199 1100 quarn
230 1055 313 1088 viri:
342 1055 471 1088 mulier
497 1055 593 1088 enim
625 1055 775 1088 credidit
800 1065 926 1087 verum
955 1064 1044 1094 esse,
1071 1053 1168 1098 quod
1195 1064 1340 1098 serpens
1367 1053 1488 1093 suasit,
1516 1051 1655 1085 scilicet

90 1108 187 1153 quod
209 1108 307 1141 Deus
329 1108 551 1153 prohibuerit
572 1107 661 1152 ligni
684 1118 797 1148 esum,
825 1117 869 1140 ne
890 1107 932 1139 ad
956 1107 1030 1151 ejus
1052 1105 1326 1140 similitudinem
1348 1106 1593 1151 pervenirent;
1621 1112 1656 1138 et

90 1161 138 1194 ita
165 1161 251 1194 dum
277 1172 338 1206 per
365 1172 467 1195 esum
493 1160 581 1205 ligni
607 1160 708 1194 vetiti
733 1160 802 1193 Dei
829 1159 1102 1193 similitudinem
1131 1158 1305 1204 consequi
1333 1158 1459 1200 voluit,
1489 1158 1656 1204 superbia

93 1215 169 1259 ejus
192 1214 234 1248 ad
257 1214 327 1248 hoc
349 1225 386 1247 se
410 1214 531 1255 erexit,
554 1214 650 1259 quod
681 1221 806 1247 contra
829 1213 898 1246 Dei
922 1213 1147 1246 voluntatem
1172 1212 1305 1258 aliquid
1327 1211 1442 1246 voluit
1476 1211 1655 1253 obtinere3

90 1267 152 1301 sed
173 1268 227 1301 vir
247 1278 322 1301 non
344 1267 492 1302 credidit
510 1267 581 1301 hoc
602 1278 679 1301 esse
694 1278 820 1301 verum
833 1279 841 1309 ;
856 1266 949 1300 unde
965 1277 1039 1300 non
1060 1265 1176 1299 voluit
1192 1265 1364 1311 consequi
1379 1265 1538 1299 divinam
1561 1265 1657 1298 simi-

90 1320 278 1354 litudinem
306 1328 430 1354 contra
456 1321 527 1354 Dei
552 1320 801 1362 voluntate1n3
827 1321 890 1354 sed
916 1320 953 1353 in
980 1320 1050 1353 hoc
1078 1319 1282 1365 superbivit,
1310 1319 1406 1364 quod
1432 1318 1547 1352 voluit
1573 1329 1654 1352 earn

92 1373 265 1419 consequi
297 1385 360 1420 per
390 1374 558 1420 seipsum.
585 1374 745 1416 Secundo,
774 1374 856 1419 quia
885 1372 1012 1407 mulier
1038 1383 1112 1406 non
1139 1371 1259 1406 solum
1289 1372 1366 1418 ipsa
1393 1372 1566 1416 peccavit,
1592 1372 1654 1406 sed

92 1427 202 1460 etiam
222 1427 300 1461 viro
328 1436 518 1473 peccatum
540 1427 741 1472 suggessit3
763 1427 857 1460 unde
880 1426 1044 1472 peccavit
1067 1434 1100 1459 et
1120 1425 1156 1459 in
1178 1426 1311 1467 Deum,
1333 1425 1417 1458 etin
1435 1426 1653 1470 proximum.

98 1480 209 1514 Tertio
230 1480 267 1513 in
285 1480 368 1522 hoc,
387 1480 484 1526 quod
506 1488 696 1526 peccatum
717 1480 784 1513 viri
805 1480 1023 1513 diminutum
1047 1487 1099 1513 est
1122 1490 1163 1512 ex
1185 1479 1268 1521 hoc,
1291 1478 1387 1524 quod
1409 1479 1445 1512 in
1463 1486 1653 1524 peccatum

92 1534 274 1568 consensit
295 1533 477 1567 amicabili
503 1534 659 1579 quadam
684 1533 947 1575 benevolentia,
974 1544 1043 1578 qua
1070 1532 1282 1578 plerumque
1307 1532 1356 1574 fit,
1383 1540 1422 1566 ut
1448 1531 1652 1567 offendatur

93 1587 204 1628 Deus,
225 1598 270 1620 ne
292 1587 406 1620 homo
429 1598 471 1620 ex
493 1587 624 1629 amico,
646 1586 707 1620 fiat
727 1587 914 1625 inimicus;
942 1586 1038 1631 quod
1066 1597 1149 1620 eum
1175 1585 1294 1620 facere
1320 1596 1394 1619 non
1416 1585 1580 1620 debuisse
1608 1585 1656 1619 di-

92 1640 197 1674 vinae
219 1640 418 1674 sententiae
439 1641 551 1685 justus
574 1641 686 1674 exitus
707 1640 889 1681 indicavit,
912 1648 950 1673 ut
971 1640 1124 1684 August.
1148 1639 1234 1673 dicit
1259 1650 1310 1673 11.
1326 1650 1432 1684 super
1452 1638 1584 1673 Genes.
1609 1639 1651 1672 ad

93 1693 143 1727 lit.
167 1692 255 1740 (cap.
282 1694 378 1739 ult.);
399 1702 432 1728 et
451 1694 501 1727 sic
523 1701 631 1739 patet,
658 1693 754 1739 quod
776 1701 968 1739 peccatum
989 1692 1150 1726 mulieris
1176 1691 1242 1726 fuit
1263 1692 1418 1738 gravius,
1440 1703 1550 1738 quam
1571 1703 1654 1738 pec-

94 1754 214 1780 catum
232 1747 310 1780 viri.

165 1800 225 1833 AD
256 1810 406 1834 PRIMUM
433 1811 519 1846 ergo
547 1799 752 1841 dicendum,
779 1799 875 1845 quod
903 1798 964 1832 illa
986 1799 1148 1832 seductio
1175 1798 1335 1833 mulieris
1358 1810 1400 1833 ex
1425 1798 1655 1845 praecedenti

93 1853 250 1888 elatione
282 1854 472 1887 subsecuta
507 1862 577 1895 est;
608 1862 642 1887 et
666 1853 748 1886 ideo
778 1853 859 1886 talis
881 1853 1085 1898 ignorantia
1110 1864 1184 1886 non
1212 1861 1368 1894 excusat,
1391 1853 1453 1887 sed
1476 1861 1649 1898 aggravat

94 1914 302 1952 peccatum,
328 1907 542 1952 inquantum
561 1907 698 1940 scilicet
718 1907 920 1951 ignorando
942 1906 979 1939 in
998 1907 1176 1951 majorem
1202 1906 1399 1940 elationem
1421 1915 1539 1940 erecta
1566 1915 1630 1941 est.

165 1960 225 1994 AD
247 1970 454 1994 SECUNDUM
481 1960 687 2001 dicendum,
715 1960 811 2005 quod
834 1961 925 1993 ratio
947 1959 1008 1993 illa
1030 1960 1193 2004 procedit
1215 1971 1256 1993 ex
1279 1960 1548 1994 circumstantia
1571 1971 1654 1994 con-

94 2013 240 2047 ditionis
262 2024 448 2059 personae,
471 2024 511 2047 ex
534 2025 603 2059 qua
625 2021 814 2058 peccatum
836 2013 901 2046 viri
926 2012 991 2046 fuit
1012 2013 1155 2058 gravius
1173 2014 1375 2047 secundum
1397 2014 1491 2059 quid.

165 2067 224 2100 AD
247 2076 419 2100 TERTmM
446 2067 650 2107 dicendum,
673 2066 768 2111 quod
795 2067 848 2099 vir
877 2077 951 2099 non
978 2058 1152 2111 cogitavit
1185 2066 1228 2100 de
1263 2066 1382 2100 divina
1405 2067 1654 2100 misericordia

95 2130 207 2164 usque
235 2119 277 2153 ad
301 2127 551 2165 contemptum
573 2119 715 2153 divinae
745 2119 910 2164 justitiae,
944 2119 1041 2164 quod
1073 2118 1159 2153 facit
1192 2128 1383 2165 peccatum
1416 2120 1451 2153 in
1480 2120 1653 2166 Spiritum

97 2172 290 2206 Sanctum:
313 2173 374 2206 sed
394 2173 487 2218 quia,
509 2180 546 2206 ut
567 2173 721 2217 August.
743 2172 829 2206 dicit
848 2172 885 2205 in
916 2182 966 2214 14.
989 2173 1032 2206 de
1055 2172 1134 2206 Civ.
1157 2173 1228 2207 Dei
1248 2173 1334 2219 (cap.
1356 2174 1430 2216 IL),
1462 2186 1479 2205 α
1496 2174 1654 2219 inexper-

95 2234 150 2259 tus
174 2226 313 2260 divinae
335 2226 532 2260 severitatis
555 2226 704 2259 credidit
732 2225 819 2259 illud
846 2234 1034 2270 peccatum
1062 2237 1139 2260 esse
1160 2226 1301 2260 veniale
1323 2240 1355 2268 >),
1377 2227 1468 2261 idest
1489 2228 1532 2260 de
1558 2226 1654 2261 facili

96 2278 320 2313 remissibile.

559 2451 912 2512 QUAESTIQ
964 2453 1189 2500 CLXIV.

97 2568 159 2598 DE
185 2567 352 2599 POENIS
371 2567 566 2598 PECCATI
583 2568 716 2598 PRIMI
737 2569 953 2607 HOMINIS,
975 2569 1026 2600 IN
1048 2569 1172 2600 DUOS
1193 2569 1454 2600 ARTICULOS
1476 2570 1650 2601 DIVISA.

168 2672 308 2706 Deinde
331 2671 632 2706 considerandum
656 2681 707 2707 est
733 2673 776 2707 de
798 2685 915 2719 poena
937 2674 1042 2720 primi
1065 2675 1214 2720 peccati.

604 2745 650 2778 Et
667 2746 757 2779 εἶναι
778 2745 836 2780 hoc
858 2751 1062 2791 quaeruntur
1080 2746 1154 2780 dno.

171 2807 305 2841 Primo.
327 2808 383 2842 De
406 2817 533 2851 morte,
556 2820 647 2854 quae
669 2817 721 2844 est
741 2821 859 2856 poena
883 2811 1100 2845 communis.

171 2861 351 2894 Secundo.
373 2862 428 2895 De
451 2862 528 2895 aliis
549 2862 821 2908 particularibus
843 2865 981 2910 poenis,
1004 2875 1094 2909 quae
1117 2865 1152 2897 in
1181 2865 1314 2898 Genesi
1334 2865 1570 2910 assignantur.
