1859 3122
164 179 248 222 320
595 176 815 213 QUAESTIO
848 178 934 209 XLI.
969 177 1212 209 ARTICULUS
1245 178 1273 207 I.

163 268 277 294 ratam
300 258 564 294 defensionem:
587 258 741 294 mortale
764 267 896 302 autem,
919 259 1062 306 quando
1086 258 1277 293 obfirmato
1305 258 1428 293 animo
1449 258 1486 293 in
1507 258 1718 305 impugnan-

162 322 248 356 tem,
270 314 421 359 insurgit
442 313 485 346 ad
508 324 592 347 eum
615 313 867 356 occidendum,
889 313 947 347 vel
969 324 1052 348 eum
1075 313 1231 358 graviter
1251 312 1480 347 laedendum.

233 368 292 401 AD
318 377 466 401 PRIMUM
493 378 580 411 ergo
607 366 811 409 dicendum,
838 368 933 413 quod
961 367 1034 400 rixa
1056 378 1129 400 non
1152 365 1362 412 simpliciter
1389 366 1554 400 nominat
1576 373 1721 400 conten-

162 421 318 454 tionem:
342 420 403 454 sed
426 421 492 454 tria
514 419 550 453 in
572 420 777 465 praemissis
799 420 914 454 verbis
936 420 1064 454 isidori
1085 427 1279 465 ponuntur,
1301 430 1392 465 quae
1414 419 1720 453 inordinationem

164 475 259 507 rixae
282 473 482 507 declarant:
500 475 613 519 primo
640 474 798 519 quidem,
825 474 921 520 quod
950 473 1270 519 promptitudinem
1299 473 1407 507 animi
1434 473 1543 507 habet
1569 473 1613 507 ad
1639 484 1723 507 con-

164 527 403 561 tendendum:
426 527 522 572 quod
553 527 743 572 significat,
778 539 859 561 curn
894 528 996 561 dicit:
1022 527 1157 573 Srmpar
1183 527 1224 560 acl
1251 527 1539 561 contmzdimzdzcm
1557 532 1720 574 paratum

166 580 315 614 scilicet:
339 580 413 614 sive
437 580 526 614 alius
547 580 649 621 bene,
672 581 745 614 sive
767 581 862 614 male
882 580 987 620 dicat,
1010 588 1070 614 aut
1091 579 1215 615 faciat:
1237 580 1386 622 secundo,
1403 581 1485 626 quia
1499 580 1535 614 in
1549 580 1626 626 ipsa
1642 591 1724 614 con-

164 633 378 667 tradictione
401 633 616 675 delectatur3
639 634 733 667 unde
753 634 928 679 sequitur:
953 635 996 668 Et
1019 635 1050 666 in
1070 635 1181 678 jurgio
1204 633 1400 668 delectatur:
1424 635 1531 676 tertio,
1548 634 1630 680 quia
1648 634 1723 680 ipse

166 687 255 721 alios
278 695 452 733 provocat
474 687 517 720 ad
536 687 859 729 contradictiones;
882 687 975 720 unde
994 687 1171 732 sequitur:
1188 687 1233 721 Et
1245 691 1409 732 provocat
1426 687 1675 722 contendentem.

238 740 297 774 AD
321 751 526 775 SECUNDUM
549 741 754 782 dicendum,
777 740 873 786 quod
894 740 941 773 ibi
963 751 1036 773 non
1058 739 1279 785 intelligitur,
1302 740 1398 785 quod
1420 741 1513 774 servi
1533 741 1634 775 Isaac
1656 740 1726 774 sint

167 794 280 835 rixati,
303 795 364 828 sed
387 795 482 839 quod
504 793 649 828 incolae
671 802 786 827 terrae
808 793 911 827 rixati
932 801 1014 827 sunt
1036 801 1161 826 contra
1184 803 1262 827 eos:
1286 793 1379 827 unde
1401 792 1453 827 illi
1473 801 1725 840 peccaverunt,

167 859 241 881 non
265 855 384 881 autem
406 847 499 881 servi
520 847 632 889 Isaac,
655 847 715 892 qui
738 846 957 880 calumniam
979 847 1214 892 patiebantur.

239 901 298 934 AD
321 910 491 935 TERT1UM
519 900 724 942 dicendum,
747 900 843 945 quod
867 900 909 933 ad
929 900 999 933 hoc
1023 901 1118 945 quod
1140 901 1274 945 justum
1295 899 1340 934 sit
1360 899 1508 942 bellum,
1526 900 1726 946 requiritur,

170 954 266 1000 quod
282 953 343 988 fiat
357 953 569 987 auctoritate
584 953 748 999 publicae
763 953 961 999 potestatis,
977 953 1068 987 sicut
1082 964 1187 999 supra
1204 953 1339 987 dictum
1355 960 1408 988 est
1424 953 1656 1000 (q.p7·aec.art.
1668 954 1726 1000 1.):

169 1008 243 1041 rixa
266 1015 386 1041 autem
412 1006 450 1040 fit
477 1018 517 1041 ex
545 1007 684 1052 privato
711 1006 840 1040 affectu
866 1007 951 1048 irae,
978 1006 1034 1040 vel
1063 1007 1151 1040 odii:
1180 1007 1209 1041 si
1236 1007 1332 1040 enim
1366 1007 1519 1041 ministri
1547 1008 1728 1054 principis,

171 1068 231 1094 aut
251 1060 378 1106 judicis
399 1060 541 1106 publica
563 1067 739 1106 potestate
763 1059 902 1106 aliquos
924 1059 1105 1101 invadant,
1122 1060 1182 1106 qui
1199 1071 1235 1094 se
1252 1059 1454 1104 defendant,
1468 1072 1542 1095 non
1563 1061 1729 1095 dicuntur

170 1113 237 1159 ipsi
258 1113 375 1155 rixari,
398 1113 459 1147 sed
482 1112 543 1155 illi,
570 1113 630 1159 qui
657 1113 820 1159 publicae
843 1113 1011 1159 potestati
1032 1113 1218 1147 resistunt:
1243 1121 1277 1147 et
1298 1115 1347 1147 sic
1369 1113 1432 1156 illi,
1460 1114 1520 1160 qui
1545 1114 1729 1157 invadunt,

170 1178 244 1201 non
266 1167 435 1209 rixantur,
457 1177 573 1212 neque
595 1174 758 1213 peccant,
780 1167 841 1201 sed
862 1166 925 1208 illi,
948 1167 1007 1212 qui
1029 1177 1065 1201 se
1087 1166 1289 1201 inordinate
1311 1166 1515 1202 defendunt.

728 1308 1072 1353 ARTICULUS
1108 1309 1162 1352 Π.
1663 1330 1731 1368 230

611 1418 764 1448 UTRUM
796 1418 897 1449 RIXA
930 1418 996 1448 SIT
1029 1419 1143 1447 FILIA
1175 1418 1285 1448 IRAE.

413 1505 514 1552 (Insr.
537 1517 567 1551 q.
590 1506 656 1551 er.
678 1510 740 1540 art.
761 1506 792 1541 S.
816 1511 903 1552 corp.
926 1510 954 1540 et
970 1510 1061 1551 part.
1082 1518 1109 1552 3.
1132 1517 1162 1551 q.
1185 1516 1214 1552 7.
1236 1510 1300 1540 art.
1323 1516 1354 1539 2.
1376 1504 1418 1539 ad
1438 1505 1495 1551 1.).

247 1596 306 1630 AD
330 1605 536 1630 SECUNDUM
555 1596 603 1629 sic
626 1595 842 1640 proceditur.
857 1595 1019 1637 Videtur,
1035 1595 1130 1641 quod
1152 1595 1225 1628 rixa
1247 1606 1320 1629 non
1339 1594 1384 1628 sit
1401 1593 1473 1627 filia
1490 1593 1583 1628 irae:
1607 1593 1734 1628 dicitur

177 1650 273 1684 enim
291 1649 366 1694 Jac.
387 1659 439 1691 4:
462 1648 552 1683 Unde
571 1649 664 1690 balla,
684 1654 714 1683 et
731 1649 826 1683 litas·
815 1661 848 1682 in
869 1661 891 1682 v
895 1650 980 1683 obis.
977 1650 990 1675 7
1008 1660 1113 1683 nonne
1134 1660 1173 1682 ex
1194 1649 1468 1694 concupiscentiis,
1491 1658 1572 1693 quae
1589 1647 1734 1681 militant

175 1705 209 1738 in
231 1704 386 1737 membris
406 1703 546 1737 usmis?
569 1702 639 1736 Sed
666 1702 715 1736 ira
742 1713 817 1736 non
845 1702 999 1747 pertinet
1024 1702 1067 1736 ad
1095 1700 1433 1748 concupiscibilem,
1452 1712 1539 1747 ergo
1560 1700 1634 1735 rixa
1660 1711 1734 1734 non

177 1765 229 1790 est
249 1756 350 1790 filia·
343 1767 428 1797 irae,
451 1755 512 1789 sed
535 1755 650 1800 magis
674 1755 1000 1801 concupiscenti-te.

249 1820 279 1844 2.
299 1810 534 1843 PRAETEREA.
550 1809 645 1842 Prov
650 1809 721 1843 erb.
738 1809 792 1842 28.
809 1809 956 1843 dicitur:
979 1810 1222 1854 Ouisejactat,
1245 1813 1274 1843 et
1291 1807 1554 1854 dilatat‚jnrg·1a
1572 1809 1734 1842 concitat:

176 1864 238 1898 sed
260 1864 356 1897 idem
378 1863 518 1896 videtur
540 1874 616 1897 esse
643 1863 730 1904 rixa,
758 1863 854 1908 quod
880 1863 1057 1908 jurgium3
1080 1873 1167 1908 ergo
1193 1862 1344 1904 videtur,
1372 1862 1469 1908 quod
1494 1862 1569 1895 rixa
1595 1863 1639 1896 sit
1664 1861 1736 1895 filia

177 1917 375 1963 superbiae,
396 1916 455 1950 vel
477 1916 590 1950 inanis
615 1915 762 1961 gloriae,
786 1915 828 1949 ad
852 1927 959 1961 quam
982 1916 1134 1961 pertinet
1154 1926 1191 1950 se
1213 1916 1358 1960 jactare,
1381 1922 1414 1949 et
1435 1914 1594 1949 dilatare.

253 1981 280 2015 3.
308 1970 545 2004 PRAETEREA.
573 1969 743 2002 Proverb.
776 1969 826 2002 18.
854 1969 1000 2004 dicitur:
1027 1970 1135 2003 Labia
1161 1969 1250 2003 stulti
1278 1969 1459 2003 immiscent
1483 1980 1512 2003 se
1537 1969 1640 2003 rixis.-
1675 1966 1735 2002 sed

178 2023 325 2058 stultitia
347 2022 464 2056 differt
486 2022 527 2056 ab
550 2022 619 2055 ira:
643 2033 716 2056 non
738 2023 834 2056 enim
860 2023 1054 2068 opponitur
1075 2021 1353 2063 mansuetudini,
1375 2021 1436 2055 sed
1463 2021 1580 2068 magis
1601 2021 1738 2068 sapien-

178 2079 261 2121 tiae,
283 2077 340 2112 vel
361 2076 590 2123 prudentiae;
613 2087 699 2121 ergo
722 2076 796 2109 rixa
817 2087 892 2110 non
915 2084 966 2110 est
987 2075 1058 2110 filia
1081 2076 1165 2109 irae.

249 2142 282 2175 4.
305 2132 540 2166 PRAETEREA.
555 2130 725 2164 Proverb.
746 2140 796 2164 10.
812 2130 958 2164 dicitur:
977 2129 1100 2165 Odimn
1117 2130 1251 2163 suscitat
1267 2130 1377 2163 rixas:
1400 2128 1461 2162 sed
1481 2128 1605 2162 odium
1627 2127 1739 2163 oritur

180 2197 222 2220 ex
244 2185 388 2227 invidia,
411 2192 449 2218 ut
470 2183 555 2218 dicit
578 2183 732 2229 Gregor.
758 2194 809 2229 31.
832 2182 960 2217 Moral.
982 2183 1067 2229 (cap.
1091 2183 1180 2228 17.);
1203 2193 1290 2228 ergo
1313 2182 1387 2215 rixa
1408 2193 1482 2216 non
1501 2189 1554 2216 est
1568 2181 1639 2216 filia
1653 2182 1738 2223 irae,

181 2240 242 2274 sed
264 2239 429 2273 invidiae.

258 2304 285 2338 5.
301 2292 537 2326 PRAETEREA.
553 2290 724 2325 Proverb.
743 2301 793 2335 17.
809 2290 955 2324 dicitur:
981 2290 1050 2334 Qui
1070 2290 1249 2324 meditatur
1269 2288 1458 2332 discordias,
1478 2289 1616 2324 seminat
1633 2289 1738 2323 rixas:

182 2347 243 2381 sed
262 2345 441 2380 discordia
464 2352 516 2378 est
536 2344 608 2378 filia
630 2343 746 2378 inanis
768 2343 917 2389 gloriae,
939 2351 977 2377 ut
998 2354 1105 2389 supra
1127 2343 1262 2377 dictum
1285 2350 1337 2377 est
1358 2343 1406 2388 (q.
1421 2353 1470 2389 37.
1489 2347 1554 2378 art.
1569 2343 1632 2388 2.);
1652 2352 1739 2388 ergo

181 2400 289 2434 etiam
311 2400 395 2433 rixa.

254 2453 328 2488 SED
345 2461 499 2487 CONTRA
522 2459 585 2493 est,
601 2451 696 2497 quod
721 2450 829 2495 Greg.
849 2450 933 2484 dicit
958 2461 1010 2496 31.
1033 2449 1161 2483 Moral.
1183 2450 1258 2494 (loc.
1274 2451 1358 2495 cit),
1383 2449 1479 2496 quod
1501 2460 1539 2484 ex
1559 2450 1614 2483 ira
1634 2449 1742 2483 oritur

181 2509 278 2547 rixa;
299 2514 333 2540 et
354 2505 523 2540 Proverb.
550 2515 600 2549 15.
624 2512 659 2538 et
680 2514 734 2550 29.
758 2504 903 2537 dicitur:
934 2504 993 2537 Γῐν
1014 2503 1192 2538 iracundus
1204 2508 1369 2549 provocat
1389 2504 1491 2537 rixas.

254 2561 483 2594 RESPONDEO
506 2557 710 2599 dicendum,
733 2557 840 2603 quod,
863 2557 954 2590 sicut
976 2557 1110 2590 dictum
1136 2565 1189 2591 est
1212 2557 1292 2600 (art.
1308 2556 1453 2603 praec),
1476 2555 1549 2589 rixa
1571 2554 1742 2601 importat

182 2613 378 2660 quamdam
401 2611 725 2646 contradictionem
749 2620 860 2656 usque
883 2610 925 2643 ad
947 2609 1041 2643 facta
1063 2610 1344 2655 pervenientem,
1368 2610 1454 2643 dum
1475 2619 1566 2642 unus
1589 2607 1741 2642 alterum

184 2667 325 2701 laedere
341 2666 498 2700 molitur.
516 2665 705 2711 Dupliciter
720 2672 841 2697 autem
855 2674 946 2696 unus
961 2663 1070 2696 alium
1091 2663 1232 2697 laedere
1247 2663 1414 2697 intendit:
1435 2673 1497 2696 uno
1518 2660 1626 2704 modo,
1641 2661 1743 2707 quasi

184 2720 372 2754 intendens
400 2718 561 2752 absolute
588 2717 725 2751 malum
753 2717 879 2761 ipsius,
903 2724 937 2750 et
959 2717 1032 2750 talis
1066 2716 1162 2750 luit-rio
1191 2718 1332 2762 pertinet
1352 2715 1394 2749 acl
1421 2715 1544 2756 odium,
1568 2715 1668 2759 cnjus
1693 2714 1743 2748 in-

185 2774 297 2807 tentio
314 2781 367 2807 est
381 2773 423 2806 ad
443 2771 660 2806 laedendum
682 2770 882 2811 inimicum,
896 2769 953 2803 vel
972 2770 1006 2802 in
1030 2769 1235 2811 manifesto,
1258 2769 1314 2804 vel
1334 2770 1368 2802 in
1384 2767 1545 2803 occulto:
1565 2768 1631 2802 alio
1646 2768 1741 2802 modo

188 2826 313 2872 aliquis
336 2826 487 2860 intendit
519 2824 629 2859 alium
656 2823 810 2865 laedere,
839 2834 882 2858 eo
909 2823 1056 2864 sciente,
1084 2831 1118 2857 et
1144 2830 1377 2869 repugnante,
1404 2822 1499 2868 quod
1528 2822 1742 2867 importatur

187 2880 335 2913 nomine
358 2880 472 2921 rixae;
495 2887 529 2914 et
550 2879 608 2913 hoc
626 2884 691 2924 pro
704 2878 765 2911 >rie
785 2878 927 2923 partinet
951 2876 994 2910 ad
1023 2878 1124 2919 izmn,
1152 2887 1242 2922 quae
1270 2885 1322 2910 est
1349 2876 1524 2923 appetitus
1551 2875 1741 2917 vindictae,
