1859 3122
209 171 290 213 302
602 169 824 204 QUAESTIO
857 170 1005 199 XXXVI.
1042 170 1283 200 ARTICULUS
1317 170 1374 199 IV.

280 264 307 297 3.
342 251 577 285 PRAETEREA.
605 250 768 293 Videtur,
802 251 898 297 quod
931 251 1228 286 inconvenienter
1262 251 1337 296 ejus
1370 249 1465 284 filiae
1496 251 1720 297 assignentur
1747 263 1767 285 a

207 305 317 349 Greg.
338 315 388 349 31.
409 304 537 337 Moral.
557 304 647 350 (scip.
666 306 731 350 17.)
752 305 812 338 ubi
830 305 926 346 dicit,
946 304 1041 350 quod
1062 316 1103 337 ex
1122 304 1255 337 invidia
1275 304 1386 337 oritur
1405 303 1540 345 odium,
1559 304 1767 347 susurratio,

205 359 390 399 detractio,
410 357 580 391 exultatio
601 358 636 390 in
656 358 814 392 adversis
834 358 989 404 proximi
1004 366 1037 392 et
1052 357 1198 390 afflictio
1212 357 1249 390 in
1263 357 1462 402 prosperis:
1483 356 1652 391 exultatio
1671 357 1768 391 enim

204 411 240 443 in
263 410 420 444 adversis
442 411 607 456 proximi,
631 418 665 444 et
688 411 834 445 afflictio
856 412 893 444 in
915 411 1094 457 prosperis
1116 410 1213 444 idem
1234 410 1375 444 videtur
1397 421 1485 451 esse,
1509 409 1605 455 quod
1623 410 1767 451 invidia,

205 472 243 496 ut
265 476 307 497 ex
329 463 533 509 praemissis
556 471 653 510 patet
674 465 754 509 (art.
777 466 930 510 praec.)‚·
953 475 1027 498 non
1051 475 1137 510 ergo
1160 464 1227 498 ista
1255 463 1385 497 debent
1411 463 1498 509 poni
1527 471 1566 497 ut
1595 463 1689 497 filiae
1718 463 1768 497 in-

204 516 333 551 vidiae.

277 570 351 604 SED
375 581 529 605 CONTRA
552 579 604 605 est
627 571 821 605 auctoritas
845 572 953 617 Greg.
973 582 1024 617 31.
1040 570 1169 605 Moral.
1193 569 1272 614 (loc.
1288 571 1375 615 cit),
1392 570 1452 616 qui
1470 570 1573 616 ponit
1594 571 1768 605 invidiam

206 625 334 659 vitium
357 625 522 671 capitale,
546 634 580 660 et
602 626 634 660 ei
656 627 855 671 praedictas
878 626 969 660 filias
993 627 1160 671 assignat.

278 679 507 714 RESPONDEO
527 680 733 723 dicendum,
761 680 857 726 quod
880 681 971 714 sicut
993 680 1129 713 accidia
1157 687 1210 713 est
1236 679 1375 713 tristitia
1403 679 1446 713 de
1471 679 1570 713 bono
1596 679 1770 726 spirituali

207 732 346 774 divino3
378 732 426 766 ita
459 733 593 766 invidia
620 741 672 767 est
697 734 837 767 tristitia
872 734 914 767 de
949 734 1046 767 bono
1074 733 1248 778 proximi:
1275 733 1411 766 dictum
1439 740 1491 766 est
1518 741 1639 767 autem
1664 745 1770 779 supra

207 787 252 831 (q.
270 792 385 832 praec.
405 792 469 821 art.
491 787 556 831 4.)‚
580 787 757 821 accidiam
780 798 856 821 esse
878 787 1005 821 vitium
1029 786 1181 832 capitale
1209 797 1250 820 ea
1276 786 1427 828 ratione,
1454 787 1537 832 quia
1564 797 1606 820 ex
1633 787 1770 821 accidia

207 840 321 874 homo
344 840 541 885 impellitur
562 841 605 874 ad
628 840 747 886 aliqua
768 840 944 882 facienda,
968 840 1027 874 vel
1048 850 1086 874 ut
1107 840 1221 885 fugiat
1246 840 1440 881 tristitiam,
1461 839 1519 874 vel
1545 848 1584 874 ut
1607 840 1770 874 tristitiae

211 892 424 935 satisfaciat3
446 894 539 928 unde
564 894 692 928 eadem
714 895 853 928 ratione
875 894 1009 928 invidia
1031 894 1175 938 ponitur
1195 893 1323 927 vitium
1346 893 1510 939 capitale.

279 946 338 981 AD
365 957 514 981 PRIMUM
530 958 617 993 ergo
630 947 836 989 dicendum,
848 948 956 993 quod,
968 947 1060 981 sicut
1072 947 1224 992 Gregor.
1238 947 1323 981 dicit
1335 947 1371 980 in
1386 946 1576 992 31.Moral.
1590 947 1674 994 (cap.
1689 949 1770 995 17.):

211 1012 228 1032 «
246 999 423 1046 Capitalia
444 1000 530 1034 vitia
551 1008 649 1034 tanta
671 1001 737 1034 sibi
759 1001 978 1045 cognatione
1000 1001 1207 1046 junguntur,
1230 1008 1268 1034 ut
1289 1000 1434 1034 nonnisi
1456 1012 1568 1034 unum
1591 1000 1635 1035 de
1657 1000 1769 1036 altero

208 1053 425 1099 proferatur:
449 1054 565 1100 prima
588 1065 745 1100 namque
768 1054 954 1099 superbiae
977 1054 1121 1087 soboles
1144 1053 1258 1087 inanis
1281 1061 1334 1087 est
1353 1053 1479 1099 gloria,
1498 1065 1590 1100 quae
1608 1054 1694 1088 dum
1713 1065 1772 1099 op-

208 1118 368 1152 pressam
390 1116 551 1141 mentem
575 1108 786 1152 corrumpit,
809 1119 894 1141 mox
921 1107 1094 1141 invidiam
1122 1107 1253 1152 gignit,
1281 1107 1364 1153 quia
1391 1107 1477 1140 dum
1503 1107 1587 1141 vani
1612 1107 1771 1141 nominis

208 1162 407 1206 potentiam
430 1161 575 1206 appetit,
596 1172 641 1195 ne
659 1161 736 1207 quis
758 1161 851 1194 hanc
875 1160 964 1194 alius
985 1161 1131 1206 adipisci
1150 1160 1279 1201 valeat,
1298 1160 1449 1194 tabescit
1467 1173 1505 1203 »3
1524 1171 1599 1194 non
1618 1168 1671 1195 est
1685 1171 1771 1206 ergo

210 1222 335 1248 contra
362 1215 541 1249 rationem
568 1215 643 1248 vitii
671 1214 844 1261 capitalis,
873 1215 970 1260 quod
997 1216 1115 1260 ipsum
1142 1225 1185 1247 ex
1211 1213 1282 1247 alio
1311 1215 1456 1255 oriatur,
1484 1214 1546 1248 sed
1573 1214 1669 1260 quod
1698 1225 1772 1248 non

209 1267 341 1301 habeat
361 1267 520 1313 aliquam
541 1268 779 1314 principalem
802 1268 981 1302 rationem
1003 1267 1226 1313 producendi
1247 1278 1288 1301 ex
1307 1278 1343 1301 se
1366 1266 1479 1301 multa
1498 1278 1631 1313 genera
1651 1278 1774 1313 pecca-

208 1329 348 1354 torum:
372 1320 463 1355 forte
485 1329 608 1355 tamen
630 1328 775 1367 propter
796 1321 868 1355 hoc
891 1321 987 1367 quod
1014 1321 1148 1354 invidia
1174 1320 1363 1354 manifeste
1391 1331 1433 1354 ex
1458 1321 1556 1354 inani
1579 1320 1694 1366 gloria
1715 1331 1775 1354 na-

210 1374 330 1415 scitur,
351 1386 425 1408 non
445 1375 589 1420 ponitur
607 1375 734 1408 vitium
754 1374 918 1421 capitale,
937 1385 1053 1420 neque
1077 1374 1118 1407 ab
1141 1374 1223 1408 Isid.
1245 1373 1281 1407 in
1303 1373 1362 1406 lib.
1383 1374 1426 1407 de
1446 1373 1546 1407 Sum.
1570 1374 1660 1407 Bon.
1679 1374 1773 1418 (hab.

211 1428 266 1462 lib.
295 1440 321 1462 Ι.
348 1428 524 1472 Differam.
553 1434 622 1474 cap.
642 1440 686 1474 35.
708 1428 778 1462 vid.
799 1434 869 1474 sup.
892 1439 921 1473 q.
944 1440 991 1473 25.
1014 1432 1077 1461 art.
1103 1439 1136 1470 4.
1164 1438 1234 1472 arg.
1253 1428 1314 1473 3.),
1341 1438 1459 1472 neque
1486 1438 1506 1460 a
1534 1427 1711 1461 Cassiano
1738 1427 1774 1460 in

210 1480 269 1514 lib.
297 1491 324 1525 ς.
348 1481 390 1514 de
417 1481 529 1515 lnstit.
554 1481 666 1515 Caen.
691 1482 778 1528 (sap.
799 1482 856 1526 1.).
1466 1506 1468 1508 -

280 1535 339 1568 AD
374 1545 580 1568 SECUNDUM
614 1535 820 1576 dicendum,
843 1534 939 1580 quod
962 1546 1004 1568 ex
1025 1534 1141 1567 verbis
1164 1533 1233 1567 illis
1252 1544 1326 1567 non
1344 1533 1507 1575 habetur,
1523 1532 1619 1579 quod
1640 1533 1775 1567 invidia

212 1587 257 1622 sit
278 1588 481 1621 maximum
502 1597 756 1634 peccatorum;
780 1588 841 1622 sed
865 1588 961 1634 quod
984 1588 1128 1633 quando
1151 1586 1316 1621 diabolus
1342 1587 1516 1621 invidiam
1538 1587 1708 1633 suggerit,
1730 1587 1774 1621 ad

211 1641 281 1675 hoc
304 1641 494 1675 hominem
515 1642 663 1683 inducit,
686 1642 783 1687 quod
805 1642 880 1687 ipse
903 1641 1147 1687 principaliter
1167 1641 1204 1674 in
1227 1640 1335 1674 corde
1357 1641 1482 1675 habet:
1505 1641 1599 1686 quia,
1618 1641 1710 1675 sicut
1726 1640 1775 1674 ibi

211 1695 269 1740 (sc.
298 1695 353 1729 lib.
376 1707 405 1741 5.
433 1697 522 1729 Mor.
549 1696 647 1741 Greg.
675 1702 747 1742 cap.
779 1696 842 1740 31.)
865 1695 1047 1728 inducitur
1069 1702 1348 1740 consequenter:
1376 1694 1512 1728 Invidia
1537 1695 1661 1729 diaboli
1686 1706 1776 1728 mors

210 1750 364 1782 introivit
385 1750 420 1782 in
441 1750 550 1783 orbam
572 1754 737 1783 terrarum
761 1749 856 1795 (Sap.
879 1749 942 1790 2.):
971 1756 1024 1782 est
1049 1756 1171 1782 tamen
1199 1749 1377 1794 quaedam
1404 1748 1549 1790 invidia,
1572 1759 1663 1794 quae
1685 1749 1776 1782 inter

213 1802 426 1847 gravissima
448 1810 596 1847 peccata
619 1810 861 1848 computatur,
883 1801 1021 1836 scilicet
1042 1801 1239 1836 invidentia
1266 1801 1444 1836 fraternae
1471 1802 1625 1848 gratiae3
1652 1813 1776 1836 secun-

212 1855 298 1888 dum
321 1856 417 1900 quod
439 1855 566 1901 aliquis
589 1855 688 1889 dolet
709 1856 752 1889 de
774 1856 852 1901 ipso
875 1864 1072 1901 augmento
1096 1856 1231 1900 gratiae
1253 1855 1334 1897 Dei,
1361 1866 1434 1889 non
1462 1855 1581 1890 solum
1608 1855 1651 1890 de
1677 1855 1775 1889 bono

213 1909 391 1954 proximi3
415 1910 508 1942 unde
530 1911 676 1955 ponitur
697 1917 887 1955 peccatum
909 1909 944 1942 in
969 1909 1143 1954 Spiritum
1167 1908 1357 1942 Sanctum:
1386 1908 1469 1954 quia
1491 1920 1554 1954 per
1575 1909 1669 1943 hanc
1690 1908 1776 1942 invi-

215 1962 374 1995 dentiam
400 1962 516 1996 homo
544 1963 819 2008 quodammodo
847 1962 983 1996 invidet
1009 1962 1157 2008 Spiritui
1184 1961 1331 2003 Sancto,
1359 1962 1419 2007 qui
1442 1962 1477 1995 in
1505 1963 1577 1997 suis
1608 1963 1776 2009 operibus

218 2015 450 2060 glorificatur.

284 2069 343 2102 AD
367 2078 538 2103 TERTIUM
560 2069 765 2111 dicendum,
789 2069 884 2115 quod
907 2080 1079 2102 numerus
1101 2068 1256 2102 filiarum
1278 2068 1433 2102 invidiae
1453 2069 1503 2103 sic
1525 2077 1644 2116 potest
1670 2069 1776 2110 sumi,

215 2123 298 2168 quia
319 2122 355 2155 in
378 2130 510 2156 conatu
532 2122 688 2156 invidiae
711 2130 763 2156 est
784 2122 917 2168 aliquid
932 2130 1119 2167 tamquam
1138 2121 1366 2167 principium,
1386 2130 1420 2156 et
1439 2122 1571 2168 aliquid
1589 2130 1776 2169 tamquam

217 2175 390 2217 medium,
413 2183 446 2209 et
469 2175 601 2221 aliquid
623 2184 811 2221 tamquam
829 2176 1022 2209 terminus:
1046 2175 1262 2221 principium
1282 2175 1428 2221 quidem
1447 2183 1509 2219 est,
1528 2184 1567 2210 ut
1584 2176 1712 2222 aliquis
1731 2176 1778 2210 di-

218 2228 357 2262 minuat
379 2228 534 2273 gloriam
557 2228 719 2270 alterius3
741 2230 793 2263 vel
814 2229 849 2262 in
872 2228 1030 2270 occulto,
1053 2237 1087 2262 et
1113 2228 1162 2262 sic
1191 2236 1243 2262 est
1267 2231 1449 2263 susurratio
1460 2242 1472 2270 ;
1499 2230 1552 2264 vel
1576 2229 1776 2270 manifeste,

216 2290 251 2316 ct
272 2283 320 2316 Sic
344 2290 397 2316 est
418 2282 596 2316 ‹letractz'M
619 2282 780 2316 medium
803 2290 925 2316 autem
944 2290 1006 2323 est,
1029 2282 1111 2327 quia
1135 2281 1261 2327 aliquis
1283 2282 1470 2317 intendens
1488 2283 1688 2317 diminuere
1703 2282 1777 2328 glo-

216 2336 305 2370 riam
329 2335 483 2378 alterius,
506 2341 562 2370 aul
583 2344 711 2381 potest,
735 2343 768 2369 et
789 2336 839 2369 sic
863 2344 915 2369 cst
936 2336 1091 2370 arultizlz'o
1116 2337 1148 2368 1'12
1171 2335 1336 2375 adaman,-
1360 2341 1416 2370 αῑιί
1436 2348 1510 2370 non
1529 2344 1658 2383 potest,
1674 2343 1708 2370 et
1725 2336 1776 2370 sic

216 2397 269 2424 est
290 2389 422 2435 afflictio
445 2391 479 2423 in
497 2391 686 2435 prosperis:
709 2389 883 2423 terminus
906 2397 1026 2422 autem
1049 2397 1101 2422 est
1124 2390 1157 2422 in
1180 2389 1258 2433 ipso
1281 2389 1384 2431 odio;
1412 2390 1495 2435 quia
1522 2390 1614 2424 sicut
1638 2390 1775 2424 bonum

216 2442 397 2477 delectans
420 2450 544 2476 causat
565 2453 752 2484 amorem,
785 2443 833 2476 ita
869 2442 1009 2476 tristitia
1044 2450 1168 2475 causat
1202 2442 1338 2484 odium,
1366 2451 1403 2476 ut
1429 2454 1535 2488 supra
1566 2443 1702 2476 dictum
1724 2450 1777 2476 est

216 2497 263 2541 (q.
280 2508 330 2542 34.
354 2501 418 2530 art.
441 2496 489 2541 6.)
503 2509 512 2530 .·
536 2495 681 2529 afflictio
705 2505 825 2529 autem
841 2496 874 2528 in
892 2495 1070 2540 prosperis
1093 2495 1245 2539 proximi
1262 2507 1325 2529 mm
1343 2496 1436 2530 modo
1456 2504 1508 2530 est
1528 2496 1605 2542 ipsa
1626 2495 1776 2536 invidia,

216 2550 430 2595 inquantum
465 2549 601 2583 scilicet
635 2549 762 2594 aliquis
795 2549 954 2583 tristatur
987 2548 1030 2582 de
1060 2549 1239 2594 prosperis
1271 2549 1432 2594 alicujus,
1455 2549 1654 2583 secundum
1681 2549 1775 2595 quod

218 2603 351 2637 habent
373 2603 527 2649 gloriam
550 2603 765 2648 quamdam:
787 2603 852 2636 alio
875 2613 960 2636 vero
982 2602 1076 2635 modo
1100 2610 1153 2636 est
1176 2601 1245 2635 {ilia
1265 2603 1437 2645 invidiam
1460 2603 1658 2637 secundum
1680 2603 1776 2649 quod

217 2668 387 2702 prospera
410 2656 564 2703 proximi
586 2656 755 2690 eveniunt
782 2664 906 2689 contra
930 2663 1102 2689 conatum
1130 2655 1332 2698 invidentis,
1356 2657 1415 2702 qui
1437 2657 1560 2690 nititur
1585 2656 1775 2702 impedire:

218 2710 389 2744 exultatio
413 2718 534 2744 autem
556 2710 590 2743 in
614 2709 771 2743 adversis
792 2720 865 2742 non
889 2716 941 2742 est
963 2709 1095 2742 directe
1118 2709 1225 2750 idem,
1248 2710 1343 2754 quod
1364 2710 1509 2751 invidia,
1527 2710 1588 2744 sed
1608 2722 1649 2744 ex
1669 2721 1711 2744 ea
1728 2720 1779 2743 se-

218 2764 348 2809 quitur,
370 2775 455 2797 nam
478 2775 521 2798 ex
542 2763 682 2797 tristitia
704 2763 746 2796 de
769 2762 865 2796 bono
888 2762 1054 2807 proximi,
1076 2773 1167 2807 quae
1190 2770 1243 2796 est
1264 2763 1408 2805 invidia,
1426 2763 1585 2809 sequitur
1606 2762 1777 2797 exultatio

219 2817 261 2850 de
285 2816 382 2850 malo
406 2817 576 2861 ejusdem.
