1859 3122
473 219 694 255 QUAi-:srro
728 218 861 249 xcvn.
895 217 1140 249 ARTICULUS
1173 217 1218 247 11.
1541 208 1594 261 69
1602 219 1621 261 3

133 302 362 337 RESPONDEO
384 300 590 342 dicendum,
613 301 722 347 quod,
743 302 834 336 sicut
855 312 962 347 supra
985 300 1121 335 dictum
1144 308 1197 335 est
1217 302 1297 345 (art.
1320 302 1463 347 praec),
1486 308 1624 334 tentare

65 364 117 391 est
138 355 423 402 experimentum
446 366 606 396 sumere;
629 354 748 388 nullus
771 362 893 389 autem
913 355 1201 401 experimentum
1221 355 1331 388 sumit
1353 354 1395 388 de
1419 365 1474 396 eo,
1494 354 1537 388 de
1557 365 1629 400 quo

65 418 118 444 est
139 417 273 450 certus;
296 417 329 443 et
351 408 432 442 ideo
456 408 576 442 omnis
599 408 749 442 tentatio
772 419 813 442 ex
837 407 957 454 aliqua
983 408 1200 453 ignorantia,
1222 407 1281 442 vel
1308 407 1531 442 dubitatione
1554 419 1633 453 pro-

66 463 170 505 cedit,
191 463 243 497 τω]
261 463 336 508 ejus
358 463 416 508 qui
439 469 552 496 tentat
574 462 684 506 (sicut
707 473 790 495 cum
813 462 891 507 quis
915 461 1201 507 experimentum
1225 462 1268 496 de
1298 461 1417 507 aliqua
1443 472 1480 495 re
1507 461 1628 503 sumit,

66 524 104 550 ut
125 517 200 562 ejus
222 515 433 562 qualitatem
461 516 690 560 cognoscat),
711 517 779 550 siva
806 510 959 549 aliorum
989 515 1098 560 (sicut
1125 526 1209 548 cum
1238 515 1316 561 quis
1345 515 1632 561 experimentum

66 570 110 604 de
132 569 252 615 aliquo
274 569 395 611 sumit,
420 576 454 602 ut
477 568 554 602 aliis
577 569 758 613 ostendat)
782 580 844 615 per
865 580 974 614 quem
1001 569 1154 603 modum
1180 569 1280 602 Deus
1308 568 1437 602 dicitur
1462 579 1529 602 nos
1556 576 1630 603 ten-

65 632 152 657 tare.
174 623 345 669 Ignorare
369 630 501 664 autem,
521 621 579 656 vel
597 622 758 656 dubitare
773 623 816 656 de
833 622 888 656 his
903 633 994 668 quae
1014 622 1194 668 pertinent
1210 621 1252 656 ad
1271 622 1341 656 Dei
1359 621 1632 668 perfectionem,

67 684 120 711 est
140 685 349 723 peccatum3
371 676 466 709 unde
489 675 721 710 manifestum
744 683 807 717 est,
830 675 926 721 quod
948 683 1086 709 tentare
1107 675 1241 716 Deum,
1265 675 1308 709 ad
1336 675 1406 710 hoc
1435 675 1531 721 quod
1557 675 1634 721 ipse

66 738 207 765 tentans
230 738 430 775 cognoscat
451 729 519 763 Dei
541 729 723 770 virtutem,
747 737 799 763 est
821 736 1031 774 peccatum:
1054 729 1081 762 si
1105 729 1184 774 quis
1212 737 1334 762 autem
1363 729 1405 762 ad
1432 729 1504 762 hoc
1533 740 1634 775 expe-

67 785 260 818 rimentum
284 791 403 817 sumat
425 794 564 825 eorum,
583 794 674 829 quae
698 782 740 816 ad
760 782 918 816 divinam
933 781 1197 827 perfectionem
1212 782 1403 828 pertinent,
1418 794 1492 816 non
1506 790 1545 816 ut
1557 783 1633 828 ipse

68 845 278 883 cognoscat,
298 837 358 871 sed
382 845 419 870 ut
441 836 518 870 aliis
541 837 775 877 demonstret,
797 835 868 869 hoc
892 846 966 869 non
989 843 1042 869 est
1069 843 1208 869 tentare
1238 835 1378 877 Deum3
1410 847 1493 869 cum
1523 835 1636 870 subsit

66 891 159 936 justa
180 890 387 931 necessitas,
410 901 472 924 seu
494 890 552 936 pia
571 889 716 930 utilitas,
739 897 773 922 et
791 888 871 931 alia,
894 899 986 934 quae
1010 889 1053 921 ad
1076 889 1147 922 hoc
1171 899 1387 922 concurrere
1410 889 1561 923 debent:
1584 889 1635 923 sic

69 945 165 978 enim
188 943 358 990 Apostoli
379 945 581 990 petiverunt
603 954 622 976 a
643 942 819 986 Domino,
839 949 876 976 ut
894 942 931 975 in
952 942 1102 975 nomine
1124 942 1209 987 Jesu
1229 941 1366 976 Christi
1381 941 1507 977 fierent
1521 943 1635 988 signa,

69 1006 107 1032 ut
124 998 253 1032 dicitur
267 998 347 1031 Act.
362 1007 407 1040 4.,
424 997 467 1030 ad
484 996 555 1030 hoc
571 995 711 1030 scilicet
725 996 821 1041 quod
836 995 947 1029 virtus
965 994 1102 1029 Christi
1115 995 1318 1029 infidelibus
1334 995 1635 1030 manifestaretur.

141 1052 201 1085 AD
220 1061 368 1086 PRIMUM
391 1061 478 1095 ergo
502 1049 706 1091 dicendum,
730 1048 826 1095 quod
849 1048 982 1083 solutio
1006 1049 1232 1082 decimarum
1254 1057 1330 1083 erat
1359 1049 1395 1082 in
1425 1048 1506 1095 lege
1537 1060 1636 1095 prae-

71 1113 185 1152 cepta,
207 1113 245 1139 ut
265 1115 372 1149 supra
393 1103 556 1137 habitum
574 1111 627 1137 est
644 1109 689 1148 (q.
711 1103 764 1148 87.
784 1107 848 1138 art.
863 1103 929 1146 1.).·
945 1102 1038 1135 unde
1054 1102 1210 1136 habebat
1224 1103 1479 1137 necessitatem
1495 1114 1536 1137 ex
1553 1102 1639 1137 obli-

70 1158 216 1204 gatione
238 1156 432 1203 praecepti,
459 1164 494 1190 et
514 1155 705 1190 utilitatem
727 1167 818 1202 quae
839 1155 889 1189 ibi
910 1155 1056 1190 dicitur:
1094 1156 1136 1190 Ut
1159 1157 1203 1191 sit
1231 1157 1322 1191 cibus
1350 1158 1385 1190 *in
1413 1156 1509 1190 domo
1540 1168 1634 1197 mecm

71 1212 164 1246 unde
186 1210 361 1246 solvendo
383 1209 543 1244 decimas
564 1221 639 1244 non
659 1209 846 1244 tentabant
867 1209 1009 1243 Deum:
1031 1209 1129 1255 quod
1152 1217 1286 1251 autern,
1300 1209 1436 1244 ibidem
1451 1210 1632 1244 subditur:

70 1267 115 1301 Et
126 1266 266 1312 probate
287 1276 358 1304 me‚·
381 1275 456 1297 non
479 1272 532 1298 est
552 1263 829 1309 intelligendum
852 1262 1054 1305 causaliter,
1074 1263 1176 1309 quasi
1202 1263 1246 1297 ad
1276 1263 1347 1297 hoc
1370 1263 1511 1298 solvere
1535 1263 1637 1297 debe-

70 1327 148 1354 rent
162 1319 335 1360 decimas,
350 1326 389 1352 ut
403 1317 597 1364 probarent
618 1318 647 1351 si
668 1317 768 1351 Deus
791 1317 945 1363 aperiret
967 1317 1017 1351 eis
1039 1325 1239 1351 cataractas
1262 1317 1367 1359 coeli,
1383 1317 1444 1352 sed
1469 1328 1640 1351 consecu-

68 1374 150 1415 tive,
166 1372 249 1419 quia
262 1371 400 1406 scilicet
413 1371 443 1406 si
457 1371 617 1406 decimas
638 1370 831 1413 solverent,
854 1370 1101 1417 experimento
1124 1371 1309 1417 probaturi
1327 1379 1428 1406 erant
1448 1370 1636 1413 beneficia,

70 1437 161 1473 quae
189 1426 238 1460 eis
264 1426 365 1459 Deus
392 1424 582 1459 conferret.

141 1480 200 1514 AD
224 1489 431 1514 sECUNDUM
454 1478 659 1520 dicendum,
683 1478 779 1524 quod
801 1477 920 1524 duplex
941 1486 994 1512 est
1016 1477 1178 1523 cognitio
1202 1477 1344 1511 divinae
1371 1477 1554 1520 bonitatis,
1580 1477 1639 1511 vel

70 1533 283 1568 voluntatis:
304 1544 372 1566 unu
395 1531 540 1578 quidem
564 1531 807 1578 speculativa3
830 1540 864 1565 et
883 1539 1058 1577 quantum
1081 1531 1125 1564 ad
1147 1531 1240 1565 hanc
1262 1543 1337 1565 non
1359 1531 1444 1566 licet
1465 1531 1638 1573 dubitare,

70 1598 137 1622 nec
160 1586 331 1633 probare:
354 1594 474 1619 utrum
496 1585 566 1619 Dei
584 1584 752 1619 voluntas
775 1586 818 1619 sit
837 1585 944 1626 bona,
971 1584 1030 1618 vel
1060 1592 1179 1618 utrum
1208 1585 1308 1618 Deus
1337 1585 1380 1618 sit
1402 1585 1543 1619 suavis:
1571 1585 1640 1618 alia

72 1649 194 1675 autem
216 1648 269 1674 est
292 1639 453 1685 cognitio
481 1639 624 1673 divinae
650 1637 859 1680 voluntatis,
888 1638 961 1671 sive
991 1637 1161 1672 bonitatis
1193 1637 1370 1680 affectiva,
1401 1638 1476 1672 sive
1507 1638 1640 1683 experi-

72 1693 259 1728 mentalis:
281 1694 367 1727 dum
391 1693 468 1738 quis
491 1693 669 1738 experitur
691 1693 725 1726 in
748 1692 867 1738 seipso
899 1699 1045 1737 gustum
1073 1691 1216 1725 divinae
1243 1691 1454 1734 dulcedinis,
1481 1701 1516 1726 et
1543 1704 1641 1726 com-

72 1748 292 1795 placentiam
314 1747 456 1780 divinae
474 1746 691 1780 voluntatis:
714 1746 806 1780 sicut
828 1745 871 1780 de
898 1745 1100 1779 Hierotlieo
1132 1745 1217 1779 dicit
1242 1746 1396 1792 Dionys.
1428 1756 1458 1779 2.
1491 1757 1567 1791 cap.
1595 1745 1639 1779 de

73 1802 155 1835 Div.
169 1801 280 1835 Nom.
301 1800 388 1843 (lect.
403 1811 435 1844 4.
455 1800 639 1845 cirasia),
662 1799 759 1845 quod
785 1812 802 1830 α
824 1799 949 1832 didicit
970 1798 1090 1832 divina
1114 1810 1156 1832 ex
1178 1799 1432 1845 compassione
1453 1800 1496 1833 ad
1515 1800 1592 1845 ipsa
1606 1811 1638 1841 »3

75 1863 110 1890 et
129 1855 200 1889 hoc
222 1855 334 1889 modo
357 1865 562 1898 monemur,
585 1861 623 1887 ut
643 1853 838 1900 probemus
860 1852 931 1886 Dei
951 1851 1190 1894 voluntatem,
1213 1861 1248 1886 et
1268 1861 1456 1897 gustemus
1472 1854 1548 1898 ejus
1563 1863 1640 1886 sua-

74 1908 234 1942 vitatem.

145 1961 205 1996 AD
225 1971 395 1996 TERTIUM
415 1960 621 2002 dicendum,
643 1959 740 2005 quod
762 1960 862 1994 Deus
884 1958 1030 1993 volebat
1051 1959 1195 2005 signum
1217 1959 1301 1993 dare
1324 1961 1398 2005 regi
1414 1960 1550 2001 Achaz,
1565 1971 1639 1993 non

75 2026 139 2061 pro
161 2015 240 2061 ipso
262 2014 394 2056 solum,
417 2014 478 2048 sed
505 2025 569 2060 pro
600 2014 710 2047 totius
741 2012 867 2059 populi
896 2013 1152 2047 instructione:
1181 2021 1216 2047 et
1245 2013 1327 2047 ideo
1355 2014 1640 2060 reprehenditur,

75 2068 177 2114 quasi
197 2068 391 2114 impeditor
414 2067 619 2101 communis
640 2067 738 2108 boni,
762 2074 796 2100 et
817 2066 954 2108 salutis,
974 2066 1070 2112 quod
1093 2067 1237 2112 signum
1256 2075 1377 2112 petere
1392 2067 1557 2101 nolebat:
1573 2078 1639 2101 nec

76 2122 232 2168 petendo
255 2129 427 2155 tentasset
448 2121 589 2154 Deum:
611 2128 688 2154 tum
711 2120 793 2166 quia
816 2132 858 2154 ex
880 2121 1053 2154 mandato
1076 2120 1146 2154 Dei
1164 2121 1341 2166 petiisset:
1364 2129 1442 2154 tum
1465 2121 1548 2166 quia
1569 2121 1641 2154 hoc

76 2175 275 2220 pertinebat
297 2175 340 2208 ad
363 2174 554 2208 utilitatem
577 2183 832 2208 communem:
855 2173 1042 2207 Abraham
1068 2182 1189 2208 autem
1218 2174 1364 2219 signum
1392 2174 1493 2220 petiit
1522 2185 1564 2208 ex
1590 2174 1642 2207 in<

76 2229 207 2263 stinctu
229 2228 370 2262 divino:
394 2236 428 2261 et
449 2228 530 2261 ideo
553 2238 627 2261 non
646 2227 827 2273 peccavit:
846 2226 999 2261 Gedeon
1021 2238 1110 2261 vero
1129 2238 1172 2261 ex
1193 2226 1376 2261 debilitate
1398 2227 1481 2261 fidei
1497 2227 1641 2273 signum

77 2282 220 2328 petiisse
238 2282 398 2316 videtur:
422 2288 456 2315 et
476 2281 558 2314 ideo
582 2293 600 2314 a
623 2288 772 2326 peccato
795 2292 869 2314 non
892 2288 1092 2322 excusatur,
1115 2280 1207 2314 sicut
1227 2281 1310 2314 ibid.
1336 2280 1457 2315 Gloss.
1481 2281 1639 2326 (August.

78 2336 133 2370 lib.
150 2336 230 2380 QQ.
250 2342 323 2382 sup.
341 2334 449 2379 sudic.
472 2346 502 2380 t]-
521 2346 577 2380 49.
600 2339 676 2369 ante
696 2334 796 2379 med.)
819 2334 922 2368 dicit:
951 2334 1045 2368 sicut
1059 2342 1094 2368 et
1107 2334 1300 2368 Zacharias
1315 2334 1489 2379 peccavit,
1505 2335 1642 2375 dicens,

79 2388 166 2423 Luc.
192 2400 232 2430 1.,
255 2389 298 2422 ad
321 2388 525 2434 Angelum:
555 2387 644 2422 Unda
665 2388 723 2422 hoc
743 2389 892 2428 sciam?;
916 2387 1010 2421 unde
1034 2395 1068 2421 et
1083 2395 1229 2432 propter
1244 2388 1336 2421 hanc
1353 2387 1641 2422 incredulitatem

79 2443 222 2487 punitus
243 2441 309 2476 fuit
329 2453 368 2474 »z
392 2441 580 2475 sciendum
601 2449 735 2482 tamen,
757 2441 854 2486 quod
876 2440 1048 2486 dupliciter
1067 2441 1195 2486 aliquis
1218 2441 1362 2487 signum
1384 2441 1471 2487 petit
1493 2452 1511 2473 a
1539 2441 1641 2474 Deo:

81 2507 144 2529 uno
163 2495 257 2530 modo
281 2495 324 2529 ad
347 2494 607 2541 explorandam
630 2494 789 2528 divinam
808 2502 1035 2540 potestatem,
1063 2503 1123 2528 aut
1152 2495 1341 2528 veritatem
1372 2494 1457 2528 dicti
1489 2495 1580 2537 ejus:
1610 2502 1644 2527 et

80 2549 151 2584 hoc
174 2550 217 2583 de
239 2561 275 2583 se
298 2549 450 2594 pertinet
472 2548 515 2582 ad
533 2548 603 2582 Dei
628 2548 884 2582 tentationem:
913 2549 978 2582 ιιῖίο
1006 2548 1099 2581 modo
1131 2549 1173 2581 ad
1204 2548 1274 2581 hoc
1310 2548 1405 2593 quod
1436 2548 1642 2589 instruatur,

83 2604 165 2648 quid
189 2604 282 2637 circa
305 2603 450 2649 aliquod
472 2602 607 2636 factum
630 2602 673 2636 sit
695 2601 868 2647 placitum
889 2602 990 2635 Deo:
1015 2610 1049 2635 et
1071 2601 1141 2635 hoc
1163 2601 1263 2635 nullo
1288 2601 1398 2634 niodo
1421 2601 1574 2647 pertinet
1600 2601 1643 2634 ad

83 2656 151 2690 Dei
171 2657 418 2691 tentationem.

229 3001 256 3027 S.
279 3002 399 3027 TuosiAE
421 3001 524 3028 Summa
551 3001 712 3035 Theologica.
733 3001 797 3027 Vol.
820 3001 871 3028 ΙΙΙ.
1470 3009 1499 3032 43
