1859 3122
153 163 239 207 440
561 159 780 195 QUAESTIO
814 159 899 189 LIX.
933 157 1176 188 ARTICULUS
1208 157 1267 187 111.

221 244 282 278 AD
303 252 451 278 PR1MUM
473 252 560 286 ergo
584 241 788 283 dicendum,
803 240 899 287 quod
914 251 998 273 cum
1020 239 1147 285 aliquis
1168 250 1232 274 sua
1249 237 1434 273 voluntate
1451 239 1512 273 dat
1529 238 1636 274 alicui
1656 239 1704 282 id,

151 297 247 343 quod
269 297 301 330 ei
321 307 394 329 non
417 295 532 336 debet,
546 305 619 328 non
638 293 722 328 facit
736 305 802 328 nec
825 293 1048 339 injustitiam,
1062 303 1128 326 nec
1143 291 1456 338 inaequalitatem:
1473 292 1588 327 homo
1607 293 1703 327 enim

152 362 214 395 per
228 361 330 383 suam
344 348 569 382 voluntatem
591 347 749 394 possidet
770 358 844 381 res:
863 354 898 380 et
918 346 966 380 ita
983 357 1057 379 non
1076 353 1128 379 est
1141 353 1281 390 praeter
1299 356 1402 379 suam
1419 345 1704 391 proportionem,

152 405 180 436 si
203 403 235 436 ei
257 402 390 448 aliquid
417 401 644 435 subtrahatur
671 400 869 434 secundum
896 399 1078 445 propriam
1099 398 1336 440 voluntatem,
1361 397 1420 434 vel
1445 410 1465 432 a
1491 399 1621 445 seipso,
1646 398 1705 434 vel

153 456 194 489 ab
218 455 300 489 alio.

223 509 282 542 AD
310 518 515 542 SECUNDUM
535 506 740 548 dicendum,
759 506 855 552 quod
875 505 993 552 aliqua
1015 516 1167 551 persona
1189 504 1378 551 singularis
1399 512 1517 551 potest
1534 504 1706 551 dupliciter

154 561 392 596 considerari:
416 573 479 594 uno
505 560 598 594 modo
633 560 831 594 secundum
853 571 907 593 se:
930 568 964 593 et
985 560 1034 593 sic
1056 559 1085 593 si
1107 559 1173 593 sibi
1199 558 1344 604 aliquod
1369 566 1631 592 nocumentum
1652 558 1704 592 in-

151 615 252 656 ferat,
274 622 393 660 potest
414 614 559 659 quidem
580 613 713 647 habere
735 613 914 646 rationem
937 612 1080 646 alterius
1114 612 1253 658 peccati
1274 612 1374 657 (puta
1396 612 1704 657 intemperantiae,

149 668 206 702 vel
228 668 519 714 imprudentiae),
535 678 608 701 non
623 674 744 700 tamen
764 666 940 700 rationem
959 666 1170 711 injustitiae:
1193 665 1276 711 quia
1298 665 1388 699 sicut
1408 665 1541 710 justitia
1563 676 1704 711 semper

151 730 203 756 est
229 721 272 755 ad
299 720 463 762 alterum,
485 721 533 754 ita
557 729 590 754 et
610 720 801 765 injustitia:
824 720 889 754 alio
911 719 1005 754 modo
1032 727 1150 765 potest
1176 718 1397 752 considerari
1423 717 1550 764 aliquis
1576 718 1702 760 homo,

148 775 362 821 inquantum
386 781 437 808 est
459 773 590 820 aliquid
614 773 781 815 civitatis,
799 773 936 807 scilicet
957 784 1055 819 pars;
1076 772 1135 806 vel
1155 772 1369 817 inquantum
1391 779 1444 806 est
1466 771 1598 818 aliquid
1620 771 1703 813 Dei,

148 828 286 862 scilicet
308 835 480 868 creatura,
504 835 537 860 et
557 827 700 872 imago:
724 834 758 860 et
779 827 828 860 sic
851 826 911 872 qui
933 826 1090 871 seipsum
1113 825 1256 866 occidit,
1290 833 1324 858 et
1355 824 1523 870 injuriam
1556 825 1703 870 quidem

149 881 245 922 facit,
267 892 340 914 non
362 880 439 921 sibi,
461 880 521 913 sed
545 880 690 921 civitati,
713 888 747 913 et
768 880 861 920 Deo,
884 887 918 913 et
938 879 1020 912 ideo
1043 879 1187 924 punitur
1201 886 1276 912 tam
1298 878 1498 912 secundum
1518 877 1639 923 legem
1657 878 1704 912 di-

150 934 284 975 vinam,
306 945 415 980 quarn
436 933 634 967 secundum
655 933 775 978 legem
796 933 1012 966 humanam:
1036 932 1128 966 sicut
1149 940 1183 965 et
1204 931 1246 965 de
1268 930 1486 965 fornicatore
1505 930 1703 977 Apostolus

151 987 236 1021 dicit
258 987 301 1032 (z.
326 986 404 1020 Cor.
423 987 489 1032 3.):
510 986 547 1020 Si
566 987 637 1031 quis
659 986 815 1032 templum
833 986 898 1019 Dei
923 985 1112 1026 violaverit,
1136 984 1297 1031 disperdet
1317 985 1422 1030 ipsum
1443 985 1542 1018 Dens.

224 1041 283 1074 AD
303 1050 472 1074 TERTIUM
496 1039 700 1081 dicendum,
733 1039 828 1084 quod
851 1039 970 1084 passio
1005 1046 1057 1072 est
1091 1037 1236 1072 effectus
1272 1038 1423 1072 actionis
1446 1038 1645 1072 exterioris:
1667 1038 1702 1071 in

149 1094 221 1128 hoc
245 1101 364 1127 autem
387 1093 483 1138 quod
502 1100 554 1126 est
571 1091 700 1133 facere,
720 1101 754 1126 et
771 1092 844 1138 pati
865 1092 1048 1137 injustum,
1063 1091 1097 1125 id
1113 1091 1208 1137 quod
1230 1090 1416 1125 materiale
1435 1099 1497 1133 est,
1513 1091 1704 1125 attenditur

149 1146 349 1180 secundum
378 1146 412 1179 id
439 1145 535 1191 quod
563 1145 714 1179 exterius
743 1145 868 1190 agitur,
895 1152 1001 1190 prout
1022 1144 1058 1178 in
1079 1156 1116 1178 se
1143 1144 1400 1187 consideratur,
1427 1152 1465 1178 ut
1490 1144 1626 1178 dictum
1652 1153 1705 1179 est

149 1200 230 1244 (art.
254 1199 408 1246 p›·a„’c.):
430 1199 465 1232 id
488 1206 607 1232 autem
629 1198 725 1244 quod
749 1206 801 1232 est
821 1198 869 1231 ibi
890 1197 1054 1239 formale,
1077 1206 1111 1231 et
1132 1209 1193 1242 per
1216 1208 1264 1239 se,
1287 1197 1479 1231 attenditur
1504 1197 1703 1231 secundum

147 1252 374 1286 voluntatem
397 1252 545 1297 agentis,
569 1260 602 1285 et
623 1251 800 1297 patientis,
822 1259 860 1285 ut
882 1262 923 1285 ex
945 1251 1047 1285 dictis
1069 1259 1165 1297 patet
1189 1251 1238 1295 (in
1259 1257 1349 1297 corp.
1368 1257 1398 1286 et
1414 1256 1478 1286 art.
1493 1252 1637 1297 praec.);
1657 1251 1705 1285 di-

149 1306 305 1340 cendum
327 1313 379 1339 est
400 1316 499 1350 ergo,
522 1305 618 1350 quod
641 1304 798 1350 aliquem
816 1303 934 1338 facere
956 1304 1140 1349 injustum,
1160 1312 1193 1338 et
1211 1304 1323 1338 alium
1337 1305 1409 1350 pati
1430 1304 1613 1350 injustum,
1633 1316 1704 1338 ma-

151 1358 322 1393 terialiter
348 1358 542 1404 loquendo,
569 1369 711 1403 semper
737 1368 774 1391 se
802 1357 1107 1391 concomitantur:
1135 1357 1196 1391 sed
1223 1357 1251 1390 si
1277 1357 1474 1391 formaliter
1499 1357 1703 1404 loquamur,

148 1411 267 1445 facere
290 1411 416 1457 aliquis
443 1419 561 1456 potest
585 1411 769 1455 injustum,
795 1410 984 1444 intendens
1010 1410 1182 1455 injustum
1208 1409 1342 1444 facere:
1370 1418 1492 1444 tamen
1515 1411 1603 1444 alius
1629 1422 1702 1445 non

152 1465 304 1511 patietur
330 1465 521 1509 injustum3
543 1464 625 1509 quia
647 1463 773 1497 volens
806 1463 976 1509 patietur:
1001 1471 1034 1496 et
1067 1474 1084 1496 e
1115 1474 1291 1496 converso
1322 1471 1440 1509 potest
1473 1463 1600 1509 aliquis
1631 1465 1704 1509 pati

151 1518 334 1563 injustum,
357 1519 385 1551 si
406 1517 534 1550 nolens
556 1517 589 1550 id
609 1517 704 1562 quod
725 1524 778 1550 est
796 1517 978 1561 injustum,
1001 1516 1171 1562 patiatur:
1188 1524 1222 1550 et
1241 1524 1363 1550 tamen
1381 1516 1441 1550 ille
1456 1517 1516 1562 qui
1530 1517 1600 1551 hoc
1618 1516 1704 1552 facit

150 1571 332 1617 ignorans,
353 1581 428 1604 non
448 1569 555 1604 faciet
575 1570 746 1615 injustum
768 1568 979 1611 formaliter,
1002 1569 1062 1603 sed
1085 1568 1316 1603 materialiter
1336 1576 1486 1604 tantum.

691 1709 1034 1754 ARTICULUS
1067 1710 1142 1753 IV.
1637 1731 1699 1767 333

240 1819 390 1848 UTRUM
419 1818 682 1854 QUICUMQUE
709 1818 837 1847 FACIT
871 1817 1096 1859 INJUSTUM,
1122 1817 1289 1846 PECCET
1317 1817 1612 1847 MORTALITER.

479 1906 580 1952 (Insr.
602 1917 631 1951 q.
655 1906 710 1951 69.
733 1910 798 1940 art.
819 1918 846 1940 I.
869 1911 956 1950 corp.
971 1910 1000 1940 ct
1018 1917 1048 1950 q.
1067 1916 1120 1950 70.
1144 1909 1206 1939 art.
1229 1916 1260 1948 4.
1280 1910 1370 1950 corp.

706 1964 736 1993 et
756 1971 784 2005 q.
807 1970 876 1994 110.
898 1964 962 1993 art.
980 1970 1008 2004 3.
1030 1958 1146 2004 corp).

221 2047 281 2080 AD
296 2057 482 2085 QUARTUM
502 2047 551 2080 sic
568 2047 782 2092 proceditur.
798 2046 958 2088 Videtur,
974 2046 1069 2092 quod
1084 2057 1157 2079 non
1173 2045 1390 2091 quicumque
1412 2044 1496 2079 facit
1517 2045 1699 2090 injustum,

148 2107 272 2145 peccet
294 2099 510 2133 mortaliter:
530 2109 720 2145 peccatum
739 2101 834 2133 enim
849 2098 988 2132 veniale
1004 2098 1148 2132 mortali
1170 2099 1378 2144 opponitur:
1402 2099 1462 2132 sed
1485 2099 1700 2144 quandoque

147 2152 286 2186 veniale
309 2160 498 2198 peccatum
521 2161 583 2193 est,
603 2153 698 2198 quod
718 2152 844 2198 aliquis
866 2151 973 2185 faciat
994 2152 1182 2195 injustum:
1207 2151 1292 2185 dicit
1314 2151 1411 2185 enim
1432 2151 1644 2198 Philosoph.
1664 2152 1698 2185 in

150 2217 177 2250 ς.
201 2206 360 2239 Ethicor.
385 2206 472 2251 (cap.
487 2206 536 2249 S.)
556 2206 597 2239 de
616 2206 745 2250 injusta
765 2205 950 2250 agentibus
969 2204 1138 2250 loquens:
1161 2218 1178 2236 «
1200 2204 1463 2250 Quaecumque
1485 2216 1558 2238 non
1580 2205 1699 2239 solum

146 2259 366 2304 ignorantes,
393 2259 453 2292 sed
481 2266 515 2292 et
540 2266 684 2303 propter
710 2258 953 2302 ignorantiam
979 2265 1140 2303 peccant,
1166 2257 1320 2291 venialia
1347 2265 1429 2291 sunt
1450 2269 1490 2299 »3
1512 2268 1599 2304 ergo
1625 2269 1698 2292 non

146 2312 364 2357 quicumque
385 2310 469 2344 facit
489 2311 672 2355 injustum,
694 2310 893 2344 mortaliter
914 2318 1049 2356 peccat.

215 2375 246 2399 2.
269 2365 503 2399 PRAETEREA.
522 2364 595 2404 Qui
617 2364 651 2397 in
675 2363 795 2409 aliquo
819 2375 928 2409 parvo
952 2363 1163 2408 injustitiam
1186 2363 1282 2405 facit,
1304 2375 1431 2410 parum
1451 2375 1470 2397 a
1492 2364 1612 2398 medio
1640 2364 1700 2398 de-

145 2419 274 2453 clinat:
295 2418 356 2452 sed
383 2418 453 2451 hoc
481 2417 621 2451 videtur
650 2428 726 2450 esse
760 2416 958 2458 tolerabile,
982 2423 1015 2450 et
1045 2417 1136 2450 inter
1165 2417 1314 2451 minima
1342 2416 1523 2450 malorum
1552 2428 1699 2464 compu-

144 2471 305 2512 tandum,
327 2479 365 2504 ut
386 2479 482 2516 patet
504 2481 565 2516 per
587 2469 723 2503 Philos.
747 2469 782 2503 in
805 2479 835 2503 2.
858 2469 1017 2503 Ethicor.
1040 2471 1126 2516 (cap.
1150 2470 1243 2513 zclt.)‚·
1272 2480 1346 2503 non
1369 2480 1456 2515 ergo
1479 2470 1697 2517 quicumque

144 2525 229 2559 facit
249 2525 432 2569 injustum,
454 2531 580 2569 peccat
602 2523 812 2557 mortaliter.

219 2589 247 2623 3.
270 2577 504 2612 PRAETEREA.
529 2577 696 2611 Charitas
719 2584 771 2609 est
792 2584 906 2609 mater
928 2576 1091 2609 omnium
1114 2576 1298 2617 virtutum,
1321 2588 1363 2610 ex
1385 2576 1485 2622 cujus
1508 2577 1700 2611 contrarie-

144 2639 216 2665 tate
239 2631 384 2676 aliquod
406 2637 595 2676 peccatum
619 2629 747 2663 dicitur
768 2628 939 2663 mortale:
964 2629 1024 2662 sed
1043 2640 1116 2662 non
1131 2630 1254 2663 omnia
1270 2637 1417 2675 peccata
1437 2629 1603 2675 opposita
1621 2629 1697 2663 aliis

143 2685 330 2718 virtutibus
353 2692 434 2718 sunt
460 2683 644 2725 mortalia3
668 2694 754 2729 ergo
771 2683 879 2716 etiam
901 2694 1016 2728 neque
1039 2682 1156 2717 facere
1180 2683 1351 2728 injustum
1373 2694 1515 2729 semper
1541 2691 1594 2717 est
1619 2695 1698 2729 pec-

146 2746 267 2771 catum
289 2737 454 2771 mortale.

217 2791 291 2824 SED
314 2801 479 2825 CONTRA.
505 2789 688 2835 Quidquid
713 2797 766 2823 est
788 2797 912 2823 contra
931 2788 1048 2834 legem
1063 2789 1143 2830 Dei,
1164 2798 1215 2823 cst
1237 2797 1424 2835 peccatum
1448 2789 1617 2823 mortale:
1633 2790 1694 2824 sed

146 2843 362 2890 quicumque
383 2843 468 2877 facit
489 2843 672 2889 injustum,
694 2841 779 2876 facit
801 2850 926 2876 contra
947 2850 1180 2889 praeceptum
1202 2842 1291 2888 legis
1309 2843 1397 2885 Dei3
1419 2842 1501 2889 quia
1522 2841 1580 2877 vel
1597 2842 1696 2877 redu-
