1859 3122
211 121 294 163 680
633 132 853 167 QUAESTIO
888 132 987 161 XCV.
1021 131 1265 162 ARTICULUS
1298 132 1355 160 VI.

209 215 295 249 dens
318 224 354 247 se
376 213 509 247 habent
532 212 574 245 ad
601 211 738 246 futuros
770 220 937 246 eventus:
962 221 995 246 et
1017 212 1045 246 si
1067 212 1284 258 quandoque
1314 211 1421 246 simul
1451 219 1678 254 concurrant,
1700 212 1767 246 erit

210 267 374 301 casuale:
398 265 590 311 quandoque
611 277 697 299 vero
721 277 829 299 causa
850 266 1043 300 intrinseca
1066 266 1296 300 somniorum
1312 273 1365 299 est
1383 265 1591 312 corporalis,
1612 276 1699 299 nam
1724 276 1766 298 ex

209 319 371 354 interiori
393 319 628 364 dispositione
652 319 813 365 corporis
843 318 1019 353 formatur
1046 319 1173 366 aliquis
1200 327 1320 353 motus
1347 319 1383 353 in
1416 319 1605 364 phantasia
1640 329 1769 353 conve-

209 373 310 406 niens
334 371 396 406 tali
415 372 658 418 dispositioni:
683 372 774 406 sicut
788 372 941 414 homini,
962 373 998 406 in
1017 384 1088 418 quo
1104 373 1286 406 abundant
1306 372 1425 418 frigidi
1443 372 1628 414 humores,
1647 383 1770 407 occur-

209 434 290 459 runt
311 425 503 466 insomina,
526 425 623 471 quod
645 425 688 459 sit
709 425 745 459 in
767 437 871 471 aqua,
893 425 951 460 vel
972 426 1073 459 nive:
1097 434 1131 460 et
1149 434 1294 472 propter
1307 425 1377 459 hoc
1394 425 1526 460 medici
1548 426 1671 460 dicunt
1692 436 1768 459 esse

207 478 467 513 intendendum
482 478 632 512 somniis
648 478 691 512 ad
708 479 1006 524 cognoscendum
1018 479 1207 514 interiores
1223 479 1485 525 dispositiones.
1506 478 1627 513 Causa
1648 486 1769 512 autem

209 532 436 566 somniorum
459 533 612 566 exterior
633 531 798 566 similiter
813 540 865 566 est
886 532 1021 578 duplam·
1039 532 1175 567 scilicet
1196 532 1388 578 corporalis,
1413 540 1447 566 et
1467 532 1658 578 spiritualis.
1682 531 1770 566 Cor-

210 584 343 631 poralis
360 585 518 631 quidem,
533 587 759 630 inquantum,
781 585 994 630 imaginatio
1010 585 1221 620 dormientis
1236 586 1448 619 immutatur
1461 584 1519 619 vel
1534 585 1575 618 ab
1592 588 1672 619 aere
1688 595 1771 618 con-

208 638 347 680 tinenti,
369 638 428 672 vel
449 650 491 672 ex
512 638 751 684 impressione
774 638 940 672 coelestis
964 639 1145 684 corporis;
1169 647 1207 673 ut
1227 639 1277 674 sic
1293 638 1486 672 dormienti
1500 638 1640 684 aliquae
1661 638 1770 684 phan-

207 692 318 726 tasiae
335 699 531 738 appareant
546 691 753 726 conformes
769 691 982 726 coelestium
997 692 1239 738 dispositioni:
1256 691 1449 738 spiritualis
1459 699 1577 726 autem
1595 702 1703 725 causa
1718 698 1771 725 est

208 745 401 791 quandoque
415 745 561 790 quidem
577 756 595 778 a
610 745 703 787 Deo,
726 746 786 791 qui
806 745 1005 779 ministerio
1029 745 1258 791 Angelorum
1280 744 1399 791 aliqua
1413 745 1622 779 hominibus
1636 743 1771 779 revelat

207 800 242 832 in
258 798 421 840 somniis,
444 798 643 832 secundum
659 797 746 832 illud
768 798 877 834 Num.
905 808 976 833 12.:
999 799 1034 833 51·
1055 799 1241 845 quisszaarit
1262 799 1591 845 intervospropheta
1612 798 1767 840 Domini,

208 853 243 886 in
263 853 387 886 visione
409 853 572 898 apparebo
594 853 635 894 ei,
657 852 710 886 vel
724 858 786 898 per
802 853 968 886 somnium
990 851 1108 897 loquar
1126 851 1168 886 ad
1185 852 1302 886 illum:
1326 851 1516 897 quandoque
1536 862 1623 885 vero
1643 862 1767 897 opera-

208 905 306 940 tione
329 905 552 939 daemonum
575 905 715 950 aliquae
737 905 948 951 phantasiae
971 904 1232 939 dormientibus
1249 913 1431 951 apparent,
1459 916 1500 938 ex
1516 904 1642 950 quibus
1664 915 1771 950 quan-

209 959 327 1005 doque
351 958 469 1005 aliqua
490 958 607 993 futura
629 958 790 992 revelant
811 959 878 1000 his,
901 958 961 1004 qui
983 970 1067 992 curn
1089 959 1138 992 eis
1160 959 1294 992 habent
1314 966 1419 1004 pacta
1440 957 1583 1001 illicita3
1610 957 1660 992 sic
1684 968 1770 1003 ergo

209 1012 415 1054 dicendum,
437 1012 533 1058 quod
548 1012 578 1046 si
592 1012 671 1058 quis
694 1019 812 1046 utatur
834 1011 984 1046 somniis
1007 1011 1051 1045 ad
1073 1011 1417 1058 praecognoscentia
1428 1010 1557 1053 futura,
1571 1011 1771 1045 secundum

209 1065 305 1111 quod
320 1065 463 1099 somnia
478 1066 679 1111 procedunt
697 1076 739 1099 ex
754 1064 974 1099 revelatione
991 1065 1121 1107 divina,
1143 1065 1201 1099 vel
1220 1076 1262 1099 ex
1277 1076 1384 1099 causa
1398 1064 1553 1099 naturali
1566 1064 1771 1107 intrinseca,

209 1119 283 1153 sive
307 1119 516 1161 extrinseca,
540 1127 714 1165 quantum
736 1126 854 1164 potest
875 1129 912 1152 se
933 1118 1045 1152 virtus
1060 1118 1139 1153 talis
1155 1130 1284 1153 causae
1301 1119 1503 1161 extendere,
1525 1129 1599 1152 non
1622 1119 1687 1153 erit
1706 1118 1773 1153 illi-

211 1171 280 1205 cita
304 1171 495 1212 divinatio;
518 1173 547 1206 si
569 1180 691 1206 autem
712 1172 923 1217 hujusmodi
945 1172 1117 1206 divinatio
1134 1180 1298 1207 causetur
1320 1184 1361 1207 ex
1379 1172 1600 1207 revelatione
1622 1172 1767 1207 daemo-

209 1236 309 1267 num,
328 1236 410 1259 cum
434 1226 560 1271 quibus
575 1234 680 1271 pacta
701 1225 878 1259 habentur
894 1237 1071 1272 expressa,
1087 1226 1168 1272 quia
1184 1226 1227 1260 ad
1242 1227 1312 1260 hoc
1328 1226 1554 1268 invocantur,
1572 1225 1630 1260 vel
1647 1226 1768 1268 tacita,

210 1278 293 1323 quia
314 1278 525 1323 hujusmodi
547 1279 719 1313 divinatio
748 1278 948 1312 extenditur
975 1279 1018 1313 ad
1041 1280 1137 1325 quod
1165 1291 1201 1314 se
1227 1291 1301 1315 non
1328 1287 1446 1326 potest
1473 1279 1676 1322 extendere,
1704 1281 1768 1314 erit

211 1331 384 1365 divinatio
406 1331 542 1374 illicita,
566 1340 600 1366 et
621 1332 879 1378 superstitiosa.

281 1385 324 1420 Et
346 1396 408 1431 per
429 1385 499 1419 hoc
522 1393 619 1431 patet
640 1386 827 1431 responsio
850 1396 899 1420 AD
923 1396 1095 1432 OBJEcTA.

761 1509 1106 1554 ARTICULUS
1140 1510 1239 1554 VII.
1708 1533 1767 1568 511

369 1617 523 1648 UTRUM
544 1617 791 1658 DIVINATIO,
816 1618 934 1654 QUAE
958 1619 1027 1648 FIT
1054 1620 1133 1648 PER
1155 1619 1362 1659 AUGURIA,
1386 1619 1441 1648 ET
1470 1619 1625 1658 OMINA,

301 1683 355 1712 ET
389 1683 512 1712 ALIAS
547 1683 795 1725 HUJUSMODI
831 1684 1183 1714 OBSERVATIONES
1212 1685 1491 1714 EXTERIORUM
1523 1684 1683 1724 RERUM,

841 1750 907 1778 SIT
941 1750 1147 1779 ILLICITA.

261 1830 349 1873 (Lib.
364 1841 390 1875 3.
416 1830 531 1864 Contr.
551 1842 581 1874 g.
605 1836 675 1875 cap.
699 1842 765 1875 154.
788 1836 817 1865 et
837 1837 946 1876 opusc.
968 1842 1015 1876 25.
1039 1837 1109 1877 cap.
1129 1843 1158 1877 3.
1178 1836 1205 1865 et
1223 1843 1251 1877 5.
1270 1836 1298 1865 et
1319 1831 1382 1865 Im.
1402 1842 1432 1866 2.
1450 1831 1518 1865 lect.
1539 1842 1571 1866 2.
1587 1831 1724 1877 princ).

307 1919 365 1951 AD
393 1928 584 1952 SEPTIMUM
611 1920 660 1952 sic
687 1919 903 1963 proceditur.
930 1918 1091 1960 Videtur,
1120 1919 1216 1964 quod
1245 1919 1428 1960 divinatio,
1456 1929 1546 1964 quae
1570 1918 1608 1953 fit
1628 1930 1690 1965 per
1715 1930 1773 1952 au-

210 1972 322 2017 guria,
346 1980 380 2005 et
401 1972 536 2013 omina,
558 1979 592 2005 et
614 1972 700 2005 alias
722 1972 931 2017 hujusmodi
954 1972 1223 2006 observationes
1243 1972 1461 2006 exteriorum
1484 1983 1616 2014 rerum,
1634 1983 1708 2006 non
1726 1971 1772 2006 sit

209 2024 353 2058 illicita:
376 2026 405 2058 si
427 2026 523 2059 enim
550 2032 643 2059 esset
665 2025 789 2059 illicita
810 2025 925 2059 sancti
945 2026 1011 2059 viri
1034 2037 1074 2060 ea
1096 2037 1169 2059 non
1191 2033 1392 2068 uterentur;
1415 2025 1477 2059 sed
1499 2025 1542 2060 de
1565 2025 1700 2071 Joseph
1722 2025 1771 2059 le-

210 2078 304 2123 gitur
319 2078 415 2123 quod
438 2078 595 2123 auguriis
610 2078 834 2113 intendebat:
855 2078 984 2124 legitur
999 2079 1095 2112 enim
1112 2078 1203 2112 Gen.
1218 2088 1274 2123 43.
1290 2079 1386 2124 quod
1401 2078 1626 2124 dispensator
1635 2078 1770 2125 Joseph

211 2131 314 2166 dixit:
331 2131 487 2177 quffluw,
504 2143 597 2176 quem
604 2132 718 2177 furati
732 2134 812 2172 estis,
835 2134 898 2178 ipse
919 2137 971 2173 est,
994 2134 1027 2166 in
1046 2144 1107 2177 quo
1131 2133 1211 2166 bibit
1233 2132 1385 2166 dommus
1408 2144 1506 2175 meus,
1526 2137 1553 2166 et
1575 2133 1609 2166 in
1631 2144 1693 2178 quo
1712 2144 1770 2167 an-

206 2186 326 2230 gurari
342 2185 428 2226 solet,
448 2185 570 2229 etipse
592 2192 715 2230 postea
738 2185 823 2219 dixit
844 2185 1008 2219 fratribus
1023 2186 1114 2219 suis:
1131 2186 1187 2219 An
1210 2187 1379 2230 ignoratis,
1403 2185 1488 2230 quod
1509 2197 1574 2219 non
1594 2187 1636 2220 sit
1653 2186 1771 2220 similis

210 2239 274 2272 mei
291 2237 525 2283 inaugurandi
545 2239 704 2272 scientia?
718 2238 814 2283 Ergo
830 2240 879 2272 uti
906 2238 968 2272 tali
990 2238 1211 2272 divinatione
1233 2249 1307 2272 non
1330 2246 1382 2272 est
1402 2237 1580 2272 illicitum.

281 2301 312 2325 2.
327 2291 562 2326 PRAETEREA.
584 2291 681 2325 Aves
709 2291 826 2337 aliqua
857 2292 951 2326 circa
979 2291 1116 2326 futuros
1146 2299 1293 2325 eventus
1320 2300 1528 2337 temporum
1561 2291 1771 2326 naturaliter

210 2352 448 2390 cognoscunt,
468 2344 667 2378 secundum
685 2344 771 2377 illud
797 2345 954 2378 Hieretn.
978 2345 1029 2379 8.:
1053 2345 1178 2379 Milvus
1200 2346 1234 2379 in
1253 2345 1338 2379 coelo
1350 2346 1501 2390 cognovi!
1516 2350 1639 2391 tempus
1651 2357 1767 2386 sunm;

209 2404 331 2440 turtur,
354 2404 382 2433 et
400 2398 551 2439 hirundo,
575 2403 604 2432 et
625 2399 753 2432 ciconia
776 2398 996 2432 custodierunt
1019 2403 1142 2445 tempas
1164 2398 1324 2433 adventus
1344 2400 1412 2439 sui‚·
1436 2398 1497 2432 sed
1519 2398 1690 2433 naturalis
1713 2410 1771 2433 co-

209 2452 321 2497 gnitio
344 2460 397 2486 cst
417 2450 625 2493 infallibilis,
647 2459 681 2485 et
709 2463 727 2484 a
755 2451 858 2493 Deo;
887 2463 973 2497 ergo
1005 2452 1054 2486 uti
1084 2452 1292 2497 cognitione
1323 2452 1443 2485 avium
1476 2452 1519 2486 ad
1548 2463 1770 2498 praecogno-

208 2506 382 2540 scendum
405 2505 532 2547 futura,
555 2505 651 2550 quod
674 2513 726 2538 est
749 2505 926 2549 augurari,
950 2517 1022 2539 non
1045 2506 1186 2540 videtur
1208 2517 1283 2540 esse
1306 2505 1483 2539 illicitum.

282 2571 310 2604 3.
325 2559 560 2593 PRAETEREA.
575 2558 726 2592 Gedeon
738 2558 772 2591 in
784 2569 936 2592 numero
950 2559 1168 2593 Sanctorum
1188 2559 1343 2604 ponitur,
1356 2566 1392 2592 ut
1407 2565 1502 2604 patet
1517 2559 1560 2592 ad
1576 2559 1768 2602 Hebr.11.;

206 2612 267 2646 sed
292 2612 444 2647 Gedeon
466 2623 550 2646 usus
571 2611 636 2645 fuit
658 2611 791 2653 omine,
815 2622 855 2645 ex
878 2611 948 2644 hoc
971 2612 1067 2656 quod
1091 2612 1226 2646 audivit
1246 2611 1509 2654 recitationem,
1537 2620 1571 2646 et
1596 2612 1766 2658 interpre-

205 2666 381 2700 tationem
392 2666 579 2711 cujusdam
590 2664 896 2709 somnii,utJudic.
911 2675 941 2709 7.
957 2665 1104 2706 dicitur3
1120 2665 1282 2699 similiter
1296 2665 1433 2699 Eliezer
1448 2676 1570 2699 servus
1586 2665 1767 2708 Abrahae,

206 2727 242 2752 ut
263 2719 394 2763 legitur
417 2718 507 2753 Gen.
532 2728 606 2761 24.;
630 2729 716 2764 ergo
736 2717 886 2759 videtur,
908 2717 1004 2763 quod
1023 2717 1102 2751 talis
1126 2718 1298 2752 divinatio
1320 2729 1394 2752 non
1417 2718 1460 2752 sit
1479 2717 1612 2752 illicita.

278 2772 352 2807 SED
376 2782 530 2807 CONTRA
555 2780 618 2814 est,
650 2771 745 2818 quod
777 2771 905 2806 dicitur
933 2771 1131 2806 Deuteron.
1167 2772 1236 2805 18.:
1271 2772 1347 2806 Non
1369 2773 1559 2806 inveniatur
1588 2773 1684 2815 inte,
1710 2772 1767 2818 qui

206 2826 352 2861 observet
374 2827 528 2870 auguria.
