1859 3122
198 110 280 165 598
563 121 784 156 QUAESTIO
818 121 996 151 LXXXIII.
1024 120 1268 151 ARTICULUS
1300 122 1371 151 XV.

195 211 264 237 test
285 201 477 248 aliquando
500 201 626 248 aliquis
648 213 690 236 ex
712 202 895 247 condigno
918 202 1018 237 alteri
1041 203 1190 246 mereri3
1213 211 1247 237 et
1264 211 1409 249 propter
1426 203 1497 237 hoc
1515 214 1589 238 non
1606 213 1749 250 semper

194 255 255 289 ille
277 255 426 297 auditur,
450 255 510 301 qui
531 266 594 301 pro
619 254 689 289 alio
712 263 800 298 orat,
819 263 857 290 ut
877 267 983 302 supra
1003 256 1167 290 habitum
1189 264 1241 290 est
1263 256 1340 300 (art.
1364 267 1392 302 7.
1415 257 1484 302 huj.
1500 268 1530 302 q.
1545 257 1587 291 ad
1599 268 1630 291 2.
1645 261 1674 291 et
1686 256 1748 303 3.);

196 316 230 342 et
250 309 331 342 ideo
353 317 534 353 ponuntur
555 316 708 354 quatuor
730 309 967 350 conditiones,
990 309 1116 355 quibus
1135 309 1441 351 concurrentibus,
1461 321 1603 356 semper
1622 309 1749 355 aliquis

195 362 364 407 impetrat
385 361 481 407 quod
502 362 605 407 petit3
629 370 666 396 ut
686 361 847 396 scilicet:
869 374 933 408 pro
956 373 994 396 se
1016 370 1123 408 petat,
1144 363 1347 397 necessaria
1369 363 1412 396 ad
1439 362 1603 405 salutem,
1624 364 1694 409 pie,
1715 370 1751 396 et

197 423 474 460 perseveranter.

265 468 324 502 AD
347 478 517 503 TERTIUM
538 468 742 510 dicendum,
763 469 858 514 quod
877 469 992 503 oratio
1008 469 1168 504 innititur
1181 469 1423 515 principaliter
1437 469 1530 512 fidei,
1545 481 1620 503 non
1638 480 1750 516 quan-

196 530 272 555 tum
294 521 337 555 ad
360 520 558 556 efficaciam
581 522 753 564 merendi,
776 523 858 568 quia
873 523 922 556 sic
938 523 1098 557 innititur
1113 522 1355 569 principaliter
1374 523 1548 564 charitati,
1564 523 1627 557 sed
1642 534 1750 568 quan-

197 583 274 609 tum
302 575 343 609 ad
366 574 565 609 efficaciam
585 575 819 621 impetrandi:
842 576 924 622 qui-a
951 587 1012 622 per
1038 576 1146 610 fidem
1172 576 1280 610 habet
1304 576 1418 610 homo
1445 576 1612 610 notitiam
1638 576 1752 610 omni-

196 628 377 674 potentiae
399 628 552 671 divinae,
575 637 609 663 et
630 629 911 671 misericordiae,
933 640 976 663 ex
997 630 1124 675 quibus
1146 629 1262 664 oratio
1283 629 1452 676 impetrat
1472 629 1569 676 quod
1590 629 1688 675 petit.

728 789 1071 834 ARTICULUS
1099 789 1219 832 XVI.
1682 810 1748 846 453

251 908 404 938 UTRUM
447 908 730 939 PECCATORES
776 909 958 939 ORANDO
1004 909 1251 939 IMPETRENT
1295 908 1478 943 ALIQUID
1526 908 1554 937 A
1599 909 1699 939 DEO.

295 1008 398 1054 (Insr.
420 1020 449 1054 q.
471 1009 542 1054 178.
565 1013 628 1043 art.
650 1020 681 1044 2.
703 1009 745 1043 ad
765 1022 792 1044 1.
815 1014 842 1043 et
860 1009 932 1044 Pot.
955 1021 984 1055 q.
1008 1009 1040 1044 6.
1063 1013 1126 1043 art.
1149 1021 1180 1055 9.
1204 1008 1245 1043 ad
1259 1020 1287 1055 5.
1307 1009 1446 1053 etsoan.
1461 1019 1494 1053 4.
1514 1008 1582 1043 lect.
1601 1009 1658 1055 3.).

271 1108 331 1143 AD
354 1119 680 1144 SEXTUMDECIMUM
699 1110 747 1144 sic
770 1109 984 1155 proceditur.
1003 1109 1164 1151 Videtur,
1184 1109 1280 1155 quod
1302 1117 1510 1154 peccatores
1527 1108 1664 1143 orando
1679 1120 1752 1143 non

199 1161 391 1208 impetrent
413 1161 545 1208 aliquid
568 1174 587 1196 a
608 1163 707 1197 Deo:
732 1163 860 1197 dicitur
882 1163 977 1196 enim
995 1162 1098 1208 Joan.
1120 1174 1170 1209 9.:
1193 1163 1330 1205 Scimus,
1353 1164 1431 1208 quia
1451 1168 1636 1208 peccatores
1662 1163 1753 1197 Deus

199 1227 264 1249 *non
285 1216 396 1250 audit:
415 1216 511 1261 quod
531 1224 708 1250 consonat
729 1216 761 1250 ei
776 1216 871 1262 quod
887 1216 1014 1250 dicitur
1029 1216 1196 1250 Proverb.
1217 1216 1292 1250 28.:
1317 1216 1387 1260 Qui
1405 1216 1544 1250 declinat
1558 1227 1653 1250 aures
1668 1227 1752 1258 suas,

199 1281 237 1303 ne
258 1269 353 1303 audit
372 1269 483 1314 legem,
505 1271 611 1303 oratio
634 1272 701 1315 ejus
721 1271 782 1304 crit
808 1269 1018 1304 execrabilis:
1042 1269 1158 1303 oratio
1182 1277 1302 1303 autem
1324 1268 1533 1303 execrabilis
1554 1280 1628 1303 non
1645 1269 1756 1315 impe-

199 1330 268 1356 trat
289 1321 422 1368 aliquid
445 1334 464 1355 a
485 1323 587 1365 Deo3
609 1334 696 1368 ergo
719 1331 927 1368 peccatores
949 1334 1023 1356 non
1044 1323 1237 1367 impetrant
1259 1322 1392 1368 aliquid
1416 1334 1434 1356 a
1455 1323 1548 1357 Deo.

271 1386 302 1410 2.
324 1376 559 1411 PRAETEREA.
577 1377 668 1422 Justi
690 1379 881 1422 impetrant
903 1388 922 1410 a
944 1377 1024 1410 Deo
1047 1376 1134 1410 illud
1161 1376 1257 1422 quod
1281 1385 1473 1418 merentur,
1501 1384 1539 1410 ut
1564 1387 1671 1422 supra
1695 1375 1756 1410 ha-

199 1429 315 1463 bitum
338 1437 390 1464 est
413 1429 490 1473 (art.
507 1436 618 1476 praec.
636 1429 677 1464 ad
698 1431 744 1474 2.)
759 1443 768 1464 .·
791 1430 852 1464 sed
874 1438 1083 1476 peccatores
1098 1429 1188 1463 nihil
1204 1438 1353 1475 possunt
1368 1430 1517 1472 mereri3
1541 1429 1623 1475 quia
1642 1429 1755 1475 gratia

201 1491 334 1524 carent,
350 1490 383 1516 et
401 1484 506 1516 etiam
525 1483 709 1525 charitate,
725 1495 816 1529 quae
836 1492 887 1517 est
905 1483 1015 1517 virtus
1030 1483 1181 1528 pietatis,
1196 1491 1234 1517 ut
1249 1483 1334 1517 dicit
1353 1482 1454 1517 Glos.
1470 1483 1594 1528 (interl.
1612 1483 1753 1529 implic.)

202 1546 232 1570 2.
256 1536 299 1570 ad
323 1535 459 1570 Timot.
486 1548 513 1582 3.
541 1548 645 1582 super
672 1536 778 1570 illud:
806 1537 971 1571 Habentes
997 1536 1124 1582 quidem
1146 1537 1281 1582 spesiem
1303 1537 1447 1582 pictatis,
1468 1538 1627 1571 virtatem
1649 1540 1756 1570 autem

200 1592 268 1635 ejus
289 1591 494 1635 abnegantes,
515 1598 548 1624 et
569 1591 617 1624 ita
638 1601 712 1624 non
734 1590 791 1635 pie
811 1598 932 1632 orant3
953 1589 1048 1635 quod
1070 1589 1261 1635 requiritur
1283 1590 1325 1623 ad
1348 1589 1419 1622 hoc
1441 1589 1536 1635 quod
1559 1589 1674 1623 oratio
1693 1589 1757 1622 im-

201 1651 326 1689 petret,
347 1651 385 1677 ut
405 1654 510 1689 supra
529 1643 665 1678 dictum
687 1651 739 1677 est
753 1645 956 1689 (arhpraec.
972 1643 1013 1677 ad
1034 1644 1103 1688 2.),·
1127 1654 1214 1688 ergo
1233 1649 1442 1688 peccatores
1455 1641 1546 1676 nihil
1563 1643 1757 1688 impetrant

203 1697 352 1731 orando.

275 1761 304 1796 3.
326 1751 561 1786 PRAETEREA.
585 1750 773 1796 Chrysost.
797 1750 882 1784 dicit
899 1761 1004 1796 super
1025 1749 1152 1783 Matth.
1176 1750 1344 1794 (hom.14.
1360 1750 1393 1783 in
1417 1755 1508 1796 opere
1528 1748 1755 1796 imperfecto):

205 1804 343 1838 «Pater
363 1816 437 1838 non
459 1803 610 1838 libenter
637 1804 779 1838 exaudit
805 1803 1022 1845 orationem,
1050 1814 1159 1849 quam
1185 1802 1278 1836 filius
1304 1813 1378 1836 non
1406 1803 1604 1837 dictavit›>:
1633 1802 1695 1837 sed
1721 1804 1757 1836 in

203 1858 378 1899 oratione,
400 1869 508 1903 quam
532 1857 697 1892 Christus
713 1857 870 1898 dictavit,
892 1856 1036 1890 dicitur:
1060 1857 1202 1891 Dimitte
1228 1857 1318 1890 nobis
1348 1856 1456 1891 debita
1480 1861 1602 1898 nostra,
1621 1858 1704 1891 sicut
1728 1860 1758 1890 et

202 1923 258 1945 nos
279 1910 472 1945 dimittimus
494 1910 692 1945 dabitoribus
714 1912 852 1951 nostris,·
876 1910 971 1956 quod
994 1918 1203 1956 peccatores
1222 1921 1296 1944 non
1311 1909 1462 1952 faciunt;
1485 1921 1571 1956 ergo
1589 1909 1648 1944 vel
1662 1920 1758 1943 men-

203 1964 337 1998 tiuntur
362 1964 433 1998 hoc
462 1964 639 2006 dicentes;
668 1971 700 1998 et
727 1964 777 1997 sic
804 1975 878 1997 non
905 1972 986 1997 sunt
1012 1963 1238 1997 exauditione
1261 1963 1378 2008 digni:
1401 1963 1460 1998 vel
1481 1964 1509 1997 si
1530 1974 1604 1997 non
1626 1963 1756 2004 dicant,

202 2028 277 2050 non
299 2017 552 2059 exaudiuntur3
576 2017 658 2062 quia
679 2016 837 2050 formam
860 2016 986 2050 orandi
1009 2027 1027 2049 a
1051 2016 1198 2050 Christo
1220 2016 1419 2050 institutam
1440 2027 1514 2050 non
1535 2023 1688 2051 servant.

275 2070 348 2104 SED
377 2081 531 2105 CONTRA
555 2078 617 2112 est,
641 2070 736 2115 quod
759 2071 911 2115 August.
935 2070 1019 2103 dicit
1041 2081 1148 2115 super
1165 2069 1268 2114 Joan.
1291 2071 1401 2114 (tract.
1423 2071 1520 2115 44.).·
1541 2083 1559 2102 <c
1576 2070 1614 2104 Si
1635 2080 1758 2116 pecca-

202 2131 299 2158 tores
320 2134 393 2157 non
416 2124 599 2158 exaudiret
620 2124 730 2164 Deus,
753 2122 880 2157 frustra
908 2122 1118 2168 publicanus
1146 2123 1304 2157 dixisset:
1328 2124 1484 2165 Domina,
1506 2125 1671 2170 propitius
1696 2127 1756 2157 esto

202 2177 285 2211 mihi
300 2179 467 2223 peccatori
481 2177 567 2210 >2.Et
582 2176 710 2222 Chrys.
734 2177 834 2221 (alias
849 2177 977 2221 auctor)
994 2176 1079 2210 dicit
1101 2187 1207 2222 super
1228 2176 1354 2211 Matth.
1378 2177 1479 2222 (hom.
1495 2176 1561 2222 13.)
1575 2189 1585 2211 .·
1611 2177 1758 2211 «Omnis

204 2232 260 2276 qai
276 2232 358 2277 petit
378 2232 516 2276 accipit,-
540 2230 630 2264 idest
651 2231 725 2264 sive
746 2231 858 2275 justus
880 2229 935 2271 sit,
957 2229 1031 2263 sive
1054 2237 1268 2274 peccator».

276 2284 503 2318 REsposnsso
527 2283 731 2324 dicendum,
754 2283 849 2328 quod
871 2283 907 2316 in
930 2290 1120 2328 peccatore
1142 2283 1205 2317 <luo
1227 2291 1308 2317 sunt
1323 2283 1600 2325 consideranda3
1622 2282 1759 2317 scilicet

206 2342 339 2379 natura,
362 2348 471 2383 quam
493 2336 609 2381 diligit
623 2337 735 2377 Deus,
758 2344 791 2369 et
813 2336 920 2382 talpa,
944 2347 1052 2381 quam
1075 2336 1167 2379 odit3
1190 2337 1219 2370 si
1242 2348 1328 2382 ergo
1350 2345 1520 2382 peccator
1541 2336 1677 2370 orando
1701 2335 1760 2370 ali-

206 2391 289 2437 quid
312 2391 408 2435 petit,
430 2390 644 2436 inquantum
666 2398 846 2435 peccator,
868 2389 959 2423 idest
986 2390 1183 2424 secuudum
1212 2390 1428 2424 desiderium
1454 2390 1603 2436 peccati,
1625 2390 1660 2424 in
1687 2390 1758 2424 hoc

207 2456 226 2478 a
248 2445 328 2478 Deo
351 2455 425 2478 non
442 2444 581 2477 auditur
596 2455 636 2477 cx
656 2443 913 2484 misericordia,
929 2444 989 2477 sed
1005 2444 1220 2489 quandoque
1237 2444 1376 2477 auditur
1394 2444 1437 2478 ad
1452 2444 1658 2486 vindictam,
1673 2443 1759 2478 dum

205 2498 304 2531 Deus
328 2497 499 2543 permittit
518 2504 748 2543 peccatorem
766 2497 880 2530 adhuc
898 2496 1051 2542 amplius
1066 2509 1168 2531 ruere
1188 2497 1222 2530 in
1238 2505 1404 2543 peccata:
1427 2497 1526 2531 Deus
1546 2497 1641 2531 enim
1656 2508 1760 2543 quae-

207 2551 291 2584 dam
313 2559 421 2596 negat
442 2550 627 2597 propitius,
649 2561 740 2596 quae
763 2550 929 2583 concedit
950 2550 1070 2591 iratus,
1093 2558 1130 2584 ut
1152 2551 1303 2595 August.
1320 2550 1405 2584 dicit
1420 2550 1528 2595 (lract.
1549 2561 1593 2597 73.
1616 2551 1758 2594 insoan.

207 2609 236 2639 ct
256 2604 291 2638 de
319 2605 429 2638 Verbis
456 2605 556 2638 Dum.
578 2616 673 2638 serm.
692 2615 735 2649 53.
759 2609 829 2649 cap.
852 2603 898 2648 7.)
910 2613 918 2634 .·
945 2603 1148 2637 orationem
1170 2615 1255 2638 vero
1283 2604 1484 2649 peccatoris
1511 2615 1552 2638 ex
1577 2604 1674 2638 bono
1696 2614 1759 2637 na-

206 2665 307 2691 turae
330 2657 505 2691 desiderio
530 2657 786 2702 procedentem
810 2657 908 2690 Deus
932 2656 1039 2698 audit,
1061 2668 1133 2690 non
1156 2657 1256 2702 quasi
1272 2657 1472 2703 exjustitia,
1491 2657 1573 2702 quia
1591 2663 1759 2703 peccator

208 2711 279 2743 hoc
301 2721 375 2744 non
398 2719 566 2751 meretur,
588 2711 649 2745 sed
673 2721 713 2744 ex
736 2721 823 2756 pura
845 2709 1110 2743 misericordia:
1137 2710 1331 2744 observatis
1351 2718 1472 2744 tamen
1494 2717 1646 2755 quatuor
1664 2719 1760 2755 prae—

210 2763 326 2797 missis
349 2763 615 2797 conditionibus
639 2763 717 2807 (art.
732 2769 846 2809 praec.
869 2762 910 2796 ad
931 2763 991 2807 2.),
1013 2771 1049 2797 ut
1070 2762 1206 2797 scilicet
1227 2774 1291 2809 pro
1314 2774 1351 2798 se
1372 2771 1480 2809 petat,
1501 2763 1700 2797 necessaria
1715 2761 1758 2796 ad

209 2816 375 2858 salutem,
398 2817 466 2863 pie,
489 2825 522 2851 et
543 2825 822 2863 perseveranter.
