1859 3122
435 177 655 213 QUAESTIO
691 178 877 208 CLXXXV.
911 178 1156 208 ARTICULUS
1184 178 1259 208 VH.
1514 177 1620 220 1215

67 270 135 306 que
151 259 268 294 minus
291 267 343 294 cst
361 259 519 294 criminis
541 260 686 295 habenti
704 259 840 303 tollere,
863 271 984 306 quam,
1011 271 1094 294 curn
1116 259 1244 306 possis,
1267 267 1302 294 et
1324 258 1493 300 abundes,
1521 259 1624 293 dene-

67 323 151 358 gare
178 313 419 358 indigentibus
445 327 484 348 n:
511 314 572 347 sed
599 313 774 348 violenter
799 313 926 348 tollere
954 314 1123 355 alienum,
1151 321 1203 347 est
1230 321 1420 359 peccatum
1448 312 1621 354 mortale;

68 377 154 412 ergo
179 366 348 413 Episcopi
370 367 570 402 mortaliter
591 377 752 414 peccant,
775 367 865 402 sica
891 379 982 414 quae
1008 368 1058 402 eis
1085 374 1286 413 supersunt,
1313 366 1526 412 pauperibus
1549 376 1621 399 non

65 418 272 465 largiantur.

137 482 167 507 2.
191 473 426 508 PRAETEREA.
450 474 566 520 Super
586 474 673 508 illud
698 475 761 509 Isa.
788 486 833 521 3.:
855 476 986 521 Rapina
1007 480 1194 520 pauperum
1217 475 1250 507 in
1272 473 1367 507 domo
1388 478 1508 514 vestra,
1537 472 1622 507 dicit

67 525 187 561 Gloss.
207 526 354 561 Hieron.
382 527 523 572 (ordin.)
548 528 643 574 quod
667 529 751 562 bona
773 529 986 563 ecclesiastica
1004 532 1078 562 sunt
1093 534 1300 573 paupertari:
1325 527 1385 561 sed
1405 527 1623 572 quicumque

63 579 99 613 id
121 580 217 625 quod
240 588 292 614 est
319 580 462 614 alterius
489 581 555 615 sibi
578 591 745 623 reservat,
769 589 828 615 aut
850 581 927 615 aliis
949 582 1019 622 dat,
1044 588 1168 626 peccat
1190 580 1401 621 mortaliter,
1423 588 1458 614 et
1483 587 1622 614 tenetur

65 632 109 666 ad
130 633 413 677 restitutionem3
437 645 523 680 ergo
555 634 583 668 si
606 634 775 681 Episcopi
802 635 897 669 bona
920 634 1177 676 ecclesiastica,
1200 645 1291 680 quae
1317 635 1367 668 eis
1388 632 1621 679 superfluunt,

64 685 131 720 sibi
150 686 336 728 retineant,
352 686 410 721 vel
431 688 721 733 consanguineis,
742 687 799 722 vel
822 688 948 722 amicis
967 687 1175 733 largiantur,
1202 687 1342 721 videtur
1363 686 1458 732 quod
1480 695 1623 721 tenean-

64 747 121 774 tur
138 739 181 774 ad
204 740 478 774 restitutionem.

139 804 166 839 3.
190 793 425 828 PRAETEREA.
453 793 569 828 Multo
598 794 712 840 magis
744 794 870 841 aliquis
893 802 1010 841 potest
1036 794 1079 828 de
1105 794 1210 828 rebus
1236 793 1420 828 Ecclesiae
1447 804 1502 835 ea,
1529 803 1620 838 quae

63 847 131 882 sibi
151 854 233 881 sunt
258 848 471 889 necessaria,
495 848 657 894 accipere
685 860 791 894 quam
819 840 995 894 superflua
1024 858 1260 893 congregare:
1289 847 1350 882 sed
1377 847 1621 892 Hieronymus

64 900 150 934 dicit
169 900 206 934 in
225 900 325 946 epist.
345 901 387 934 ad
411 901 612 935 Damasum
634 901 771 947 Papam
786 902 879 947 (quid
899 902 1002 936 simila
1025 902 1097 935 hab.
1121 903 1154 934 in
1170 901 1292 940 Regula
1310 900 1465 934 Monach.
1479 900 1620 934 Hieron.

63 953 228 1000 adscripta
242 961 312 1000 cap.
335 954 371 988 de
394 955 571 1001 Pauperl.;
590 955 658 988 vid.
673 962 743 1001 cap.
762 955 915 996 Chricos,
940 968 966 990 r.
982 967 1011 1000 q.
1034 956 1080 994 2.)
1094 966 1102 987 .·
1130 967 1147 986 ((
1163 954 1327 988 Clericos
1348 954 1430 988 illos
1451 953 1621 988 convenit

62 1007 246 1052 stipendiis
261 1007 446 1042 Ecclesiae
460 1017 671 1050 sustentare,
686 1009 812 1054 quibus
828 1017 1030 1053 parentum,
1045 1016 1080 1042 et
1095 1008 1381 1053 propinquorum
1402 1007 1497 1041 bona
1520 1006 1619 1040 nulla

62 1060 319 1106 suffragantur:
351 1061 412 1107 qui
439 1070 559 1095 autem
586 1062 690 1096 bonis
723 1070 924 1107 parentum,
943 1069 977 1095 et
999 1061 1126 1106 opibus
1147 1061 1299 1106 propriis
1327 1060 1517 1095 sustentari
1538 1071 1618 1105 pos-

62 1122 155 1156 sunt,
189 1114 218 1149 si
247 1115 344 1160 quod
374 1126 574 1160 pauperum
609 1123 672 1156 est,
700 1115 890 1159 accipiunt,
918 1114 1149 1159 sacrilegium
1175 1114 1418 1156 committunt,
1446 1122 1481 1148 et
1506 1114 1621 1147 incur-

62 1176 197 1210 runt»;
220 1168 313 1202 unde
335 1167 534 1213 Apostolus
555 1168 641 1202 dicit
659 1178 685 1201 1.
703 1167 746 1201 ad
769 1167 865 1201 Tim.
886 1178 924 1212 5.:
938 1168 974 1202 Si
988 1169 1058 1212 quis
1070 1167 1172 1208 fidelis
1193 1167 1286 1200 habet
1306 1167 1436 1210 viduas,
1462 1167 1621 1200 submini-

60 1225 136 1256 stret
156 1221 233 1264 illis,
255 1226 284 1256 et
309 1232 373 1255 non
392 1226 553 1266 gravetur
570 1221 742 1261 Ecclesim
771 1226 805 1254 ut
822 1221 881 1262 his,
901 1232 982 1266 quae
1003 1232 1079 1254 vere
1104 1220 1224 1254 viduae
1242 1224 1326 1261 sunt,
1345 1220 1504 1266 sufficiat;
1533 1229 1620 1264 ergo

62 1273 178 1308 multo
201 1274 316 1320 magis
334 1274 502 1320 Episcopi
526 1274 725 1308 mortaliter
746 1282 908 1319 peccant,
927 1274 956 1308 si
974 1285 1016 1308 ea
1031 1285 1122 1320 quae
1141 1274 1190 1308 eis
1212 1273 1436 1318 superfluunt
1457 1273 1501 1307 de
1515 1273 1619 1307 bonis

62 1327 327 1369 ecclesiasticis,
349 1328 563 1373 pauperibus
588 1339 662 1361 non
683 1327 890 1373 largiantur.

134 1380 208 1415 SED
232 1391 387 1415 CONTRA
405 1389 468 1423 est,
483 1381 580 1427 quod
602 1380 721 1427 plures
739 1380 909 1426 Episcopi
923 1392 964 1414 ea
986 1391 1077 1426 quae
1099 1388 1300 1426 supersunt,
1318 1391 1393 1413 non
1419 1378 1619 1425 largiuntur
1671 1415 1674 1417 Δ

63 1435 291 1481 pauperibus,
318 1434 380 1469 sed
411 1434 611 1480 expendere
637 1434 803 1469 videntur
835 1433 1061 1468 laudabiliter
1089 1433 1132 1467 ad
1165 1433 1298 1468 reditus
1332 1432 1517 1467 Ecclesiae
1548 1443 1619 1466 am-

62 1488 239 1534 pliandos.

132 1541 361 1576 RESPONDEO
389 1541 593 1583 dicendum,
615 1541 712 1587 quod
740 1541 840 1575 aliter
868 1548 922 1575 est
943 1540 1137 1574 dicendum
1163 1539 1206 1574 de
1223 1541 1372 1586 propriis
1392 1539 1507 1582 bonis,
1525 1550 1617 1585 quae

61 1595 232 1641 Episcopi
256 1594 439 1640 possidere
465 1603 626 1640 possunt,
642 1602 676 1628 et
697 1594 739 1628 de
754 1594 857 1628 bonis
878 1594 1123 1629 ecclesiasticis.-
1146 1605 1231 1627 nam
1253 1593 1484 1639 propriorum
1504 1593 1618 1627 bono-

60 1660 141 1682 rum
154 1659 281 1682 verum
295 1648 498 1682 dominium
512 1648 664 1689 habent3
687 1648 781 1682 unde
801 1659 844 1682 ex
858 1648 935 1692 ipsa
949 1658 1069 1681 rerum
1084 1647 1291 1680 conditione
1310 1657 1384 1680 non
1399 1646 1616 1691 obligantur,

61 1710 100 1736 ut
120 1713 162 1736 ea
188 1701 266 1735 aliis
293 1700 502 1742 conferant3
529 1701 590 1735 sed
617 1709 768 1746 possunt
793 1712 835 1734 ea
861 1700 919 1734 vel
944 1701 1011 1734 sibi
1037 1700 1201 1742 retinere,
1227 1699 1285 1734 vel
1311 1699 1420 1734 etiam
1448 1699 1525 1733 aliis
1552 1711 1616 1744 pro

61 1755 162 1789 libito
185 1754 349 1800 elargiri:
370 1763 522 1800 possunt
546 1762 668 1788 tamen
689 1754 725 1787 in
753 1765 880 1788 eorum
901 1754 1167 1799 dispensatione
1189 1764 1340 1798 peccare
1362 1760 1507 1798 propter
1526 1753 1619 1786 inor-

61 1808 286 1842 dinationem
301 1807 468 1850 affectum
490 1819 554 1854 per
568 1819 678 1853 quam
696 1807 883 1852 contingit,
906 1807 964 1840 vel
985 1807 1080 1852 quod
1103 1806 1169 1840 sibi
1183 1806 1284 1852 plura
1299 1805 1487 1840 conferant
1507 1817 1617 1851 quam

61 1870 237 1908 oporteat,
263 1861 322 1895 vel
348 1861 424 1895 aliis
451 1861 561 1895 etiam
589 1872 663 1895 non
685 1861 908 1902 subveniant,
935 1860 1133 1894 secundum
1161 1860 1257 1906 quod
1284 1859 1432 1905 requirit
1457 1860 1617 1893 debitum

61 1916 262 1951 charitatis:
289 1927 364 1949 non
393 1923 516 1949 tamen
536 1923 703 1950 tenentur
736 1915 779 1948 ad
810 1914 1088 1956 restitutionem,
1116 1915 1197 1960 quia
1223 1913 1432 1958 hujusmodi
1453 1924 1507 1947 res
1534 1920 1617 1946 sunt

63 1981 191 2004 eorum
205 1969 368 2003 dominio
384 1969 586 2015 deputatae.
603 1968 674 2003 Sed
693 1968 1023 2002 ecclesiasticorum
1038 1967 1218 2001 bonorum
1236 1975 1317 2000 sunt
1339 1966 1617 2011 dispensatores,

60 2023 119 2057 vel
139 2031 410 2069 procuratores:
433 2022 520 2055 dicit
540 2023 637 2055 enim
658 2022 811 2067 August.
835 2021 879 2054 ad
901 2020 1128 2054 Bonifacium
1154 2020 1342 2066 (epist.185.
1362 2019 1405 2053 al.
1424 2020 1491 2065 50.)
1505 2032 1517 2052 .·
1543 2018 1617 2052 «Si

62 2077 231 2123 privatim
252 2076 479 2121 possidemus
501 2086 592 2120 quae
614 2074 718 2108 nobis
739 2073 928 2115 sufficiant,
949 2085 1023 2107 non
1046 2073 1106 2107 illa
1131 2081 1253 2107 nostra
1280 2080 1372 2114 sunt,
1399 2072 1460 2106 sed
1486 2083 1618 2118 paupe-

61 2141 154 2173 rum,
177 2141 331 2175 quorum
346 2128 640 2175 procurationem
659 2127 932 2173 quodammodo
951 2127 1128 2172 gerimus;
1150 2138 1224 2160 non
1238 2126 1494 2172 proprietatem
1508 2125 1611 2159 nobis

62 2183 294 2229 usurpatione
321 2181 517 2216 damnabili
542 2181 768 2214 vindicamus
795 2192 833 2214 »z
869 2180 911 2214 ad
939 2180 1244 2225 dispensationem
1271 2187 1392 2213 autem
1424 2178 1614 2224 requiritur

62 2237 159 2271 bona
183 2235 283 2278 fides,
298 2235 498 2269 secundum
518 2234 606 2268 illud
629 2245 656 2268 1.
677 2234 720 2267 ad
741 2233 825 2268 Cor.
847 2243 898 2276 4:
921 2233 987 2267 Hic
997 2235 1071 2278 jam
1085 2234 1255 2278 quaeritur
1268 2234 1353 2266 inter
1373 2232 1614 2277 dispensatores,

62 2295 99 2326 ut
121 2289 223 2333 fidelis
244 2291 315 2335 quis
340 2289 551 2322 inveniatur:
579 2295 661 2321 sunt
687 2295 807 2321 autem
835 2288 929 2320 bona
956 2286 1200 2320 ecclesiastica
1224 2297 1298 2320 non
1324 2284 1443 2319 solum
1469 2285 1505 2317 in
1532 2295 1616 2318 usus

64 2354 276 2390 pauperum,
297 2342 359 2376 sed
382 2342 491 2375 etiarn
513 2341 557 2375 ad
579 2340 714 2374 cultum
731 2341 903 2382 divinum,
919 2348 953 2374 et
967 2339 1197 2373 necessitates
1220 2339 1467 2372 ministrorum
1490 2348 1616 2383 expen-

64 2395 197 2430 denda:
221 2395 315 2428 unde
337 2395 465 2428 dicitur
490 2404 540 2427 12.
557 2405 589 2439 q.
612 2403 643 2427 2.
667 2393 757 2439 (cap.
780 2392 852 2437 28.)
867 2405 880 2426 .·
910 2392 1001 2426 «De
1020 2392 1189 2425 reditibus
1216 2390 1411 2432 Ecclesiae,
1437 2389 1494 2423 vel
1521 2389 1616 2423 obla-

61 2449 161 2483 tione
182 2448 354 2489 fidelium,
370 2447 447 2481 sola
461 2447 643 2492 Episcopo
665 2458 709 2480 ex
722 2446 778 2480 his
800 2457 871 2479 una
885 2447 1002 2491 portio
1018 2445 1236 2487 remittatur;
1256 2444 1346 2478 duae
1363 2442 1615 2478 ecclesiasticis

62 2501 217 2543 fabricis,
244 2510 278 2535 et
305 2501 505 2546 erogationi
531 2511 731 2546 pauperum
757 2498 974 2545 profuturae,
1003 2509 1022 2532 a
1048 2498 1256 2543 presbytero
1283 2497 1346 2531 sub
1372 2495 1533 2542 periculo
1560 2495 1615 2529 sui

63 2555 198 2589 ordinis
220 2555 484 2588 ministrentur:
510 2553 638 2586 ultimo
667 2552 804 2586 clericis
831 2563 895 2597 pro
923 2550 1149 2596 singulorum
1176 2550 1311 2584 meritis
1338 2549 1514 2583 dividatur
1527 2561 1560 2591 »3
1587 2548 1616 2582 si

64 2620 151 2654 ergo
174 2608 340 2642 distincta
362 2608 431 2641 sint
448 2607 554 2648 bona,
570 2617 661 2652 quae
679 2605 807 2639 debent
828 2606 865 2638 in
886 2616 991 2639 usum
1014 2604 1183 2650 Episcopi
1211 2603 1349 2644 cedere,
1373 2603 1414 2636 ab
1440 2602 1496 2636 his
1523 2613 1614 2647 quae

63 2669 146 2696 sunt
165 2661 390 2706 pauperibus,
410 2667 443 2693 et
464 2659 647 2700 ministris,
669 2666 704 2692 et
726 2657 836 2692 cultui
850 2657 1034 2691 Ecclesiae
1057 2656 1250 2702 eroganda,
1277 2663 1310 2689 et
1330 2655 1462 2701 aliquid
1483 2655 1547 2689 sibi
1566 2666 1617 2689 re-

62 2715 208 2749 tinuerit
224 2714 423 2759 Episcopus
441 2713 485 2746 de
506 2712 573 2754 his,
588 2723 679 2757 quae
700 2719 782 2745 sunt
802 2711 1016 2757 pauperibus
1034 2710 1227 2755 eroganda,
1249 2708 1307 2742 vel
1325 2709 1433 2742 etiam
1451 2709 1488 2741 in
1510 2719 1615 2742 usum

64 2767 322 2808 ministrorum,
339 2774 398 2800 aut
411 2766 447 2799 in
463 2765 600 2799 cultum
615 2764 777 2798 divinum
792 2763 1036 2810 expendenda,
1052 2774 1126 2796 non
1140 2771 1194 2796 est
1207 2762 1366 2803 dubium,
1381 2761 1466 2807 quin
1489 2769 1614 2795 contra

64 2820 172 2854 fidem
195 2819 471 2865 dispensationis
497 2826 591 2864 agat,
614 2826 648 2852 et
664 2817 863 2852 mortaliter
884 2824 1020 2862 peccet,
1043 2823 1077 2850 et
1099 2816 1142 2849 ad
1164 2815 1426 2849 restitutionem
1440 2822 1615 2848 teneatur.

63 2874 119 2908 De
133 2873 189 2907 his
211 2880 344 2914 autem,
371 2883 461 2918 quae
483 2879 566 2905 sunt
586 2870 788 2916 specialiter
813 2881 879 2904 suo
906 2869 986 2904 usui
1012 2869 1192 2914 deputata,
1218 2867 1358 2902 videtur
1384 2878 1460 2901 esse
1488 2867 1614 2901 eadem
