1859 3122
245 149 329 203 376
659 158 876 194 QUAEsrto
909 158 1023 188 XLIX.
1057 158 1299 189 ARTICULUS
1332 159 1375 188 11.

314 241 388 276 SED
405 250 559 275 CONTRA
586 248 649 282 est,
668 241 764 286 quod
788 239 929 275 Tullius
951 241 1027 286 (lib.
1050 252 1080 275 2.
1099 239 1135 275 de
1155 240 1304 285 Inveni.)
1325 239 1427 286 ponit
1451 241 1699 287 intelligentiam
1719 253 1795 289 par·

241 303 315 328 tem
329 294 549 340 prudentiae,
572 302 607 328 et
627 294 832 328 Macrobius
856 293 928 338 (lib.
951 304 978 328 r.
1001 295 1035 328 in
1053 294 1163 328 Somn.
1194 294 1280 340 Scip.
1307 300 1377 340 cap.
1396 294 1446 339 8.)
1462 295 1674 336 intallectmm
1697 296 1794 342 quod
1839 325 1840 329 ,

242 348 277 381 in
299 348 394 381 idem
416 347 516 381 redit.

312 400 539 435 RESPONDEO
553 400 759 442 dicendum,
782 401 876 447 quod
899 400 1104 435 intellectus
1126 411 1199 434 non
1222 402 1373 435 sumitur
1398 401 1458 435 hic
1480 412 1544 447 pro
1566 401 1725 447 potentia
1746 402 1795 436 in-

241 453 431 495 tellectiva,
453 455 514 488 sed
537 462 643 500 prout
663 454 835 500 importat
861 455 1056 500 quamdam
1084 462 1219 487 rectam
1247 454 1536 488 aestimationem
1564 454 1713 500 alicujus
1741 466 1795 489 ex-

241 507 346 541 trerni
368 507 542 553 principii,
565 507 661 552 quod
684 507 856 552 accipitur
877 515 914 541 ut
936 519 998 553 per
1019 518 1056 541 se
1078 515 1224 541 notum:
1247 507 1338 541 sicut
1357 515 1391 541 et
1411 507 1526 554 prima
1548 508 1796 542 demostratio-

241 572 327 594 num
343 560 514 606 principia
529 560 729 606 intelligere
745 561 912 594 dicimur:
929 561 1047 594 omnis
1063 568 1183 594 autem
1205 560 1372 594 deductio
1386 560 1534 595 rationis
1557 561 1599 594 ab
1619 560 1794 607 aliquibus

241 614 413 660 procedit,
436 625 526 659 quae
557 613 780 659 accipiuntur
809 622 847 647 ut
876 614 1008 660 prima3
1039 613 1132 647 unde
1163 621 1315 659 oportet,
1343 614 1439 659 quod
1466 614 1584 648 omnis
1606 625 1794 660 processus

241 667 388 700 rationis
411 667 454 700 ab
475 666 596 712 aliquo
618 667 801 701 intellectu
816 669 1005 713 procedat:
1022 668 1103 713 quia
1127 679 1213 713 ergo
1236 668 1424 713 prudentia
1446 676 1499 702 est
1519 673 1609 703 recta
1623 669 1709 703 ratio
1728 669 1796 714 agi-

242 720 368 761 lulfum,
393 720 473 753 ideo
500 731 648 754 necesse
676 728 728 754 est
749 721 845 766 quod
867 729 962 755 totus
985 732 1173 766 processus
1195 721 1404 767 prudentiae
1427 721 1467 755 ab
1495 720 1679 756 intellectu
1706 721 1794 756 deri-

240 781 360 816 vetur3
384 780 418 807 et
438 781 583 819 propter
598 773 668 807 hoc
692 774 892 808 intellectus
906 775 1050 820 ponitur
1064 785 1144 820 pars
1167 775 1385 820 prudentiae.

312 827 372 861 AD
401 837 549 861 PRIMUM
572 838 658 872 ergo
687 827 890 869 dicendum,
917 828 1013 873 quod
1036 828 1125 861 ratio
1152 828 1362 874 prudentiae
1383 828 1606 870 terminatur,
1633 827 1725 862 sicut
1751 827 1794 862 ad

242 879 515 915 conclusionem
538 880 745 925 quamdam,
768 880 810 914 ad
832 880 1046 926 particulare
1070 880 1262 926 operabile,
1291 881 1334 915 ad
1362 882 1458 927 quod
1477 880 1632 927 applicat
1658 881 1795 915 univer-

240 933 353 968 salem
376 933 636 978 cognitionem,
658 941 696 967 ut
718 944 759 967 ex
782 934 883 968 dictis
906 942 1003 980 patet
1026 934 1070 980 (q.
1096 945 1150 980 47.
1174 939 1236 968 art.
1260 946 1288 980 3.
1308 939 1337 969 et
1358 935 1406 979 6.)
1421 947 1431 969 .·
1459 934 1646 969 conclusio
1674 941 1794 968 autem

239 987 430 1033 singularis
452 986 685 1032 syllogizatur
707 998 748 1021 ex
770 987 974 1029 universali,
998 995 1032 1022 et
1053 987 1225 1033 singulari
1239 987 1507 1034 propositione3
1529 988 1622 1022 unde
1645 995 1795 1034 opertet,

239 1041 335 1086 quod
358 1040 448 1074 ratio
472 1040 680 1085 prudentiae
703 1051 745 1074 ex
758 1040 880 1086 duplici
900 1040 1083 1075 intellectu
1106 1041 1294 1087 procedat:
1317 1052 1472 1087 quorurn
1486 1053 1568 1076 unus
1583 1048 1646 1083 est,
1661 1041 1721 1087 qui
1743 1048 1796 1075 est

239 1093 507 1139 cognoscitivus
530 1093 804 1136 universalium3
827 1094 923 1140 quod
946 1094 1099 1140 pertinet
1117 1095 1159 1128 ad
1182 1094 1419 1137 intellectum,
1441 1095 1501 1141 qui
1519 1095 1663 1141 ponitur
1683 1095 1794 1128 virtus

238 1146 502 1188 intellectualis,
525 1158 592 1192 qua
614 1146 823 1181 naturaliter
844 1147 946 1181 nobis
971 1147 1116 1193 cognita
1138 1156 1220 1182 sunt
1238 1159 1311 1182 non
1330 1148 1448 1182 solum
1472 1147 1687 1183 universalia
1705 1147 1796 1194 prin-

240 1202 332 1248 cipia
355 1201 586 1246 speculativa,
609 1201 670 1234 sed
690 1201 797 1234 etiam
825 1201 1001 1247 practica:
1029 1201 1135 1235 sicut:
1164 1202 1260 1236 Nulli
1285 1214 1346 1237 esse
1371 1201 1666 1248 malefaciendmm
1689 1209 1727 1235 ut
1753 1212 1796 1235 ex

239 1255 340 1288 dictis
374 1262 469 1300 patet
492 1254 537 1300 (q.
558 1266 612 1300 47.
636 1259 698 1288 art.
721 1266 751 1288 2.
783 1259 810 1288 et
840 1255 906 1300 3.).·
929 1255 1014 1288 alius
1049 1263 1169 1289 autem
1201 1254 1405 1289 intellectus
1432 1263 1495 1297 est,
1518 1255 1589 1301 qui,
1612 1254 1739 1289 dicitur
1759 1254 1796 1288 in

237 1307 269 1342 6.
292 1308 406 1342 Ethic.
429 1308 516 1354 (cap.
537 1308 612 1352 rr),
637 1316 689 1342 est
711 1308 978 1353 cognoscitivus
997 1308 1157 1350 extremi,
1175 1308 1266 1342 idest
1284 1308 1434 1353 alicujus
1461 1308 1568 1354 primi
1590 1307 1794 1353 singularis,

237 1373 299 1396 seu
330 1361 493 1408 principii
522 1361 762 1406 contingentis
796 1361 986 1407 operabilis
1021 1362 1289 1407 propositionis,
1320 1361 1457 1396 scilicet
1487 1361 1648 1403 minoris,
1682 1372 1791 1407 quam
1846 1400 1847 1403 Ἴ

239 1423 380 1461 oportet
402 1425 478 1448 esse
499 1413 719 1459 singularem
740 1415 776 1448 in
790 1414 1005 1460 syllogismo
1025 1415 1245 1460 prudentiae,
1264 1423 1302 1449 ut
1323 1415 1460 1449 dictum
1479 1422 1531 1449 est
1550 1414 1595 1460 (q.
1611 1426 1666 1461 47.
1689 1420 1753 1450 art.
1765 1427 1793 1461 3.

238 1474 265 1504 et
287 1469 357 1513 6.).·
380 1468 450 1502 hoc
474 1476 594 1502 autem
614 1467 830 1513 principium
852 1467 1032 1513 singulare
1055 1476 1107 1502 est
1129 1467 1256 1513 aliquis
1278 1467 1469 1513 singularis
1490 1467 1582 1510 finis,
1604 1475 1642 1502 ut
1668 1467 1796 1502 dicitur

238 1522 389 1564 ibidem3
413 1522 505 1555 unde
529 1521 715 1562 intellectus,
735 1521 794 1566 qui
813 1521 957 1567 ponitur
979 1533 1060 1568 pars
1080 1521 1301 1567 prudentiae,
1317 1529 1370 1556 est
1388 1521 1565 1567 quaedam
1584 1529 1680 1556 recta
1696 1520 1796 1555 aesti-
1847 1518 1848 1549 ἶ

239 1575 349 1609 matio
373 1575 415 1608 de
438 1574 558 1620 aliquo
581 1574 787 1620 particulari
804 1574 886 1608 fine.

307 1629 366 1662 AD
389 1638 594 1662 SECUNDUM
622 1628 826 1669 dicendum,
854 1627 950 1674 quod
972 1627 1186 1670 intellectus,
1216 1627 1278 1674 qui
1310 1628 1455 1674 ponitur
1477 1628 1613 1662 donum
1641 1627 1793 1673 Spiritus
1847 1622 1848 1632 ¹

237 1682 371 1723 Sancti,
394 1690 446 1716 est
467 1681 645 1727 quaedam
663 1692 767 1715 acuta
786 1682 987 1727 perspectio
1004 1682 1220 1723 divinorum,
1239 1689 1275 1715 ut
1294 1692 1335 1715 ex
1350 1693 1455 1728 supra
1470 1681 1572 1716 dictis
1587 1689 1683 1728 patet
1697 1681 1744 1727 (q.
1760 1682 1791 1716 8.

236 1741 299 1770 art.
325 1746 353 1769 r.
381 1741 409 1770 ct
435 1737 481 1780 2.)
499 1747 509 1768 .·
534 1735 635 1769 aliter
657 1742 778 1769 autem
800 1735 944 1781 ponitur
965 1735 1167 1770 intellectus
1189 1746 1270 1781 pars
1292 1735 1512 1781 prudentiae,
1532 1743 1570 1770 ut
1591 1735 1726 1770 dictum
1742 1743 1795 1770 est
1847 1737 1848 1751 ³

239 1787 288 1833 (in
311 1795 401 1835 corp.
425 1789 516 1832 art).

308 1842 366 1876 Au
390 1852 561 1876 TERTIUM
583 1841 787 1883 dicendum,
811 1841 906 1888 quod
929 1842 1005 1888 ipsa
1028 1850 1125 1876 recta
1147 1842 1350 1876 aestimatio
1374 1842 1415 1876 de
1438 1842 1508 1877 fine
1522 1841 1739 1889 particulari,
1759 1850 1794 1877 et

238 1895 411 1930 inlellactns
433 1895 571 1936 dicitur,
594 1895 806 1941 inquantum
834 1903 886 1929 est
913 1895 1064 1940 alicujus
1092 1896 1267 1941 principii,
1295 1904 1329 1930 et
1353 1908 1471 1938 sensus,
1499 1896 1714 1942 inquantum
1742 1903 1794 1930 est

237 1948 476 1994 particularis:
501 1956 534 1982 et
555 1949 625 1982 hoc
650 1957 702 1982 est
723 1949 819 1994 quod
834 1948 970 1982 Philos.
987 1948 1072 1982 dicit
1090 1949 1125 1982 in
1148 1947 1179 1982 6.
1200 1948 1359 1982 Ethicor.
1380 1948 1466 1994 (cap.
1486 1949 1577 1993 11.):
1603 1961 1620 1980 «
1641 1949 1794 1990 Horurn,

237 2001 375 2035 scilicet
401 2001 649 2047 singularium,
677 2009 819 2048 oportet
847 2001 980 2035 habere
1014 2013 1178 2035 sensum:
1211 2001 1269 2035 hic
1295 2010 1415 2035 autem
1443 2010 1495 2036 est
1527 2001 1730 2036 intellectus
1749 2014 1792 2044 »3

237 2062 453 2088 nouantem
488 2055 558 2088 hoc
589 2063 641 2088 est
669 2054 945 2101 intelligendum
973 2054 1015 2088 de
1047 2066 1152 2088 sensu
1183 2055 1399 2100 particulari,
1428 2066 1499 2100 quo
1535 2055 1790 2100 cognoscimus

238 2109 379 2155 propria
402 2108 593 2150 sensibilia,
616 2109 677 2142 sed
700 2109 741 2143 de
764 2120 870 2143 sensu
889 2108 1061 2150 interiori,
1085 2120 1155 2154 quo
1179 2108 1222 2142 de
1244 2108 1449 2155 particulari
1470 2108 1682 2154 judicamus.

782 2267 1124 2311 ARTICULUS
1160 2267 1236 2309 111.
1725 2289 1791 2325 277

422 2387 572 2416 UTRUM
600 2387 836 2415 DOCILITAS
864 2386 1034 2415 DEBEAT
1064 2386 1164 2415 PONI
1194 2387 1294 2415 PARS
1324 2386 1614 2416 PRUDENTIAE.

521 2486 637 2533 (Supr.
660 2498 689 2532 q.
711 2487 766 2530 48.
786 2491 852 2520 art.
879 2487 975 2520 unico
997 2491 1024 2520 cl
1042 2498 1068 2532 3.
1092 2487 1178 2520 Dist.
1199 2498 1242 2532 33.
1265 2499 1294 2532 q.
1314 2498 1341 2533 3.
1365 2491 1429 2521 art.
1451 2487 1508 2531 1.).

307 2589 366 2623 AD
383 2599 553 2623 TERTIUM
572 2588 621 2622 sic
644 2588 857 2634 proceditur.
881 2587 1041 2629 Videtur,
1065 2588 1160 2633 quod
1184 2587 1348 2622 docilitas
1371 2599 1443 2621 non
1465 2586 1592 2621 debeat
1609 2586 1694 2633 poni
1712 2597 1790 2632 pars

237 2643 462 2689 prudentiae:
488 2643 574 2676 illud
597 2643 704 2683 enim,
728 2642 822 2687 quod
846 2642 1034 2687 requiritur
1057 2642 1097 2675 ad
1128 2653 1275 2675 omnem
1303 2641 1470 2675 virtutem
1498 2639 1791 2681 intellectualem,

237 2708 309 2730 non
331 2697 434 2730 debet
457 2696 678 2742 appropriari
693 2695 800 2729 alicui
819 2706 960 2728 carum:
981 2696 1041 2728 sed
1062 2695 1226 2729 docilitas
1243 2694 1444 2729 necessaria
1464 2702 1516 2728 est
1535 2694 1578 2728 ad
1594 2692 1791 2739 quamlibet

237 2750 404 2784 virtutem
427 2749 726 2791 intellectualem3
749 2760 834 2793 ergo
856 2760 929 2782 non
952 2749 1056 2782 debet
1078 2749 1163 2794 poni
1185 2760 1265 2794 pars
1288 2748 1506 2795 prudentiae.

308 2814 337 2837 2.
361 2804 596 2838 PRAETEREA.
619 2803 680 2844 Ea,
703 2813 793 2848 quae
822 2802 864 2835 ad
891 2802 1037 2836 virtutes
1064 2802 1242 2836 humanas
1273 2802 1461 2848 pertinent,
1492 2808 1573 2834 sunt
1602 2799 1638 2833 in
1667 2799 1789 2841 nobis;

238 2857 319 2903 quia
342 2857 539 2891 secundum
566 2868 619 2899 ca,
642 2867 732 2902 quac
754 2856 788 2890 in
810 2856 913 2890 nobis
933 2863 1024 2897 sunt,
1046 2854 1246 2897 laudamur,
1269 2854 1324 2889 vel
1347 2855 1609 2900 vituperamur:
1632 2853 1694 2888 sed
1715 2864 1788 2888 non
