<?xml version="1.0" encoding="UTF-8"?>
<!DOCTYPE html PUBLIC "-//W3C//DTD XHTML 1.0 Transitional//EN"
    "http://www.w3.org/TR/xhtml1/DTD/xhtml1-transitional.dtd">
<html xmlns="http://www.w3.org/1999/xhtml" xml:lang="en" lang="en">
 <head>
  <title>
</title>
<meta http-equiv="Content-Type" content="text/html;charset=utf-8" />
  <meta name='ocr-system' content='tesseract 3.04.00' />
  <meta name='ocr-capabilities' content='ocr_page ocr_carea ocr_par ocr_line ocrx_word'/>
</head>
<body>
  <div class='ocr_page' id='page_1' title='image "./divithomaeaquina03thomuoft_1082.png"; bbox 0 0 1859 3122; ppageno 0'>
   <div class='ocr_carea' id='block_1_1' title="bbox 169 178 1321 228">
    <p class='ocr_par' dir='ltr' id='par_1_1' title="bbox 169 178 1321 228">
     <span class='ocr_line' id='line_1_1' title="bbox 169 178 1321 228; baseline -0.007 -13"><span class='ocrx_word' id='word_1_1' title='bbox 169 186 279 228; x_wconf 83' lang='lat'>1074</span> <span class='ocrx_word' id='word_1_2' title='bbox 584 181 804 217; x_wconf 86' lang='lat' dir='ltr'><strong>QUAESTIO</strong></span> <span class='ocrx_word' id='word_1_3' title='bbox 838 180 982 210; x_wconf 77' lang='lat' dir='ltr'><strong>CLXIV.</strong></span> <span class='ocrx_word' id='word_1_4' title='bbox 1015 178 1260 209; x_wconf 85' lang='lat' dir='ltr'>ARTICULUS</span> <span class='ocrx_word' id='word_1_5' title='bbox 1293 178 1321 207; x_wconf 95' lang='grc' dir='ltr'>Ι.</span> 
     </span>
    </p>
   </div>
   <div class='ocr_carea' id='block_1_2' title="bbox 162 258 1736 2328">
    <p class='ocr_par' dir='ltr' id='par_1_2' title="bbox 162 258 1728 735">
     <span class='ocr_line' id='line_1_2' title="bbox 163 258 1722 308; baseline -0.004 -9"><span class='ocrx_word' id='word_1_6' title='bbox 163 266 301 306; x_wconf 88' lang='lat' dir='ltr'>merita,</span> <span class='ocrx_word' id='word_1_7' title='bbox 327 264 384 298; x_wconf 83' lang='lat' dir='ltr'>vel</span> <span class='ocrx_word' id='word_1_8' title='bbox 410 263 582 297; x_wconf 89' lang='lat' dir='ltr'>demerita</span> <span class='ocrx_word' id='word_1_9' title='bbox 610 261 861 308; x_wconf 81' lang='lat' dir='ltr'>praecedentia</span> <span class='ocrx_word' id='word_1_10' title='bbox 888 261 982 294; x_wconf 87' lang='lat' dir='ltr'>hanc</span> <span class='ocrx_word' id='word_1_11' title='bbox 1010 260 1134 301; x_wconf 86' lang='lat' dir='ltr'>vitam,</span> <span class='ocrx_word' id='word_1_12' title='bbox 1163 268 1200 293; x_wconf 89' lang='lat' dir='ltr'>ut</span> <span class='ocrx_word' id='word_1_13' title='bbox 1230 259 1407 304; x_wconf 78' lang='lat' dir='ltr'><strong>Origenes</strong></span> <span class='ocrx_word' id='word_1_14' title='bbox 1433 259 1553 305; x_wconf 84' lang='lat' dir='ltr'>posuit</span> <span class='ocrx_word' id='word_1_15' title='bbox 1582 258 1656 302; x_wconf 81' lang='lat' dir='ltr'>(lib.</span> <span class='ocrx_word' id='word_1_16' title='bbox 1691 270 1722 294; x_wconf 89' lang='lat'>2.</span> 
     </span>
     <span class='ocr_line' id='line_1_3' title="bbox 163 312 1725 362; baseline -0.005 -9"><span class='ocrx_word' id='word_1_17' title='bbox 163 318 331 353; x_wconf 67' lang='lat' dir='ltr'>Periarsh.</span> <span class='ocrx_word' id='word_1_18' title='bbox 354 324 425 362; x_wconf 75' lang='lat' dir='ltr'>cap.</span> <span class='ocrx_word' id='word_1_19' title='bbox 448 316 524 361; x_wconf 81' lang='lat'><em>9.):</em></span> <span class='ocrx_word' id='word_1_20' title='bbox 547 316 617 349; x_wconf 89' lang='lat' dir='ltr'>hoc</span> <span class='ocrx_word' id='word_1_21' title='bbox 641 315 737 348; x_wconf 91' lang='lat' dir='ltr'>enim</span> <span class='ocrx_word' id='word_1_22' title='bbox 761 321 814 348; x_wconf 84' lang='lat' dir='ltr'>est</span> <span class='ocrx_word' id='word_1_23' title='bbox 841 321 966 347; x_wconf 87' lang='lat' dir='ltr'>contra</span> <span class='ocrx_word' id='word_1_24' title='bbox 992 313 1027 346; x_wconf 87' lang='lat' dir='ltr'>id</span> <span class='ocrx_word' id='word_1_25' title='bbox 1054 312 1149 358; x_wconf 92' lang='lat' dir='ltr'>quod</span> <span class='ocrx_word' id='word_1_26' title='bbox 1177 312 1305 345; x_wconf 89' lang='lat' dir='ltr'>dicitur</span> <span class='ocrx_word' id='word_1_27' title='bbox 1327 312 1434 345; x_wconf 90' lang='lat' dir='ltr'>Rom.</span> <span class='ocrx_word' id='word_1_28' title='bbox 1456 321 1511 357; x_wconf 80' lang='grc'>9.;</span> <span class='ocrx_word' id='word_1_29' title='bbox 1535 312 1620 347; x_wconf 81' lang='lat' dir='ltr'>Cum</span> <span class='ocrx_word' id='word_1_30' title='bbox 1645 323 1725 346; x_wconf 87' lang='lat' dir='ltr'>non-</span> 
     </span>
     <span class='ocr_line' id='line_1_4' title="bbox 162 366 1725 415; baseline -0.004 -10"><span class='ocrx_word' id='word_1_31' title='bbox 162 372 238 405; x_wconf 82' lang='lat' dir='ltr'>dum</span> <span class='ocrx_word' id='word_1_32' title='bbox 261 370 385 415; x_wconf 68' lang='lat' dir='ltr'>aliquid</span> <span class='ocrx_word' id='word_1_33' title='bbox 408 371 495 410; x_wconf 71' lang='lat' dir='ltr'>boni,</span> <span class='ocrx_word' id='word_1_34' title='bbox 513 374 571 402; x_wconf 77' lang='lat' dir='ltr'>aut</span> <span class='ocrx_word' id='word_1_35' title='bbox 591 369 673 402; x_wconf 78' lang='lat' dir='ltr'>mali</span> <span class='ocrx_word' id='word_1_36' title='bbox 693 369 846 412; x_wconf 71' lang='lat' dir='ltr'>egissent;</span> <span class='ocrx_word' id='word_1_37' title='bbox 871 374 905 400; x_wconf 89' lang='lat' dir='ltr'>et</span> <span class='ocrx_word' id='word_1_38' title='bbox 927 367 1035 400; x_wconf 90' lang='lat' dir='ltr'>etiam</span> <span class='ocrx_word' id='word_1_39' title='bbox 1058 374 1111 400; x_wconf 87' lang='lat' dir='ltr'>est</span> <span class='ocrx_word' id='word_1_40' title='bbox 1132 372 1257 399; x_wconf 89' lang='lat' dir='ltr'>contra</span> <span class='ocrx_word' id='word_1_41' title='bbox 1283 366 1354 400; x_wconf 90' lang='lat' dir='ltr'>hoc</span> <span class='ocrx_word' id='word_1_42' title='bbox 1377 366 1473 411; x_wconf 92' lang='lat' dir='ltr'>quod</span> <span class='ocrx_word' id='word_1_43' title='bbox 1495 366 1531 399; x_wconf 92' lang='lat' dir='ltr'>in</span> <span class='ocrx_word' id='word_1_44' title='bbox 1557 376 1584 399; x_wconf 89' lang='lat'>1.</span> <span class='ocrx_word' id='word_1_45' title='bbox 1609 373 1725 400; x_wconf 86' lang='lat' dir='ltr'>osten-</span> 
     </span>
     <span class='ocr_line' id='line_1_5' title="bbox 162 419 1726 468; baseline -0.003 -10"><span class='ocrx_word' id='word_1_46' title='bbox 162 436 242 458; x_wconf 91' lang='lat' dir='ltr'>sum</span> <span class='ocrx_word' id='word_1_47' title='bbox 269 431 320 457; x_wconf 88' lang='lat' dir='ltr'>est</span> <span class='ocrx_word' id='word_1_48' title='bbox 348 423 395 467; x_wconf 82' lang='lat' dir='ltr'>(q.</span> <span class='ocrx_word' id='word_1_49' title='bbox 417 434 471 468; x_wconf 82' lang='lat'>47.</span> <span class='ocrx_word' id='word_1_50' title='bbox 495 427 559 456; x_wconf 78' lang='lat' dir='ltr'>art.</span> <span class='ocrx_word' id='word_1_51' title='bbox 582 433 613 456; x_wconf 88' lang='lat'>2.</span> <span class='ocrx_word' id='word_1_52' title='bbox 632 426 662 455; x_wconf 81' lang='lat' dir='ltr'>et</span> <span class='ocrx_word' id='word_1_53' title='bbox 682 432 711 465; x_wconf 83' lang='lat' dir='ltr'>q.</span> <span class='ocrx_word' id='word_1_54' title='bbox 736 432 781 466; x_wconf 82' lang='lat'>75.</span> <span class='ocrx_word' id='word_1_55' title='bbox 804 425 867 453; x_wconf 81' lang='lat' dir='ltr'>art.</span> <span class='ocrx_word' id='word_1_56' title='bbox 891 431 919 465; x_wconf 88' lang='lat'>7.</span> <span class='ocrx_word' id='word_1_57' title='bbox 942 425 971 454; x_wconf 66' lang='lat' dir='ltr'>et</span> <span class='ocrx_word' id='word_1_58' title='bbox 992 431 1021 465; x_wconf 81' lang='lat' dir='ltr'>q.</span> <span class='ocrx_word' id='word_1_59' title='bbox 1046 431 1099 465; x_wconf 66' lang='lat'>90,</span> <span class='ocrx_word' id='word_1_60' title='bbox 1124 424 1187 453; x_wconf 83' lang='lat' dir='ltr'>art.</span> <span class='ocrx_word' id='word_1_61' title='bbox 1209 419 1274 463; x_wconf 83' lang='lat'><em>4.)‚</em></span> <span class='ocrx_word' id='word_1_62' title='bbox 1302 419 1398 464; x_wconf 91' lang='lat' dir='ltr'>quod</span> <span class='ocrx_word' id='word_1_63' title='bbox 1426 419 1547 452; x_wconf 86' lang='lat' dir='ltr'>anima</span> <span class='ocrx_word' id='word_1_64' title='bbox 1571 430 1645 452; x_wconf 90' lang='lat' dir='ltr'>non</span> <span class='ocrx_word' id='word_1_65' title='bbox 1672 426 1726 453; x_wconf 87' lang='lat' dir='ltr'>est</span> 
     </span>
     <span class='ocr_line' id='line_1_6' title="bbox 163 472 1724 520; baseline -0.003 -10"><span class='ocrx_word' id='word_1_66' title='bbox 163 485 282 511; x_wconf 78' lang='lat' dir='ltr'>creata</span> <span class='ocrx_word' id='word_1_67' title='bbox 304 484 384 509; x_wconf 85' lang='lat' dir='ltr'>ante</span> <span class='ocrx_word' id='word_1_68' title='bbox 408 486 556 520; x_wconf 86' lang='lat' dir='ltr'>corpus:</span> <span class='ocrx_word' id='word_1_69' title='bbox 580 474 640 508; x_wconf 90' lang='lat' dir='ltr'>sed</span> <span class='ocrx_word' id='word_1_70' title='bbox 663 473 723 507; x_wconf 89' lang='lat' dir='ltr'>vel</span> <span class='ocrx_word' id='word_1_71' title='bbox 743 474 779 506; x_wconf 88' lang='lat' dir='ltr'>in</span> <span class='ocrx_word' id='word_1_72' title='bbox 802 484 958 518; x_wconf 90' lang='lat' dir='ltr'>poenam</span> <span class='ocrx_word' id='word_1_73' title='bbox 979 481 1212 518; x_wconf 81' lang='lat' dir='ltr'>paternorum</span> <span class='ocrx_word' id='word_1_74' title='bbox 1240 480 1485 518; x_wconf 89' lang='lat' dir='ltr'>peccatorum,</span> <span class='ocrx_word' id='word_1_75' title='bbox 1511 472 1724 517; x_wconf 85' lang='lat' dir='ltr'>inquantum</span> 
     </span>
     <span class='ocr_line' id='line_1_7' title="bbox 164 525 1726 574; baseline -0.003 -11"><span class='ocrx_word' id='word_1_76' title='bbox 164 530 254 564; x_wconf 78' lang='lat' dir='ltr'>filius</span> <span class='ocrx_word' id='word_1_77' title='bbox 282 537 334 562; x_wconf 93' lang='lat' dir='ltr'>est</span> <span class='ocrx_word' id='word_1_78' title='bbox 360 528 540 574; x_wconf 81' lang='lat' dir='ltr'>quaedam</span> <span class='ocrx_word' id='word_1_79' title='bbox 562 539 617 561; x_wconf 90' lang='lat' dir='ltr'>res</span> <span class='ocrx_word' id='word_1_80' title='bbox 640 526 761 572; x_wconf 86' lang='lat' dir='ltr'>patris,</span> <span class='ocrx_word' id='word_1_81' title='bbox 788 526 882 559; x_wconf 88' lang='lat' dir='ltr'>unde</span> <span class='ocrx_word' id='word_1_82' title='bbox 904 525 1109 571; x_wconf 89' lang='lat' dir='ltr'>frequenter</span> <span class='ocrx_word' id='word_1_83' title='bbox 1135 533 1299 571; x_wconf 84' lang='lat' dir='ltr'>parentes</span> <span class='ocrx_word' id='word_1_84' title='bbox 1321 525 1517 571; x_wconf 89' lang='lat' dir='ltr'>puniuntur</span> <span class='ocrx_word' id='word_1_85' title='bbox 1542 525 1579 558; x_wconf 91' lang='lat' dir='ltr'>in</span> <span class='ocrx_word' id='word_1_86' title='bbox 1605 525 1726 571; x_wconf 89' lang='lat' dir='ltr'>prole:</span> 
     </span>
     <span class='ocr_line' id='line_1_8' title="bbox 162 578 1728 627; baseline -0.003 -11"><span class='ocrx_word' id='word_1_87' title='bbox 162 583 220 616; x_wconf 84' lang='lat' dir='ltr'>vel</span> <span class='ocrx_word' id='word_1_88' title='bbox 241 582 349 616; x_wconf 86' lang='lat' dir='ltr'>etiam</span> <span class='ocrx_word' id='word_1_89' title='bbox 372 590 517 627; x_wconf 89' lang='lat' dir='ltr'>propter</span> <span class='ocrx_word' id='word_1_90' title='bbox 538 581 740 614; x_wconf 88' lang='lat' dir='ltr'>remedium</span> <span class='ocrx_word' id='word_1_91' title='bbox 762 579 885 613; x_wconf 86' lang='lat' dir='ltr'>salutis</span> <span class='ocrx_word' id='word_1_92' title='bbox 913 580 999 622; x_wconf 82' lang='lat' dir='ltr'>ejus,</span> <span class='ocrx_word' id='word_1_93' title='bbox 1027 579 1087 624; x_wconf 85' lang='lat' dir='ltr'>qui</span> <span class='ocrx_word' id='word_1_94' title='bbox 1112 579 1321 623; x_wconf 83' lang='lat' dir='ltr'>hujusmodi</span> <span class='ocrx_word' id='word_1_95' title='bbox 1347 578 1624 623; x_wconf 81' lang='lat' dir='ltr'>poenalitatibus</span> <span class='ocrx_word' id='word_1_96' title='bbox 1650 578 1728 612; x_wconf 92' lang='lat' dir='ltr'>sub-</span> 
     </span>
     <span class='ocr_line' id='line_1_9' title="bbox 164 631 1728 680; baseline -0.003 -11"><span class='ocrx_word' id='word_1_97' title='bbox 164 637 275 675; x_wconf 76' lang='lat' dir='ltr'>ditur3</span> <span class='ocrx_word' id='word_1_98' title='bbox 294 644 329 669; x_wconf 91' lang='lat' dir='ltr'>ut</span> <span class='ocrx_word' id='word_1_99' title='bbox 352 634 490 668; x_wconf 87' lang='lat' dir='ltr'>scilicet</span> <span class='ocrx_word' id='word_1_100' title='bbox 510 645 572 680; x_wconf 91' lang='lat' dir='ltr'>per</span> <span class='ocrx_word' id='word_1_101' title='bbox 593 634 664 667; x_wconf 88' lang='lat' dir='ltr'>hoc</span> <span class='ocrx_word' id='word_1_102' title='bbox 688 644 708 666; x_wconf 89' lang='lat' dir='ltr'>a</span> <span class='ocrx_word' id='word_1_103' title='bbox 729 633 886 678; x_wconf 89' lang='lat' dir='ltr'>peccatis</span> <span class='ocrx_word' id='word_1_104' title='bbox 909 640 1083 673; x_wconf 83' lang='lat' dir='ltr'>arceatur,</span> <span class='ocrx_word' id='word_1_105' title='bbox 1105 640 1166 665; x_wconf 89' lang='lat' dir='ltr'>aut</span> <span class='ocrx_word' id='word_1_106' title='bbox 1188 632 1296 665; x_wconf 89' lang='lat' dir='ltr'>etiam</span> <span class='ocrx_word' id='word_1_107' title='bbox 1315 631 1358 665; x_wconf 88' lang='lat' dir='ltr'>de</span> <span class='ocrx_word' id='word_1_108' title='bbox 1376 631 1564 665; x_wconf 86' lang='lat' dir='ltr'>virtutibus</span> <span class='ocrx_word' id='word_1_109' title='bbox 1582 642 1656 665; x_wconf 90' lang='lat' dir='ltr'>non</span> <span class='ocrx_word' id='word_1_110' title='bbox 1674 642 1728 665; x_wconf 91' lang='lat' dir='ltr'>su-</span> 
     </span>
     <span class='ocr_line' id='line_1_10' title="bbox 165 687 1114 735; baseline -0.006 -12"><span class='ocrx_word' id='word_1_111' title='bbox 165 689 312 735; x_wconf 78' lang='lat' dir='ltr'>perbiat,</span> <span class='ocrx_word' id='word_1_112' title='bbox 335 697 369 722; x_wconf 88' lang='lat' dir='ltr'>et</span> <span class='ocrx_word' id='word_1_113' title='bbox 390 699 452 733; x_wconf 88' lang='lat' dir='ltr'>per</span> <span class='ocrx_word' id='word_1_114' title='bbox 474 687 685 733; x_wconf 87' lang='lat' dir='ltr'>patientiam</span> <span class='ocrx_word' id='word_1_115' title='bbox 705 694 910 719; x_wconf 82' lang='lat' dir='ltr'>coronetur.</span> <span class='ocrx_word' id='word_1_116' title='bbox 1109 701 1114 703; x_wconf 78' lang='grc'><strong>-</strong></span> 
     </span>
    </p>

    <p class='ocr_par' dir='ltr' id='par_1_3' title="bbox 166 736 1728 1106">
     <span class='ocr_line' id='line_1_11' title="bbox 235 736 1725 784; baseline -0.004 -8"><span class='ocrx_word' id='word_1_117' title='bbox 235 743 294 776; x_wconf 75' lang='lat' dir='ltr'>AD</span> <span class='ocrx_word' id='word_1_118' title='bbox 311 751 488 780; x_wconf 77' lang='lat' dir='ltr'><strong>QUINTUM</strong></span> <span class='ocrx_word' id='word_1_119' title='bbox 508 740 714 780; x_wconf 87' lang='lat' dir='ltr'>dicendum,</span> <span class='ocrx_word' id='word_1_120' title='bbox 730 739 826 784; x_wconf 91' lang='lat' dir='ltr'>quod</span> <span class='ocrx_word' id='word_1_121' title='bbox 841 750 940 772; x_wconf 88' lang='lat' dir='ltr'>mors</span> <span class='ocrx_word' id='word_1_122' title='bbox 951 738 1124 784; x_wconf 70' lang='lat' dir='ltr'>dupliciter</span> <span class='ocrx_word' id='word_1_123' title='bbox 1141 744 1259 783; x_wconf 91' lang='lat' dir='ltr'>potest</span> <span class='ocrx_word' id='word_1_124' title='bbox 1278 736 1518 771; x_wconf 87' lang='lat' dir='ltr'>considerari:</span> <span class='ocrx_word' id='word_1_125' title='bbox 1538 749 1602 771; x_wconf 81' lang='lat' dir='ltr'>uno</span> <span class='ocrx_word' id='word_1_126' title='bbox 1618 736 1725 778; x_wconf 83' lang='lat' dir='ltr'>modo,</span> 
     </span>
     <span class='ocr_line' id='line_1_12' title="bbox 166 790 1727 839; baseline -0.003 -11"><span class='ocrx_word' id='word_1_127' title='bbox 166 795 365 829; x_wconf 85' lang='lat' dir='ltr'>secundum</span> <span class='ocrx_word' id='word_1_128' title='bbox 388 794 483 839; x_wconf 92' lang='lat' dir='ltr'>quod</span> <span class='ocrx_word' id='word_1_129' title='bbox 507 801 559 827; x_wconf 90' lang='lat' dir='ltr'>est</span> <span class='ocrx_word' id='word_1_130' title='bbox 581 792 765 838; x_wconf 83' lang='lat' dir='ltr'>quoddam</span> <span class='ocrx_word' id='word_1_131' title='bbox 789 791 925 825; x_wconf 88' lang='lat' dir='ltr'>malum</span> <span class='ocrx_word' id='word_1_132' title='bbox 957 792 1138 824; x_wconf 77' lang='lat' dir='ltr'>humanae</span> <span class='ocrx_word' id='word_1_133' title='bbox 1165 798 1338 832; x_wconf 87' lang='lat' dir='ltr'>naturae;</span> <span class='ocrx_word' id='word_1_134' title='bbox 1367 798 1402 824; x_wconf 91' lang='lat' dir='ltr'>et</span> <span class='ocrx_word' id='word_1_135' title='bbox 1429 790 1478 823; x_wconf 90' lang='lat' dir='ltr'>sic</span> <span class='ocrx_word' id='word_1_136' title='bbox 1509 801 1583 824; x_wconf 93' lang='lat' dir='ltr'>non</span> <span class='ocrx_word' id='word_1_137' title='bbox 1607 797 1660 824; x_wconf 91' lang='lat' dir='ltr'>est</span> <span class='ocrx_word' id='word_1_138' title='bbox 1685 800 1727 823; x_wconf 82' lang='lat' dir='ltr'>ex</span> 
     </span>
     <span class='ocr_line' id='line_1_13' title="bbox 167 843 1727 891; baseline -0.004 -9"><span class='ocrx_word' id='word_1_139' title='bbox 167 849 260 888; x_wconf 91' lang='lat' dir='ltr'>Deo,</span> <span class='ocrx_word' id='word_1_140' title='bbox 282 848 343 881; x_wconf 87' lang='lat' dir='ltr'>sed</span> <span class='ocrx_word' id='word_1_141' title='bbox 375 855 428 881; x_wconf 82' lang='lat' dir='ltr'>est</span> <span class='ocrx_word' id='word_1_142' title='bbox 450 846 609 880; x_wconf 86' lang='lat' dir='ltr'>defectus</span> <span class='ocrx_word' id='word_1_143' title='bbox 632 845 778 891; x_wconf 86' lang='lat' dir='ltr'>quidam</span> <span class='ocrx_word' id='word_1_144' title='bbox 800 845 962 878; x_wconf 89' lang='lat' dir='ltr'>incidens</span> <span class='ocrx_word' id='word_1_145' title='bbox 985 855 1026 878; x_wconf 84' lang='lat' dir='ltr'>ex</span> <span class='ocrx_word' id='word_1_146' title='bbox 1050 843 1155 888; x_wconf 86' lang='lat' dir='ltr'>culpa</span> <span class='ocrx_word' id='word_1_147' title='bbox 1176 843 1355 877; x_wconf 85' lang='lat' dir='ltr'>humana:</span> <span class='ocrx_word' id='word_1_148' title='bbox 1389 844 1456 877; x_wconf 82' lang='lat' dir='ltr'>alio</span> <span class='ocrx_word' id='word_1_149' title='bbox 1483 843 1578 877; x_wconf 85' lang='lat' dir='ltr'>modo</span> <span class='ocrx_word' id='word_1_150' title='bbox 1607 850 1727 888; x_wconf 87' lang='lat' dir='ltr'>potest</span> 
     </span>
     <span class='ocr_line' id='line_1_14' title="bbox 168 896 1726 944; baseline -0.004 -9"><span class='ocrx_word' id='word_1_151' title='bbox 168 901 401 941; x_wconf 86' lang='lat' dir='ltr'>considerari,</span> <span class='ocrx_word' id='word_1_152' title='bbox 423 900 622 933; x_wconf 87' lang='lat' dir='ltr'>secundum</span> <span class='ocrx_word' id='word_1_153' title='bbox 644 899 740 944; x_wconf 89' lang='lat' dir='ltr'>quod</span> <span class='ocrx_word' id='word_1_154' title='bbox 759 898 868 931; x_wconf 84' lang='lat' dir='ltr'>habet</span> <span class='ocrx_word' id='word_1_155' title='bbox 883 897 1079 943; x_wconf 85' lang='lat' dir='ltr'>quamdam</span> <span class='ocrx_word' id='word_1_156' title='bbox 1095 897 1273 930; x_wconf 86' lang='lat' dir='ltr'>rationem</span> <span class='ocrx_word' id='word_1_157' title='bbox 1287 897 1384 938; x_wconf 87' lang='lat' dir='ltr'>boni,</span> <span class='ocrx_word' id='word_1_158' title='bbox 1399 904 1506 941; x_wconf 91' lang='lat' dir='ltr'>prout</span> <span class='ocrx_word' id='word_1_159' title='bbox 1519 896 1658 930; x_wconf 87' lang='lat' dir='ltr'>scilicet</span> <span class='ocrx_word' id='word_1_160' title='bbox 1672 903 1726 930; x_wconf 90' lang='lat' dir='ltr'>est</span> 
     </span>
     <span class='ocr_line' id='line_1_15' title="bbox 169 949 1727 1000; baseline -0.003 -12"><span class='ocrx_word' id='word_1_161' title='bbox 169 955 346 1000; x_wconf 78' lang='lat' dir='ltr'>quaedam</span> <span class='ocrx_word' id='word_1_162' title='bbox 369 955 459 998; x_wconf 84' lang='lat' dir='ltr'>justa</span> <span class='ocrx_word' id='word_1_163' title='bbox 482 964 622 998; x_wconf 79' lang='lat' dir='ltr'>poena;</span> <span class='ocrx_word' id='word_1_164' title='bbox 646 960 680 986; x_wconf 89' lang='lat' dir='ltr'>et</span> <span class='ocrx_word' id='word_1_165' title='bbox 694 952 743 985; x_wconf 89' lang='lat' dir='ltr'>sic</span> <span class='ocrx_word' id='word_1_166' title='bbox 765 959 816 985; x_wconf 89' lang='lat' dir='ltr'>est</span> <span class='ocrx_word' id='word_1_167' title='bbox 839 963 858 984; x_wconf 87' lang='lat' dir='ltr'>a</span> <span class='ocrx_word' id='word_1_168' title='bbox 879 951 980 993; x_wconf 89' lang='lat' dir='ltr'>Deo;</span> <span class='ocrx_word' id='word_1_169' title='bbox 1003 951 1097 984; x_wconf 88' lang='lat' dir='ltr'>unde</span> <span class='ocrx_word' id='word_1_170' title='bbox 1120 950 1272 995; x_wconf 84' lang='lat' dir='ltr'>August.</span> <span class='ocrx_word' id='word_1_171' title='bbox 1296 950 1382 983; x_wconf 91' lang='lat' dir='ltr'>dicit</span> <span class='ocrx_word' id='word_1_172' title='bbox 1395 949 1431 983; x_wconf 91' lang='lat' dir='ltr'>in</span> <span class='ocrx_word' id='word_1_173' title='bbox 1446 949 1506 984; x_wconf 89' lang='lat' dir='ltr'>lib.</span> <span class='ocrx_word' id='word_1_174' title='bbox 1525 961 1553 984; x_wconf 95' lang='lat'>1.</span> <span class='ocrx_word' id='word_1_175' title='bbox 1569 949 1727 983; x_wconf 87' lang='lat' dir='ltr'>Retract.</span> 
     </span>
     <span class='ocr_line' id='line_1_16' title="bbox 169 1003 1728 1054; baseline -0.004 -11"><span class='ocrx_word' id='word_1_176' title='bbox 169 1012 255 1054; x_wconf 75' lang='lat' dir='ltr'>(cap.</span> <span class='ocrx_word' id='word_1_177' title='bbox 278 1020 328 1042; x_wconf 82' lang='lat'>21.</span> <span class='ocrx_word' id='word_1_178' title='bbox 350 1013 379 1042; x_wconf 78' lang='lat' dir='ltr'>et</span> <span class='ocrx_word' id='word_1_179' title='bbox 393 1008 476 1050; x_wconf 66' lang='lat'>26),</span> <span class='ocrx_word' id='word_1_180' title='bbox 494 1007 589 1052; x_wconf 89' lang='lat' dir='ltr'>quod</span> <span class='ocrx_word' id='word_1_181' title='bbox 604 1005 704 1039; x_wconf 84' lang='lat' dir='ltr'>Deus</span> <span class='ocrx_word' id='word_1_182' title='bbox 726 1016 800 1039; x_wconf 90' lang='lat' dir='ltr'>non</span> <span class='ocrx_word' id='word_1_183' title='bbox 823 1012 876 1039; x_wconf 88' lang='lat' dir='ltr'>est</span> <span class='ocrx_word' id='word_1_184' title='bbox 898 1012 1023 1038; x_wconf 80' lang='lat' dir='ltr'>auctor</span> <span class='ocrx_word' id='word_1_185' title='bbox 1045 1003 1183 1045; x_wconf 87' lang='lat' dir='ltr'>mortis,</span> <span class='ocrx_word' id='word_1_186' title='bbox 1205 1003 1273 1037; x_wconf 86' lang='lat' dir='ltr'>nisi</span> <span class='ocrx_word' id='word_1_187' title='bbox 1294 1003 1509 1049; x_wconf 87' lang='lat' dir='ltr'>inquantum</span> <span class='ocrx_word' id='word_1_188' title='bbox 1524 1010 1578 1037; x_wconf 87' lang='lat' dir='ltr'>est</span> <span class='ocrx_word' id='word_1_189' title='bbox 1595 1003 1728 1047; x_wconf 88' lang='lat' dir='ltr'>(mors)</span> 
     </span>
     <span class='ocr_line' id='line_1_17' title="bbox 166 1072 295 1106; baseline -0.016 -10"><span class='ocrx_word' id='word_1_190' title='bbox 166 1072 295 1106; x_wconf 87' lang='lat' dir='ltr'>poena.</span> 
     </span>
    </p>

    <p class='ocr_par' dir='ltr' id='par_1_4' title="bbox 170 1108 1731 1415">
     <span class='ocr_line' id='line_1_18' title="bbox 241 1108 1729 1157; baseline -0.004 -9"><span class='ocrx_word' id='word_1_191' title='bbox 241 1115 301 1148; x_wconf 86' lang='lat' dir='ltr'>AD</span> <span class='ocrx_word' id='word_1_192' title='bbox 317 1123 468 1148; x_wconf 69' lang='lat' dir='ltr'>SEXTUM</span> <span class='ocrx_word' id='word_1_193' title='bbox 483 1112 689 1153; x_wconf 88' lang='lat' dir='ltr'>dicendum,</span> <span class='ocrx_word' id='word_1_194' title='bbox 705 1111 814 1157; x_wconf 90' lang='lat' dir='ltr'>quod,</span> <span class='ocrx_word' id='word_1_195' title='bbox 830 1111 921 1145; x_wconf 89' lang='lat' dir='ltr'>sicut</span> <span class='ocrx_word' id='word_1_196' title='bbox 935 1110 1158 1156; x_wconf 76' lang='lat' dir='ltr'>Augustinus</span> <span class='ocrx_word' id='word_1_197' title='bbox 1174 1109 1260 1143; x_wconf 88' lang='lat' dir='ltr'>dicit</span> <span class='ocrx_word' id='word_1_198' title='bbox 1278 1120 1329 1155; x_wconf 78' lang='lat'>13.</span> <span class='ocrx_word' id='word_1_199' title='bbox 1345 1109 1388 1143; x_wconf 90' lang='lat' dir='ltr'>de</span> <span class='ocrx_word' id='word_1_200' title='bbox 1401 1109 1479 1143; x_wconf 79' lang='lat' dir='ltr'>Civ.</span> <span class='ocrx_word' id='word_1_201' title='bbox 1492 1109 1561 1143; x_wconf 88' lang='lat' dir='ltr'>Dei</span> <span class='ocrx_word' id='word_1_202' title='bbox 1574 1108 1729 1155; x_wconf 80' lang='lat' dir='ltr'>(cap.5.):</span> 
     </span>
     <span class='ocr_line' id='line_1_19' title="bbox 171 1162 1731 1210; baseline -0.003 -11"><span class='ocrx_word' id='word_1_203' title='bbox 171 1181 188 1199; x_wconf 83' lang='lat'>«</span> <span class='ocrx_word' id='word_1_204' title='bbox 205 1167 530 1208; x_wconf 85' lang='lat' dir='ltr'>Quemadmodum</span> <span class='ocrx_word' id='word_1_205' title='bbox 552 1165 674 1210; x_wconf 74' lang='lat' dir='ltr'>injusti</span> <span class='ocrx_word' id='word_1_206' title='bbox 696 1164 790 1198; x_wconf 88' lang='lat' dir='ltr'>male</span> <span class='ocrx_word' id='word_1_207' title='bbox 813 1172 959 1198; x_wconf 91' lang='lat' dir='ltr'>utuntur</span> <span class='ocrx_word' id='word_1_208' title='bbox 980 1175 1053 1197; x_wconf 93' lang='lat' dir='ltr'>non</span> <span class='ocrx_word' id='word_1_209' title='bbox 1076 1171 1216 1197; x_wconf 87' lang='lat' dir='ltr'>tantum</span> <span class='ocrx_word' id='word_1_210' title='bbox 1238 1163 1354 1204; x_wconf 88' lang='lat' dir='ltr'>malis,</span> <span class='ocrx_word' id='word_1_211' title='bbox 1380 1173 1507 1196; x_wconf 87' lang='lat' dir='ltr'>verum</span> <span class='ocrx_word' id='word_1_212' title='bbox 1535 1163 1644 1196; x_wconf 86' lang='lat' dir='ltr'>etiarn</span> <span class='ocrx_word' id='word_1_213' title='bbox 1670 1162 1731 1196; x_wconf 89' lang='lat' dir='ltr'>bo·</span> 
     </span>
     <span class='ocr_line' id='line_1_20' title="bbox 171 1215 1731 1265; baseline -0.004 -10"><span class='ocrx_word' id='word_1_214' title='bbox 171 1222 245 1262; x_wconf 77' lang='lat' dir='ltr'>nis3</span> <span class='ocrx_word' id='word_1_215' title='bbox 267 1222 315 1255; x_wconf 91' lang='lat' dir='ltr'>ita</span> <span class='ocrx_word' id='word_1_216' title='bbox 337 1221 418 1265; x_wconf 82' lang='lat' dir='ltr'>justi</span> <span class='ocrx_word' id='word_1_217' title='bbox 437 1220 527 1254; x_wconf 87' lang='lat' dir='ltr'>bene</span> <span class='ocrx_word' id='word_1_218' title='bbox 550 1227 695 1252; x_wconf 90' lang='lat' dir='ltr'>utuntur</span> <span class='ocrx_word' id='word_1_219' title='bbox 717 1229 791 1252; x_wconf 90' lang='lat' dir='ltr'>non</span> <span class='ocrx_word' id='word_1_220' title='bbox 813 1226 952 1251; x_wconf 88' lang='lat' dir='ltr'>tantum</span> <span class='ocrx_word' id='word_1_221' title='bbox 974 1217 1089 1257; x_wconf 85' lang='lat' dir='ltr'>bonis,</span> <span class='ocrx_word' id='word_1_222' title='bbox 1112 1216 1173 1250; x_wconf 86' lang='lat' dir='ltr'>sed</span> <span class='ocrx_word' id='word_1_223' title='bbox 1197 1216 1305 1250; x_wconf 82' lang='lat' dir='ltr'>etiam</span> <span class='ocrx_word' id='word_1_224' title='bbox 1329 1215 1434 1249; x_wconf 89' lang='lat' dir='ltr'>malis</span> <span class='ocrx_word' id='word_1_225' title='bbox 1448 1228 1456 1257; x_wconf 89' lang='lat'>;</span> <span class='ocrx_word' id='word_1_226' title='bbox 1470 1216 1554 1249; x_wconf 90' lang='lat' dir='ltr'>hinc</span> <span class='ocrx_word' id='word_1_227' title='bbox 1577 1215 1626 1257; x_wconf 87' lang='lat' dir='ltr'>fit,</span> <span class='ocrx_word' id='word_1_228' title='bbox 1645 1222 1683 1249; x_wconf 91' lang='lat' dir='ltr'>ut</span> <span class='ocrx_word' id='word_1_229' title='bbox 1696 1222 1731 1249; x_wconf 86' lang='lat' dir='ltr'>et</span> 
     </span>
     <span class='ocr_line' id='line_1_21' title="bbox 171 1269 1730 1318; baseline -0.004 -10"><span class='ocrx_word' id='word_1_230' title='bbox 171 1274 259 1308; x_wconf 88' lang='lat' dir='ltr'>mali</span> <span class='ocrx_word' id='word_1_231' title='bbox 280 1273 374 1307; x_wconf 84' lang='lat' dir='ltr'>male</span> <span class='ocrx_word' id='word_1_232' title='bbox 397 1273 476 1318; x_wconf 80' lang='lat' dir='ltr'>lege</span> <span class='ocrx_word' id='word_1_233' title='bbox 499 1280 654 1313; x_wconf 79' lang='lat' dir='ltr'>utantur,</span> <span class='ocrx_word' id='word_1_234' title='bbox 689 1271 853 1317; x_wconf 85' lang='lat' dir='ltr'>quamvis</span> <span class='ocrx_word' id='word_1_235' title='bbox 888 1271 944 1304; x_wconf 86' lang='lat' dir='ltr'>lex</span> <span class='ocrx_word' id='word_1_236' title='bbox 974 1271 1018 1304; x_wconf 89' lang='lat' dir='ltr'>sit</span> <span class='ocrx_word' id='word_1_237' title='bbox 1038 1271 1187 1311; x_wconf 85' lang='lat' dir='ltr'>bonum,</span> <span class='ocrx_word' id='word_1_238' title='bbox 1219 1277 1254 1303; x_wconf 88' lang='lat' dir='ltr'>et</span> <span class='ocrx_word' id='word_1_239' title='bbox 1281 1269 1367 1302; x_wconf 88' lang='lat' dir='ltr'>boni</span> <span class='ocrx_word' id='word_1_240' title='bbox 1397 1269 1487 1303; x_wconf 87' lang='lat' dir='ltr'>bene</span> <span class='ocrx_word' id='word_1_241' title='bbox 1518 1269 1730 1310; x_wconf 86' lang='lat' dir='ltr'>moriantur,</span> 
     </span>
     <span class='ocr_line' id='line_1_22' title="bbox 170 1321 1730 1374; baseline -0.004 -13"><span class='ocrx_word' id='word_1_242' title='bbox 170 1327 334 1374; x_wconf 87' lang='lat' dir='ltr'>quamvis</span> <span class='ocrx_word' id='word_1_243' title='bbox 357 1327 400 1360; x_wconf 84' lang='lat' dir='ltr'>sit</span> <span class='ocrx_word' id='word_1_244' title='bbox 423 1337 520 1360; x_wconf 91' lang='lat' dir='ltr'>mors</span> <span class='ocrx_word' id='word_1_245' title='bbox 542 1325 682 1359; x_wconf 88' lang='lat' dir='ltr'>malum</span> <span class='ocrx_word' id='word_1_246' title='bbox 697 1337 728 1366; x_wconf 85' lang='lat'>»;</span> <span class='ocrx_word' id='word_1_247' title='bbox 760 1325 974 1370; x_wconf 84' lang='lat' dir='ltr'>inquantum</span> <span class='ocrx_word' id='word_1_248' title='bbox 996 1323 1104 1368; x_wconf 85' lang='lat' dir='ltr'>igitur</span> <span class='ocrx_word' id='word_1_249' title='bbox 1130 1323 1245 1356; x_wconf 88' lang='lat' dir='ltr'>sancti</span> <span class='ocrx_word' id='word_1_250' title='bbox 1265 1323 1356 1356; x_wconf 88' lang='lat' dir='ltr'>bene</span> <span class='ocrx_word' id='word_1_251' title='bbox 1378 1330 1495 1356; x_wconf 87' lang='lat' dir='ltr'>morte</span> <span class='ocrx_word' id='word_1_252' title='bbox 1517 1329 1675 1361; x_wconf 86' lang='lat' dir='ltr'>utuntur,</span> <span class='ocrx_word' id='word_1_253' title='bbox 1692 1321 1730 1355; x_wconf 87' lang='lat' dir='ltr'>fit</span> 
     </span>
     <span class='ocr_line' id='line_1_23' title="bbox 172 1380 561 1415; baseline -0.008 0"><span class='ocrx_word' id='word_1_254' title='bbox 172 1382 223 1415; x_wconf 89' lang='lat' dir='ltr'>eis</span> <span class='ocrx_word' id='word_1_255' title='bbox 245 1392 344 1414; x_wconf 91' lang='lat' dir='ltr'>mors</span> <span class='ocrx_word' id='word_1_256' title='bbox 367 1380 561 1413; x_wconf 82' lang='lat' dir='ltr'>meritoria.</span> 
     </span>
    </p>

    <p class='ocr_par' dir='ltr' id='par_1_5' title="bbox 172 1428 1734 1956">
     <span class='ocr_line' id='line_1_24' title="bbox 243 1428 1730 1476; baseline -0.005 -8"><span class='ocrx_word' id='word_1_257' title='bbox 243 1434 303 1468; x_wconf 87' lang='lat' dir='ltr'>AD</span> <span class='ocrx_word' id='word_1_258' title='bbox 326 1443 518 1467; x_wconf 77' lang='lat' dir='ltr'>SEPTlMUM</span> <span class='ocrx_word' id='word_1_259' title='bbox 541 1431 746 1472; x_wconf 89' lang='lat' dir='ltr'>dicendum,</span> <span class='ocrx_word' id='word_1_260' title='bbox 769 1431 865 1476; x_wconf 88' lang='lat' dir='ltr'>quod</span> <span class='ocrx_word' id='word_1_261' title='bbox 888 1441 987 1464; x_wconf 89' lang='lat' dir='ltr'>mors</span> <span class='ocrx_word' id='word_1_262' title='bbox 1002 1429 1176 1475; x_wconf 70' lang='lat' dir='ltr'>dupliciter</span> <span class='ocrx_word' id='word_1_263' title='bbox 1191 1428 1305 1473; x_wconf 89' lang='lat' dir='ltr'>accipi</span> <span class='ocrx_word' id='word_1_264' title='bbox 1319 1435 1453 1472; x_wconf 86' lang='lat' dir='ltr'>potest:</span> <span class='ocrx_word' id='word_1_265' title='bbox 1476 1439 1540 1462; x_wconf 80' lang='lat' dir='ltr'>uno</span> <span class='ocrx_word' id='word_1_266' title='bbox 1555 1428 1650 1462; x_wconf 84' lang='lat' dir='ltr'>modo</span> <span class='ocrx_word' id='word_1_267' title='bbox 1665 1439 1730 1473; x_wconf 93' lang='lat' dir='ltr'>pro</span> 
     </span>
     <span class='ocr_line' id='line_1_25' title="bbox 172 1481 1731 1533; baseline -0.004 -13"><span class='ocrx_word' id='word_1_268' title='bbox 172 1488 248 1533; x_wconf 86' lang='lat' dir='ltr'>ipsa</span> <span class='ocrx_word' id='word_1_269' title='bbox 271 1487 470 1532; x_wconf 86' lang='lat' dir='ltr'>privatione</span> <span class='ocrx_word' id='word_1_270' title='bbox 492 1485 604 1519; x_wconf 85' lang='lat' dir='ltr'>vitae:</span> <span class='ocrx_word' id='word_1_271' title='bbox 628 1493 662 1518; x_wconf 91' lang='lat' dir='ltr'>et</span> <span class='ocrx_word' id='word_1_272' title='bbox 682 1486 732 1518; x_wconf 88' lang='lat' dir='ltr'>sic</span> <span class='ocrx_word' id='word_1_273' title='bbox 755 1495 853 1517; x_wconf 89' lang='lat' dir='ltr'>mors</span> <span class='ocrx_word' id='word_1_274' title='bbox 877 1483 999 1517; x_wconf 88' lang='lat' dir='ltr'>sentiri</span> <span class='ocrx_word' id='word_1_275' title='bbox 1021 1493 1094 1515; x_wconf 91' lang='lat' dir='ltr'>non</span> <span class='ocrx_word' id='word_1_276' title='bbox 1117 1489 1246 1527; x_wconf 87' lang='lat' dir='ltr'>potest,</span> <span class='ocrx_word' id='word_1_277' title='bbox 1269 1492 1352 1514; x_wconf 89' lang='lat' dir='ltr'>cum</span> <span class='ocrx_word' id='word_1_278' title='bbox 1371 1481 1414 1515; x_wconf 89' lang='lat' dir='ltr'>sit</span> <span class='ocrx_word' id='word_1_279' title='bbox 1428 1481 1580 1526; x_wconf 86' lang='lat' dir='ltr'>privatio</span> <span class='ocrx_word' id='word_1_280' title='bbox 1595 1491 1731 1522; x_wconf 89' lang='lat' dir='ltr'>sensus,</span> 
     </span>
     <span class='ocr_line' id='line_1_26' title="bbox 173 1534 1732 1583; baseline -0.005 -9"><span class='ocrx_word' id='word_1_281' title='bbox 173 1550 207 1576; x_wconf 90' lang='lat' dir='ltr'>et</span> <span class='ocrx_word' id='word_1_282' title='bbox 229 1541 344 1574; x_wconf 88' lang='lat' dir='ltr'>vitae:</span> <span class='ocrx_word' id='word_1_283' title='bbox 365 1547 399 1573; x_wconf 89' lang='lat' dir='ltr'>et</span> <span class='ocrx_word' id='word_1_284' title='bbox 420 1539 470 1572; x_wconf 81' lang='lat' dir='ltr'>sic</span> <span class='ocrx_word' id='word_1_285' title='bbox 492 1549 566 1572; x_wconf 92' lang='lat' dir='ltr'>non</span> <span class='ocrx_word' id='word_1_286' title='bbox 589 1546 642 1572; x_wconf 87' lang='lat' dir='ltr'>est</span> <span class='ocrx_word' id='word_1_287' title='bbox 663 1549 782 1583; x_wconf 86' lang='lat' dir='ltr'>poena</span> <span class='ocrx_word' id='word_1_288' title='bbox 804 1548 940 1577; x_wconf 88' lang='lat' dir='ltr'>sensus,</span> <span class='ocrx_word' id='word_1_289' title='bbox 963 1537 1025 1569; x_wconf 90' lang='lat' dir='ltr'>sed</span> <span class='ocrx_word' id='word_1_290' title='bbox 1047 1545 1164 1580; x_wconf 84' lang='lat' dir='ltr'>poena</span> <span class='ocrx_word' id='word_1_291' title='bbox 1180 1534 1320 1568; x_wconf 88' lang='lat' dir='ltr'>damni:</span> <span class='ocrx_word' id='word_1_292' title='bbox 1343 1534 1408 1568; x_wconf 85' lang='lat' dir='ltr'>alio</span> <span class='ocrx_word' id='word_1_293' title='bbox 1423 1534 1517 1568; x_wconf 85' lang='lat' dir='ltr'>modo</span> <span class='ocrx_word' id='word_1_294' title='bbox 1532 1534 1732 1568; x_wconf 88' lang='lat' dir='ltr'>secundum</span> 
     </span>
     <span class='ocr_line' id='line_1_27' title="bbox 172 1587 1734 1639; baseline -0.004 -12"><span class='ocrx_word' id='word_1_295' title='bbox 172 1594 269 1639; x_wconf 86' lang='lat' dir='ltr'>quod</span> <span class='ocrx_word' id='word_1_296' title='bbox 290 1593 455 1626; x_wconf 85' lang='lat' dir='ltr'>nominat</span> <span class='ocrx_word' id='word_1_297' title='bbox 484 1592 599 1636; x_wconf 83' lang='lat' dir='ltr'>ipsam</span> <span class='ocrx_word' id='word_1_298' title='bbox 633 1591 918 1636; x_wconf 87' lang='lat' dir='ltr'>corruptionem,</span> <span class='ocrx_word' id='word_1_299' title='bbox 949 1600 1040 1635; x_wconf 89' lang='lat' dir='ltr'>quae</span> <span class='ocrx_word' id='word_1_300' title='bbox 1066 1588 1279 1622; x_wconf 88' lang='lat' dir='ltr'>terminatur</span> <span class='ocrx_word' id='word_1_301' title='bbox 1301 1587 1343 1621; x_wconf 91' lang='lat' dir='ltr'>ad</span> <span class='ocrx_word' id='word_1_302' title='bbox 1370 1587 1609 1632; x_wconf 86' lang='lat' dir='ltr'>privationem</span> <span class='ocrx_word' id='word_1_303' title='bbox 1635 1597 1734 1632; x_wconf 87' lang='lat' dir='ltr'>prae-</span> 
     </span>
     <span class='ocr_line' id='line_1_28' title="bbox 175 1640 1734 1690; baseline -0.004 -10"><span class='ocrx_word' id='word_1_304' title='bbox 175 1648 320 1680; x_wconf 82' lang='lat' dir='ltr'>dictam.</span> <span class='ocrx_word' id='word_1_305' title='bbox 339 1646 394 1680; x_wconf 85' lang='lat' dir='ltr'>De</span> <span class='ocrx_word' id='word_1_306' title='bbox 418 1645 649 1690; x_wconf 86' lang='lat' dir='ltr'>corruptione</span> <span class='ocrx_word' id='word_1_307' title='bbox 673 1652 805 1685; x_wconf 87' lang='lat' dir='ltr'>autem,</span> <span class='ocrx_word' id='word_1_308' title='bbox 832 1643 925 1677; x_wconf 88' lang='lat' dir='ltr'>sicut</span> <span class='ocrx_word' id='word_1_309' title='bbox 946 1650 980 1676; x_wconf 89' lang='lat' dir='ltr'>et</span> <span class='ocrx_word' id='word_1_310' title='bbox 1003 1643 1045 1676; x_wconf 91' lang='lat' dir='ltr'>de</span> <span class='ocrx_word' id='word_1_311' title='bbox 1069 1641 1301 1687; x_wconf 78' lang='lat' dir='ltr'>generatione</span> <span class='ocrx_word' id='word_1_312' title='bbox 1323 1640 1495 1686; x_wconf 75' lang='lat' dir='ltr'>dupliciter</span> <span class='ocrx_word' id='word_1_313' title='bbox 1524 1640 1625 1686; x_wconf 91' lang='lat' dir='ltr'>loqui</span> <span class='ocrx_word' id='word_1_314' title='bbox 1654 1651 1734 1686; x_wconf 90' lang='lat' dir='ltr'>pos-</span> 
     </span>
     <span class='ocr_line' id='line_1_29' title="bbox 172 1693 1732 1742; baseline -0.004 -9"><span class='ocrx_word' id='word_1_315' title='bbox 172 1711 315 1734; x_wconf 88' lang='lat' dir='ltr'>sumus:</span> <span class='ocrx_word' id='word_1_316' title='bbox 339 1710 403 1732; x_wconf 79' lang='lat' dir='ltr'>uno</span> <span class='ocrx_word' id='word_1_317' title='bbox 428 1698 533 1739; x_wconf 82' lang='lat' dir='ltr'>modo,</span> <span class='ocrx_word' id='word_1_318' title='bbox 557 1698 756 1731; x_wconf 87' lang='lat' dir='ltr'>secundum</span> <span class='ocrx_word' id='word_1_319' title='bbox 777 1697 874 1742; x_wconf 91' lang='lat' dir='ltr'>quod</span> <span class='ocrx_word' id='word_1_320' title='bbox 905 1703 958 1730; x_wconf 91' lang='lat' dir='ltr'>est</span> <span class='ocrx_word' id='word_1_321' title='bbox 978 1695 1154 1729; x_wconf 86' lang='lat' dir='ltr'>terminus</span> <span class='ocrx_word' id='word_1_322' title='bbox 1184 1693 1420 1735; x_wconf 80' lang='lat' dir='ltr'>alterationi53</span> <span class='ocrx_word' id='word_1_323' title='bbox 1449 1701 1484 1727; x_wconf 90' lang='lat' dir='ltr'>et</span> <span class='ocrx_word' id='word_1_324' title='bbox 1512 1693 1562 1727; x_wconf 88' lang='lat' dir='ltr'>sic</span> <span class='ocrx_word' id='word_1_325' title='bbox 1592 1693 1627 1727; x_wconf 88' lang='lat' dir='ltr'>in</span> <span class='ocrx_word' id='word_1_326' title='bbox 1654 1693 1732 1739; x_wconf 87' lang='lat' dir='ltr'>ipso</span> 
     </span>
     <span class='ocr_line' id='line_1_30' title="bbox 172 1746 1734 1797; baseline -0.004 -10"><span class='ocrx_word' id='word_1_327' title='bbox 172 1753 328 1793; x_wconf 87' lang='lat' dir='ltr'>instanti,</span> <span class='ocrx_word' id='word_1_328' title='bbox 350 1752 386 1785; x_wconf 91' lang='lat' dir='ltr'>in</span> <span class='ocrx_word' id='word_1_329' title='bbox 405 1763 477 1797; x_wconf 88' lang='lat' dir='ltr'>quo</span> <span class='ocrx_word' id='word_1_330' title='bbox 499 1751 657 1797; x_wconf 85' lang='lat' dir='ltr'>privatur</span> <span class='ocrx_word' id='word_1_331' title='bbox 678 1750 762 1791; x_wconf 87' lang='lat' dir='ltr'>vita,</span> <span class='ocrx_word' id='word_1_332' title='bbox 785 1750 913 1783; x_wconf 88' lang='lat' dir='ltr'>dicitur</span> <span class='ocrx_word' id='word_1_333' title='bbox 934 1749 1050 1782; x_wconf 83' lang='lat' dir='ltr'>inesse</span> <span class='ocrx_word' id='word_1_334' title='bbox 1072 1759 1190 1782; x_wconf 89' lang='lat' dir='ltr'>mors:</span> <span class='ocrx_word' id='word_1_335' title='bbox 1214 1747 1279 1781; x_wconf 79' lang='lat' dir='ltr'>alio</span> <span class='ocrx_word' id='word_1_336' title='bbox 1293 1746 1388 1780; x_wconf 82' lang='lat' dir='ltr'>modo</span> <span class='ocrx_word' id='word_1_337' title='bbox 1412 1747 1594 1793; x_wconf 86' lang='lat' dir='ltr'>corruptio</span> <span class='ocrx_word' id='word_1_338' title='bbox 1616 1753 1734 1792; x_wconf 88' lang='lat' dir='ltr'>potest</span> 
     </span>
     <span class='ocr_line' id='line_1_31' title="bbox 173 1800 1734 1852; baseline -0.004 -13"><span class='ocrx_word' id='word_1_339' title='bbox 173 1806 287 1852; x_wconf 80' lang='lat' dir='ltr'>accipi</span> <span class='ocrx_word' id='word_1_340' title='bbox 310 1817 392 1839; x_wconf 90' lang='lat' dir='ltr'>cum</span> <span class='ocrx_word' id='word_1_341' title='bbox 416 1804 626 1838; x_wconf 82' lang='lat' dir='ltr'>alteratione</span> <span class='ocrx_word' id='word_1_342' title='bbox 649 1803 899 1848; x_wconf 86' lang='lat' dir='ltr'>praecedente,</span> <span class='ocrx_word' id='word_1_343' title='bbox 919 1810 1025 1848; x_wconf 89' lang='lat' dir='ltr'>prout</span> <span class='ocrx_word' id='word_1_344' title='bbox 1047 1801 1176 1835; x_wconf 91' lang='lat' dir='ltr'>dicitur</span> <span class='ocrx_word' id='word_1_345' title='bbox 1198 1800 1324 1845; x_wconf 86' lang='lat' dir='ltr'>aliquis</span> <span class='ocrx_word' id='word_1_346' title='bbox 1341 1801 1446 1841; x_wconf 90' lang='lat' dir='ltr'>mori,</span> <span class='ocrx_word' id='word_1_347' title='bbox 1462 1800 1548 1833; x_wconf 88' lang='lat' dir='ltr'>dum</span> <span class='ocrx_word' id='word_1_348' title='bbox 1567 1807 1734 1834; x_wconf 89' lang='lat' dir='ltr'>movetur</span> 
     </span>
     <span class='ocr_line' id='line_1_32' title="bbox 174 1855 1733 1902; baseline -0.004 -9"><span class='ocrx_word' id='word_1_349' title='bbox 174 1860 209 1893; x_wconf 88' lang='lat' dir='ltr'>in</span> <span class='ocrx_word' id='word_1_350' title='bbox 233 1866 410 1899; x_wconf 72' lang='lat' dir='ltr'>mortem,</span> <span class='ocrx_word' id='word_1_351' title='bbox 433 1858 525 1891; x_wconf 86' lang='lat' dir='ltr'>sicut</span> <span class='ocrx_word' id='word_1_352' title='bbox 547 1857 675 1890; x_wconf 88' lang='lat' dir='ltr'>dicitur</span> <span class='ocrx_word' id='word_1_353' title='bbox 697 1856 830 1902; x_wconf 86' lang='lat' dir='ltr'>aliquid</span> <span class='ocrx_word' id='word_1_354' title='bbox 853 1855 1029 1901; x_wconf 84' lang='lat' dir='ltr'>generari,</span> <span class='ocrx_word' id='word_1_355' title='bbox 1052 1855 1138 1888; x_wconf 91' lang='lat' dir='ltr'>dum</span> <span class='ocrx_word' id='word_1_356' title='bbox 1160 1861 1327 1887; x_wconf 87' lang='lat' dir='ltr'>movetur</span> <span class='ocrx_word' id='word_1_357' title='bbox 1345 1855 1381 1887; x_wconf 90' lang='lat' dir='ltr'>in</span> <span class='ocrx_word' id='word_1_358' title='bbox 1403 1861 1615 1899; x_wconf 87' lang='lat' dir='ltr'>generatum</span> <span class='ocrx_word' id='word_1_359' title='bbox 1638 1864 1733 1894; x_wconf 87' lang='lat' dir='ltr'>esse;</span> 
     </span>
     <span class='ocr_line' id='line_1_33' title="bbox 175 1909 843 1956; baseline -0.007 -10"><span class='ocrx_word' id='word_1_360' title='bbox 175 1920 209 1946; x_wconf 90' lang='lat' dir='ltr'>et</span> <span class='ocrx_word' id='word_1_361' title='bbox 230 1912 280 1946; x_wconf 85' lang='lat' dir='ltr'>sic</span> <span class='ocrx_word' id='word_1_362' title='bbox 303 1922 401 1945; x_wconf 85' lang='lat' dir='ltr'>mors</span> <span class='ocrx_word' id='word_1_363' title='bbox 425 1918 543 1956; x_wconf 90' lang='lat' dir='ltr'>potest</span> <span class='ocrx_word' id='word_1_364' title='bbox 564 1921 641 1944; x_wconf 88' lang='lat' dir='ltr'>esse</span> <span class='ocrx_word' id='word_1_365' title='bbox 664 1909 843 1943; x_wconf 82' lang='lat' dir='ltr'>afflictiva.</span> 
     </span>
    </p>

    <p class='ocr_par' dir='ltr' id='par_1_6' title="bbox 175 1958 1736 2328">
     <span class='ocr_line' id='line_1_34' title="bbox 246 1958 1733 2008; baseline -0.005 -9"><span class='ocrx_word' id='word_1_366' title='bbox 246 1966 305 1999; x_wconf 77' lang='lat' dir='ltr'>AD</span> <span class='ocrx_word' id='word_1_367' title='bbox 325 1974 514 1999; x_wconf 64' lang='lat' dir='ltr'>oCTAx‘UM</span> <span class='ocrx_word' id='word_1_368' title='bbox 536 1963 741 2003; x_wconf 88' lang='lat' dir='ltr'>dicendum,</span> <span class='ocrx_word' id='word_1_369' title='bbox 765 1963 872 2008; x_wconf 89' lang='lat' dir='ltr'>quod,</span> <span class='ocrx_word' id='word_1_370' title='bbox 895 1962 987 1996; x_wconf 88' lang='lat' dir='ltr'>sicut</span> <span class='ocrx_word' id='word_1_371' title='bbox 1008 1961 1161 2006; x_wconf 77' lang='lat' dir='ltr'>August.</span> <span class='ocrx_word' id='word_1_372' title='bbox 1185 1960 1269 1994; x_wconf 88' lang='lat' dir='ltr'>dicit</span> <span class='ocrx_word' id='word_1_373' title='bbox 1294 1970 1345 1993; x_wconf 88' lang='lat'>11.</span> <span class='ocrx_word' id='word_1_374' title='bbox 1365 1970 1470 2005; x_wconf 88' lang='lat' dir='ltr'>super</span> <span class='ocrx_word' id='word_1_375' title='bbox 1494 1959 1585 1993; x_wconf 88' lang='lat' dir='ltr'>Gen.</span> <span class='ocrx_word' id='word_1_376' title='bbox 1613 1959 1656 1993; x_wconf 87' lang='lat' dir='ltr'>ad</span> <span class='ocrx_word' id='word_1_377' title='bbox 1684 1958 1733 1993; x_wconf 85' lang='lat' dir='ltr'>lit.</span> 
     </span>
     <span class='ocr_line' id='line_1_35' title="bbox 177 2012 1734 2065; baseline -0.006 -11"><span class='ocrx_word' id='word_1_378' title='bbox 177 2019 263 2065; x_wconf 79' lang='lat' dir='ltr'>(cap.</span> <span class='ocrx_word' id='word_1_379' title='bbox 285 2020 368 2064; x_wconf 81' lang='lat'><strong><em>32.).·</em></strong></span> <span class='ocrx_word' id='word_1_380' title='bbox 397 2030 414 2049; x_wconf 87' lang='lat'>‹&lt;</span> <span class='ocrx_word' id='word_1_381' title='bbox 433 2017 532 2050; x_wconf 87' lang='lat' dir='ltr'>Haec</span> <span class='ocrx_word' id='word_1_382' title='bbox 555 2027 653 2050; x_wconf 88' lang='lat' dir='ltr'>mors</span> <span class='ocrx_word' id='word_1_383' title='bbox 677 2027 717 2049; x_wconf 88' lang='lat' dir='ltr'>ea</span> <span class='ocrx_word' id='word_1_384' title='bbox 734 2016 789 2049; x_wconf 88' lang='lat' dir='ltr'>die</span> <span class='ocrx_word' id='word_1_385' title='bbox 806 2015 946 2056; x_wconf 86' lang='lat' dir='ltr'>accidit,</span> <span class='ocrx_word' id='word_1_386' title='bbox 968 2026 1038 2060; x_wconf 91' lang='lat' dir='ltr'>qua</span> <span class='ocrx_word' id='word_1_387' title='bbox 1059 2014 1193 2047; x_wconf 85' lang='lat' dir='ltr'>factum</span> <span class='ocrx_word' id='word_1_388' title='bbox 1217 2021 1270 2047; x_wconf 89' lang='lat' dir='ltr'>est</span> <span class='ocrx_word' id='word_1_389' title='bbox 1282 2013 1378 2058; x_wconf 92' lang='lat' dir='ltr'>quod</span> <span class='ocrx_word' id='word_1_390' title='bbox 1396 2013 1496 2046; x_wconf 91' lang='lat' dir='ltr'>Deus</span> <span class='ocrx_word' id='word_1_391' title='bbox 1510 2014 1636 2054; x_wconf 86' lang='lat' dir='ltr'>vetuit;</span> <span class='ocrx_word' id='word_1_392' title='bbox 1652 2012 1734 2058; x_wconf 88' lang='lat' dir='ltr'>quia</span> 
     </span>
     <span class='ocr_line' id='line_1_36' title="bbox 176 2067 1735 2114; baseline -0.004 -9"><span class='ocrx_word' id='word_1_393' title='bbox 176 2084 217 2106; x_wconf 83' lang='lat' dir='ltr'>ex</span> <span class='ocrx_word' id='word_1_394' title='bbox 240 2080 324 2106; x_wconf 90' lang='lat' dir='ltr'>tunc</span> <span class='ocrx_word' id='word_1_395' title='bbox 345 2070 551 2104; x_wconf 78' lang='lat' dir='ltr'>morbidam</span> <span class='ocrx_word' id='word_1_396' title='bbox 573 2068 795 2114; x_wconf 84' lang='lat' dir='ltr'>qualitatem,</span> <span class='ocrx_word' id='word_1_397' title='bbox 819 2077 853 2103; x_wconf 86' lang='lat' dir='ltr'>et</span> <span class='ocrx_word' id='word_1_398' title='bbox 874 2067 1098 2101; x_wconf 75' lang='lat' dir='ltr'>mortiferam</span> <span class='ocrx_word' id='word_1_399' title='bbox 1118 2067 1223 2112; x_wconf 89' lang='lat' dir='ltr'>primi</span> <span class='ocrx_word' id='word_1_400' title='bbox 1238 2074 1402 2112; x_wconf 87' lang='lat' dir='ltr'>parentes</span> <span class='ocrx_word' id='word_1_401' title='bbox 1417 2067 1452 2099; x_wconf 91' lang='lat' dir='ltr'>in</span> <span class='ocrx_word' id='word_1_402' title='bbox 1471 2076 1623 2111; x_wconf 91' lang='lat' dir='ltr'>corpore</span> <span class='ocrx_word' id='word_1_403' title='bbox 1642 2076 1735 2099; x_wconf 90' lang='lat' dir='ltr'>mor-</span> 
     </span>
     <span class='ocr_line' id='line_1_37' title="bbox 175 2119 1736 2166; baseline -0.005 -7"><span class='ocrx_word' id='word_1_404' title='bbox 175 2125 238 2160; x_wconf 87' lang='lat' dir='ltr'>tali</span> <span class='ocrx_word' id='word_1_405' title='bbox 261 2131 517 2158; x_wconf 72' lang='lat' dir='ltr'>contraxerunt</span> <span class='ocrx_word' id='word_1_406' title='bbox 534 2134 565 2155; x_wconf 82' lang='lat' dir='ltr'>»z</span> <span class='ocrx_word' id='word_1_407' title='bbox 596 2122 663 2162; x_wconf 81' lang='lat' dir='ltr'>vel,</span> <span class='ocrx_word' id='word_1_408' title='bbox 687 2122 779 2155; x_wconf 87' lang='lat' dir='ltr'>sicut</span> <span class='ocrx_word' id='word_1_409' title='bbox 801 2122 884 2155; x_wconf 84' lang='lat' dir='ltr'>dicit</span> <span class='ocrx_word' id='word_1_410' title='bbox 907 2121 966 2155; x_wconf 87' lang='lat' dir='ltr'>lib.</span> <span class='ocrx_word' id='word_1_411' title='bbox 994 2132 1021 2155; x_wconf 90' lang='lat'>1.</span> <span class='ocrx_word' id='word_1_412' title='bbox 1044 2121 1086 2154; x_wconf 88' lang='lat' dir='ltr'>de</span> <span class='ocrx_word' id='word_1_413' title='bbox 1114 2128 1346 2166; x_wconf 84' lang='lat' dir='ltr'>peccatorum</span> <span class='ocrx_word' id='word_1_414' title='bbox 1375 2119 1524 2160; x_wconf 86' lang='lat' dir='ltr'>meritis,</span> <span class='ocrx_word' id='word_1_415' title='bbox 1555 2127 1589 2152; x_wconf 90' lang='lat' dir='ltr'>et</span> <span class='ocrx_word' id='word_1_416' title='bbox 1614 2119 1736 2152; x_wconf 89' lang='lat' dir='ltr'>remis-</span> 
     </span>
     <span class='ocr_line' id='line_1_38' title="bbox 177 2172 1734 2222; baseline -0.004 -10"><span class='ocrx_word' id='word_1_417' title='bbox 177 2179 278 2212; x_wconf 86' lang='lat' dir='ltr'>sione</span> <span class='ocrx_word' id='word_1_418' title='bbox 315 2177 509 2222; x_wconf 24' lang='lat' dir='ltr'>(cczvp.16.):</span> <span class='ocrx_word' id='word_1_419' title='bbox 549 2175 763 2215; x_wconf 84' lang='lat' dir='ltr'>«Quamvis</span> <span class='ocrx_word' id='word_1_420' title='bbox 794 2186 907 2208; x_wconf 86' lang='lat' dir='ltr'>annos</span> <span class='ocrx_word' id='word_1_421' title='bbox 938 2174 1072 2208; x_wconf 89' lang='lat' dir='ltr'>multos</span> <span class='ocrx_word' id='word_1_422' title='bbox 1099 2174 1205 2218; x_wconf 86' lang='lat' dir='ltr'>primi</span> <span class='ocrx_word' id='word_1_423' title='bbox 1238 2181 1402 2219; x_wconf 90' lang='lat' dir='ltr'>parentes</span> <span class='ocrx_word' id='word_1_424' title='bbox 1423 2179 1546 2218; x_wconf 88' lang='lat' dir='ltr'>postea</span> <span class='ocrx_word' id='word_1_425' title='bbox 1572 2172 1734 2213; x_wconf 84' lang='lat' dir='ltr'>vixerint,</span> 
     </span>
     <span class='ocr_line' id='line_1_39' title="bbox 177 2226 1735 2273; baseline -0.003 -9"><span class='ocrx_word' id='word_1_426' title='bbox 177 2231 239 2265; x_wconf 83' lang='lat' dir='ltr'>illo</span> <span class='ocrx_word' id='word_1_427' title='bbox 261 2240 384 2264; x_wconf 85' lang='lat' dir='ltr'>tamen</span> <span class='ocrx_word' id='word_1_428' title='bbox 406 2230 461 2263; x_wconf 87' lang='lat' dir='ltr'>die</span> <span class='ocrx_word' id='word_1_429' title='bbox 484 2229 577 2262; x_wconf 88' lang='lat' dir='ltr'>mori</span> <span class='ocrx_word' id='word_1_430' title='bbox 600 2236 808 2272; x_wconf 87' lang='lat' dir='ltr'>coeperunt,</span> <span class='ocrx_word' id='word_1_431' title='bbox 832 2239 903 2273; x_wconf 90' lang='lat' dir='ltr'>quo</span> <span class='ocrx_word' id='word_1_432' title='bbox 927 2227 1053 2261; x_wconf 90' lang='lat' dir='ltr'>mortis</span> <span class='ocrx_word' id='word_1_433' title='bbox 1075 2226 1206 2272; x_wconf 82' lang='lat' dir='ltr'>legem,</span> <span class='ocrx_word' id='word_1_434' title='bbox 1238 2237 1307 2272; x_wconf 85' lang='lat' dir='ltr'>qua</span> <span class='ocrx_word' id='word_1_435' title='bbox 1328 2226 1364 2259; x_wconf 91' lang='lat' dir='ltr'>in</span> <span class='ocrx_word' id='word_1_436' title='bbox 1383 2226 1524 2259; x_wconf 90' lang='lat' dir='ltr'>senium</span> <span class='ocrx_word' id='word_1_437' title='bbox 1540 2233 1735 2259; x_wconf 85' lang='lat' dir='ltr'>veterasce-</span> 
     </span>
     <span class='ocr_line' id='line_1_40' title="bbox 178 2291 551 2328; baseline -0.011 -10"><span class='ocrx_word' id='word_1_438' title='bbox 178 2292 266 2325; x_wconf 87' lang='lat' dir='ltr'>rent,</span> <span class='ocrx_word' id='word_1_439' title='bbox 289 2291 551 2328; x_wconf 81' lang='lat' dir='ltr'>acceperunt».</span> 
     </span>
    </p>
   </div>
   <div class='ocr_carea' id='block_1_3' title="bbox 741 2407 1734 2466">
    <p class='ocr_par' dir='ltr' id='par_1_7' title="bbox 741 2407 1734 2466">
     <span class='ocr_line' id='line_1_41' title="bbox 741 2407 1734 2466; baseline -0.004 -16"><span class='ocrx_word' id='word_1_440' title='bbox 741 2407 1085 2453; x_wconf 80' lang='lat' dir='ltr'>ARTICULUS</span> <span class='ocrx_word' id='word_1_441' title='bbox 1118 2407 1174 2450; x_wconf 87' lang='lat' dir='ltr'>H.</span> <span class='ocrx_word' id='word_1_442' title='bbox 1668 2428 1734 2466; x_wconf 76' lang='lat'>797</span> 
     </span>
    </p>
   </div>
   <div class='ocr_carea' id='block_1_4' title="bbox 180 2514 1735 2612">
    <p class='ocr_par' dir='ltr' id='par_1_8' title="bbox 180 2514 1735 2612">
     <span class='ocr_line' id='line_1_42' title="bbox 180 2514 1735 2550; baseline -0.005 1"><span class='ocrx_word' id='word_1_443' title='bbox 180 2521 332 2550; x_wconf 86' lang='lat' dir='ltr'>UTRUM</span> <span class='ocrx_word' id='word_1_444' title='bbox 355 2518 691 2549; x_wconf 82' lang='lat' dir='ltr'>CONVENIENTER</span> <span class='ocrx_word' id='word_1_445' title='bbox 715 2516 1039 2546; x_wconf 83' lang='lat' dir='ltr'>PARTICULARES</span> <span class='ocrx_word' id='word_1_446' title='bbox 1064 2515 1236 2544; x_wconf 70' lang='lat' dir='ltr'>POENAE</span> <span class='ocrx_word' id='word_1_447' title='bbox 1256 2515 1483 2545; x_wconf 75' lang='lat' dir='ltr'><strong>PRIMORUM</strong></span> <span class='ocrx_word' id='word_1_448' title='bbox 1504 2514 1735 2545; x_wconf 80' lang='lat' dir='ltr'><strong>PARENTUM</strong></span> 
     </span>
     <span class='ocr_line' id='line_1_43' title="bbox 600 2581 1322 2612; baseline -0.004 0"><span class='ocrx_word' id='word_1_449' title='bbox 600 2581 973 2612; x_wconf 78' lang='lat' dir='ltr'>DETERMINENTUR</span> <span class='ocrx_word' id='word_1_450' title='bbox 1000 2582 1043 2611; x_wconf 86' lang='lat' dir='ltr'>IN</span> <span class='ocrx_word' id='word_1_451' title='bbox 1071 2581 1322 2611; x_wconf 84' lang='lat' dir='ltr'><strong>SCRIPTURA.</strong></span> 
     </span>
    </p>
   </div>
   <div class='ocr_carea' id='block_1_5' title="bbox 761 2667 1158 2712">
    <p class='ocr_par' dir='ltr' id='par_1_9' title="bbox 761 2667 1158 2712">
     <span class='ocr_line' id='line_1_44' title="bbox 761 2667 1158 2712; baseline -0.005 -10"><span class='ocrx_word' id='word_1_452' title='bbox 761 2669 808 2712; x_wconf 87' lang='lat'>(2.</span> <span class='ocrx_word' id='word_1_453' title='bbox 832 2668 918 2701; x_wconf 79' lang='lat' dir='ltr'>Dist.</span> <span class='ocrx_word' id='word_1_454' title='bbox 942 2679 995 2712; x_wconf 79' lang='lat'>29.</span> <span class='ocrx_word' id='word_1_455' title='bbox 1019 2672 1081 2700; x_wconf 78' lang='lat' dir='ltr'>art.</span> <span class='ocrx_word' id='word_1_456' title='bbox 1102 2667 1158 2712; x_wconf 74' lang='lat'>5).</span> 
     </span>
    </p>
   </div>
   <div class='ocr_carea' id='block_1_6' title="bbox 184 2753 1736 2912">
    <p class='ocr_par' dir='ltr' id='par_1_10' title="bbox 184 2753 1736 2912">
     <span class='ocr_line' id='line_1_45' title="bbox 254 2753 1735 2802; baseline -0.005 -7"><span class='ocrx_word' id='word_1_457' title='bbox 254 2762 313 2794; x_wconf 89' lang='lat' dir='ltr'>AD</span> <span class='ocrx_word' id='word_1_458' title='bbox 344 2769 551 2794; x_wconf 78' lang='lat' dir='ltr'>SECUNDUM</span> <span class='ocrx_word' id='word_1_459' title='bbox 573 2758 623 2791; x_wconf 88' lang='lat' dir='ltr'>sic</span> <span class='ocrx_word' id='word_1_460' title='bbox 644 2755 859 2802; x_wconf 88' lang='lat' dir='ltr'>proceditur.</span> <span class='ocrx_word' id='word_1_461' title='bbox 883 2754 1044 2795; x_wconf 82' lang='lat' dir='ltr'>Videtur,</span> <span class='ocrx_word' id='word_1_462' title='bbox 1067 2755 1162 2800; x_wconf 83' lang='lat' dir='ltr'>quod</span> <span class='ocrx_word' id='word_1_463' title='bbox 1189 2754 1485 2788; x_wconf 88' lang='lat' dir='ltr'>inconvenienter</span> <span class='ocrx_word' id='word_1_464' title='bbox 1505 2753 1735 2800; x_wconf 85' lang='lat' dir='ltr'>particulares</span> 
     </span>
     <span class='ocr_line' id='line_1_46' title="bbox 184 2807 1736 2860; baseline -0.006 -12"><span class='ocrx_word' id='word_1_465' title='bbox 184 2825 321 2860; x_wconf 78' lang='lat' dir='ltr'>poenae</span> <span class='ocrx_word' id='word_1_466' title='bbox 345 2814 544 2858; x_wconf 84' lang='lat' dir='ltr'>primorum</span> <span class='ocrx_word' id='word_1_467' title='bbox 581 2818 769 2855; x_wconf 81' lang='lat' dir='ltr'>parentum</span> <span class='ocrx_word' id='word_1_468' title='bbox 791 2808 1074 2842; x_wconf 76' lang='lat' dir='ltr'>determinentur</span> <span class='ocrx_word' id='word_1_469' title='bbox 1107 2808 1142 2841; x_wconf 87' lang='lat' dir='ltr'>in</span> <span class='ocrx_word' id='word_1_470' title='bbox 1167 2808 1369 2852; x_wconf 83' lang='lat' dir='ltr'>Scriptura:</span> <span class='ocrx_word' id='word_1_471' title='bbox 1403 2818 1476 2841; x_wconf 89' lang='lat' dir='ltr'>non</span> <span class='ocrx_word' id='word_1_472' title='bbox 1506 2808 1602 2841; x_wconf 88' lang='lat' dir='ltr'>enim</span> <span class='ocrx_word' id='word_1_473' title='bbox 1633 2807 1736 2840; x_wconf 85' lang='lat' dir='ltr'>debet</span> 
     </span>
     <span class='ocr_line' id='line_1_47' title="bbox 185 2858 1736 2912; baseline -0.005 -12"><span class='ocrx_word' id='word_1_474' title='bbox 185 2867 358 2912; x_wconf 73' lang='lat' dir='ltr'>assignari</span> <span class='ocrx_word' id='word_1_475' title='bbox 382 2874 417 2900; x_wconf 79' lang='lat' dir='ltr'>ut</span> <span class='ocrx_word' id='word_1_476' title='bbox 439 2876 556 2910; x_wconf 70' lang='lat' dir='ltr'>poc-na</span> <span class='ocrx_word' id='word_1_477' title='bbox 577 2863 727 2910; x_wconf 74' lang='lat' dir='ltr'>peccati,</span> <span class='ocrx_word' id='word_1_478' title='bbox 746 2862 780 2895; x_wconf 89' lang='lat' dir='ltr'>id</span> <span class='ocrx_word' id='word_1_479' title='bbox 803 2861 898 2908; x_wconf 87' lang='lat' dir='ltr'>quod</span> <span class='ocrx_word' id='word_1_480' title='bbox 921 2861 1029 2895; x_wconf 83' lang='lat' dir='ltr'>etiam</span> <span class='ocrx_word' id='word_1_481' title='bbox 1051 2861 1126 2896; x_wconf 84' lang='lat' dir='ltr'>sine</span> <span class='ocrx_word' id='word_1_482' title='bbox 1156 2869 1306 2906; x_wconf 86' lang='lat' dir='ltr'>peccato</span> <span class='ocrx_word' id='word_1_483' title='bbox 1337 2868 1447 2895; x_wconf 86' lang='lat' dir='ltr'>esset:</span> <span class='ocrx_word' id='word_1_484' title='bbox 1481 2860 1543 2894; x_wconf 87' lang='lat' dir='ltr'>sed</span> <span class='ocrx_word' id='word_1_485' title='bbox 1570 2858 1675 2894; x_wconf 91' lang='lat' dir='ltr'>dolor</span> <span class='ocrx_word' id='word_1_486' title='bbox 1700 2859 1736 2893; x_wconf 90' lang='lat' dir='ltr'>in</span> 
     </span>
    </p>
   </div>
  </div>
 </body>
</html>
