1859 3122
445 165 662 202 QUAESTIO
697 165 857 195 CXXXV.
891 164 1134 195 ARTICULUS
1168 163 1194 192 1.
1522 150 1601 205 895

499 406 852 468 QUAESTIO
901 405 1167 454 CXXXV.

226 531 289 562 DE
317 531 696 570 PARVIMCENTIA,
728 532 778 562 IN
806 531 929 562 DUOS
956 529 1217 561 ARTICULOS
1253 528 1427 560 DIVISA.

119 669 260 705 Deinde
283 670 587 706 considerandum
614 680 667 706 cst
688 672 731 706 de
753 671 846 706 vitiis
869 671 1043 718 oppositis
1065 669 1368 718 magnificentiae.

538 760 582 794 Et
608 761 698 794 circa
725 760 783 794 hoc
809 764 1013 805 quaeruntur
1039 759 1113 794 duo.

118 830 252 865 Primo.
276 830 407 865 Utrum
430 830 675 877 parvificentia
696 831 740 866 sit
760 831 898 866 vitium.

120 883 300 920 Secundo.
322 885 378 920 De
400 885 487 919 vitio
511 885 543 919 ei
565 885 744 931 opposito.

620 1026 963 1071 ARTICULUS
994 1026 1026 1068 Ι.
1540 1035 1609 1072 666

417 1135 568 1165 UTRUM
600 1135 935 1166 PARVIFICENTIA
968 1135 1035 1164 SIT
1067 1134 1238 1164 VITIUM.

663 1224 712 1269 (4.
734 1224 810 1259 Eth.
837 1224 905 1258 lact.
933 1224 992 1270 7.).

117 1311 178 1346 AD
206 1322 356 1346 PRIMUM
382 1311 432 1346 sic
459 1312 676 1358 proceditur.
702 1313 865 1354 Videtur,
895 1312 991 1358 quod
1018 1311 1264 1359 parvificentia
1292 1322 1366 1346 non
1394 1311 1437 1346 sit
1463 1311 1608 1346 vitium:

47 1365 158 1400 virtus
179 1365 276 1400 enim
297 1366 388 1400 sicut
415 1374 468 1400 est
493 1366 717 1400 moderativa
743 1377 974 1412 magnorum,
996 1366 1045 1400 ita
1067 1366 1175 1399 etiam
1203 1373 1256 1400 est
1281 1366 1505 1399 moderativa
1531 1377 1611 1412 par-

47 1429 194 1453 vorum:
217 1419 311 1453 unde
333 1428 367 1454 et
387 1419 564 1461 liberales,
584 1428 618 1454 et
636 1420 745 1454 etiam
761 1419 945 1466 magnifici
964 1419 1083 1465 aliqua
1098 1431 1208 1465 parva
1227 1419 1377 1453 faciunt:
1397 1419 1459 1453 sed
1474 1419 1612 1466 magni-

48 1471 190 1506 ficentia
212 1480 264 1507 est
284 1472 414 1516 virtus3
436 1484 522 1519 ergo
546 1473 655 1508 etiam
677 1473 842 1508 similiter
863 1473 1109 1520 parvificentia
1135 1474 1250 1519 magis
1276 1481 1329 1507 est
1348 1473 1472 1515 virtus,
1499 1485 1608 1520 quam

47 1533 186 1560 vitium.

119 1589 151 1614 2.
173 1579 408 1615 PRAETEREA.
430 1580 567 1615 Philos.
583 1580 679 1623 dicit,
699 1580 734 1615 in
752 1591 785 1624 4.
802 1580 918 1615 Ethic.
934 1581 1023 1628 (cap.
1041 1582 1105 1624 2.),
1122 1580 1218 1627 quod
1233 1580 1418 1626 diligentia
1433 1580 1612 1615 ratiocinii

49 1641 101 1667 est
118 1633 307 1679 parvifica:
330 1634 392 1668 sed
414 1633 598 1679 diligentia
617 1635 797 1669 ratiocinii
813 1635 954 1668 videtur
975 1646 1052 1669 esse
1070 1634 1274 1677 laudabilis3
1291 1634 1373 1680 quia
1388 1635 1525 1668 bonum
1545 1635 1609 1668 ho-

48 1686 155 1721 minis
177 1695 230 1721 est
250 1687 449 1721 secundum
470 1689 649 1722 rationem
679 1700 768 1730 esse,
790 1696 829 1722 ut
850 1688 960 1722 Dion.
988 1688 1074 1722 dicit
1101 1688 1138 1722 in
1164 1698 1196 1730 4.
1227 1699 1304 1734 cap.
1328 1688 1371 1722 de
1392 1688 1474 1722 Div.
1496 1687 1607 1722 Nom.

47 1742 152 1786 (part.
173 1751 206 1784 4.
229 1740 298 1775 lect.
320 1742 406 1786 22.);
430 1752 516 1787 ergo
538 1741 784 1787 parvificentia
805 1752 880 1775 non
903 1748 956 1776 est
975 1741 1115 1775 vitium.

123 1805 151 1839 3.
173 1793 409 1828 PRAETEREA.
424 1793 561 1828 Philos.
577 1794 672 1836 dicit,
687 1794 724 1828 in
744 1804 777 1837 4.
793 1794 909 1828 Ethic.
927 1795 1011 1840 (cap.
1026 1795 1086 1839 2.),
1107 1794 1204 1840 quod
1216 1793 1408 1841 parvificus
1428 1795 1611 1829 consumit

48 1847 240 1893 pecuniam
266 1848 442 1882 tristatus:
471 1848 534 1882 sed
558 1848 630 1882 hoc
657 1848 809 1894 pertinet
837 1848 880 1882 ad
908 1848 1106 1891 avaritiam,
1135 1849 1209 1883 sive
1238 1848 1282 1882 ad
1312 1848 1610 1892 illiberalitatem3

49 1912 135 1947 ergo
157 1900 403 1947 parvificentia
424 1913 499 1935 non
520 1909 573 1936 est
592 1901 720 1935 vitium
739 1901 780 1935 ab
803 1901 881 1936 aliis
904 1901 1123 1936 distinctum.

121 1954 196 1989 SED
211 1965 366 1990 CONTRA
382 1963 445 1996 est,
460 1955 557 2001 quod
571 1954 708 1989 Philos.
727 1955 764 1989 in
785 1965 817 1989 2.
839 1955 955 1989 Ethic.
978 1955 1066 2001 (cap.
1086 1956 1146 2001 7.),
1170 1962 1205 1989 et
1225 1954 1261 1988 in
1282 1964 1315 1998 4.
1331 1955 1420 2001 (cap.
1439 1956 1486 2002 2.)
1506 1957 1609 2002 ponit

48 2007 333 2055 parvificentiani
354 2007 510 2054 speciale
535 2008 664 2042 vitium
685 2007 975 2054 magnificentiae
999 2008 1217 2054 oppositum.

119 2061 349 2096 RESPONDEO
365 2061 569 2104 dicendum,
589 2061 696 2108 quod,
712 2062 804 2096 sicut
818 2073 923 2108 supra
938 2061 1075 2096 dictum
1090 2069 1143 2096 est
1160 2062 1238 2107 (1-2.
1257 2073 1287 2108 q.
1305 2074 1332 2097 1.
1348 2068 1413 2097 art.
1432 2075 1457 2107 3.
1471 2067 1502 2098 et
1515 2075 1544 2109 q.
1559 2063 1610 2098 13.

50 2120 114 2150 art.
136 2115 199 2161 6.),
222 2115 375 2150 moralia
402 2115 560 2161 speciem
587 2126 606 2149 a
627 2115 697 2150 fine
723 2115 938 2158 sortiuntur3
960 2115 1054 2149 unde
1082 2123 1116 2149 et
1142 2127 1161 2149 a
1187 2115 1258 2150 fine
1280 2124 1318 2150 ut
1338 2115 1470 2162 pluries
1496 2116 1612 2150 nomi-

49 2176 201 2211 nantur3
223 2180 266 2203 ex
285 2169 357 2203 hoc
373 2180 460 2215 ergo
475 2169 603 2203 dicitur
616 2168 742 2215 aliquis
753 2170 950 2215 pai-vificas,
970 2168 1067 2215 quod
1081 2169 1234 2203 intendit
1254 2169 1298 2203 ad
1313 2169 1444 2215 aliquid
1459 2181 1610 2215 parvum

49 2222 275 2257 faciendum:
291 2228 439 2268 parvum
455 2231 587 2264 autem,
609 2230 644 2256 et
664 2234 819 2268 magnum
835 2222 1034 2256 secundum
1056 2221 1192 2257 Philos.
1206 2222 1242 2256 in
1257 2223 1481 2256 Praedicam.
1497 2223 1585 2269 (cap.
1600 2236 1609 2258 .-

51 2275 106 2310 Ad
131 2275 272 2321 aliquid)
300 2275 446 2310 relative
469 2275 652 2318 dicuntur3
674 2275 768 2310 unde
789 2287 872 2309 cum
891 2275 1029 2318 dicitur,
1053 2276 1148 2321 quod
1166 2276 1358 2321 parvificus
1379 2276 1531 2310 intendit
1552 2276 1612 2309 ali-

51 2328 135 2374 quid
156 2340 307 2375 parvum
328 2328 458 2370 facere,
480 2328 756 2375 intelligendum
771 2337 823 2363 est
836 2329 872 2363 in
888 2330 1161 2376 comparatione
1184 2329 1227 2363 ad
1250 2341 1363 2375 genus
1378 2331 1496 2376 operis
1511 2330 1608 2375 quod

50 2381 145 2416 facit.
166 2382 207 2415 In
229 2393 300 2428 quo
327 2382 471 2428 quidem
494 2389 652 2428 parvum,
676 2390 711 2416 et
730 2394 889 2428 magnum
915 2391 1034 2429 potest
1061 2382 1195 2416 attendi
1216 2382 1402 2429 dupliciter:
1426 2394 1488 2416 cmo
1510 2381 1606 2416 modo

52 2446 94 2469 ex
115 2443 214 2481 parte
237 2435 354 2481 operis
376 2435 502 2470 fiendi:
526 2435 591 2469 allo
613 2435 707 2469 modo
734 2447 776 2470 ex
798 2444 896 2481 parte
923 2444 1106 2482 sumptus3
1128 2435 1344 2482 magnificus
1372 2447 1458 2481 ergo
1486 2436 1612 2482 princi-

52 2487 179 2533 paliter
210 2488 362 2522 intendit
394 2488 681 2534 magnitudinem
714 2490 852 2534 operis:
889 2490 1103 2523 secundario
1137 2489 1288 2523 intendit
1321 2489 1609 2534 magnitudinem

0 2579 1 2587 ἵ
52 2549 224 2587 sumptus,
247 2553 357 2587 quarn
377 2553 451 2576 non
466 2542 564 2583 vitat,
586 2549 624 2575 ut
644 2541 752 2576 faciat
772 2553 947 2588 magnum
967 2554 1073 2589 opu53
1088 2542 1182 2576 unde
1205 2550 1239 2576 et
1253 2541 1388 2576 Philos.
1409 2542 1505 2584 dicit,
1523 2542 1560 2576 in
1577 2552 1611 2585 4.

51 2594 167 2628 Ethic.
192 2596 278 2641 (cap.
304 2596 366 2640 2.),
389 2595 486 2641 quod
509 2594 722 2640 magnificus
749 2595 790 2629 ab
819 2596 960 2642 aequali
981 2604 1126 2641 sumptu
1149 2607 1238 2641 opus
1261 2595 1368 2629 faciet
1394 2595 1509 2640 magis
1531 2607 1607 2629 ma-

53 2647 244 2694 gnificum:
275 2648 466 2694 parvificus
498 2657 618 2683 autem
641 2660 659 2682 e
681 2660 856 2683 converso
884 2649 1128 2695 principaliter
1150 2648 1297 2694 quidem
1319 2649 1470 2682 intendit
1498 2649 1611 2695 parvi—

52 2709 163 2735 tatem
181 2709 363 2747 sumptu53
385 2701 479 2736 unde
501 2710 536 2736 et
555 2701 691 2736 Philos.
709 2702 803 2744 dicit,
823 2702 860 2736 in
878 2712 911 2745 4.
926 2702 1041 2737 Ethic.
1053 2703 1141 2749 (cap.
1163 2702 1224 2746 2.),
1245 2701 1341 2747 quod
1359 2701 1511 2736 intendit
1528 2714 1612 2748 qua-

52 2753 133 2788 liter
153 2754 347 2788 minimum
368 2763 576 2790 consumat:
599 2767 642 2790 ex
663 2756 897 2802 consequenti
923 2764 1045 2790 autem
1071 2755 1223 2789 intendit
1244 2755 1457 2800 parvitatem
1479 2755 1609 2800 operis,

54 2819 164 2854 quam
184 2807 322 2842 scilicet
341 2819 416 2842 non
436 2816 588 2850 recusat,
607 2808 807 2843 dummodo
828 2820 981 2855 parvum
1002 2815 1186 2855 sumptum
1207 2807 1332 2851 faciat3
1355 2808 1448 2842 unde
1470 2808 1607 2843 Philos.

55 2860 141 2895 dicit
165 2860 310 2903 ibidem,
337 2861 435 2907 quod
455 2862 640 2908 parvificus
664 2863 814 2897 maxima
840 2873 1039 2904 consumens,
1062 2863 1097 2896 in
1114 2868 1238 2908 parvo,
1261 2860 1398 2896 scilicet
1419 2861 1514 2907 quod
1535 2873 1610 2896 non
