<?xml version="1.0" encoding="UTF-8"?>
<!DOCTYPE html PUBLIC "-//W3C//DTD XHTML 1.0 Transitional//EN"
    "http://www.w3.org/TR/xhtml1/DTD/xhtml1-transitional.dtd">
<html xmlns="http://www.w3.org/1999/xhtml" xml:lang="en" lang="en">
 <head>
  <title>
</title>
<meta http-equiv="Content-Type" content="text/html;charset=utf-8" />
  <meta name='ocr-system' content='tesseract 3.04.00' />
  <meta name='ocr-capabilities' content='ocr_page ocr_carea ocr_par ocr_line ocrx_word'/>
</head>
<body>
  <div class='ocr_page' id='page_1' title='image "./divithomaeaquina03thomuoft_0213.png"; bbox 0 0 1859 3122; ppageno 0'>
   <div class='ocr_carea' id='block_1_1' title="bbox 491 171 1631 213">
    <p class='ocr_par' dir='ltr' id='par_1_1' title="bbox 491 171 1631 213">
     <span class='ocr_line' id='line_1_1' title="bbox 491 171 1631 213; baseline -0.005 -7"><span class='ocrx_word' id='word_1_1' title='bbox 491 176 711 212; x_wconf 80' lang='lat' dir='ltr'><strong>QUAESTIO</strong></span> <span class='ocrx_word' id='word_1_2' title='bbox 746 175 845 204; x_wconf 83' lang='lat' dir='ltr'>XXV.</span> <span class='ocrx_word' id='word_1_3' title='bbox 880 174 1122 205; x_wconf 88' lang='lat' dir='ltr'><strong>ARTICULUS</strong></span> <span class='ocrx_word' id='word_1_4' title='bbox 1155 173 1212 203; x_wconf 87' lang='lat' dir='ltr'><strong>VI.</strong></span> <span class='ocrx_word' id='word_1_5' title='bbox 1549 171 1631 213; x_wconf 83' lang='lat'><strong>207</strong></span> 
     </span>
    </p>
   </div>
   <div class='ocr_carea' id='block_1_2' title="bbox 77 251 1640 2917">
    <p class='ocr_par' dir='ltr' id='par_1_2' title="bbox 78 251 1635 463">
     <span class='ocr_line' id='line_1_2' title="bbox 148 251 1633 304; baseline -0.005 -10"><span class='ocrx_word' id='word_1_6' title='bbox 148 269 180 302; x_wconf 83' lang='lat'><strong>4.</strong></span> <span class='ocrx_word' id='word_1_7' title='bbox 199 259 434 293; x_wconf 68' lang='lat' dir='ltr'><strong>PRAETEREA.</strong></span> <span class='ocrx_word' id='word_1_8' title='bbox 454 258 645 304; x_wconf 92' lang='lat' dir='ltr'><strong>Proprium</strong></span> <span class='ocrx_word' id='word_1_9' title='bbox 667 265 720 291; x_wconf 88' lang='lat' dir='ltr'><strong>est</strong></span> <span class='ocrx_word' id='word_1_10' title='bbox 733 256 935 291; x_wconf 90' lang='lat' dir='ltr'><strong>amicorum</strong></span> <span class='ocrx_word' id='word_1_11' title='bbox 956 256 998 290; x_wconf 89' lang='lat' dir='ltr'><strong>de</strong></span> <span class='ocrx_word' id='word_1_12' title='bbox 1015 256 1150 290; x_wconf 75' lang='lat' dir='ltr'><strong>eisdem</strong></span> <span class='ocrx_word' id='word_1_13' title='bbox 1173 253 1340 300; x_wconf 82' lang='lat' dir='ltr'><strong>gaudere,</strong></span> <span class='ocrx_word' id='word_1_14' title='bbox 1356 261 1391 287; x_wconf 90' lang='lat' dir='ltr'><strong>et</strong></span> <span class='ocrx_word' id='word_1_15' title='bbox 1408 252 1504 286; x_wconf 90' lang='lat' dir='ltr'><strong>idem</strong></span> <span class='ocrx_word' id='word_1_16' title='bbox 1523 251 1633 286; x_wconf 82' lang='lat' dir='ltr'><strong>velle:</strong></span> 
     </span>
     <span class='ocr_line' id='line_1_3' title="bbox 78 305 1633 357; baseline -0.006 -10"><span class='ocrx_word' id='word_1_17' title='bbox 78 313 141 348; x_wconf 91' lang='lat' dir='ltr'><strong>sed</strong></span> <span class='ocrx_word' id='word_1_18' title='bbox 163 313 318 347; x_wconf 81' lang='lat' dir='ltr'>charitas</span> <span class='ocrx_word' id='word_1_19' title='bbox 345 324 418 346; x_wconf 89' lang='lat' dir='ltr'><strong>non</strong></span> <span class='ocrx_word' id='word_1_20' title='bbox 440 312 524 346; x_wconf 88' lang='lat' dir='ltr'><strong>facit</strong></span> <span class='ocrx_word' id='word_1_21' title='bbox 544 311 648 353; x_wconf 82' lang='lat' dir='ltr'><strong>velle,</strong></span> <span class='ocrx_word' id='word_1_22' title='bbox 664 310 760 357; x_wconf 89' lang='lat' dir='ltr'><strong>quod</strong></span> <span class='ocrx_word' id='word_1_23' title='bbox 782 319 991 356; x_wconf 82' lang='lat' dir='ltr'><strong>peccatores</strong></span> <span class='ocrx_word' id='word_1_24' title='bbox 1013 309 1151 350; x_wconf 85' lang='lat' dir='ltr'><strong>volunt,</strong></span> <span class='ocrx_word' id='word_1_25' title='bbox 1166 319 1282 354; x_wconf 85' lang='lat' dir='ltr'><strong>neque</strong></span> <span class='ocrx_word' id='word_1_26' title='bbox 1304 307 1389 341; x_wconf 88' lang='lat' dir='ltr'><strong>facit</strong></span> <span class='ocrx_word' id='word_1_27' title='bbox 1411 306 1567 351; x_wconf 81' lang='lat' dir='ltr'><strong>gaudere</strong></span> <span class='ocrx_word' id='word_1_28' title='bbox 1590 305 1633 338; x_wconf 84' lang='lat' dir='ltr'><strong>de</strong></span> 
     </span>
     <span class='ocr_line' id='line_1_4' title="bbox 78 362 1635 412; baseline -0.005 -12"><span class='ocrx_word' id='word_1_29' title='bbox 78 367 161 408; x_wconf 92' lang='lat' dir='ltr'><strong>hoc,</strong></span> <span class='ocrx_word' id='word_1_30' title='bbox 180 367 221 400; x_wconf 87' lang='lat' dir='ltr'><strong>de</strong></span> <span class='ocrx_word' id='word_1_31' title='bbox 238 378 309 412; x_wconf 87' lang='lat' dir='ltr'><strong>quo</strong></span> <span class='ocrx_word' id='word_1_32' title='bbox 325 374 533 412; x_wconf 79' lang='lat' dir='ltr'>peccatores</span> <span class='ocrx_word' id='word_1_33' title='bbox 548 365 721 411; x_wconf 80' lang='lat' dir='ltr'><strong>gaudent3</strong></span> <span class='ocrx_word' id='word_1_34' title='bbox 744 364 805 398; x_wconf 85' lang='lat' dir='ltr'><strong>sed</strong></span> <span class='ocrx_word' id='word_1_35' title='bbox 825 363 941 407; x_wconf 76' lang='lat' dir='ltr'><strong>magis</strong></span> <span class='ocrx_word' id='word_1_36' title='bbox 959 362 1043 396; x_wconf 81' lang='lat' dir='ltr'><strong>facit</strong></span> <span class='ocrx_word' id='word_1_37' title='bbox 1062 362 1300 404; x_wconf 80' lang='lat' dir='ltr'><strong>contrarium3</strong></span> <span class='ocrx_word' id='word_1_38' title='bbox 1321 371 1407 405; x_wconf 84' lang='lat' dir='ltr'><strong>ergo</strong></span> <span class='ocrx_word' id='word_1_39' title='bbox 1426 367 1635 406; x_wconf 76' lang='lat' dir='ltr'><strong>peccatores</strong></span> 
     </span>
     <span class='ocr_line' id='line_1_5' title="bbox 78 418 1181 463; baseline -0.005 -10"><span class='ocrx_word' id='word_1_40' title='bbox 78 431 151 453; x_wconf 86' lang='lat' dir='ltr'><strong>non</strong></span> <span class='ocrx_word' id='word_1_41' title='bbox 173 428 253 453; x_wconf 90' lang='lat' dir='ltr'><strong>sunt</strong></span> <span class='ocrx_word' id='word_1_42' title='bbox 275 432 317 454; x_wconf 82' lang='lat' dir='ltr'><strong>ex</strong></span> <span class='ocrx_word' id='word_1_43' title='bbox 339 420 511 454; x_wconf 77' lang='lat' dir='ltr'><strong>charitate</strong></span> <span class='ocrx_word' id='word_1_44' title='bbox 535 418 715 463; x_wconf 83' lang='lat' dir='ltr'><strong>diligendi.</strong></span> <span class='ocrx_word' id='word_1_45' title='bbox 1172 447 1181 463; x_wconf 39' lang='lat'>⁴</span> 
     </span>
    </p>

    <p class='ocr_par' dir='ltr' id='par_1_3' title="bbox 77 465 1635 678">
     <span class='ocr_line' id='line_1_6' title="bbox 154 465 1635 518; baseline -0.006 -11"><span class='ocrx_word' id='word_1_46' title='bbox 154 484 181 517; x_wconf 82' lang='lat'><strong>5.</strong></span> <span class='ocrx_word' id='word_1_47' title='bbox 198 473 432 507; x_wconf 69' lang='lat' dir='ltr'><strong>PRAETEREA.</strong></span> <span class='ocrx_word' id='word_1_48' title='bbox 455 472 648 518; x_wconf 88' lang='lat' dir='ltr'><strong>Proprium</strong></span> <span class='ocrx_word' id='word_1_49' title='bbox 683 479 735 504; x_wconf 89' lang='lat' dir='ltr'><strong>est</strong></span> <span class='ocrx_word' id='word_1_50' title='bbox 769 470 971 504; x_wconf 86' lang='lat' dir='ltr'><strong>amicorum</strong></span> <span class='ocrx_word' id='word_1_51' title='bbox 1006 469 1112 503; x_wconf 85' lang='lat' dir='ltr'><strong>simul</strong></span> <span class='ocrx_word' id='word_1_52' title='bbox 1147 468 1350 509; x_wconf 75' lang='lat' dir='ltr'><strong>convivere,</strong></span> <span class='ocrx_word' id='word_1_53' title='bbox 1373 475 1410 500; x_wconf 93' lang='lat' dir='ltr'><strong>ut</strong></span> <span class='ocrx_word' id='word_1_54' title='bbox 1443 466 1571 500; x_wconf 87' lang='lat' dir='ltr'><strong>dicitur</strong></span> <span class='ocrx_word' id='word_1_55' title='bbox 1600 465 1635 498; x_wconf 87' lang='lat' dir='ltr'><strong>in</strong></span> 
     </span>
     <span class='ocr_line' id='line_1_7' title="bbox 79 519 1635 572; baseline -0.006 -12"><span class='ocrx_word' id='word_1_56' title='bbox 79 526 109 560; x_wconf 88' lang='lat'><strong>8.</strong></span> <span class='ocrx_word' id='word_1_57' title='bbox 133 526 247 560; x_wconf 89' lang='lat' dir='ltr'><strong>Ethic.</strong></span> <span class='ocrx_word' id='word_1_58' title='bbox 270 528 358 572; x_wconf 71' lang='lat' dir='ltr'><strong>(sap.</strong></span> <span class='ocrx_word' id='word_1_59' title='bbox 377 526 443 571; x_wconf 82' lang='lat'><em>5.):</em></span> <span class='ocrx_word' id='word_1_60' title='bbox 467 525 528 560; x_wconf 82' lang='lat' dir='ltr'><strong>sed</strong></span> <span class='ocrx_word' id='word_1_61' title='bbox 551 536 633 558; x_wconf 89' lang='lat' dir='ltr'><strong>cum</strong></span> <span class='ocrx_word' id='word_1_62' title='bbox 663 524 912 570; x_wconf 86' lang='lat' dir='ltr'><strong>peccatoribus</strong></span> <span class='ocrx_word' id='word_1_63' title='bbox 946 534 1019 556; x_wconf 88' lang='lat' dir='ltr'><strong>non</strong></span> <span class='ocrx_word' id='word_1_64' title='bbox 1049 530 1100 556; x_wconf 86' lang='lat' dir='ltr'><strong>est</strong></span> <span class='ocrx_word' id='word_1_65' title='bbox 1131 521 1408 562; x_wconf 74' lang='lat' dir='ltr'><strong>convivendum,</strong></span> <span class='ocrx_word' id='word_1_66' title='bbox 1436 519 1635 554; x_wconf 84' lang='lat' dir='ltr'><strong>secundum</strong></span> 
     </span>
     <span class='ocr_line' id='line_1_8' title="bbox 77 577 1635 621; baseline -0.005 -8"><span class='ocrx_word' id='word_1_67' title='bbox 77 579 164 613; x_wconf 83' lang='lat' dir='ltr'><strong>illud</strong></span> <span class='ocrx_word' id='word_1_68' title='bbox 187 589 217 613; x_wconf 88' lang='lat'><strong>2.</strong></span> <span class='ocrx_word' id='word_1_69' title='bbox 241 580 283 613; x_wconf 88' lang='lat' dir='ltr'><strong>ad</strong></span> <span class='ocrx_word' id='word_1_70' title='bbox 305 579 469 613; x_wconf 76' lang='lat' dir='ltr'>Corinth.</span> <span class='ocrx_word' id='word_1_71' title='bbox 493 577 544 613; x_wconf 80' lang='lat'><strong>6.:</strong></span> <span class='ocrx_word' id='word_1_72' title='bbox 566 579 662 612; x_wconf 64' lang='lat' dir='ltr'><strong>Exite</strong></span> <span class='ocrx_word' id='word_1_73' title='bbox 687 577 723 612; x_wconf 61' lang='lat' dir='ltr'><strong>ds</strong></span> <span class='ocrx_word' id='word_1_74' title='bbox 751 577 853 612; x_wconf 69' lang='lat' dir='ltr'><strong>medio</strong></span> <span class='ocrx_word' id='word_1_75' title='bbox 876 589 1011 617; x_wconf 53' lang='lat' dir='ltr'><strong>eorunm</strong></span> <span class='ocrx_word' id='word_1_76' title='bbox 1036 587 1122 621; x_wconf 74' lang='lat' dir='ltr'><strong>ergo</strong></span> <span class='ocrx_word' id='word_1_77' title='bbox 1152 582 1362 621; x_wconf 70' lang='lat' dir='ltr'><strong>peccatores</strong></span> <span class='ocrx_word' id='word_1_78' title='bbox 1384 585 1457 607; x_wconf 92' lang='lat' dir='ltr'><strong>non</strong></span> <span class='ocrx_word' id='word_1_79' title='bbox 1484 580 1567 607; x_wconf 88' lang='lat' dir='ltr'><strong>sunt</strong></span> <span class='ocrx_word' id='word_1_80' title='bbox 1593 583 1635 605; x_wconf 79' lang='lat' dir='ltr'><strong>ex</strong></span> 
     </span>
     <span class='ocr_line' id='line_1_9' title="bbox 79 633 452 678; baseline 0 -12"><span class='ocrx_word' id='word_1_81' title='bbox 79 633 251 667; x_wconf 83' lang='lat' dir='ltr'><strong>charitate</strong></span> <span class='ocrx_word' id='word_1_82' title='bbox 271 633 452 678; x_wconf 79' lang='lat' dir='ltr'><strong>diligendi.</strong></span> 
     </span>
    </p>

    <p class='ocr_par' dir='ltr' id='par_1_4' title="bbox 79 680 1635 894">
     <span class='ocr_line' id='line_1_10' title="bbox 151 680 1633 731; baseline -0.005 -10"><span class='ocrx_word' id='word_1_83' title='bbox 151 686 224 721; x_wconf 81' lang='lat' dir='ltr'><strong>SED</strong></span> <span class='ocrx_word' id='word_1_84' title='bbox 253 696 407 721; x_wconf 74' lang='lat' dir='ltr'>CONTRA</span> <span class='ocrx_word' id='word_1_85' title='bbox 434 693 496 727; x_wconf 85' lang='lat' dir='ltr'><strong>est,</strong></span> <span class='ocrx_word' id='word_1_86' title='bbox 526 684 622 731; x_wconf 88' lang='lat' dir='ltr'><strong>quod</strong></span> <span class='ocrx_word' id='word_1_87' title='bbox 648 684 802 729; x_wconf 79' lang='lat' dir='ltr'><strong>August.</strong></span> <span class='ocrx_word' id='word_1_88' title='bbox 831 683 915 717; x_wconf 77' lang='lat' dir='ltr'><strong>dicit</strong></span> <span class='ocrx_word' id='word_1_89' title='bbox 940 683 976 716; x_wconf 86' lang='lat' dir='ltr'><strong>in</strong></span> <span class='ocrx_word' id='word_1_90' title='bbox 1007 693 1034 716; x_wconf 86' lang='lat'><strong>1.</strong></span> <span class='ocrx_word' id='word_1_91' title='bbox 1062 682 1104 715; x_wconf 90' lang='lat' dir='ltr'><strong>de</strong></span> <span class='ocrx_word' id='word_1_92' title='bbox 1132 682 1256 715; x_wconf 89' lang='lat' dir='ltr'><strong>Doctr.</strong></span> <span class='ocrx_word' id='word_1_93' title='bbox 1281 681 1413 715; x_wconf 82' lang='lat' dir='ltr'><strong>Christ.</strong></span> <span class='ocrx_word' id='word_1_94' title='bbox 1441 680 1528 726; x_wconf 78' lang='lat' dir='ltr'><strong>(cap.</strong></span> <span class='ocrx_word' id='word_1_95' title='bbox 1553 680 1633 725; x_wconf 62' lang='lat'><strong>30),</strong></span> 
     </span>
     <span class='ocr_line' id='line_1_11' title="bbox 79 733 1634 787; baseline -0.006 -12"><span class='ocrx_word' id='word_1_96' title='bbox 79 741 175 787; x_wconf 89' lang='lat' dir='ltr'><strong>quod</strong></span> <span class='ocrx_word' id='word_1_97' title='bbox 197 752 281 774; x_wconf 88' lang='lat' dir='ltr'><strong>cum</strong></span> <span class='ocrx_word' id='word_1_98' title='bbox 303 741 446 774; x_wconf 85' lang='lat' dir='ltr'><strong>dicitur:</strong></span> <span class='ocrx_word' id='word_1_99' title='bbox 466 739 592 785; x_wconf 61' lang='lat' dir='ltr'><strong>Diliges</strong></span> <span class='ocrx_word' id='word_1_100' title='bbox 604 740 798 785; x_wconf 72' lang='lat' dir='ltr'><strong>proximum</strong></span> <span class='ocrx_word' id='word_1_101' title='bbox 817 743 920 777; x_wconf 70' lang='lat' dir='ltr'><strong>tumn,</strong></span> <span class='ocrx_word' id='word_1_102' title='bbox 944 735 1175 770; x_wconf 79' lang='lat' dir='ltr'><strong>manifestum</strong></span> <span class='ocrx_word' id='word_1_103' title='bbox 1194 743 1257 776; x_wconf 89' lang='lat' dir='ltr'><strong>est,</strong></span> <span class='ocrx_word' id='word_1_104' title='bbox 1277 745 1426 768; x_wconf 89' lang='lat' dir='ltr'><strong>omnem</strong></span> <span class='ocrx_word' id='word_1_105' title='bbox 1445 733 1634 767; x_wconf 90' lang='lat' dir='ltr'><strong>hominem</strong></span> 
     </span>
     <span class='ocr_line' id='line_1_12' title="bbox 79 786 1635 839; baseline -0.006 -11"><span class='ocrx_word' id='word_1_106' title='bbox 79 794 285 839; x_wconf 76' lang='lat' dir='ltr'><strong>proximum</strong></span> <span class='ocrx_word' id='word_1_107' title='bbox 301 805 378 828; x_wconf 87' lang='lat' dir='ltr'><strong>esse</strong></span> <span class='ocrx_word' id='word_1_108' title='bbox 394 793 656 839; x_wconf 88' lang='lat' dir='ltr'><strong>deputandum:</strong></span> <span class='ocrx_word' id='word_1_109' title='bbox 679 791 740 826; x_wconf 82' lang='lat' dir='ltr'><strong>sed</strong></span> <span class='ocrx_word' id='word_1_110' title='bbox 763 799 973 837; x_wconf 80' lang='lat' dir='ltr'><strong>peccatores</strong></span> <span class='ocrx_word' id='word_1_111' title='bbox 988 801 1062 823; x_wconf 90' lang='lat' dir='ltr'><strong>non</strong></span> <span class='ocrx_word' id='word_1_112' title='bbox 1079 790 1244 823; x_wconf 88' lang='lat' dir='ltr'><strong>desinunt</strong></span> <span class='ocrx_word' id='word_1_113' title='bbox 1260 799 1336 822; x_wconf 87' lang='lat' dir='ltr'><strong>esse</strong></span> <span class='ocrx_word' id='word_1_114' title='bbox 1350 787 1537 829; x_wconf 85' lang='lat' dir='ltr'><strong>homines;</strong></span> <span class='ocrx_word' id='word_1_115' title='bbox 1555 786 1635 832; x_wconf 88' lang='lat' dir='ltr'><strong>quia</strong></span> 
     </span>
     <span class='ocr_line' id='line_1_13' title="bbox 79 840 1587 894; baseline -0.006 -12"><span class='ocrx_word' id='word_1_116' title='bbox 79 855 267 894; x_wconf 88' lang='lat' dir='ltr'><strong>peccatum</strong></span> <span class='ocrx_word' id='word_1_117' title='bbox 290 858 364 881; x_wconf 92' lang='lat' dir='ltr'><strong>non</strong></span> <span class='ocrx_word' id='word_1_118' title='bbox 386 846 479 880; x_wconf 90' lang='lat' dir='ltr'><strong>tollit</strong></span> <span class='ocrx_word' id='word_1_119' title='bbox 499 854 681 887; x_wconf 82' lang='lat' dir='ltr'><strong>naturam3</strong></span> <span class='ocrx_word' id='word_1_120' title='bbox 704 856 790 889; x_wconf 76' lang='lat' dir='ltr'><strong>ergo</strong></span> <span class='ocrx_word' id='word_1_121' title='bbox 813 852 1020 890; x_wconf 81' lang='lat' dir='ltr'><strong>peccatores</strong></span> <span class='ocrx_word' id='word_1_122' title='bbox 1044 850 1126 877; x_wconf 88' lang='lat' dir='ltr'><strong>sunt</strong></span> <span class='ocrx_word' id='word_1_123' title='bbox 1147 853 1188 876; x_wconf 78' lang='lat' dir='ltr'><strong>ex</strong></span> <span class='ocrx_word' id='word_1_124' title='bbox 1211 841 1383 875; x_wconf 84' lang='lat' dir='ltr'><strong>charitate</strong></span> <span class='ocrx_word' id='word_1_125' title='bbox 1405 840 1587 885; x_wconf 79' lang='lat' dir='ltr'><strong>diligendi.</strong></span> 
     </span>
    </p>

    <p class='ocr_par' dir='ltr' id='par_1_5' title="bbox 78 892 1639 1426">
     <span class='ocr_line' id='line_1_14' title="bbox 149 892 1636 944; baseline -0.007 -9"><span class='ocrx_word' id='word_1_126' title='bbox 149 900 378 935; x_wconf 75' lang='lat' dir='ltr'>RESPONDEO</span> <span class='ocrx_word' id='word_1_127' title='bbox 401 899 604 941; x_wconf 87' lang='lat' dir='ltr'><strong>dicendum,</strong></span> <span class='ocrx_word' id='word_1_128' title='bbox 627 899 723 944; x_wconf 86' lang='lat' dir='ltr'><strong>quod</strong></span> <span class='ocrx_word' id='word_1_129' title='bbox 738 898 773 931; x_wconf 93' lang='lat' dir='ltr'><strong>in</strong></span> <span class='ocrx_word' id='word_1_130' title='bbox 796 897 1045 944; x_wconf 86' lang='lat' dir='ltr'><strong>peccatoribus</strong></span> <span class='ocrx_word' id='word_1_131' title='bbox 1063 896 1125 930; x_wconf 78' lang='lat' dir='ltr'><strong>duo</strong></span> <span class='ocrx_word' id='word_1_132' title='bbox 1148 903 1298 941; x_wconf 83' lang='lat' dir='ltr'><strong>possunt</strong></span> <span class='ocrx_word' id='word_1_133' title='bbox 1320 893 1551 934; x_wconf 78' lang='lat' dir='ltr'><strong>considerari3</strong></span> <span class='ocrx_word' id='word_1_134' title='bbox 1573 892 1636 926; x_wconf 74' lang='lat' dir='ltr'><strong>sci-</strong></span> 
     </span>
     <span class='ocr_line' id='line_1_15' title="bbox 78 947 1637 999; baseline -0.006 -10"><span class='ocrx_word' id='word_1_135' title='bbox 78 953 179 989; x_wconf 85' lang='lat' dir='ltr'><strong>licet:</strong></span> <span class='ocrx_word' id='word_1_136' title='bbox 201 959 336 996; x_wconf 71' lang='lat' dir='ltr'><strong>natura,</strong></span> <span class='ocrx_word' id='word_1_137' title='bbox 355 962 390 988; x_wconf 88' lang='lat' dir='ltr'><strong>et</strong></span> <span class='ocrx_word' id='word_1_138' title='bbox 410 954 526 999; x_wconf 73' lang='lat' dir='ltr'><strong>culpa:</strong></span> <span class='ocrx_word' id='word_1_139' title='bbox 550 952 748 987; x_wconf 84' lang='lat' dir='ltr'><strong>secundum</strong></span> <span class='ocrx_word' id='word_1_140' title='bbox 770 959 936 985; x_wconf 89' lang='lat' dir='ltr'><strong>naturam</strong></span> <span class='ocrx_word' id='word_1_141' title='bbox 959 950 1116 996; x_wconf 84' lang='lat' dir='ltr'><strong>quidem,</strong></span> <span class='ocrx_word' id='word_1_142' title='bbox 1131 960 1240 995; x_wconf 89' lang='lat' dir='ltr'><strong>quam</strong></span> <span class='ocrx_word' id='word_1_143' title='bbox 1263 960 1282 982; x_wconf 94' lang='lat' dir='ltr'><strong>a</strong></span> <span class='ocrx_word' id='word_1_144' title='bbox 1308 949 1389 982; x_wconf 91' lang='lat' dir='ltr'><strong>Deo</strong></span> <span class='ocrx_word' id='word_1_145' title='bbox 1416 947 1560 988; x_wconf 87' lang='lat' dir='ltr'><strong>habent,</strong></span> <span class='ocrx_word' id='word_1_146' title='bbox 1583 956 1637 979; x_wconf 88' lang='lat' dir='ltr'><strong>ca-</strong></span> 
     </span>
     <span class='ocr_line' id='line_1_16' title="bbox 79 1000 1637 1055; baseline -0.007 -12"><span class='ocrx_word' id='word_1_147' title='bbox 79 1019 185 1055; x_wconf 85' lang='lat' dir='ltr'><strong>paces</strong></span> <span class='ocrx_word' id='word_1_148' title='bbox 206 1016 287 1042; x_wconf 89' lang='lat' dir='ltr'><strong>sunt</strong></span> <span class='ocrx_word' id='word_1_149' title='bbox 307 1007 546 1049; x_wconf 81' lang='lat' dir='ltr'><strong>beatitudinis,</strong></span> <span class='ocrx_word' id='word_1_150' title='bbox 573 1018 678 1052; x_wconf 89' lang='lat' dir='ltr'><strong>super</strong></span> <span class='ocrx_word' id='word_1_151' title='bbox 712 1007 812 1050; x_wconf 74' lang='lat' dir='ltr'><strong>cujus</strong></span> <span class='ocrx_word' id='word_1_152' title='bbox 840 1003 1173 1039; x_wconf 83' lang='lat' dir='ltr'><strong>communicatione</strong></span> <span class='ocrx_word' id='word_1_153' title='bbox 1207 1002 1361 1036; x_wconf 84' lang='lat' dir='ltr'><strong>charitas</strong></span> <span class='ocrx_word' id='word_1_154' title='bbox 1395 1000 1573 1041; x_wconf 83' lang='lat' dir='ltr'><strong>fundatur,</strong></span> <span class='ocrx_word' id='word_1_155' title='bbox 1600 1007 1637 1032; x_wconf 87' lang='lat' dir='ltr'><strong>ut</strong></span> 
     </span>
     <span class='ocr_line' id='line_1_17' title="bbox 79 1054 1639 1108; baseline -0.006 -13"><span class='ocrx_word' id='word_1_156' title='bbox 79 1073 184 1108; x_wconf 89' lang='lat' dir='ltr'><strong>supra</strong></span> <span class='ocrx_word' id='word_1_157' title='bbox 211 1061 346 1095; x_wconf 89' lang='lat' dir='ltr'><strong>dictum</strong></span> <span class='ocrx_word' id='word_1_158' title='bbox 373 1069 425 1095; x_wconf 91' lang='lat' dir='ltr'><strong>est</strong></span> <span class='ocrx_word' id='word_1_159' title='bbox 447 1061 530 1105; x_wconf 74' lang='lat' dir='ltr'><strong>(art.</strong></span> <span class='ocrx_word' id='word_1_160' title='bbox 550 1073 576 1106; x_wconf 82' lang='lat'><strong>3.</strong></span> <span class='ocrx_word' id='word_1_161' title='bbox 600 1060 668 1105; x_wconf 77' lang='lat' dir='ltr'><strong>huj.</strong></span> <span class='ocrx_word' id='word_1_162' title='bbox 691 1071 721 1105; x_wconf 80' lang='lat' dir='ltr'><strong>q.</strong></span> <span class='ocrx_word' id='word_1_163' title='bbox 743 1064 772 1093; x_wconf 70' lang='lat' dir='ltr'><strong>et</strong></span> <span class='ocrx_word' id='word_1_164' title='bbox 793 1071 822 1104; x_wconf 84' lang='lat' dir='ltr'><strong>q.</strong></span> <span class='ocrx_word' id='word_1_165' title='bbox 846 1070 892 1103; x_wconf 80' lang='lat'><strong>23.</strong></span> <span class='ocrx_word' id='word_1_166' title='bbox 915 1063 978 1092; x_wconf 78' lang='lat' dir='ltr'><strong>art.</strong></span> <span class='ocrx_word' id='word_1_167' title='bbox 1004 1067 1033 1090; x_wconf 79' lang='grc' dir='ltr'><strong>Ι.</strong></span> <span class='ocrx_word' id='word_1_168' title='bbox 1056 1061 1084 1090; x_wconf 71' lang='lat' dir='ltr'><strong>et</strong></span> <span class='ocrx_word' id='word_1_169' title='bbox 1101 1058 1166 1102; x_wconf 68' lang='lat' dir='ltr'><em>j.);</em></span> <span class='ocrx_word' id='word_1_170' title='bbox 1191 1064 1225 1089; x_wconf 92' lang='lat' dir='ltr'><strong>et</strong></span> <span class='ocrx_word' id='word_1_171' title='bbox 1250 1055 1332 1089; x_wconf 87' lang='lat' dir='ltr'><strong>ideo</strong></span> <span class='ocrx_word' id='word_1_172' title='bbox 1360 1054 1558 1089; x_wconf 81' lang='lat' dir='ltr'><strong>secundum</strong></span> <span class='ocrx_word' id='word_1_173' title='bbox 1579 1064 1639 1086; x_wconf 88' lang='lat' dir='ltr'><strong>na-</strong></span> 
     </span>
     <span class='ocr_line' id='line_1_18' title="bbox 78 1106 1637 1158; baseline -0.007 -8"><span class='ocrx_word' id='word_1_174' title='bbox 78 1124 196 1150; x_wconf 88' lang='lat' dir='ltr'><strong>turam</strong></span> <span class='ocrx_word' id='word_1_175' title='bbox 218 1127 320 1150; x_wconf 88' lang='lat' dir='ltr'><strong>suam</strong></span> <span class='ocrx_word' id='word_1_176' title='bbox 342 1123 424 1149; x_wconf 91' lang='lat' dir='ltr'><strong>sunt</strong></span> <span class='ocrx_word' id='word_1_177' title='bbox 445 1126 487 1148; x_wconf 75' lang='lat' dir='ltr'><strong>ex</strong></span> <span class='ocrx_word' id='word_1_178' title='bbox 510 1115 681 1148; x_wconf 82' lang='lat' dir='ltr'><strong>charitate</strong></span> <span class='ocrx_word' id='word_1_179' title='bbox 704 1113 895 1158; x_wconf 79' lang='lat' dir='ltr'><strong>diligendi:</strong></span> <span class='ocrx_word' id='word_1_180' title='bbox 920 1111 980 1146; x_wconf 87' lang='lat' dir='ltr'><strong>sed</strong></span> <span class='ocrx_word' id='word_1_181' title='bbox 1003 1110 1107 1155; x_wconf 87' lang='lat' dir='ltr'><strong>culpa</strong></span> <span class='ocrx_word' id='word_1_182' title='bbox 1130 1120 1257 1143; x_wconf 88' lang='lat' dir='ltr'><strong>eorum</strong></span> <span class='ocrx_word' id='word_1_183' title='bbox 1279 1109 1359 1142; x_wconf 88' lang='lat' dir='ltr'><strong>Deo</strong></span> <span class='ocrx_word' id='word_1_184' title='bbox 1388 1106 1637 1147; x_wconf 85' lang='lat' dir='ltr'><strong>contrariatur,</strong></span> 
     </span>
     <span class='ocr_line' id='line_1_19' title="bbox 80 1160 1639 1214; baseline -0.008 -10"><span class='ocrx_word' id='word_1_185' title='bbox 80 1177 113 1204; x_wconf 88' lang='lat' dir='ltr'><strong>et</strong></span> <span class='ocrx_word' id='word_1_186' title='bbox 135 1177 188 1204; x_wconf 90' lang='lat' dir='ltr'><strong>est</strong></span> <span class='ocrx_word' id='word_1_187' title='bbox 212 1168 440 1203; x_wconf 86' lang='lat' dir='ltr'><strong>beatitudinis</strong></span> <span class='ocrx_word' id='word_1_188' title='bbox 470 1167 792 1214; x_wconf 74' lang='lat' dir='ltr'><strong>impedimentum,</strong></span> <span class='ocrx_word' id='word_1_189' title='bbox 819 1166 913 1199; x_wconf 90' lang='lat' dir='ltr'><strong>unde</strong></span> <span class='ocrx_word' id='word_1_190' title='bbox 940 1164 1113 1199; x_wconf 50' lang='lat' dir='ltr'><strong>secundum</strong></span> <span class='ocrx_word' id='word_1_191' title='bbox 1141 1163 1282 1209; x_wconf 74' lang='lat' dir='ltr'><strong>culpam,</strong></span> <span class='ocrx_word' id='word_1_192' title='bbox 1315 1173 1384 1208; x_wconf 92' lang='lat' dir='ltr'><strong>qua</strong></span> <span class='ocrx_word' id='word_1_193' title='bbox 1409 1162 1490 1195; x_wconf 88' lang='lat' dir='ltr'><strong>Deo</strong></span> <span class='ocrx_word' id='word_1_194' title='bbox 1518 1160 1639 1194; x_wconf 77' lang='lat' dir='ltr'><strong>adver-</strong></span> 
     </span>
     <span class='ocr_line' id='line_1_20' title="bbox 82 1217 1639 1266; baseline -0.007 -9"><span class='ocrx_word' id='word_1_195' title='bbox 82 1231 215 1265; x_wconf 88' lang='lat' dir='ltr'><strong>santur,</strong></span> <span class='ocrx_word' id='word_1_196' title='bbox 237 1231 319 1257; x_wconf 90' lang='lat' dir='ltr'><strong>sunt</strong></span> <span class='ocrx_word' id='word_1_197' title='bbox 341 1223 424 1256; x_wconf 86' lang='lat' dir='ltr'><strong>odio</strong></span> <span class='ocrx_word' id='word_1_198' title='bbox 456 1221 611 1255; x_wconf 88' lang='lat' dir='ltr'><strong>habendi</strong></span> <span class='ocrx_word' id='word_1_199' title='bbox 641 1221 858 1266; x_wconf 86' lang='lat' dir='ltr'><strong>quicumque</strong></span> <span class='ocrx_word' id='word_1_200' title='bbox 885 1226 1108 1265; x_wconf 79' lang='lat' dir='ltr'><strong>peccatores,</strong></span> <span class='ocrx_word' id='word_1_201' title='bbox 1131 1217 1240 1251; x_wconf 89' lang='lat' dir='ltr'><strong>etiam</strong></span> <span class='ocrx_word' id='word_1_202' title='bbox 1262 1224 1372 1261; x_wconf 90' lang='lat' dir='ltr'><strong>pater,</strong></span> <span class='ocrx_word' id='word_1_203' title='bbox 1396 1222 1429 1249; x_wconf 92' lang='lat' dir='ltr'><strong>et</strong></span> <span class='ocrx_word' id='word_1_204' title='bbox 1451 1222 1577 1255; x_wconf 87' lang='lat' dir='ltr'><strong>mater,</strong></span> <span class='ocrx_word' id='word_1_205' title='bbox 1605 1221 1639 1247; x_wconf 90' lang='lat' dir='ltr'><strong>et</strong></span> 
     </span>
     <span class='ocr_line' id='line_1_21' title="bbox 80 1267 1638 1323; baseline -0.006 -13"><span class='ocrx_word' id='word_1_206' title='bbox 80 1276 281 1323; x_wconf 89' lang='lat' dir='ltr'><strong>propinqui,</strong></span> <span class='ocrx_word' id='word_1_207' title='bbox 304 1284 342 1310; x_wconf 88' lang='lat' dir='ltr'><strong>ut</strong></span> <span class='ocrx_word' id='word_1_208' title='bbox 367 1275 517 1309; x_wconf 85' lang='lat' dir='ltr'><strong>habetur</strong></span> <span class='ocrx_word' id='word_1_209' title='bbox 539 1275 626 1308; x_wconf 84' lang='lat' dir='ltr'><strong>Luc.</strong></span> <span class='ocrx_word' id='word_1_210' title='bbox 653 1284 722 1316; x_wconf 63' lang='lat'><strong>14:</strong></span> <span class='ocrx_word' id='word_1_211' title='bbox 746 1273 918 1307; x_wconf 85' lang='lat' dir='ltr'><strong>debemus</strong></span> <span class='ocrx_word' id='word_1_212' title='bbox 947 1272 1044 1306; x_wconf 90' lang='lat' dir='ltr'><strong>enim</strong></span> <span class='ocrx_word' id='word_1_213' title='bbox 1070 1271 1106 1304; x_wconf 93' lang='lat' dir='ltr'><strong>in</strong></span> <span class='ocrx_word' id='word_1_214' title='bbox 1132 1270 1381 1316; x_wconf 88' lang='lat' dir='ltr'><strong>peccatoribus</strong></span> <span class='ocrx_word' id='word_1_215' title='bbox 1404 1268 1514 1310; x_wconf 90' lang='lat' dir='ltr'><strong>odire,</strong></span> <span class='ocrx_word' id='word_1_216' title='bbox 1542 1267 1638 1313; x_wconf 78' lang='lat' dir='ltr'><strong>quod</strong></span> 
     </span>
     <span class='ocr_line' id='line_1_22' title="bbox 79 1321 1636 1375; baseline -0.006 -11"><span class='ocrx_word' id='word_1_217' title='bbox 79 1338 287 1375; x_wconf 90' lang='lat' dir='ltr'><strong>peccatores</strong></span> <span class='ocrx_word' id='word_1_218' title='bbox 315 1336 406 1371; x_wconf 90' lang='lat' dir='ltr'><strong>sunt,</strong></span> <span class='ocrx_word' id='word_1_219' title='bbox 429 1336 463 1362; x_wconf 91' lang='lat' dir='ltr'><strong>et</strong></span> <span class='ocrx_word' id='word_1_220' title='bbox 483 1328 642 1373; x_wconf 79' lang='lat' dir='ltr'><strong>diligere,</strong></span> <span class='ocrx_word' id='word_1_221' title='bbox 667 1327 762 1373; x_wconf 87' lang='lat' dir='ltr'><strong>quod</strong></span> <span class='ocrx_word' id='word_1_222' title='bbox 784 1326 952 1360; x_wconf 86' lang='lat' dir='ltr'><strong>homines</strong></span> <span class='ocrx_word' id='word_1_223' title='bbox 971 1333 1052 1359; x_wconf 87' lang='lat' dir='ltr'><strong>sunt</strong></span> <span class='ocrx_word' id='word_1_224' title='bbox 1073 1323 1301 1358; x_wconf 83' lang='lat' dir='ltr'><strong>beatitudinis</strong></span> <span class='ocrx_word' id='word_1_225' title='bbox 1321 1333 1488 1368; x_wconf 86' lang='lat' dir='ltr'><strong>capaces:</strong></span> <span class='ocrx_word' id='word_1_226' title='bbox 1512 1328 1545 1355; x_wconf 90' lang='lat' dir='ltr'><strong>et</strong></span> <span class='ocrx_word' id='word_1_227' title='bbox 1567 1321 1636 1354; x_wconf 90' lang='lat' dir='ltr'><strong>hoc</strong></span> 
     </span>
     <span class='ocr_line' id='line_1_23' title="bbox 80 1379 1068 1426; baseline -0.006 -9"><span class='ocrx_word' id='word_1_228' title='bbox 80 1391 133 1418; x_wconf 90' lang='lat' dir='ltr'><strong>est</strong></span> <span class='ocrx_word' id='word_1_229' title='bbox 154 1393 215 1417; x_wconf 93' lang='lat' dir='ltr'><strong>eos</strong></span> <span class='ocrx_word' id='word_1_230' title='bbox 236 1393 318 1416; x_wconf 90' lang='lat' dir='ltr'><strong>vere</strong></span> <span class='ocrx_word' id='word_1_231' title='bbox 340 1393 382 1416; x_wconf 76' lang='lat' dir='ltr'><strong>ex</strong></span> <span class='ocrx_word' id='word_1_232' title='bbox 404 1382 576 1416; x_wconf 86' lang='lat' dir='ltr'><strong>charitate</strong></span> <span class='ocrx_word' id='word_1_233' title='bbox 599 1381 748 1426; x_wconf 82' lang='lat' dir='ltr'><strong>diligere</strong></span> <span class='ocrx_word' id='word_1_234' title='bbox 770 1387 915 1426; x_wconf 88' lang='lat' dir='ltr'><strong>propter</strong></span> <span class='ocrx_word' id='word_1_235' title='bbox 936 1379 1068 1412; x_wconf 87' lang='lat' dir='ltr'><strong>Deum.</strong></span> 
     </span>
    </p>

    <p class='ocr_par' dir='ltr' id='par_1_6' title="bbox 82 1429 1638 1694">
     <span class='ocr_line' id='line_1_24' title="bbox 151 1429 1637 1481; baseline -0.007 -11"><span class='ocrx_word' id='word_1_236' title='bbox 151 1436 210 1470; x_wconf 89' lang='lat' dir='ltr'><strong>AD</strong></span> <span class='ocrx_word' id='word_1_237' title='bbox 225 1445 373 1470; x_wconf 68' lang='lat' dir='ltr'>PRIMUM</span> <span class='ocrx_word' id='word_1_238' title='bbox 388 1446 473 1481; x_wconf 89' lang='lat' dir='ltr'><strong>ergo</strong></span> <span class='ocrx_word' id='word_1_239' title='bbox 488 1434 693 1475; x_wconf 87' lang='lat' dir='ltr'><strong>dicendum,</strong></span> <span class='ocrx_word' id='word_1_240' title='bbox 709 1433 805 1479; x_wconf 87' lang='lat' dir='ltr'><strong>quod</strong></span> <span class='ocrx_word' id='word_1_241' title='bbox 819 1433 962 1478; x_wconf 89' lang='lat' dir='ltr'><strong>iniquos</strong></span> <span class='ocrx_word' id='word_1_242' title='bbox 978 1431 1159 1477; x_wconf 86' lang='lat' dir='ltr'><strong>Propheta</strong></span> <span class='ocrx_word' id='word_1_243' title='bbox 1175 1430 1259 1465; x_wconf 89' lang='lat' dir='ltr'><strong>odio</strong></span> <span class='ocrx_word' id='word_1_244' title='bbox 1274 1429 1408 1471; x_wconf 88' lang='lat' dir='ltr'><strong>habuit,</strong></span> <span class='ocrx_word' id='word_1_245' title='bbox 1423 1429 1637 1474; x_wconf 86' lang='lat' dir='ltr'><strong>inquantum</strong></span> 
     </span>
     <span class='ocr_line' id='line_1_25' title="bbox 82 1481 1638 1534; baseline -0.005 -11"><span class='ocrx_word' id='word_1_246' title='bbox 82 1489 194 1534; x_wconf 89' lang='lat' dir='ltr'><strong>iniqui</strong></span> <span class='ocrx_word' id='word_1_247' title='bbox 216 1497 308 1530; x_wconf 79' lang='lat' dir='ltr'><strong>sunt,</strong></span> <span class='ocrx_word' id='word_1_248' title='bbox 329 1488 465 1522; x_wconf 88' lang='lat' dir='ltr'><strong>habens</strong></span> <span class='ocrx_word' id='word_1_249' title='bbox 488 1488 571 1522; x_wconf 88' lang='lat' dir='ltr'><strong>odio</strong></span> <span class='ocrx_word' id='word_1_250' title='bbox 595 1487 820 1532; x_wconf 89' lang='lat' dir='ltr'><strong>iniquitatem</strong></span> <span class='ocrx_word' id='word_1_251' title='bbox 841 1487 1014 1532; x_wconf 89' lang='lat' dir='ltr'><strong>ipsorum,</strong></span> <span class='ocrx_word' id='word_1_252' title='bbox 1041 1485 1137 1530; x_wconf 91' lang='lat' dir='ltr'><strong>quod</strong></span> <span class='ocrx_word' id='word_1_253' title='bbox 1163 1492 1216 1518; x_wconf 92' lang='lat' dir='ltr'><strong>est</strong></span> <span class='ocrx_word' id='word_1_254' title='bbox 1241 1484 1402 1530; x_wconf 90' lang='lat' dir='ltr'><strong>ipsorum</strong></span> <span class='ocrx_word' id='word_1_255' title='bbox 1424 1481 1580 1516; x_wconf 77' lang='lat' dir='ltr'><strong>malum:</strong></span> <span class='ocrx_word' id='word_1_256' title='bbox 1604 1489 1638 1515; x_wconf 90' lang='lat' dir='ltr'><strong>et</strong></span> 
     </span>
     <span class='ocr_line' id='line_1_26' title="bbox 82 1535 1638 1586; baseline -0.004 -11"><span class='ocrx_word' id='word_1_257' title='bbox 82 1542 153 1575; x_wconf 93' lang='lat' dir='ltr'><strong>hoc</strong></span> <span class='ocrx_word' id='word_1_258' title='bbox 175 1550 228 1576; x_wconf 88' lang='lat' dir='ltr'><strong>est</strong></span> <span class='ocrx_word' id='word_1_259' title='bbox 249 1541 447 1586; x_wconf 82' lang='lat' dir='ltr'><strong>perfectum</strong></span> <span class='ocrx_word' id='word_1_260' title='bbox 470 1541 605 1582; x_wconf 88' lang='lat' dir='ltr'><strong>odium,</strong></span> <span class='ocrx_word' id='word_1_261' title='bbox 628 1541 670 1574; x_wconf 88' lang='lat' dir='ltr'><strong>de</strong></span> <span class='ocrx_word' id='word_1_262' title='bbox 701 1552 771 1586; x_wconf 91' lang='lat' dir='ltr'><strong>quo</strong></span> <span class='ocrx_word' id='word_1_263' title='bbox 800 1540 874 1585; x_wconf 91' lang='lat' dir='ltr'><strong>ipse</strong></span> <span class='ocrx_word' id='word_1_264' title='bbox 902 1539 987 1572; x_wconf 87' lang='lat' dir='ltr'><strong>dicit</strong></span> <span class='ocrx_word' id='word_1_265' title='bbox 1008 1539 1077 1583; x_wconf 74' lang='lat' dir='ltr'><em>(Ps.</em></span> <span class='ocrx_word' id='word_1_266' title='bbox 1104 1539 1210 1584; x_wconf 76' lang='lat'><em>138.):</em></span> <span class='ocrx_word' id='word_1_267' title='bbox 1234 1537 1378 1582; x_wconf 58' lang='lat' dir='ltr'><strong>Perfecto</strong></span> <span class='ocrx_word' id='word_1_268' title='bbox 1405 1536 1478 1570; x_wconf 80' lang='lat' dir='ltr'><strong>odio</strong></span> <span class='ocrx_word' id='word_1_269' title='bbox 1505 1535 1638 1569; x_wconf 71' lang='lat' dir='ltr'><strong>oderam</strong></span> 
     </span>
     <span class='ocr_line' id='line_1_27' title="bbox 83 1589 1638 1640; baseline -0.005 -11"><span class='ocrx_word' id='word_1_270' title='bbox 83 1595 175 1630; x_wconf 79' lang='lat' dir='ltr'><strong>illos:</strong></span> <span class='ocrx_word' id='word_1_271' title='bbox 199 1595 360 1640; x_wconf 82' lang='lat' dir='ltr'><strong>ejusdem</strong></span> <span class='ocrx_word' id='word_1_272' title='bbox 390 1603 510 1628; x_wconf 86' lang='lat' dir='ltr'><strong>autem</strong></span> <span class='ocrx_word' id='word_1_273' title='bbox 538 1593 685 1628; x_wconf 88' lang='lat' dir='ltr'><strong>rationis</strong></span> <span class='ocrx_word' id='word_1_274' title='bbox 715 1601 768 1627; x_wconf 89' lang='lat' dir='ltr'><strong>est</strong></span> <span class='ocrx_word' id='word_1_275' title='bbox 797 1593 895 1626; x_wconf 90' lang='lat' dir='ltr'><strong>odire</strong></span> <span class='ocrx_word' id='word_1_276' title='bbox 925 1591 1063 1625; x_wconf 89' lang='lat' dir='ltr'><strong>malum</strong></span> <span class='ocrx_word' id='word_1_277' title='bbox 1090 1591 1251 1636; x_wconf 84' lang='lat' dir='ltr'><strong>alicujus,</strong></span> <span class='ocrx_word' id='word_1_278' title='bbox 1273 1598 1307 1624; x_wconf 90' lang='lat' dir='ltr'><strong>et</strong></span> <span class='ocrx_word' id='word_1_279' title='bbox 1328 1589 1475 1635; x_wconf 81' lang='lat' dir='ltr'><strong>diligere</strong></span> <span class='ocrx_word' id='word_1_280' title='bbox 1500 1589 1638 1622; x_wconf 91' lang='lat' dir='ltr'><strong>bonum</strong></span> 
     </span>
     <span class='ocr_line' id='line_1_28' title="bbox 86 1643 1387 1694; baseline -0.005 -12"><span class='ocrx_word' id='word_1_281' title='bbox 86 1649 181 1694; x_wconf 84' lang='lat' dir='ltr'><strong>ejus3</strong></span> <span class='ocrx_word' id='word_1_282' title='bbox 204 1648 297 1681; x_wconf 91' lang='lat' dir='ltr'><strong>unde</strong></span> <span class='ocrx_word' id='word_1_283' title='bbox 319 1648 427 1681; x_wconf 88' lang='lat' dir='ltr'><strong>etiam</strong></span> <span class='ocrx_word' id='word_1_284' title='bbox 448 1647 535 1681; x_wconf 87' lang='lat' dir='ltr'><strong>illud</strong></span> <span class='ocrx_word' id='word_1_285' title='bbox 557 1647 682 1680; x_wconf 88' lang='lat' dir='ltr'><strong>odium</strong></span> <span class='ocrx_word' id='word_1_286' title='bbox 704 1645 900 1691; x_wconf 89' lang='lat' dir='ltr'><strong>perfectum</strong></span> <span class='ocrx_word' id='word_1_287' title='bbox 924 1645 967 1678; x_wconf 88' lang='lat' dir='ltr'><strong>ad</strong></span> <span class='ocrx_word' id='word_1_288' title='bbox 991 1645 1203 1678; x_wconf 89' lang='lat' dir='ltr'><strong>charitatem</strong></span> <span class='ocrx_word' id='word_1_289' title='bbox 1225 1643 1387 1689; x_wconf 89' lang='lat' dir='ltr'><strong>pertinet.</strong></span> 
     </span>
    </p>

    <p class='ocr_par' dir='ltr' id='par_1_7' title="bbox 80 1695 1640 2386">
     <span class='ocr_line' id='line_1_29' title="bbox 153 1695 1637 1745; baseline -0.005 -9"><span class='ocrx_word' id='word_1_290' title='bbox 153 1702 212 1735; x_wconf 87' lang='lat' dir='ltr'><strong>AD</strong></span> <span class='ocrx_word' id='word_1_291' title='bbox 247 1711 451 1736; x_wconf 74' lang='lat' dir='ltr'>SECUNDUM</span> <span class='ocrx_word' id='word_1_292' title='bbox 485 1700 689 1742; x_wconf 87' lang='lat' dir='ltr'><strong>dicendum,</strong></span> <span class='ocrx_word' id='word_1_293' title='bbox 720 1699 815 1745; x_wconf 85' lang='lat' dir='ltr'><strong>quod</strong></span> <span class='ocrx_word' id='word_1_294' title='bbox 838 1699 963 1732; x_wconf 88' lang='lat' dir='ltr'><strong>amicis</strong></span> <span class='ocrx_word' id='word_1_295' title='bbox 994 1698 1236 1744; x_wconf 88' lang='lat' dir='ltr'><strong>peccantibus,</strong></span> <span class='ocrx_word' id='word_1_296' title='bbox 1270 1698 1361 1731; x_wconf 89' lang='lat' dir='ltr'><strong>sicut</strong></span> <span class='ocrx_word' id='word_1_297' title='bbox 1381 1695 1473 1730; x_wconf 87' lang='lat' dir='ltr'><strong>Phil.</strong></span> <span class='ocrx_word' id='word_1_298' title='bbox 1496 1695 1579 1729; x_wconf 89' lang='lat' dir='ltr'><strong>dicit</strong></span> <span class='ocrx_word' id='word_1_299' title='bbox 1601 1695 1637 1728; x_wconf 89' lang='lat' dir='ltr'><strong>in</strong></span> 
     </span>
     <span class='ocr_line' id='line_1_30' title="bbox 84 1748 1638 1801; baseline -0.005 -13"><span class='ocrx_word' id='word_1_300' title='bbox 84 1765 116 1801; x_wconf 83' lang='lat'><strong>9.</strong></span> <span class='ocrx_word' id='word_1_301' title='bbox 143 1754 301 1788; x_wconf 90' lang='lat' dir='ltr'><strong>Ethicor.</strong></span> <span class='ocrx_word' id='word_1_302' title='bbox 331 1754 416 1800; x_wconf 78' lang='lat' dir='ltr'><strong>(cap.</strong></span> <span class='ocrx_word' id='word_1_303' title='bbox 446 1753 505 1800; x_wconf 73' lang='grc'><strong>3.),</strong></span> <span class='ocrx_word' id='word_1_304' title='bbox 539 1764 613 1787; x_wconf 89' lang='lat' dir='ltr'><strong>non</strong></span> <span class='ocrx_word' id='word_1_305' title='bbox 647 1761 729 1787; x_wconf 90' lang='lat' dir='ltr'><strong>sunt</strong></span> <span class='ocrx_word' id='word_1_306' title='bbox 761 1752 1002 1786; x_wconf 89' lang='lat' dir='ltr'><strong>subtrahenda</strong></span> <span class='ocrx_word' id='word_1_307' title='bbox 1035 1751 1214 1785; x_wconf 86' lang='lat' dir='ltr'><strong>amicitiae</strong></span> <span class='ocrx_word' id='word_1_308' title='bbox 1246 1749 1432 1791; x_wconf 82' lang='lat' dir='ltr'><strong>beneficia,</strong></span> <span class='ocrx_word' id='word_1_309' title='bbox 1465 1748 1638 1795; x_wconf 89' lang='lat' dir='ltr'><strong>quamdiu</strong></span> 
     </span>
     <span class='ocr_line' id='line_1_31' title="bbox 83 1802 1639 1852; baseline -0.004 -11"><span class='ocrx_word' id='word_1_310' title='bbox 83 1806 134 1852; x_wconf 89' lang='lat' dir='ltr'><strong>[al</strong></span> <span class='ocrx_word' id='word_1_311' title='bbox 155 1807 330 1852; x_wconf 74' lang='lat' dir='ltr'><strong>quousque]</strong></span> <span class='ocrx_word' id='word_1_312' title='bbox 346 1807 497 1841; x_wconf 88' lang='lat' dir='ltr'><strong>habetur</strong></span> <span class='ocrx_word' id='word_1_313' title='bbox 511 1817 591 1852; x_wconf 89' lang='lat' dir='ltr'><strong>spes</strong></span> <span class='ocrx_word' id='word_1_314' title='bbox 606 1806 802 1840; x_wconf 87' lang='lat' dir='ltr'><strong>sanationis</strong></span> <span class='ocrx_word' id='word_1_315' title='bbox 825 1817 970 1839; x_wconf 91' lang='lat' dir='ltr'><strong>eorum:</strong></span> <span class='ocrx_word' id='word_1_316' title='bbox 991 1805 1053 1839; x_wconf 90' lang='lat' dir='ltr'><strong>sed</strong></span> <span class='ocrx_word' id='word_1_317' title='bbox 1076 1805 1192 1849; x_wconf 81' lang='lat' dir='ltr'><strong>magis</strong></span> <span class='ocrx_word' id='word_1_318' title='bbox 1214 1811 1267 1838; x_wconf 91' lang='lat' dir='ltr'><strong>est</strong></span> <span class='ocrx_word' id='word_1_319' title='bbox 1287 1804 1337 1838; x_wconf 87' lang='lat' dir='ltr'><strong>eis</strong></span> <span class='ocrx_word' id='word_1_320' title='bbox 1359 1802 1531 1837; x_wconf 78' lang='lat' dir='ltr'><strong>auxilium</strong></span> <span class='ocrx_word' id='word_1_321' title='bbox 1553 1802 1639 1835; x_wconf 88' lang='lat' dir='ltr'><strong>dan-</strong></span> 
     </span>
     <span class='ocr_line' id='line_1_32' title="bbox 83 1856 1637 1906; baseline -0.003 -12"><span class='ocrx_word' id='word_1_322' title='bbox 83 1860 170 1894; x_wconf 91' lang='lat' dir='ltr'><strong>dum</strong></span> <span class='ocrx_word' id='word_1_323' title='bbox 192 1860 235 1894; x_wconf 89' lang='lat' dir='ltr'><strong>ad</strong></span> <span class='ocrx_word' id='word_1_324' title='bbox 257 1860 569 1906; x_wconf 86' lang='lat' dir='ltr'><strong>recuperationem</strong></span> <span class='ocrx_word' id='word_1_325' title='bbox 591 1859 741 1901; x_wconf 79' lang='lat' dir='ltr'><strong>virtutis,</strong></span> <span class='ocrx_word' id='word_1_326' title='bbox 764 1870 872 1905; x_wconf 88' lang='lat' dir='ltr'><strong>quam</strong></span> <span class='ocrx_word' id='word_1_327' title='bbox 894 1859 937 1892; x_wconf 92' lang='lat' dir='ltr'><strong>ad</strong></span> <span class='ocrx_word' id='word_1_328' title='bbox 959 1858 1273 1904; x_wconf 86' lang='lat' dir='ltr'><strong>recuperationem</strong></span> <span class='ocrx_word' id='word_1_329' title='bbox 1295 1857 1481 1903; x_wconf 88' lang='lat' dir='ltr'><strong>pecuniae,</strong></span> <span class='ocrx_word' id='word_1_330' title='bbox 1504 1856 1533 1890; x_wconf 88' lang='lat' dir='ltr'><strong>si</strong></span> <span class='ocrx_word' id='word_1_331' title='bbox 1555 1867 1637 1890; x_wconf 90' lang='lat' dir='ltr'><strong>eam</strong></span> 
     </span>
     <span class='ocr_line' id='line_1_33' title="bbox 83 1909 1636 1959; baseline -0.003 -12"><span class='ocrx_word' id='word_1_332' title='bbox 83 1913 297 1955; x_wconf 86' lang='lat' dir='ltr'><strong>amisissent,</strong></span> <span class='ocrx_word' id='word_1_333' title='bbox 309 1921 442 1959; x_wconf 88' lang='lat' dir='ltr'><strong>quanto</strong></span> <span class='ocrx_word' id='word_1_334' title='bbox 456 1913 566 1947; x_wconf 82' lang='lat' dir='ltr'><strong>virtus</strong></span> <span class='ocrx_word' id='word_1_335' title='bbox 582 1921 635 1947; x_wconf 92' lang='lat' dir='ltr'><strong>est</strong></span> <span class='ocrx_word' id='word_1_336' title='bbox 648 1913 764 1957; x_wconf 85' lang='lat' dir='ltr'><strong>magis</strong></span> <span class='ocrx_word' id='word_1_337' title='bbox 778 1912 958 1946; x_wconf 87' lang='lat' dir='ltr'><strong>amicitiae</strong></span> <span class='ocrx_word' id='word_1_338' title='bbox 974 1911 1100 1953; x_wconf 88' lang='lat' dir='ltr'><strong>affinis,</strong></span> <span class='ocrx_word' id='word_1_339' title='bbox 1112 1923 1221 1958; x_wconf 90' lang='lat' dir='ltr'><strong>quam</strong></span> <span class='ocrx_word' id='word_1_340' title='bbox 1234 1911 1398 1956; x_wconf 88' lang='lat' dir='ltr'><strong>pecunia:</strong></span> <span class='ocrx_word' id='word_1_341' title='bbox 1414 1910 1477 1945; x_wconf 90' lang='lat' dir='ltr'><strong>sed</strong></span> <span class='ocrx_word' id='word_1_342' title='bbox 1492 1909 1636 1956; x_wconf 90' lang='lat' dir='ltr'><strong>quando</strong></span> 
     </span>
     <span class='ocr_line' id='line_1_34' title="bbox 80 1963 1640 2007; baseline -0.003 -6"><span class='ocrx_word' id='word_1_343' title='bbox 80 1966 117 2000; x_wconf 90' lang='lat' dir='ltr'><strong>in</strong></span> <span class='ocrx_word' id='word_1_344' title='bbox 137 1966 335 2000; x_wconf 79' lang='lat' dir='ltr'><strong>maximam</strong></span> <span class='ocrx_word' id='word_1_345' title='bbox 357 1965 533 2000; x_wconf 86' lang='lat' dir='ltr'><strong>malitiam</strong></span> <span class='ocrx_word' id='word_1_346' title='bbox 554 1966 725 2007; x_wconf 87' lang='lat' dir='ltr'><strong>incidunt,</strong></span> <span class='ocrx_word' id='word_1_347' title='bbox 749 1973 783 2000; x_wconf 91' lang='lat' dir='ltr'><strong>et</strong></span> <span class='ocrx_word' id='word_1_348' title='bbox 803 1965 1020 1999; x_wconf 88' lang='lat' dir='ltr'><strong>insanabiles</strong></span> <span class='ocrx_word' id='word_1_349' title='bbox 1041 1964 1140 2007; x_wconf 90' lang='lat' dir='ltr'><strong>fiunt,</strong></span> <span class='ocrx_word' id='word_1_350' title='bbox 1161 1973 1244 1999; x_wconf 88' lang='lat' dir='ltr'><strong>tunc</strong></span> <span class='ocrx_word' id='word_1_351' title='bbox 1271 1976 1345 1998; x_wconf 91' lang='lat' dir='ltr'><strong>non</strong></span> <span class='ocrx_word' id='word_1_352' title='bbox 1368 1972 1420 1998; x_wconf 90' lang='lat' dir='ltr'><strong>est</strong></span> <span class='ocrx_word' id='word_1_353' title='bbox 1447 1963 1496 1998; x_wconf 89' lang='lat' dir='ltr'><strong>eis</strong></span> <span class='ocrx_word' id='word_1_354' title='bbox 1519 1963 1640 1997; x_wconf 89' lang='lat' dir='ltr'><strong>amici-</strong></span> 
     </span>
     <span class='ocr_line' id='line_1_35' title="bbox 80 2017 1638 2065; baseline -0.002 -11"><span class='ocrx_word' id='word_1_355' title='bbox 80 2019 150 2054; x_wconf 88' lang='lat' dir='ltr'><strong>tiae</strong></span> <span class='ocrx_word' id='word_1_356' title='bbox 176 2019 397 2054; x_wconf 86' lang='lat' dir='ltr'><strong>familiaritas</strong></span> <span class='ocrx_word' id='word_1_357' title='bbox 427 2020 645 2063; x_wconf 78' lang='lat' dir='ltr'><strong>exhibenda3</strong></span> <span class='ocrx_word' id='word_1_358' title='bbox 668 2028 703 2054; x_wconf 85' lang='lat' dir='ltr'><strong>et</strong></span> <span class='ocrx_word' id='word_1_359' title='bbox 723 2019 805 2053; x_wconf 86' lang='lat' dir='ltr'><strong>ideo</strong></span> <span class='ocrx_word' id='word_1_360' title='bbox 827 2019 1037 2065; x_wconf 87' lang='lat' dir='ltr'><strong>hujusmodi</strong></span> <span class='ocrx_word' id='word_1_361' title='bbox 1070 2027 1272 2065; x_wconf 85' lang='lat' dir='ltr'><strong>peccantes,</strong></span> <span class='ocrx_word' id='word_1_362' title='bbox 1302 2018 1344 2052; x_wconf 92' lang='lat' dir='ltr'><strong>de</strong></span> <span class='ocrx_word' id='word_1_363' title='bbox 1373 2018 1500 2064; x_wconf 88' lang='lat' dir='ltr'><strong>quibus</strong></span> <span class='ocrx_word' id='word_1_364' title='bbox 1522 2017 1638 2063; x_wconf 85' lang='lat' dir='ltr'><strong>magis</strong></span> 
     </span>
     <span class='ocr_line' id='line_1_36' title="bbox 81 2070 1637 2120; baseline -0.001 -14"><span class='ocrx_word' id='word_1_365' title='bbox 81 2073 319 2120; x_wconf 88' lang='lat' dir='ltr'><strong>praesumitur</strong></span> <span class='ocrx_word' id='word_1_366' title='bbox 335 2081 599 2108; x_wconf 88' lang='lat' dir='ltr'><strong>nocumentum</strong></span> <span class='ocrx_word' id='word_1_367' title='bbox 618 2073 783 2115; x_wconf 88' lang='lat' dir='ltr'><strong>aliorum,</strong></span> <span class='ocrx_word' id='word_1_368' title='bbox 799 2084 909 2119; x_wconf 90' lang='lat' dir='ltr'><strong>quam</strong></span> <span class='ocrx_word' id='word_1_369' title='bbox 923 2084 1050 2107; x_wconf 91' lang='lat' dir='ltr'><strong>eorum</strong></span> <span class='ocrx_word' id='word_1_370' title='bbox 1065 2072 1284 2114; x_wconf 88' lang='lat' dir='ltr'><strong>emendatio,</strong></span> <span class='ocrx_word' id='word_1_371' title='bbox 1299 2071 1499 2106; x_wconf 88' lang='lat' dir='ltr'><strong>secundum</strong></span> <span class='ocrx_word' id='word_1_372' title='bbox 1516 2070 1637 2117; x_wconf 86' lang='lat' dir='ltr'><strong>legem</strong></span> 
     </span>
     <span class='ocr_line' id='line_1_37' title="bbox 81 2124 1636 2172; baseline -0.002 -12"><span class='ocrx_word' id='word_1_373' title='bbox 81 2126 250 2169; x_wconf 88' lang='lat' dir='ltr'><strong>divinam,</strong></span> <span class='ocrx_word' id='word_1_374' title='bbox 273 2134 307 2161; x_wconf 91' lang='lat' dir='ltr'><strong>et</strong></span> <span class='ocrx_word' id='word_1_375' title='bbox 326 2127 525 2161; x_wconf 86' lang='lat' dir='ltr'><strong>humanam</strong></span> <span class='ocrx_word' id='word_1_376' title='bbox 543 2127 810 2172; x_wconf 88' lang='lat' dir='ltr'><strong>praecipiuntur</strong></span> <span class='ocrx_word' id='word_1_377' title='bbox 832 2126 966 2161; x_wconf 89' lang='lat' dir='ltr'><strong>occidi:</strong></span> <span class='ocrx_word' id='word_1_378' title='bbox 990 2134 1024 2160; x_wconf 89' lang='lat' dir='ltr'><strong>et</strong></span> <span class='ocrx_word' id='word_1_379' title='bbox 1044 2134 1168 2160; x_wconf 86' lang='lat' dir='ltr'><strong>tamen</strong></span> <span class='ocrx_word' id='word_1_380' title='bbox 1188 2126 1259 2159; x_wconf 93' lang='lat' dir='ltr'><strong>hoc</strong></span> <span class='ocrx_word' id='word_1_381' title='bbox 1281 2124 1366 2159; x_wconf 88' lang='lat' dir='ltr'><strong>facit</strong></span> <span class='ocrx_word' id='word_1_382' title='bbox 1380 2125 1485 2170; x_wconf 83' lang='lat' dir='ltr'><strong>judex</strong></span> <span class='ocrx_word' id='word_1_383' title='bbox 1498 2135 1572 2158; x_wconf 91' lang='lat' dir='ltr'><strong>non</strong></span> <span class='ocrx_word' id='word_1_384' title='bbox 1595 2136 1636 2158; x_wconf 80' lang='lat' dir='ltr'><strong>ex</strong></span> 
     </span>
     <span class='ocr_line' id='line_1_38' title="bbox 81 2177 1636 2225; baseline -0.002 -11"><span class='ocrx_word' id='word_1_385' title='bbox 81 2179 166 2214; x_wconf 90' lang='lat' dir='ltr'><strong>odio</strong></span> <span class='ocrx_word' id='word_1_386' title='bbox 188 2190 326 2222; x_wconf 88' lang='lat' dir='ltr'><strong>eorum,</strong></span> <span class='ocrx_word' id='word_1_387' title='bbox 348 2180 410 2214; x_wconf 91' lang='lat' dir='ltr'><strong>sed</strong></span> <span class='ocrx_word' id='word_1_388' title='bbox 432 2192 475 2214; x_wconf 83' lang='lat' dir='ltr'><strong>ex</strong></span> <span class='ocrx_word' id='word_1_389' title='bbox 497 2191 620 2214; x_wconf 90' lang='lat' dir='ltr'><strong>amore</strong></span> <span class='ocrx_word' id='word_1_390' title='bbox 643 2180 838 2222; x_wconf 89' lang='lat' dir='ltr'><strong>charitatis,</strong></span> <span class='ocrx_word' id='word_1_391' title='bbox 860 2191 932 2225; x_wconf 90' lang='lat' dir='ltr'><strong>quo</strong></span> <span class='ocrx_word' id='word_1_392' title='bbox 954 2180 1092 2213; x_wconf 92' lang='lat' dir='ltr'><strong>bonum</strong></span> <span class='ocrx_word' id='word_1_393' title='bbox 1118 2178 1302 2225; x_wconf 89' lang='lat' dir='ltr'><strong>publicum</strong></span> <span class='ocrx_word' id='word_1_394' title='bbox 1325 2177 1522 2224; x_wconf 87' lang='lat' dir='ltr'><strong>praefertur</strong></span> <span class='ocrx_word' id='word_1_395' title='bbox 1542 2177 1636 2211; x_wconf 88' lang='lat' dir='ltr'><strong>vitae</strong></span> 
     </span>
     <span class='ocr_line' id='line_1_39' title="bbox 84 2230 1638 2279; baseline -0.003 -11"><span class='ocrx_word' id='word_1_396' title='bbox 84 2232 273 2279; x_wconf 86' lang='lat' dir='ltr'><strong>singularis</strong></span> <span class='ocrx_word' id='word_1_397' title='bbox 295 2245 486 2279; x_wconf 86' lang='lat' dir='ltr'><strong>personae:</strong></span> <span class='ocrx_word' id='word_1_398' title='bbox 511 2242 545 2268; x_wconf 90' lang='lat' dir='ltr'><strong>et</strong></span> <span class='ocrx_word' id='word_1_399' title='bbox 565 2241 688 2268; x_wconf 89' lang='lat' dir='ltr'><strong>tamen</strong></span> <span class='ocrx_word' id='word_1_400' title='bbox 703 2244 800 2267; x_wconf 87' lang='lat' dir='ltr'><strong>mors</strong></span> <span class='ocrx_word' id='word_1_401' title='bbox 820 2244 882 2279; x_wconf 91' lang='lat' dir='ltr'><strong>per</strong></span> <span class='ocrx_word' id='word_1_402' title='bbox 896 2233 1055 2279; x_wconf 81' lang='lat' dir='ltr'><strong>judicem</strong></span> <span class='ocrx_word' id='word_1_403' title='bbox 1073 2233 1207 2266; x_wconf 83' lang='lat' dir='ltr'><strong>inflicta</strong></span> <span class='ocrx_word' id='word_1_404' title='bbox 1228 2232 1412 2278; x_wconf 88' lang='lat' dir='ltr'><strong>peccatori</strong></span> <span class='ocrx_word' id='word_1_405' title='bbox 1432 2232 1588 2276; x_wconf 87' lang='lat' dir='ltr'><strong>prodest,</strong></span> <span class='ocrx_word' id='word_1_406' title='bbox 1610 2230 1638 2264; x_wconf 93' lang='lat' dir='ltr'><strong>si</strong></span> 
     </span>
     <span class='ocr_line' id='line_1_40' title="bbox 83 2284 1639 2333; baseline -0.001 -13"><span class='ocrx_word' id='word_1_407' title='bbox 83 2294 321 2328; x_wconf 88' lang='lat' dir='ltr'><strong>convertatur,</strong></span> <span class='ocrx_word' id='word_1_408' title='bbox 341 2287 384 2320; x_wconf 91' lang='lat' dir='ltr'><strong>ad</strong></span> <span class='ocrx_word' id='word_1_409' title='bbox 407 2287 533 2333; x_wconf 91' lang='lat' dir='ltr'><strong>culpae</strong></span> <span class='ocrx_word' id='word_1_410' title='bbox 555 2287 818 2333; x_wconf 75' lang='lat' dir='ltr'><strong>expiationem3</strong></span> <span class='ocrx_word' id='word_1_411' title='bbox 840 2287 870 2320; x_wconf 91' lang='lat' dir='ltr'><strong>si</strong></span> <span class='ocrx_word' id='word_1_412' title='bbox 890 2297 976 2320; x_wconf 82' lang='lat' dir='ltr'><strong>vero</strong></span> <span class='ocrx_word' id='word_1_413' title='bbox 999 2298 1073 2320; x_wconf 93' lang='lat' dir='ltr'><strong>non</strong></span> <span class='ocrx_word' id='word_1_414' title='bbox 1096 2294 1337 2327; x_wconf 89' lang='lat' dir='ltr'><strong>convertatur,</strong></span> <span class='ocrx_word' id='word_1_415' title='bbox 1360 2285 1404 2319; x_wconf 87' lang='lat' dir='ltr'><strong>ad</strong></span> <span class='ocrx_word' id='word_1_416' title='bbox 1426 2284 1552 2330; x_wconf 90' lang='lat' dir='ltr'><strong>culpae</strong></span> <span class='ocrx_word' id='word_1_417' title='bbox 1573 2292 1639 2318; x_wconf 88' lang='lat' dir='ltr'><strong>ter-</strong></span> 
     </span>
     <span class='ocr_line' id='line_1_41' title="bbox 82 2338 1400 2386; baseline -0.001 -13"><span class='ocrx_word' id='word_1_418' title='bbox 82 2339 338 2382; x_wconf 81' lang='lat' dir='ltr'><strong>minationem3</strong></span> <span class='ocrx_word' id='word_1_419' title='bbox 362 2340 445 2386; x_wconf 88' lang='lat' dir='ltr'><strong>quia</strong></span> <span class='ocrx_word' id='word_1_420' title='bbox 466 2351 528 2386; x_wconf 90' lang='lat' dir='ltr'><strong>per</strong></span> <span class='ocrx_word' id='word_1_421' title='bbox 549 2340 620 2374; x_wconf 89' lang='lat' dir='ltr'><strong>hoc</strong></span> <span class='ocrx_word' id='word_1_422' title='bbox 642 2340 779 2374; x_wconf 88' lang='lat' dir='ltr'><strong>tollitur</strong></span> <span class='ocrx_word' id='word_1_423' title='bbox 801 2340 833 2373; x_wconf 90' lang='lat' dir='ltr'><strong>ei</strong></span> <span class='ocrx_word' id='word_1_424' title='bbox 855 2348 1012 2386; x_wconf 88' lang='lat' dir='ltr'><strong>potestas</strong></span> <span class='ocrx_word' id='word_1_425' title='bbox 1036 2339 1189 2385; x_wconf 88' lang='lat' dir='ltr'><strong>amplius</strong></span> <span class='ocrx_word' id='word_1_426' title='bbox 1215 2338 1400 2384; x_wconf 88' lang='lat' dir='ltr'><strong>pecc-andi.</strong></span> 
     </span>
    </p>

    <p class='ocr_par' dir='ltr' id='par_1_8' title="bbox 80 2390 1639 2917">
     <span class='ocr_line' id='line_1_42' title="bbox 151 2390 1637 2438; baseline -0.002 -12"><span class='ocrx_word' id='word_1_427' title='bbox 151 2393 210 2427; x_wconf 88' lang='lat' dir='ltr'><strong>AD</strong></span> <span class='ocrx_word' id='word_1_428' title='bbox 233 2403 403 2428; x_wconf 79' lang='lat' dir='ltr'>TERTIUM</span> <span class='ocrx_word' id='word_1_429' title='bbox 425 2393 630 2434; x_wconf 89' lang='lat' dir='ltr'><strong>dicendum,</strong></span> <span class='ocrx_word' id='word_1_430' title='bbox 661 2393 757 2438; x_wconf 89' lang='lat' dir='ltr'><strong>quod</strong></span> <span class='ocrx_word' id='word_1_431' title='bbox 787 2393 997 2437; x_wconf 80' lang='lat' dir='ltr'><strong>hujusmodi</strong></span> <span class='ocrx_word' id='word_1_432' title='bbox 1023 2393 1313 2438; x_wconf 86' lang='lat' dir='ltr'><strong>imprecationes,</strong></span> <span class='ocrx_word' id='word_1_433' title='bbox 1345 2403 1436 2437; x_wconf 92' lang='lat' dir='ltr'><strong>quae</strong></span> <span class='ocrx_word' id='word_1_434' title='bbox 1466 2391 1503 2424; x_wconf 90' lang='lat' dir='ltr'><strong>in</strong></span> <span class='ocrx_word' id='word_1_435' title='bbox 1526 2390 1637 2424; x_wconf 86' lang='lat' dir='ltr'><strong>Sacra</strong></span> 
     </span>
     <span class='ocr_line' id='line_1_43' title="bbox 82 2444 1638 2493; baseline -0.001 -15"><span class='ocrx_word' id='word_1_436' title='bbox 82 2444 264 2491; x_wconf 88' lang='lat' dir='ltr'><strong>Scriptura</strong></span> <span class='ocrx_word' id='word_1_437' title='bbox 282 2446 521 2488; x_wconf 83' lang='lat' dir='ltr'><strong>inveniuntur,</strong></span> <span class='ocrx_word' id='word_1_438' title='bbox 544 2447 720 2493; x_wconf 63' lang='lat' dir='ltr'><strong>tripliciter</strong></span> <span class='ocrx_word' id='word_1_439' title='bbox 741 2454 892 2492; x_wconf 88' lang='lat' dir='ltr'><strong>possunt</strong></span> <span class='ocrx_word' id='word_1_440' title='bbox 912 2446 1080 2490; x_wconf 75' lang='lat' dir='ltr'><strong>intelligi:</strong></span> <span class='ocrx_word' id='word_1_441' title='bbox 1104 2458 1167 2480; x_wconf 84' lang='lat' dir='ltr'><strong>uno</strong></span> <span class='ocrx_word' id='word_1_442' title='bbox 1183 2445 1276 2480; x_wconf 77' lang='lat' dir='ltr'><strong>modo</strong></span> <span class='ocrx_word' id='word_1_443' title='bbox 1291 2457 1354 2491; x_wconf 89' lang='lat' dir='ltr'><strong>per</strong></span> <span class='ocrx_word' id='word_1_444' title='bbox 1368 2444 1518 2478; x_wconf 89' lang='lat' dir='ltr'><strong>modum</strong></span> <span class='ocrx_word' id='word_1_445' title='bbox 1541 2454 1638 2488; x_wconf 88' lang='lat' dir='ltr'><strong>prae-</strong></span> 
     </span>
     <span class='ocr_line' id='line_1_44' title="bbox 80 2499 1639 2545; baseline -0.001 -13"><span class='ocrx_word' id='word_1_446' title='bbox 80 2499 325 2540; x_wconf 89' lang='lat' dir='ltr'><strong>nuntiationis,</strong></span> <span class='ocrx_word' id='word_1_447' title='bbox 347 2510 420 2533; x_wconf 90' lang='lat' dir='ltr'><strong>non</strong></span> <span class='ocrx_word' id='word_1_448' title='bbox 454 2511 517 2544; x_wconf 90' lang='lat' dir='ltr'><strong>per</strong></span> <span class='ocrx_word' id='word_1_449' title='bbox 550 2500 701 2533; x_wconf 88' lang='lat' dir='ltr'><strong>modum</strong></span> <span class='ocrx_word' id='word_1_450' title='bbox 736 2500 941 2545; x_wconf 85' lang='lat' dir='ltr'><strong>optationis,</strong></span> <span class='ocrx_word' id='word_1_451' title='bbox 965 2508 1002 2533; x_wconf 85' lang='lat' dir='ltr'><strong>ut</strong></span> <span class='ocrx_word' id='word_1_452' title='bbox 1023 2500 1067 2533; x_wconf 89' lang='lat' dir='ltr'><strong>sit</strong></span> <span class='ocrx_word' id='word_1_453' title='bbox 1092 2511 1232 2533; x_wconf 89' lang='lat' dir='ltr'><strong>sensus:</strong></span> <span class='ocrx_word' id='word_1_454' title='bbox 1258 2499 1506 2533; x_wconf 63' lang='lat' dir='ltr'><strong>Con-vertantur</strong></span> <span class='ocrx_word' id='word_1_455' title='bbox 1530 2508 1639 2542; x_wconf 63' lang='lat' dir='ltr'><strong>pecca-</strong></span> 
     </span>
     <span class='ocr_line' id='line_1_45' title="bbox 81 2551 1636 2598; baseline -0.001 -13"><span class='ocrx_word' id='word_1_456' title='bbox 81 2556 162 2586; x_wconf 79' lang='lat' dir='ltr'><strong>tores</strong></span> <span class='ocrx_word' id='word_1_457' title='bbox 181 2553 217 2585; x_wconf 75' lang='lat' dir='ltr'><strong>in</strong></span> <span class='ocrx_word' id='word_1_458' title='bbox 233 2553 412 2597; x_wconf 71' lang='lat' dir='ltr'><strong>infernum,</strong></span> <span class='ocrx_word' id='word_1_459' title='bbox 431 2553 523 2587; x_wconf 90' lang='lat' dir='ltr'><strong>idest</strong></span> <span class='ocrx_word' id='word_1_460' title='bbox 543 2558 784 2587; x_wconf 58' lang='lat' dir='ltr'><strong>convertamur:</strong></span> <span class='ocrx_word' id='word_1_461' title='bbox 798 2554 863 2586; x_wconf 80' lang='lat' dir='ltr'><strong>alio</strong></span> <span class='ocrx_word' id='word_1_462' title='bbox 884 2553 976 2586; x_wconf 74' lang='lat' dir='ltr'><strong>morlo</strong></span> <span class='ocrx_word' id='word_1_463' title='bbox 996 2564 1057 2598; x_wconf 89' lang='lat' dir='ltr'><strong>per</strong></span> <span class='ocrx_word' id='word_1_464' title='bbox 1072 2553 1224 2586; x_wconf 88' lang='lat' dir='ltr'><strong>modum</strong></span> <span class='ocrx_word' id='word_1_465' title='bbox 1238 2551 1444 2598; x_wconf 88' lang='lat' dir='ltr'><strong>optationis,</strong></span> <span class='ocrx_word' id='word_1_466' title='bbox 1460 2558 1496 2584; x_wconf 89' lang='lat' dir='ltr'><strong>ut</strong></span> <span class='ocrx_word' id='word_1_467' title='bbox 1514 2558 1636 2584; x_wconf 89' lang='lat' dir='ltr'><strong>tamen</strong></span> 
     </span>
     <span class='ocr_line' id='line_1_46' title="bbox 81 2603 1638 2651; baseline -0.001 -13"><span class='ocrx_word' id='word_1_468' title='bbox 81 2604 297 2638; x_wconf 78' lang='lat' dir='ltr'><strong>desiderium</strong></span> <span class='ocrx_word' id='word_1_469' title='bbox 320 2606 475 2650; x_wconf 88' lang='lat' dir='ltr'><strong>optantis</strong></span> <span class='ocrx_word' id='word_1_470' title='bbox 497 2617 570 2639; x_wconf 91' lang='lat' dir='ltr'><strong>non</strong></span> <span class='ocrx_word' id='word_1_471' title='bbox 592 2605 764 2640; x_wconf 82' lang='lat' dir='ltr'><strong>referatur</strong></span> <span class='ocrx_word' id='word_1_472' title='bbox 786 2606 829 2639; x_wconf 87' lang='lat' dir='ltr'><strong>ad</strong></span> <span class='ocrx_word' id='word_1_473' title='bbox 851 2617 1009 2651; x_wconf 84' lang='lat' dir='ltr'><strong>poenam</strong></span> <span class='ocrx_word' id='word_1_474' title='bbox 1030 2606 1234 2647; x_wconf 87' lang='lat' dir='ltr'><strong>hominum,</strong></span> <span class='ocrx_word' id='word_1_475' title='bbox 1253 2605 1315 2638; x_wconf 89' lang='lat' dir='ltr'><strong>sed</strong></span> <span class='ocrx_word' id='word_1_476' title='bbox 1331 2605 1373 2637; x_wconf 88' lang='lat' dir='ltr'><strong>ad</strong></span> <span class='ocrx_word' id='word_1_477' title='bbox 1388 2603 1559 2648; x_wconf 86' lang='lat' dir='ltr'><strong>justitiam</strong></span> <span class='ocrx_word' id='word_1_478' title='bbox 1578 2614 1638 2648; x_wconf 93' lang='lat' dir='ltr'><strong>pu-</strong></span> 
     </span>
     <span class='ocr_line' id='line_1_47' title="bbox 80 2656 1635 2704; baseline 0 -13"><span class='ocrx_word' id='word_1_479' title='bbox 80 2657 221 2699; x_wconf 87' lang='lat' dir='ltr'><strong>nientis,</strong></span> <span class='ocrx_word' id='word_1_480' title='bbox 243 2659 442 2692; x_wconf 88' lang='lat' dir='ltr'><strong>secundum</strong></span> <span class='ocrx_word' id='word_1_481' title='bbox 462 2658 550 2692; x_wconf 88' lang='lat' dir='ltr'><strong>illud</strong></span> <span class='ocrx_word' id='word_1_482' title='bbox 571 2659 708 2693; x_wconf 89' lang='lat' dir='ltr'><strong>Psalmi</strong></span> <span class='ocrx_word' id='word_1_483' title='bbox 732 2669 804 2704; x_wconf 82' lang='lat'>57.:</span> <span class='ocrx_word' id='word_1_484' title='bbox 827 2660 1022 2693; x_wconf 51' lang='lat' dir='ltr'><strong>Laetabitur</strong></span> <span class='ocrx_word' id='word_1_485' title='bbox 1043 2661 1162 2704; x_wconf 69' lang='lat' dir='ltr'><strong>justus,</strong></span> <span class='ocrx_word' id='word_1_486' title='bbox 1190 2670 1263 2692; x_wconf 78' lang='lat' dir='ltr'><strong>cum</strong></span> <span class='ocrx_word' id='word_1_487' title='bbox 1284 2657 1406 2691; x_wconf 63' lang='lat' dir='ltr'><strong>viderit</strong></span> <span class='ocrx_word' id='word_1_488' title='bbox 1431 2656 1635 2691; x_wconf 74' lang='lat' dir='ltr'><strong>vindictum:</strong></span> 
     </span>
     <span class='ocr_line' id='line_1_48' title="bbox 82 2709 1635 2758; baseline -0.001 -14"><span class='ocrx_word' id='word_1_489' title='bbox 82 2711 163 2756; x_wconf 88' lang='lat' dir='ltr'><strong>quia</strong></span> <span class='ocrx_word' id='word_1_490' title='bbox 184 2722 250 2745; x_wconf 93' lang='lat' dir='ltr'><strong>nec</strong></span> <span class='ocrx_word' id='word_1_491' title='bbox 272 2713 347 2757; x_wconf 91' lang='lat' dir='ltr'><strong>ipse</strong></span> <span class='ocrx_word' id='word_1_492' title='bbox 365 2711 463 2746; x_wconf 90' lang='lat' dir='ltr'><strong>Deus</strong></span> <span class='ocrx_word' id='word_1_493' title='bbox 485 2712 635 2757; x_wconf 87' lang='lat' dir='ltr'><strong>puniens</strong></span> <span class='ocrx_word' id='word_1_494' title='bbox 657 2712 800 2746; x_wconf 68' lang='lat' dir='ltr'><strong>laetatur</strong></span> <span class='ocrx_word' id='word_1_495' title='bbox 820 2713 855 2745; x_wconf 48' lang='lat' dir='ltr'><strong>&#39;in</strong></span> <span class='ocrx_word' id='word_1_496' title='bbox 871 2712 1057 2758; x_wconf 65' lang='lat' dir='ltr'><strong>perditione</strong></span> <span class='ocrx_word' id='word_1_497' title='bbox 1076 2713 1268 2757; x_wconf 72' lang='lat' dir='ltr'><strong>impiorum,</strong></span> <span class='ocrx_word' id='word_1_498' title='bbox 1288 2718 1326 2744; x_wconf 84' lang='lat' dir='ltr'><strong>ut</strong></span> <span class='ocrx_word' id='word_1_499' title='bbox 1343 2710 1470 2744; x_wconf 90' lang='lat' dir='ltr'><strong>dicitur</strong></span> <span class='ocrx_word' id='word_1_500' title='bbox 1489 2709 1572 2756; x_wconf 89' lang='lat' dir='ltr'><strong>Sap.</strong></span> <span class='ocrx_word' id='word_1_501' title='bbox 1596 2720 1635 2751; x_wconf 92' lang='lat'><strong>1.,</strong></span> 
     </span>
     <span class='ocr_line' id='line_1_49' title="bbox 81 2763 1632 2810; baseline 0 -13"><span class='ocrx_word' id='word_1_502' title='bbox 81 2763 144 2798; x_wconf 90' lang='lat' dir='ltr'><strong>sed</strong></span> <span class='ocrx_word' id='word_1_503' title='bbox 165 2764 200 2797; x_wconf 84' lang='lat' dir='ltr'><strong>in</strong></span> <span class='ocrx_word' id='word_1_504' title='bbox 222 2775 286 2798; x_wconf 87' lang='lat' dir='ltr'><strong>sua</strong></span> <span class='ocrx_word' id='word_1_505' title='bbox 306 2764 458 2809; x_wconf 78' lang='lat' dir='ltr'><strong>justitia3</strong></span> <span class='ocrx_word' id='word_1_506' title='bbox 481 2765 563 2810; x_wconf 91' lang='lat' dir='ltr'><strong>quia</strong></span> <span class='ocrx_word' id='word_1_507' title='bbox 579 2767 685 2810; x_wconf 67' lang='lat' dir='ltr'><strong>justus</strong></span> <span class='ocrx_word' id='word_1_508' title='bbox 710 2766 876 2799; x_wconf 81' lang='lat' dir='ltr'><strong>Dominus</strong></span> <span class='ocrx_word' id='word_1_509' title='bbox 895 2770 923 2799; x_wconf 73' lang='lat' dir='ltr'><strong>et</strong></span> <span class='ocrx_word' id='word_1_510' title='bbox 943 2766 1087 2810; x_wconf 71' lang='lat' dir='ltr'><strong>justitias</strong></span> <span class='ocrx_word' id='word_1_511' title='bbox 1121 2764 1232 2798; x_wconf 58' lang='lat' dir='ltr'><strong>dilexit</strong></span> <span class='ocrx_word' id='word_1_512' title='bbox 1254 2763 1393 2808; x_wconf 71' lang='lat' dir='ltr'><strong>(Psalm.</strong></span> <span class='ocrx_word' id='word_1_513' title='bbox 1415 2763 1502 2807; x_wconf 79' lang='lat'><em>10.):</em></span> <span class='ocrx_word' id='word_1_514' title='bbox 1526 2764 1632 2804; x_wconf 65' lang='lat' dir='ltr'><strong>tertio,</strong></span> 
     </span>
     <span class='ocr_line' id='line_1_50' title="bbox 81 2816 1636 2863; baseline 0 -13"><span class='ocrx_word' id='word_1_515' title='bbox 81 2824 120 2850; x_wconf 93' lang='lat' dir='ltr'><strong>ut</strong></span> <span class='ocrx_word' id='word_1_516' title='bbox 140 2817 356 2851; x_wconf 88' lang='lat' dir='ltr'><strong>desiderium</strong></span> <span class='ocrx_word' id='word_1_517' title='bbox 383 2817 554 2852; x_wconf 89' lang='lat' dir='ltr'><strong>referatur</strong></span> <span class='ocrx_word' id='word_1_518' title='bbox 581 2818 624 2851; x_wconf 89' lang='lat' dir='ltr'><strong>ad</strong></span> <span class='ocrx_word' id='word_1_519' title='bbox 651 2819 893 2852; x_wconf 89' lang='lat' dir='ltr'><strong>remotionem</strong></span> <span class='ocrx_word' id='word_1_520' title='bbox 917 2817 1054 2863; x_wconf 90' lang='lat' dir='ltr'><strong>culpae,</strong></span> <span class='ocrx_word' id='word_1_521' title='bbox 1083 2828 1157 2851; x_wconf 89' lang='lat' dir='ltr'><strong>non</strong></span> <span class='ocrx_word' id='word_1_522' title='bbox 1185 2817 1228 2850; x_wconf 90' lang='lat' dir='ltr'><strong>ad</strong></span> <span class='ocrx_word' id='word_1_523' title='bbox 1262 2816 1376 2862; x_wconf 89' lang='lat' dir='ltr'><strong>ipsam</strong></span> <span class='ocrx_word' id='word_1_524' title='bbox 1399 2827 1576 2862; x_wconf 89' lang='lat' dir='ltr'><strong>poenam;</strong></span> <span class='ocrx_word' id='word_1_525' title='bbox 1599 2824 1636 2850; x_wconf 87' lang='lat' dir='ltr'><strong>ut</strong></span> 
     </span>
     <span class='ocr_line' id='line_1_51' title="bbox 83 2864 1134 2917; baseline 0 -13"><span class='ocrx_word' id='word_1_526' title='bbox 83 2869 219 2905; x_wconf 90' lang='lat' dir='ltr'><strong>scilicet</strong></span> <span class='ocrx_word' id='word_1_527' title='bbox 239 2879 387 2917; x_wconf 88' lang='lat' dir='ltr'><strong>peccata</strong></span> <span class='ocrx_word' id='word_1_528' title='bbox 409 2871 645 2913; x_wconf 88' lang='lat' dir='ltr'><strong>destruantur,</strong></span> <span class='ocrx_word' id='word_1_529' title='bbox 668 2879 703 2905; x_wconf 90' lang='lat' dir='ltr'><strong>et</strong></span> <span class='ocrx_word' id='word_1_530' title='bbox 721 2864 889 2905; x_wconf 85' lang='lat' dir='ltr'><strong>homines</strong></span> <span class='ocrx_word' id='word_1_531' title='bbox 913 2878 1134 2905; x_wconf 86' lang='lat' dir='ltr'><strong>remaneant.</strong></span> 
     </span>
    </p>
   </div>
  </div>
 </body>
</html>
