1859 3122
193 158 276 214 858
604 170 824 205 QUAESTIO
859 170 1021 200 cxxvn.
1054 170 1297 200 ARTICULUS
1330 172 1357 200 1.

650 412 1006 473 QUAESTIO
1044 413 1298 460 CXXVII.

443 536 506 566 DE
534 535 763 574 AUDACIA,
793 535 844 566 IN
870 535 995 567 DUOS
1021 535 1283 568 ARTICULOS
1310 537 1484 569 DIVISA.

264 676 405 711 Deinde
428 676 734 711 considerandum
756 684 810 711 est
830 677 873 711 de
896 678 1057 713 audacia.

693 765 738 799 Et
757 766 849 800 circa
869 765 928 800 hoc
949 770 1154 811 quaeruntur
1173 765 1248 801 duo.

264 836 400 871 Primo.
423 835 558 870 Utrum
580 836 731 870 audacia
752 836 797 870 sit
817 845 1020 883 peccatum.

266 889 447 924 Secundo.
472 889 604 924 Utrum
625 898 829 936 opponatur
850 889 1061 925 fortitudini.

756 1014 1102 1059 ARTICULUS
1137 1015 1170 1058 I.
1688 1025 1757 1071 640

594 1121 748 1151 UTRUM
780 1122 978 1152 AUDACIA
1011 1123 1077 1152 SIT
1110 1122 1359 1152 PEccATUM.

266 1209 325 1243 AD
347 1219 496 1243 PRIMUM
521 1210 571 1243 sic
590 1209 806 1255 proceditur.
825 1209 987 1252 Videtur,
1007 1210 1101 1256 quod
1123 1210 1272 1244 audacia
1291 1222 1364 1244 non
1383 1210 1428 1244 sit
1445 1218 1654 1256 peccatum:
1675 1209 1758 1244 dici-

194 1271 251 1298 tur
272 1262 368 1297 enim
386 1262 452 1307 Job
479 1274 530 1309 39.
554 1262 596 1296 de
612 1274 717 1308 equo,
737 1275 799 1308 per
815 1275 923 1309 quem
945 1263 1152 1309 designatur
1167 1263 1282 1297 bonus
1301 1263 1539 1308 praedicator,
1558 1263 1757 1297 secundum

197 1315 349 1361 Gregor.
371 1315 407 1349 in
429 1314 558 1349 Moral.
582 1315 660 1359 (lib.
677 1328 725 1362 31.
748 1323 818 1363 cap.
844 1317 909 1361 ΙΙ.)
933 1317 1029 1362 quod
1051 1317 1206 1351 audacter
1230 1318 1263 1350 in
1285 1328 1456 1351 occursum
1472 1318 1579 1362 pergit
1601 1317 1756 1351 armatis:

195 1369 256 1403 sed
278 1368 419 1403 nullum
441 1369 568 1402 vitium
591 1369 685 1403 cedit
709 1369 746 1402 in
774 1369 1134 1404 commendationem
1162 1369 1335 1415 alicujus3
1363 1381 1450 1415 ergo
1479 1380 1555 1403 esse
1583 1369 1757 1404 audacem

195 1434 267 1457 non
291 1431 344 1457 est
369 1431 570 1469 peccatum.

268 1487 298 1511 2.
321 1476 557 1511 PRAETEREA.
581 1476 683 1510 Sicut
703 1476 840 1511 Philos.
863 1477 949 1511 dicit
970 1477 1006 1511 in
1028 1475 1060 1511 6.
1082 1476 1199 1511 Ethic.
1229 1476 1317 1523 (cap.
1345 1477 1407 1522 9.),
1443 1484 1618 1522 «oportet
1645 1476 1759 1510 consi-

195 1530 274 1564 liari
295 1529 441 1576 quidem
462 1530 573 1572 tarde,
597 1530 738 1576 operari
757 1538 879 1565 autem
899 1530 1074 1565 velociter
1096 1529 1284 1564 consiliata
1295 1541 1335 1563 »t
1358 1529 1420 1563 sed
1443 1529 1486 1563 ad
1512 1529 1607 1563 hanc
1629 1528 1760 1563 veloci-

195 1591 307 1617 tatem
334 1582 505 1629 operandi
532 1584 630 1628 juvat
656 1583 830 1626 audacia3
853 1595 940 1630 ergo
968 1583 1118 1617 audacia
1145 1594 1219 1617 non
1247 1590 1300 1617 est
1325 1590 1528 1628 peccatum,
1555 1583 1617 1616 sed
1643 1581 1760 1628 magis

196 1635 329 1682 aliquid
351 1635 540 1670 laudabile.

270 1701 299 1735 3.
321 1689 557 1724 PRAETEREA.
579 1689 744 1724 Audacia
766 1698 818 1724 est
840 1690 1018 1736 quaedam
1036 1690 1169 1736 passio,
1185 1701 1276 1736 quae
1292 1697 1460 1723 causatur
1474 1701 1493 1723 a
1508 1700 1581 1735 spe,
1600 1697 1639 1723 ut
1655 1699 1759 1735 supra

195 1743 359 1777 habitum
386 1750 438 1776 est
466 1742 542 1786 (1-2.
565 1755 594 1788 q.
616 1754 665 1788 45.
689 1747 752 1777 art.
774 1743 824 1787 2.)
852 1755 935 1777 cum
963 1743 1006 1777 de
1032 1743 1259 1789 passionibus
1287 1751 1469 1788 ageretur:
1492 1742 1554 1776 sed
1581 1753 1661 1788 spes
1686 1753 1760 1776 non

196 1796 341 1842 ponitur
361 1803 562 1842 peccatum,
585 1796 646 1830 sed
669 1796 785 1841 magis
806 1796 940 1838 virtus3
964 1808 1050 1842 ergo
1072 1807 1139 1830 nec
1160 1796 1311 1830 audacia
1331 1796 1436 1830 debet
1453 1795 1539 1841 poni
1557 1803 1759 1841 peccatum.

268 1849 342 1883 SED
373 1859 527 1884 CONTRA
555 1857 618 1891 est,
646 1850 742 1895 quod
771 1850 899 1883 dicitur
932 1850 1043 1884 Eccli.
1073 1850 1123 1884 8.:
1157 1850 1242 1885 Cum
1264 1850 1383 1884 audaci
1408 1861 1473 1883 non
1499 1861 1550 1884 eas
1578 1851 1609 1883 in
1630 1850 1702 1892 via,
1723 1860 1761 1883 ne

189 1903 279 1949 forte
298 1908 417 1949 gravet
437 1903 526 1937 mala
547 1915 605 1937 sua
628 1905 661 1937 in
680 1908 729 1938 te:
748 1903 880 1937 nullius
903 1912 1024 1938 autem
1046 1904 1202 1938 societas
1224 1911 1276 1938 est
1295 1903 1519 1945 declinanda,
1534 1903 1603 1937 nisi
1616 1910 1761 1949 propter

197 1964 408 2003 peccatum;
432 1967 517 2002 ergo
541 1956 691 1990 audacia
714 1965 767 1990 est
788 1964 989 2002 peccatum.

268 2009 497 2044 RESPONDEO
520 2009 724 2051 dicendum,
755 2010 851 2055 quod
882 2010 1044 2052 audacia,
1073 2010 1166 2044 sicut
1195 2021 1302 2056 supra
1330 2009 1467 2043 dictum
1490 2016 1542 2043 est
1565 2008 1642 2052 (1-2.
1664 2020 1694 2054 q.
1713 2019 1760 2055 23.

198 2067 261 2097 art.
283 2075 310 2097 1.
333 2067 363 2097 et
383 2074 413 2108 q.
434 2063 516 2108 45),
545 2071 597 2096 est
623 2063 803 2108 quaedam
830 2063 968 2109 passio:
996 2063 1114 2109 passio
1143 2071 1262 2097 autem
1292 2063 1509 2108 quandoque
1537 2062 1683 2108 quidem
1710 2069 1762 2096 est

199 2116 385 2150 moderata
406 2116 605 2150 secundum
626 2116 817 2158 rationem,
840 2117 1056 2163 quandoque
1079 2124 1200 2150 autem
1227 2123 1324 2150 caret
1346 2115 1597 2150 moderatione
1619 2114 1679 2149 vel
1699 2126 1762 2161 per

199 2180 398 2211 excessum,
419 2168 477 2203 vel
498 2181 561 2216 per
582 2169 782 2212 defectum3
805 2178 840 2204 et
860 2170 1060 2204 secundum
1082 2171 1153 2204 hoc
1182 2178 1235 2204 est
1260 2170 1379 2216 passio
1400 2169 1549 2203 vitiosa:
1573 2176 1762 2203 sumuntur

199 2231 320 2257 autem
343 2222 559 2268 quandoque
581 2223 730 2256 nomina
750 2223 960 2268 passionum
982 2235 1001 2257 a
1023 2223 1343 2269 superabundanti:
1363 2223 1456 2257 sicut
1473 2223 1524 2256 ira
1543 2222 1670 2256 dicitur
1687 2232 1761 2255 non

199 2287 463 2322 quaecumque,
485 2275 547 2310 sed
569 2276 874 2321 superabundans,
890 2285 995 2322 prout
1009 2276 1148 2311 scilicet
1162 2284 1215 2310 est
1226 2276 1376 2318 vitiosa3
1392 2284 1426 2310 et
1440 2276 1510 2310 hoc
1527 2275 1636 2309 etiam
1650 2274 1761 2308 modo

201 2329 351 2363 audacia
372 2340 435 2375 per
455 2328 821 2374 superabundantiam
843 2329 938 2363 dicta
960 2329 1104 2375 ponitur
1126 2340 1203 2363 esse
1225 2337 1430 2375 peccatum.

271 2383 330 2416 AD
357 2393 506 2417 PRIMUM
529 2393 616 2428 ergo
644 2382 848 2424 dicendum,
875 2383 971 2428 quod
999 2383 1149 2416 audacia
1170 2382 1219 2416 ibi
1249 2383 1413 2424 sumitur,
1440 2382 1640 2416 secundum
1666 2381 1761 2427 quod

201 2444 253 2470 est
274 2435 462 2470 moderata
484 2436 638 2469 ratione:
662 2435 711 2469 sic
735 2436 831 2469 enim
854 2436 1006 2481 pertinet
1028 2436 1071 2469 ad
1091 2436 1258 2469 virtutem
1282 2435 1511 2469 fortitudinis.

272 2489 331 2523 AD
354 2499 560 2523 SECUNDUM
582 2488 787 2530 dicendum,
816 2489 911 2534 quod
939 2489 1101 2534 operatio
1122 2488 1249 2523 festina
1278 2487 1579 2522 commendabilis
1604 2495 1656 2522 est
1681 2495 1763 2533 post

201 2542 406 2584 consilium,
428 2543 524 2588 quod
548 2550 600 2576 est
622 2550 720 2575 actus
743 2542 907 2575 rationis:
931 2542 991 2575 sed
1015 2542 1042 2576 si
1065 2543 1142 2588 quis
1170 2551 1250 2576 ante
1280 2542 1473 2576 consilium
1499 2541 1608 2575 vellet
1634 2540 1762 2575 festine

202 2606 319 2641 agere,
341 2606 415 2629 non
437 2603 531 2630 esset
550 2595 622 2629 hoc
645 2594 835 2636 laudabile,
858 2595 920 2629 sed
943 2595 1135 2629 vitiosum:
1159 2603 1253 2629 esset
1277 2597 1373 2629 enim
1397 2596 1575 2641 quaedam
1594 2593 1763 2640 praecipi-

200 2650 289 2682 tatio
312 2648 475 2690 actionis,
503 2649 599 2694 quod
626 2656 679 2682 est
705 2648 832 2681 vitium
860 2648 1069 2694 prudentiae
1097 2649 1316 2694 oppositum,
1346 2656 1383 2682 ut
1413 2659 1518 2694 supra
1547 2647 1684 2681 dictum
1711 2654 1763 2680 est

202 2703 247 2747 (q.
266 2713 310 2747 53.
333 2707 397 2736 art.
417 2703 483 2747 3.);
508 2710 541 2735 et
562 2702 644 2736 ideo
668 2701 829 2742 audacia,
863 2712 954 2747 quae
989 2710 1156 2747 operatur
1179 2702 1221 2735 ad
1244 2702 1476 2736 velocitatem
1501 2700 1685 2747 operandi,
1715 2699 1763 2733 in-

202 2762 341 2788 tantum
363 2754 552 2789 laudabilis
575 2763 638 2797 est,
660 2755 874 2800 inquantum
897 2766 916 2787 a
938 2755 1078 2789 ratione
1099 2755 1298 2789 ordinatur.

274 2809 333 2842 AD
362 2818 532 2842 TERTIUM
555 2808 760 2850 dicendum,
783 2808 878 2853 quod
902 2808 1081 2853 quaedam
1099 2808 1185 2842 vitia
1204 2808 1430 2842 innominata
1445 2815 1538 2848 sunt,
1554 2818 1587 2840 et
1601 2805 1763 2840 similiter

205 2861 383 2907 quaedam
405 2861 564 2903 virtutes,
588 2870 625 2896 ut
643 2869 739 2908 patet
753 2873 815 2906 per
829 2861 922 2895 Phil.
938 2861 973 2894 in
987 2871 1019 2903 4.
1036 2861 1151 2895 Ethic.
1169 2860 1255 2906 (sap.
1270 2873 1302 2906 4.
1314 2873 1343 2906 5.
1357 2866 1384 2895 cl
1400 2861 1431 2895 6.
1447 2865 1475 2895 ct
1489 2861 1544 2894 lib.
1560 2871 1590 2894 2.
1607 2865 1677 2905 cup.
1692 2858 1738 2904 7.)
1748 2870 1760 2898 ,·
