1859 3122
157 154 240 196 370
548 152 766 187 QUAESTIO
799 153 928 182 XLVII.
963 153 1207 183 ARTICULUS
1241 154 1311 184 XV.

156 235 262 277 tivae,
284 235 359 269 sive
380 234 571 280 practicae,
592 245 667 268 non
687 234 864 269 habentur
881 246 944 280 per
957 243 1135 277 naturam,
1157 235 1219 269 sed
1240 247 1302 281 per
1322 236 1571 271 inventionem
1592 249 1715 272 secun-

156 289 242 322 dum
260 289 357 322 viam
373 287 618 334 experimenti,
636 287 694 322 vel
708 299 770 334 per
791 288 1038 334 disciplinam3
1061 296 1236 334 quantum
1258 297 1378 323 autem
1399 289 1441 323 ad
1460 290 1714 335 particularem

156 342 406 386 cognitionem
428 352 566 382 eorum,
582 341 678 375 circa
694 353 785 387 quae
801 342 961 388 operatio
985 342 1159 383 consistit,
1179 350 1231 376 est
1247 342 1379 376 iterum
1401 342 1713 389 distinguendum:

156 395 238 440 quia
261 394 422 440 operatio
446 394 607 428 consistit
629 394 723 428 circa
746 394 890 440 aliquid,
916 395 967 429 vel
994 395 1085 428 sicut
1107 395 1201 428 circa
1222 395 1343 437 finem,
1365 396 1416 430 vel
1437 396 1530 430 sicut
1555 397 1651 431 circa
1673 409 1715 432 ea

156 459 246 493 quae
274 455 355 481 sunt
381 447 424 481 ad
450 447 578 481 finem:
603 447 691 482 fines
718 456 839 482 autem
867 448 953 482 recti
979 448 1161 482 humanae
1186 449 1280 482 vitae
1307 457 1389 483 sunt
1415 449 1661 493 determinati3
1680 459 1715 486 et

155 501 236 534 ideo
252 509 370 546 potest
384 512 461 534 esse
477 501 649 535 naturalis
664 501 849 535 inclinatio
868 509 1031 547 respectu
1046 501 1177 535 horum
1193 502 1338 543 finium;
1353 503 1445 537 sicut
1459 504 1715 549 supradictum

157 561 208 588 est
232 554 307 597 (1—2.
335 566 363 599 q.
392 554 440 600 63.
468 559 532 588 art.
555 567 582 589 Ι.
604 560 631 588 et
653 555 714 599 2.),
748 555 843 600 quod
878 555 1025 600 quidam
1058 555 1192 589 habent
1225 566 1267 589 ex
1297 555 1451 589 naturali
1480 557 1715 603 dispositione

157 607 332 652 quasdam
346 607 504 649 virtutes,
520 608 646 653 quibus
664 607 881 642 inclinantur
896 608 939 641 ad
954 616 1072 642 rectos
1094 608 1201 649 fines3
1224 616 1258 642 et
1279 620 1341 654 per
1359 620 1584 655 consequens
1606 611 1715 645 etiam

157 661 290 694 habent
310 661 520 695 naturaliter
541 669 679 695 rectum
700 662 875 707 judicium
898 662 940 696 de
962 662 1171 707 hujusmodi
1192 662 1340 697 finibus:
1363 664 1425 697 sed
1454 675 1495 697 ea
1522 675 1613 710 quae
1635 672 1717 699 sunt

157 713 201 747 ad
222 713 332 747 finem
353 714 389 747 in
410 714 514 748 rebus
535 714 704 748 humanis
726 726 799 748 non
822 723 903 749 sunt
924 715 1172 757 determinata,
1196 716 1255 750 sed
1278 716 1524 762 multipliciter
1547 717 1715 752 diversifi-

159 775 285 801 cantur
306 768 506 801 secundum
529 768 773 802 diversitatem
795 780 1042 814 personarum,
1066 777 1099 802 et
1126 769 1377 814 negotiorum;
1400 771 1494 804 unde
1516 763 1598 817 quia
1619 770 1717 805 incli-

156 821 255 854 natio
277 829 425 855 naturae
447 832 591 867 semper
613 829 666 855 est
687 822 729 855 ad
753 821 884 867 aliquid
907 822 1197 863 determinatum,
1218 822 1299 856 talis
1322 823 1482 869 cognitio
1503 835 1577 858 non
1599 832 1717 870 potest

156 875 298 908 homini
323 874 439 908 inesse
466 874 689 914 naturaliter;
716 874 799 908 licet
821 887 863 909 ex
884 875 1038 909 naturali
1064 875 1298 921 dispositione
1332 888 1423 910 unus
1453 877 1498 911 sit
1531 877 1647 923 aptior
1673 878 1716 911 ad

157 927 367 971 hujusmodi
392 928 639 969 discernenda,
662 939 771 974 quam
805 928 913 970 alius3
936 928 1027 962 sicut
1050 929 1159 962 etiam
1186 929 1314 963 accidit
1342 930 1437 963 circa
1463 930 1716 964 conclusiones

157 981 461 1027 speculativarum
480 983 731 1016 scientiarum:
751 984 834 1029 quia
853 994 939 1028 ergo
959 984 1145 1029 prudentia
1164 995 1237 1018 non
1254 992 1305 1018 est
1320 985 1414 1018 circa
1432 984 1531 1027 fines,
1546 986 1607 1019 sed
1622 986 1717 1020 circa

158 1045 199 1068 ea
222 1046 312 1080 quae
334 1044 416 1070 sunt
439 1036 481 1069 ad
504 1036 625 1078 finem,
647 1044 812 1082 utsupra
833 1037 996 1070 habitum
1019 1044 1071 1070 est
1094 1037 1172 1080 (art.
1195 1038 1226 1072 6.
1250 1038 1318 1083 huj.
1342 1039 1402 1084 q.),
1425 1038 1507 1072 ideo
1529 1039 1717 1085 prudentia

156 1099 230 1121 non
253 1097 306 1122 est
327 1089 510 1124 naturalis

229 1142 288 1176 AD
322 1153 470 1176 PRIMUM
505 1154 592 1188 ergo
627 1143 832 1184 dicendum,
856 1144 951 1188 quod
978 1143 1115 1178 Philos.
1136 1144 1184 1177 ibi
1206 1144 1363 1190 loquitur
1390 1145 1432 1179 de
1460 1146 1717 1190 pertinentibus

158 1196 201 1228 ad
224 1196 462 1241 prudentiam,
485 1196 684 1229 secundum
707 1196 802 1242 quod
825 1197 1009 1230 ordinatur
1031 1196 1074 1230 ad
1096 1196 1202 1230 fines:
1223 1198 1316 1231 unde
1339 1209 1445 1244 supra
1472 1199 1716 1244 praemiserat,

159 1248 273 1292 (ibid.)
287 1249 383 1294 quod
401 1249 607 1295 «principia
626 1257 709 1283 sunt
727 1250 802 1294 ejus
821 1250 915 1294 quod
936 1258 988 1283 est
1007 1251 1106 1294 cujus
1125 1251 1239 1295 gratia
1253 1264 1286 1292 »,
1300 1251 1392 1285 idest
1405 1251 1504 1294 finis;
1524 1260 1558 1286 et
1572 1261 1718 1298 propter

158 1301 227 1334 hoc
250 1313 323 1335 non
346 1301 429 1335 facit
450 1302 542 1336 inter
569 1314 608 1336 ea
637 1303 860 1336 mentionem
888 1303 930 1336 de
965 1302 1118 1345 eubulia,
1141 1315 1232 1349 quae
1263 1312 1315 1338 est
1343 1304 1566 1339 consiliativa
1589 1317 1716 1340 eorum

159 1366 250 1400 quae
272 1363 354 1388 sunt
376 1355 418 1388 ad
440 1355 560 1388 finem.

230 1408 288 1441 AD
312 1418 517 1442 SECUNDUM
534 1408 739 1450 dicendum,
754 1408 851 1454 quod
866 1409 1053 1454 prudentia
1070 1410 1185 1454 magis
1205 1418 1257 1444 est
1274 1410 1310 1444 in
1332 1411 1487 1452 senibus,
1508 1422 1584 1445 non
1598 1411 1717 1445 solum

159 1468 303 1506 propter
324 1461 527 1495 naturalem
549 1462 824 1508 dispositionem
847 1462 1068 1508 quietantem
1091 1471 1233 1497 motum
1254 1464 1465 1510 passionum
1483 1465 1717 1508 sensibilium,

159 1514 220 1548 sed
243 1515 351 1548 etiam
372 1522 518 1560 propter
545 1515 801 1561 experientiam
823 1515 923 1559 longi
945 1516 1129 1561 temporis.

230 1567 289 1601 AD
313 1578 483 1602 TERTIUM
499 1568 704 1610 dicendum,
720 1569 815 1614 quod
833 1569 941 1602 etiam
957 1569 991 1602 in
1006 1569 1116 1603 brutis
1132 1569 1345 1604 animalibus
1361 1578 1442 1605 sunt
1460 1571 1718 1606 determinatae

158 1621 237 1655 viae
259 1621 491 1667 perveniendi
521 1622 564 1655 ad
598 1621 719 1663 finem,
755 1623 847 1656 unde
869 1623 1044 1664 videmus,
1067 1623 1163 1668 quod
1197 1624 1321 1657 onmia
1354 1624 1524 1658 animalia
1558 1625 1716 1671 ejusdem

159 1675 290 1720 speciei
312 1674 476 1709 similiter
497 1683 706 1721 operantur:
729 1676 790 1710 sed
812 1676 883 1709 hoc
905 1687 979 1709 non
1001 1684 1119 1722 potest
1133 1687 1210 1711 esse
1224 1677 1261 1710 in
1276 1677 1426 1711 homine
1448 1686 1594 1724 propter
1614 1679 1718 1713 ratio-

158 1739 242 1761 nem
265 1729 351 1772 ejus,
373 1740 464 1774 quae
492 1740 575 1762 cum
602 1729 645 1763 sit
668 1729 916 1775 cognoscitiva
943 1729 1212 1772 universalium,
1235 1730 1279 1764 ad
1300 1730 1438 1765 infinita
1459 1731 1655 1777 singularia
1680 1743 1717 1766 se

159 1781 326 1815 extendit.

693 1924 1036 1968 ARTICULUS
1071 1926 1192 1968 XVI.
1652 1949 1714 1985 073

331 2030 483 2059 UTRUM
515 2031 765 2061 PRL'DENTIA
797 2032 948 2060 POSSIT
982 2033 1135 2060 AMITTI
1168 2033 1246 2062 PER
1278 2033 1559 2062 OBLIVIONEM.

435 2117 510 2160 (1-2.
533 2130 561 2163 q.
581 2130 624 2163 53.
645 2123 708 2152 arl.
730 2130 756 2152 Ι.
780 2126 868 2164 corp.
887 2124 916 2153 ct
941 2120 1027 2153 [ἐνί.
1050 2131 1079 2164 (].
1102 2120 1150 2154 18.
1170 2125 1234 2154 art.
1257 2131 1286 2165 7.
1309 2119 1351 2153 ad
1372 2120 1435 2164 6.).

233 2206 292 2240 AD
320 2216 651 2240 DECIMUMSEXTL‘M
673 2206 723 2240 sic
746 2207 962 2252 proceditur.
984 2206 1146 2249 Videtur,
1161 2208 1255 2253 quod
1270 2207 1456 2254 prudentia
1471 2208 1583 2253 possit
1605 2208 1719 2243 amitti

161 2270 224 2305 per
250 2259 491 2300 oblivionem;
518 2259 666 2293 scientia
697 2260 805 2301 enim,
832 2272 915 2293 cum
949 2260 993 2294 sit
1022 2261 1321 2303 necessariorum,
1352 2270 1404 2296 est
1434 2262 1576 2304 certior,
1610 2274 1718 2308 quarn

163 2312 360 2358 prudentia,
394 2323 485 2358 quae
520 2321 571 2346 est
599 2313 884 2357 contingentium
909 2314 1169 2359 operabilium:
1192 2315 1253 2349 sed
1282 2315 1430 2349 scientia
1464 2315 1636 2350 amittitur
1656 2327 1719 2362 per

162 2365 404 2407 oblivionem3
427 2376 513 2411 ergo
537 2365 652 2399 multo
675 2367 790 2411 magis
812 2367 1009 2412 prudentia.

234 2428 264 2452 2.
281 2419 516 2453 PRAETEREA.
545 2419 646 2452 Sicut
679 2419 815 2453 Philos.
843 2419 928 2453 dicit
964 2420 999 2453 in
1022 2430 1052 2454 2.
1076 2420 1190 2454 Ethic.
1218 2421 1306 2467 (cap.
1330 2431 1357 2456 Ι.
1378 2426 1408 2456 et
1427 2423 1474 2467 2.)
1505 2434 1523 2453 α
1544 2421 1654 2456 virtus
1677 2433 1720 2456 ex

162 2471 299 2505 eisdem
328 2480 531 2517 generatur,
563 2480 597 2505 et
620 2474 861 2517 corrumpitur
883 2473 1064 2506 contrario
1092 2474 1203 2507 modo
1236 2473 1338 2507 factis
1360 2487 1399 2509 »:
1422 2474 1482 2508 sed
1511 2474 1553 2508 ad
1576 2485 1720 2520 genera-

161 2525 298 2559 tionem
322 2524 530 2571 prudentiae
552 2525 795 2558 necessarium
820 2534 870 2559 est
893 2526 1189 2571 experimentum,
1205 2527 1301 2572 quod
1324 2527 1361 2560 fit
1378 2539 1419 2561 ex
1442 2527 1562 2561 multis
1583 2538 1720 2562 memo-

163 2578 234 2619 riis,
256 2586 294 2612 ut
313 2578 440 2612 dicitur
466 2578 501 2611 in
528 2579 638 2624 princ.
666 2578 921 2624 Metaphysic.;
945 2590 1032 2624 ergo
1059 2591 1141 2612 cum
1158 2580 1292 2613 oblivio
1315 2581 1515 2615 memoriae
1538 2592 1720 2626 opponan-

163 2640 229 2672 tur,
251 2631 392 2665 videtur
414 2632 509 2676 quod
532 2631 719 2676 prudentia
738 2643 800 2677 per
822 2631 1042 2665 oblivionem
1066 2633 1178 2677 possit
1200 2633 1324 2667 amitti.

238 2695 266 2729 3.
289 2684 524 2718 PRAETEREA.
552 2684 745 2717 Prudentia
767 2695 840 2717 non
863 2692 915 2718 cst
937 2685 1012 2718 sine
1035 2686 1244 2730 cognitione
1271 2686 1545 2721 universalium:
1567 2686 1627 2720 scd
1647 2686 1719 2720 uni-

164 2736 359 2771 versalium
382 2737 543 2781 cognitio
567 2744 684 2783 potest
705 2748 766 2783 per
785 2737 1005 2771 oblivionem
1034 2739 1170 2779 amitti,
1193 2750 1278 2783 crgo
1302 2747 1335 2773 et
1357 2739 1552 2785 prudentia.

237 2790 310 2824 Sffl)
334 2801 488 2824 CONTRA
511 2798 573 2832 est,
596 2790 691 2835 quod
714 2789 849 2824 Philos.
881 2791 965 2824 dicit
997 2791 1032 2824 in
1055 2789 1086 2826 6.
1108 2791 1222 2824 Ethic.
1248 2791 1334 2838 (cap.
1353 2793 1397 2838 5.)
1426 2793 1522 2838 quod
1547 2805 1564 2824 «
1584 2791 1717 2827 oblivio

167 2850 219 2877 cst
245 2843 340 2885 artis,
363 2852 397 2878 ct
417 2854 490 2878 non
513 2843 721 2890 prudentiae
743 2857 774 2877 ».
