1859 3122
194 184 278 227 540
587 182 805 217 QUAESTIO
838 182 984 211 LXXVI.
1012 182 1258 212 ARTICULUS
1290 182 1351 212 111.

265 276 295 299 2.
318 265 553 299 PRAETEREA.
577 264 627 297 Ea
650 275 741 310 quae
764 275 805 298 ex
823 263 894 297 levi
912 272 1015 298 motu
1037 263 1167 298 mentis
1182 264 1395 310 procedunt,
1414 276 1488 298 non
1502 265 1667 299 videntur
1685 266 1758 300 uni-

192 318 377 355 versaliter
400 329 476 352 esse
499 325 648 363 peccata
671 316 858 351 mortalia:
881 317 943 351 sed
964 317 1146 351 interdum
1168 316 1378 351 maledictio
1402 329 1443 352 ex
1464 317 1535 351 levi
1557 326 1658 352 motu
1680 330 1759 365 pro-

193 371 305 413 cedit3
325 382 411 416 ergo
434 370 643 405 maledictio
665 381 739 404 non
762 378 815 404 est
836 378 1028 416 peccatum
1055 369 1221 404 mortale.

267 436 295 470 3.
318 424 553 458 PRAETEREA.
572 423 725 458 Gravius
745 432 798 458 est
816 422 1044 465 malefacere,
1065 435 1174 469 quam
1196 422 1432 458 maledicere:
1456 424 1518 458 sed
1540 423 1757 459 malefacere

192 489 266 512 non
288 488 431 522 semper
453 485 505 511 est
525 484 717 523 peccatum
744 476 918 518 mortale;
942 488 1028 522 ergo
1051 476 1166 511 multo
1189 477 1308 510 minus
1331 476 1560 511 maledicere.

266 530 340 564 SED
364 541 529 564 CONTRA.
546 529 646 564 Nihil
661 529 817 564 excludit
840 541 859 563 a
877 541 990 575 regno
1013 530 1094 572 Dei,
1113 529 1182 563 nisi
1201 538 1392 576 peccatum
1410 529 1583 564 mortale:
1606 530 1669 565 sed
1687 542 1758 564 ma-

192 584 337 618 ledictio
357 583 514 617 excludit
536 594 555 616 a
573 594 686 629 regno
705 583 786 624 Dei,
806 582 1007 616 secundum
1028 582 1116 616 illud
1143 593 1170 616 1.
1199 583 1242 616 ad
1266 582 1351 617 Cor.
1372 581 1420 617 6.:
1448 584 1564 629 Neque
1589 583 1754 626 maledici,

192 649 291 682 neque
318 643 453 682 rapaces
467 648 606 682 regnum
625 637 691 671 Dei
709 636 939 683 possidebunt;
965 647 1051 681 ergo
1074 636 1282 670 maledictio
1307 645 1359 670 est
1376 645 1567 682 peccatum
1590 637 1755 672 mortale.

263 690 492 724 RESPONDEO
516 689 733 731 dicendum„
744 689 841 735 quod
871 689 1091 731 maledictio,
1115 689 1158 723 de
1180 701 1249 734 qua
1271 701 1365 723 nunc
1400 689 1594 736 loquimur,
1618 699 1671 724 est
1695 701 1758 736 per

191 755 301 789 quam
322 743 574 788 pronuntiatur
589 742 727 776 malum
743 751 867 776 contra
887 742 1056 788 aliquem,
1072 741 1130 776 vel
1151 742 1376 788 imperando,
1390 742 1448 776 vel
1462 742 1642 789 optando:
1664 742 1758 778 velle

193 805 324 838 autem,
346 795 404 830 vel
426 796 579 842 imperio
606 807 755 830 movere
779 795 823 829 ad
845 795 984 829 malum
1011 795 1167 837 alterius,
1189 796 1388 829 secundum
1411 807 1448 830 se
1474 805 1652 842 repugnat
1673 797 1759 831 cha-

190 850 295 891 ritati,
327 861 396 895 qua
412 848 596 895 diligimus
615 849 821 895 proximum
835 848 998 883 volentes
1019 849 1158 882 bonum
1173 848 1302 894 ipsius3
1319 857 1353 883 et
1370 849 1419 883 ita
1437 850 1638 884 secundum
1652 861 1758 884 suum

191 914 304 948 genus
323 911 377 936 est
398 911 589 948 peccatum
612 902 778 944 mortale,
797 910 832 936 et
848 910 949 936 tanto
973 902 1129 947 gravius,
1148 910 1283 948 quanto
1306 914 1512 948 personam,
1533 904 1590 937 cui
1612 902 1758 937 maledi-

191 957 317 997 cimus,
339 956 455 1001 magis
475 967 609 997 amare,
632 963 667 989 et
688 956 844 990 revereri
865 964 1052 997 tenemur3
1074 956 1168 989 unde
1191 955 1317 989 dicitur
1340 956 1453 990 Levit.
1481 966 1544 991 20:
1570 957 1641 1001 Qui
1659 956 1757 991 male-

190 1009 310 1043 dixerit
324 1010 419 1055 patri
431 1021 499 1050 sico,
515 1015 544 1043 et
560 1010 671 1050 matri,
688 1014 791 1043 morte
807 1010 996 1043 moriatur:
1013 1008 1191 1054 contingit
1211 1017 1346 1051 tamen,
1360 1011 1499 1044 verbum
1518 1009 1759 1044 maledictionis

186 1063 357 1109 prolatum
382 1074 440 1097 essa
457 1068 630 1109 pecsatmn
648 1062 789 1104 wniczla,
812 1062 870 1097 vel
886 1067 1026 1109 propter
1039 1064 1245 1109 parvitatem
1267 1063 1361 1105 mali,
1381 1063 1466 1108 quod
1487 1065 1558 1109 quis
1575 1063 1673 1098 alteri
1691 1075 1758 1098 ma-

191 1115 354 1150 ledicendo
371 1117 586 1162 imprecatur,
602 1115 660 1149 vel
675 1117 918 1162 etiampropter
932 1115 1169 1161 affcctumejus,
1185 1116 1381 1162 qzciprofert
1394 1116 1630 1151 maledictionis
1639 1117 1758 1159 verba,

190 1168 268 1202 dum
293 1181 331 1203 ex
353 1169 417 1203 levi
439 1175 540 1211 motu,
563 1169 615 1203 val
632 1181 670 1203 ex
692 1169 779 1211 ludo,
800 1174 854 1203 aut
877 1181 915 1203 ex
928 1171 1129 1214 surreptione
1148 1170 1261 1214 aliqua
1284 1169 1365 1203 talia
1385 1171 1487 1204 verba
1501 1170 1652 1216 profert:
1673 1169 1756 1216 quia

190 1230 339 1267 peccata
365 1222 560 1256 verborum
583 1222 741 1256 maxime
765 1234 806 1256 ex
829 1221 959 1256 affectu
981 1230 1188 1268 pensantur,
1210 1231 1248 1256 ut
1269 1234 1375 1269 supra
1398 1222 1535 1257 dictum
1557 1231 1610 1258 est
1633 1223 1679 1269 (q.
1701 1234 1752 1269 72.

193 1281 258 1310 art.
278 1276 339 1320 2.).

263 1329 307 1362 Et
328 1340 390 1374 per
410 1329 482 1362 hoc
504 1337 603 1374 patet
624 1328 811 1374 responsio
830 1339 880 1362 AD
909 1339 1084 1373 OBJECTA.

751 1453 1096 1498 ARTICULUS
1125 1454 1201 1496 IV.
1690 1475 1758 1508 412

222 1563 376 1592 UTRUM
408 1563 686 1592 MALEDICERE
716 1562 782 1591 SIT
812 1561 995 1590 GRAVIUS
1023 1561 1276 1600 PECCATUM,
1303 1561 1428 1596 QUAM
1454 1561 1726 1591 DETRACTIO.

261 1650 322 1684 AD
346 1660 534 1689 QUARTUM
553 1650 602 1683 sic
626 1648 842 1695 proceditur.
865 1648 1028 1690 Videtur,
1051 1649 1147 1694 quod
1170 1648 1378 1682 maledictio
1398 1648 1442 1682 sit
1468 1648 1612 1694 gravius
1633 1659 1759 1694 pecca-

190 1713 279 1746 tum,
302 1716 411 1750 quam
433 1703 627 1737 detractio:
652 1702 859 1736 maledictio
883 1702 979 1736 enim
1002 1702 1142 1736 videtur
1164 1713 1241 1736 esse
1262 1701 1489 1748 blasphemia
1510 1702 1702 1748 quaedam,
1721 1710 1759 1736 ut

191 1766 288 1803 patet
306 1769 367 1803 per
388 1757 423 1791 id
446 1757 542 1803 quod
565 1756 693 1790 dicitur
715 1756 749 1789 in
774 1755 963 1790 Canonica
980 1755 1105 1800 Judae,
1137 1755 1233 1801 quod
1260 1767 1333 1790 cum
1365 1755 1511 1790 Michael
1531 1755 1759 1801 Archangelus

192 1823 266 1845 cum
285 1811 414 1844 diabolo
434 1810 603 1857 disputans
621 1810 837 1843 altercaretur
858 1808 895 1843 de
913 1809 1019 1854 Moysi
1037 1815 1187 1855 corpore,
1207 1821 1271 1842 uon
1286 1814 1330 1843 est
1348 1808 1619 1855 aususjzcdicinm
1636 1809 1759 1852 inferre

193 1865 432 1910 blasphemiae:
461 1872 495 1897 et
517 1863 689 1909 accipitur
718 1862 767 1895 ibi
787 1861 1015 1908 blasphemia
1045 1873 1110 1908 pro
1133 1862 1401 1904 maledictione,
1431 1862 1632 1896 secundum
1655 1860 1757 1895 Glos.

192 1918 357 1963 (informs
378 1917 602 1963 blasphemia
623 1924 744 1950 autem
767 1924 819 1949 est
839 1916 983 1961 gravius
1002 1924 1204 1961 peccatum,
1227 1927 1336 1961 quam
1356 1915 1550 1958 detracti03
1573 1926 1660 1960 ergo
1683 1925 1759 1948 ma-

191 1971 338 2005 ledictio
361 1979 413 2004 est
435 1970 579 2016 gravior
601 1969 834 2004 detractione.

264 2034 295 2058 2.
323 2023 560 2058 PRAETEREA.
584 2022 835 2056 Homicidium
863 2030 915 2056 est
937 2021 1158 2056 detractione
1181 2021 1336 2067 gravius,
1356 2030 1394 2055 ut
1414 2033 1521 2068 supra
1543 2021 1680 2055 dictum
1707 2028 1760 2054 est

195 2077 240 2123 (q.
261 2088 305 2123 73.
329 2082 391 2110 art.
412 2077 475 2122 3.).·
499 2076 560 2110 sed
579 2075 788 2110 maledictio
805 2084 856 2109 est
875 2086 939 2121 par
960 2083 1110 2121 peccato
1132 2074 1341 2109 homicidii:
1357 2075 1442 2109 dicit
1457 2075 1551 2108 enim
1569 2074 1758 2120 Chrysost.

193 2142 299 2176 super
321 2130 448 2163 Matth.
477 2130 580 2174 (hom.
606 2129 677 2173 20.)
693 2142 702 2162 .·
737 2128 870 2162 «Cum
901 2128 1048 2162 dixeris:
1072 2127 1227 2161 Maledic
1251 2128 1294 2169 ei,
1325 2136 1359 2162 et
1388 2128 1539 2162 domum
1567 2135 1698 2169 everte,
1725 2135 1760 2161 et

193 2184 317 2218 omnia
338 2183 453 2229 perire
475 2182 550 2225 fac,
584 2182 673 2216 nihil
696 2182 737 2215 ab
767 2181 953 2216 homicida
976 2180 1150 2223 differs»;
1179 2192 1264 2226 ergo
1292 2181 1499 2215 maledictio
1524 2189 1576 2215 est
1603 2182 1758 2226 gravior,

193 2249 302 2283 quam
325 2236 512 2270 detractio.

268 2301 296 2336 3.
320 2289 556 2323 PRAETEREA.
575 2288 696 2322 Causa
710 2288 935 2334 praeeminet
957 2287 1079 2333 signo:
1100 2288 1160 2322 sed
1177 2287 1236 2321 ille
1253 2287 1312 2333 qui
1330 2287 1525 2329 maledicit,
1545 2295 1669 2321 causat
1687 2298 1759 2320 ma-

194 2343 270 2377 lum
293 2353 357 2376 suo
381 2341 554 2387 imperio:
582 2341 642 2375 ille
666 2349 785 2374 autem
809 2341 870 2386 qui
899 2341 1064 2382 detrahit,
1087 2340 1206 2375 solum
1229 2341 1409 2386 significat
1438 2340 1576 2374 malum
1597 2341 1671 2386 jam
1690 2341 1758 2374 exi-

195 2406 310 2438 stens,
338 2396 481 2442 gravius
505 2407 591 2441 ergo
614 2404 739 2441 peccat
759 2394 968 2436 maledicus,
991 2406 1099 2440 quam
1123 2396 1314 2429 detractor.

265 2449 339 2484 SED
365 2460 519 2483 CONTRA
542 2457 606 2490 est,
630 2448 725 2494 quod
749 2448 923 2481 detractio
943 2459 1015 2481 non
1036 2457 1153 2494 potest
1174 2448 1264 2482 bene
1287 2448 1382 2482 fieri:
1406 2448 1614 2482 maledictio
1638 2455 1758 2481 autem

197 2503 234 2537 sit
255 2503 357 2544 bene,
381 2510 414 2536 et
437 2501 543 2543 male,
575 2510 612 2535 ut
634 2513 675 2535 ex
698 2501 800 2535 dictis
822 2509 919 2546 patet
945 2502 1025 2546 (nrt.
1048 2515 1074 2536 1.
1098 2502 1166 2547 lmj.
1186 2503 1257 2548 q.),·
1281 2513 1368 2548 ergo
1396 2501 1543 2547 gravior
1570 2509 1623 2535 est
1644 2501 1759 2535 detra-

197 2558 280 2597 ctio,
303 2567 413 2601 quam
437 2554 656 2589 maledictio.

265 2609 494 2643 Rnspoxmo
518 2608 724 2649 dicendum,
746 2607 854 2653 quod,
877 2607 968 2641 sicut
990 2608 1025 2640 in
1048 2608 1165 2653 primo
1193 2607 1356 2641 habitum
1379 2615 1432 2641 est
1455 2607 1499 2652 (q.
1519 2608 1574 2651 48.
1597 2612 1662 2641 art.
1686 2607 1758 2651 un.)

194 2663 310 2709 dupla·
329 2671 380 2696 est
403 2662 560 2703 malum,
584 2661 739 2695 scilicet:
762 2661 887 2706 culpata,
908 2669 941 2694 et
960 2668 1104 2707 ,βω-ηιμ·
1130 2661 1267 2694 malum
1290 2669 1411 2694 autem
1434 2660 1559 2706 culpae
1581 2661 1681 2706 pejus
1697 2667 1759 2701 est,

195 2724 232 2750 ut
252 2716 386 2749 ibidem
409 2724 595 2749 ostensum
617 2723 669 2748 est
693 2714 772 2758 (art.
797 2714 869 2758 6.);
895 2715 987 2747 unde
1004 2714 1121 2748 dicere
1138 2714 1275 2747 malum
1296 2714 1422 2759 culpae
1445 2715 1545 2760 pejus
1567 2720 1630 2754 est,
1651 2724 1760 2759 quarn

194 2770 312 2803 dicere
336 2768 473 2802 malum
496 2780 647 2814 poenae,
670 2767 871 2801 dummodo
887 2767 931 2801 sit
945 2767 1040 2801 idem
1064 2768 1194 2801 modus
1209 2767 1373 2809 dicendi,
1394 2767 1437 2801 ad
1453 2765 1759 2801 contumeliosum

195 2834 294 2867 ergo,
310 2831 343 2856 et
360 2834 602 2863 susurronem,
619 2830 654 2855 et
669 2821 922 2861 detractorem,
938 2828 972 2854 ct
987 2821 1095 2854 etiam
1112 2820 1309 2854 derisorem
1323 2820 1476 2865 pertinet
1490 2820 1607 2853 dicere
1623 2818 1759 2853 malum

196 2876 344 2922 culpae:
368 2876 428 2909 sed
453 2876 494 2909 ad
518 2875 808 2916 maledicentem,
830 2882 937 2920 prout
958 2885 1052 2907 nunc
1075 2873 1270 2919 loquimur,
1298 2873 1450 2919 pertinet
1476 2874 1594 2907 dicere
1622 2871 1759 2906 malum
