1859 3122
196 184 279 238 482
631 195 851 230 QUAESTIO
886 196 983 225 LXV.
1017 196 1261 226 ARTICULUS
1295 196 1321 224 I.

266 277 496 311 Respoxmzo
519 276 723 318 dicendum,
747 277 843 323 quod
867 289 950 311 cum
973 277 1179 310 membrum
1201 276 1347 322 aliquod
1381 277 1426 311 sit
1458 288 1539 323 pars
1559 277 1669 312 totius
1696 277 1762 312 hu·

196 331 292 365 mani
315 331 488 375 corporis,
513 338 565 364 est
578 338 724 376 propter
738 338 875 372 totum;
890 330 982 364 sicut
996 329 1249 375 imperfectum
1263 337 1409 376 propter
1429 330 1647 376 perfectum3
1662 331 1759 366 unde

195 383 461 429 disponendum
484 391 536 417 est
557 384 599 417 de
622 383 788 417 membro
810 383 962 417 humani
984 383 1157 429 corporis,
1176 383 1376 417 secundum
1392 383 1488 429 quod
1511 383 1652 429 expedit
1672 384 1757 418 toti:

195 437 400 471 membrum
417 445 538 470 autem
553 437 704 470 humani
719 437 881 482 corporis
896 448 959 482 per
973 448 1010 470 se
1027 437 1174 482 quidem
1188 436 1274 470 utile
1286 444 1339 470 est
1353 437 1396 471 ad
1411 437 1547 471 bonum
1563 437 1672 472 totius
1687 449 1761 472 cor-

194 490 306 535 poris:
330 501 393 535 per
416 490 582 523 accidens
603 498 726 524 tamen
752 498 870 536 potest
892 490 1114 535 contingere,
1141 490 1237 535 quod
1267 490 1312 523 sit
1337 490 1528 532 nocivum3
1559 498 1644 536 puta
1677 502 1760 524 curn

195 543 400 577 membrum
415 543 596 588 putridum
612 551 665 577 est
678 543 787 577 totius
802 543 964 588 corporis
979 543 1244 588 corruptivum;
1260 542 1289 576 si
1303 554 1390 588 ergo
1406 543 1610 577 membrum
1632 554 1760 577 sanum

195 595 309 637 fuerit,
333 605 366 630 et
387 596 422 629 in
445 607 507 629 sua
530 595 684 629 naturali
705 596 940 641 dispositione
963 596 1175 637 consistens,
1190 607 1263 629 non
1278 603 1397 641 potest
1411 596 1611 641 praescindi
1626 596 1759 642 absque

193 649 302 683 totius
327 649 488 694 corporis
511 649 746 683 detrimento:
771 649 832 683 sed
854 650 936 695 quia
959 649 1034 694 ipse
1056 657 1152 683 totus
1174 649 1288 682 homo
1311 649 1495 683 ordinatur
1518 657 1555 683 ut
1576 649 1619 683 ad
1634 649 1759 691 finem,

197 703 239 735 ad
260 710 376 736 totam
400 702 713 743 communitatem,
738 703 837 747 cujus
860 710 913 736 est
934 714 1026 747 pars,
1050 710 1087 736 ut
1108 713 1214 748 supra
1245 702 1381 736 dictum
1413 710 1466 736 est
1493 702 1537 748 (q.
1561 702 1612 737 61.
1640 707 1703 737 art.
1731 715 1758 737 1.

194 760 222 789 ct
249 767 278 800 q.
300 763 414 802 pmice.
436 761 500 789 art.
517 767 548 790 2.
563 755 660 801 εἰς),
677 763 795 801 potest
817 756 1040 801 contingere,
1063 755 1160 801 quod
1183 755 1354 789 abscissio
1378 755 1532 789 membri
1554 756 1619 790 etsi
1633 763 1758 801 vergat

194 809 230 841 in
252 809 508 842 detrimentum
531 810 639 842 totius
663 809 835 854 corporis,
859 809 1043 842 ordinetur
1063 816 1186 842 tamen
1221 808 1264 841 ad
1298 808 1435 842 bonum
1470 809 1756 850 communitatis,

195 861 408 907 inquantum
431 861 538 895 alicui
560 861 709 895 infertur
730 862 766 895 in
788 873 945 906 poenam
973 862 1016 895 ad
1043 861 1307 895 cohibitionem
1333 869 1588 906 peccatorum3
1616 869 1651 895 et
1676 861 1758 895 ideo

195 915 287 948 sicut
309 927 372 960 per
394 914 576 960 publicam
598 922 813 960 potestatem
843 915 969 960 aliquis
1002 914 1098 948 licite
1133 914 1290 960 privatur
1324 914 1484 948 totaliter
1515 915 1587 948 vita
1614 923 1759 960 propter

195 968 331 1014 aliquas
354 969 509 1013 majores
534 968 675 1014 culpas:
698 968 746 1002 ita
769 968 878 1002 etiam
900 968 1058 1014 privatur
1092 967 1257 1001 membro
1291 975 1437 1013 propter
1471 966 1607 1013 aliquas
1635 967 1758 1013 culpas

196 1022 372 1055 minores:
396 1022 466 1055 hoc
491 1030 611 1055 autem
633 1033 708 1055 non
731 1029 783 1055 est
804 1021 944 1054 licitum
967 1020 1075 1054 alicui
1093 1021 1252 1066 privatae
1275 1032 1452 1065 personae
1475 1020 1584 1054 etiam
1609 1020 1755 1054 vole‘nte

195 1074 269 1116 illo,
293 1076 392 1120 cujus
415 1083 466 1108 est
488 1075 711 1108 membrum:
747 1075 828 1120 quia
863 1086 925 1119 per
958 1074 1028 1108 hoc
1063 1073 1101 1108 fit
1133 1074 1262 1119 injuria
1295 1073 1560 1115 communitati,
1583 1074 1683 1118 cujus
1707 1081 1758 1107 est

195 1128 270 1174 ipse
291 1128 418 1170 homo,
441 1136 476 1161 et
497 1139 624 1162 omnes
647 1135 764 1173 partes
787 1129 879 1172 ejus:
903 1127 932 1161 si
953 1138 1040 1161 vero
1068 1127 1273 1160 membrum
1295 1135 1439 1173 propter
1460 1126 1687 1172 putredinem
1714 1126 1756 1160 sit

192 1182 302 1215 totius
325 1181 486 1227 corporis
509 1181 768 1227 corruptivum,
790 1188 874 1214 tunc
898 1180 1037 1214 licitum
1065 1188 1117 1214 est
1151 1180 1193 1214 de
1227 1179 1413 1214 voluntate
1448 1181 1534 1225 ejus,
1571 1180 1671 1224 cujus
1703 1187 1758 1214 est

193 1235 410 1275 membrum,
426 1235 607 1280 putridum
630 1234 836 1267 membrum
858 1233 1108 1279 praescindere
1124 1241 1268 1278 propter
1283 1232 1436 1266 salutem
1450 1233 1559 1267 totius
1575 1232 1757 1278 corporis:

193 1289 276 1333 quia
298 1288 490 1333 unicuique
514 1288 710 1321 commissa
733 1295 785 1321 est
807 1298 890 1320 cura
913 1287 1078 1332 propriae
1101 1286 1242 1320 salutis:
1279 1294 1313 1320 et
1346 1286 1473 1320 eadem
1509 1286 1599 1319 ratio
1636 1294 1700 1328 est,
1728 1286 1757 1319 si

193 1340 252 1374 fiat
275 1340 458 1374 voluntate
483 1341 569 1385 ejus,
593 1340 635 1374 ad
658 1351 766 1385 quem
788 1340 941 1386 pertinet
963 1351 1086 1373 curare
1109 1339 1152 1373 de
1174 1339 1287 1373 salute
1310 1340 1396 1384 ejus,
1424 1340 1482 1385 qui
1509 1339 1617 1372 habet
1646 1350 1758 1372 mem-

192 1393 296 1427 brum
320 1393 585 1439 corruptivum:
610 1392 711 1426 aliter
733 1401 855 1426 autem
878 1392 1035 1438 aliquem
1062 1392 1227 1425 membro
1262 1391 1429 1425 mutilare
1463 1400 1515 1426 est
1541 1392 1692 1425 omnino
1720 1392 1758 1425 il-

192 1446 342 1480 licitum.

264 1501 323 1534 AD
345 1511 494 1534 PRIMUM
517 1510 603 1545 ergo
626 1499 832 1540 dicendum,
855 1498 951 1544 quod
973 1497 1064 1532 nihil
1085 1497 1263 1544 prohibet,
1284 1498 1319 1531 id
1342 1497 1439 1543 quod
1461 1505 1514 1531 est
1536 1504 1664 1531 contra
1678 1509 1756 1543 par-

192 1553 378 1588 ticularem
403 1563 580 1594 naturam,
603 1563 680 1586 esse
703 1552 903 1586 secundum
924 1559 1091 1585 naturam
1114 1550 1372 1585 universalem:
1395 1551 1489 1585 sicut
1503 1562 1612 1593 mors,
1635 1559 1670 1585 et
1682 1562 1758 1585 cor-

192 1608 309 1652 ruptio
332 1607 366 1640 in
389 1607 494 1641 rebus
517 1605 737 1640 naturalibus
759 1613 811 1639 est
834 1613 958 1639 contra
981 1605 1235 1650 particularem
1257 1613 1423 1638 naturam
1446 1606 1532 1650 ejus,
1557 1605 1654 1651 quod
1682 1616 1757 1639 cor-

184 1661 378 1706 rumpitur,
399 1672 481 1694 cum
496 1667 618 1693 tamen
634 1660 677 1693 sit
691 1659 889 1693 secundum
905 1667 1070 1693 naturam
1085 1658 1344 1692 universalem:
1362 1667 1395 1692 et
1410 1658 1574 1692 similiter
1588 1659 1754 1692 mutilare

193 1713 350 1760 aliquem
372 1713 550 1754 membro,
573 1713 638 1746 etsi
660 1713 704 1746 sit
726 1721 851 1746 contra
874 1721 1039 1746 naturam
1064 1711 1317 1757 particularem
1337 1712 1502 1757 corporis
1517 1713 1592 1757 ejus
1607 1712 1668 1758 qui
1681 1723 1756 1745 mu-

191 1767 322 1809 tilatur,
345 1775 397 1801 est
417 1775 540 1800 tamen
563 1766 761 1800 secundum
784 1765 986 1799 naturalem
1008 1766 1187 1799 rationem
1209 1765 1245 1798 in
1261 1765 1538 1810 comparatione
1555 1765 1598 1798 ad
1616 1766 1753 1799 bonum

192 1832 399 1855 commune.

263 1875 322 1908 AD
342 1884 547 1908 SECUNDUM
563 1872 768 1914 dicendum,
790 1873 887 1918 quod
910 1872 1019 1906 totius
1041 1872 1200 1906 hominis
1221 1871 1293 1905 vita
1314 1883 1389 1905 non
1412 1872 1605 1906 ordinatur
1627 1871 1669 1905 ad
1697 1871 1756 1905 ali-

191 1927 274 1972 quid
297 1927 482 1973 proprium
504 1926 613 1972 ipsius
635 1926 816 1967 hominis;
838 1925 900 1960 sed
924 1926 967 1959 ad
990 1926 1105 1971 ipsam
1127 1925 1246 1970 potius
1268 1925 1403 1966 omnia,
1424 1937 1516 1971 quae
1535 1933 1619 1959 sunt
1639 1925 1754 1959 homi-

191 1981 257 2021 nis,
272 1980 500 2021 ordinantur3
524 1987 557 2013 et
575 1979 655 2012 ideo
673 1979 812 2025 privare
829 1979 984 2024 aliquem
1002 1979 1073 2012 vita
1088 1978 1123 2011 in
1137 1977 1237 2011 nullo
1254 1989 1338 2011 casu
1355 1978 1508 2023 pertinet
1523 1978 1565 2012 ad
1582 1978 1752 2024 aliquem,

192 2033 259 2067 nisi
281 2033 323 2066 ad
346 2033 527 2078 publicam
549 2040 777 2077 potestatem,
801 2032 857 2066 cui
872 2031 1111 2066 committitur
1124 2031 1329 2077 procuratio
1344 2031 1429 2065 boni
1446 2032 1670 2065 communis:
1690 2032 1750 2066 sed

191 2087 366 2132 praecisio
390 2086 543 2119 membri
569 2093 687 2131 potest
713 2085 869 2119 ordinari
896 2085 939 2118 ad
967 2084 1150 2130 propriam
1177 2083 1331 2118 salutem
1364 2085 1469 2118 unius
1508 2085 1687 2127 hominis;
1718 2094 1752 2119 et

191 2140 271 2173 ideo
294 2140 329 2172 in
351 2139 472 2184 aliquo
497 2150 580 2172 casu
604 2147 721 2184 potest
743 2139 785 2171 ad
808 2139 928 2183 ipsum
951 2138 1138 2183 pertinere.

261 2193 320 2226 AD
349 2203 519 2226 TERTIUM
546 2192 752 2233 dicendum,
768 2191 864 2237 quod
881 2191 1085 2224 membrum
1100 2201 1173 2224 non
1194 2198 1246 2224 est
1265 2191 1590 2236 praescindendum
1606 2199 1751 2237 propter

193 2245 421 2291 corporalem
444 2245 596 2278 salutem
620 2245 740 2285 totius,
763 2244 831 2277 nisi
853 2244 997 2290 quando
1021 2243 1122 2277 aliter
1143 2244 1208 2277 toti
1231 2244 1412 2278 subveniri
1432 2255 1506 2278 non
1533 2253 1666 2289 potest:
1695 2255 1749 2278 sa-

192 2299 255 2332 luti
277 2307 397 2332 autem
420 2297 594 2343 spirituali
616 2309 757 2343 semper
779 2305 896 2343 potest
919 2297 1020 2330 aliter
1041 2297 1234 2339 subveniri,
1257 2309 1365 2343 quam
1389 2309 1450 2343 per
1472 2298 1626 2332 membri
1653 2308 1750 2344 prae·

192 2352 386 2394 cisionem;
410 2352 491 2397 quia
514 2359 703 2397 peccatum
726 2351 886 2395 subjacet
906 2350 1102 2392 voluntati,
1126 2359 1159 2384 et
1173 2350 1254 2384 ideo
1270 2351 1305 2384 in
1321 2350 1421 2385 nullo
1438 2362 1522 2385 casu
1536 2351 1620 2385 licet
1638 2362 1750 2385 mem-

191 2406 294 2438 brum
317 2404 566 2450 praescindere
589 2412 733 2449 propter
755 2403 1009 2449 quodcumque
1032 2411 1222 2449 peccatum
1250 2404 1452 2446 vitandum3
1475 2405 1568 2439 unde
1592 2404 1749 2450 Chryso-

190 2467 329 2492 stomus
353 2459 454 2502 (imm.
479 2459 543 2503 63.)
569 2468 751 2502 exponens
773 2456 860 2490 illud
883 2457 1009 2490 Matth.
1038 2468 1104 2501 19*
1128 2457 1209 2491 San!
1231 2458 1380 2499 incumbi,
1409 2459 1464 2503 qui
1489 2459 1606 2504 seipsos
1628 2463 1750 2492 castra-

190 2517 309 2546 verunt
325 2517 462 2558 propter
484 2523 617 2556 regumn
642 2511 816 2551 coelormn,
841 2510 944 2544 dicit:
970 2523 986 2540 ‹<
1006 2510 1090 2543 Non
1112 2521 1174 2555 per
1200 2511 1449 2544 membrorum
1477 2511 1747 2552 abscissionem,

191 2565 252 2598 scd
276 2565 452 2598 malarum
476 2563 740 2609 cogitationum
768 2563 1097 2608 interemptionem,
1114 2562 1359 2597 maledictioni
1380 2564 1474 2597 enirn
1491 2571 1544 2597 est
1559 2564 1747 2605 obnoxius,

190 2618 249 2663 qui
272 2619 474 2651 membrum
499 2616 684 2658 abscindit,
707 2616 840 2650 etenim
868 2616 1074 2649 homicidae
1096 2624 1188 2658 sunt,
1211 2617 1269 2661 qui
1291 2616 1375 2650 talia
1398 2624 1632 2662 praesumunt
1649 2629 1686 2658 >›;
1714 2625 1748 2650 et

190 2678 314 2716 postea
343 2671 478 2704 subdit:
511 2683 527 2701 ‹<
552 2670 677 2714 Neque
713 2668 1005 2714 concupiscentia
1037 2669 1260 2703 mansuetior
1293 2669 1341 2703 ita
1372 2669 1420 2710 sit,
1448 2669 1509 2704 sed
1539 2669 1745 2704 molestior:

191 2723 332 2756 aliunde
356 2725 451 2756 enim
474 2723 582 2757 habet
604 2721 719 2756 fontes
741 2733 896 2767 sperma,
916 2722 1010 2767 quod
1034 2722 1068 2755 in
1092 2722 1195 2755 nobis
1219 2729 1290 2763 est;
1313 2730 1348 2756 et
1369 2723 1559 2768 praecipue
1580 2733 1599 2756 a
1620 2733 1749 2768 propo-

190 2777 256 2809 sito
281 2776 529 2817 incontinenti,
552 2784 585 2809 et
607 2782 726 2809 mente
749 2774 972 2819 negligente:
997 2785 1061 2807 nec
1085 2774 1132 2807 ita
1161 2774 1330 2809 abscissio
1359 2775 1512 2808 membri
1539 2775 1747 2821 comprimit

189 2830 416 2870 tentationes,
439 2838 477 2863 ut
500 2828 729 2873 cogitationis
752 2827 915 2861 fraenum
935 2841 966 2860 n.
