1859 3122
161 168 242 211 124
600 168 817 202 QUAESTIO
849 169 935 197 XIV.
971 168 1213 198 ARTICULUS
1246 168 1290 197 II.

156 257 190 283 et
211 249 247 282 in
268 248 327 282 lib.
350 248 392 282 de
409 248 528 282 Unico
549 248 650 294 Bapt.
669 249 744 293 (lib.
767 249 799 284 6.
821 249 858 284 de
878 250 1002 296 Raptis.
1024 254 1107 283 cont.
1129 250 1300 284 Donatist.
1323 256 1396 295 cap.
1413 249 1477 295 35.)
1499 249 1595 291 dicit,
1617 249 1715 295 quod

156 303 216 347 qui
237 302 425 336 veritatem
448 302 659 344 contemnit,
686 310 746 336 aut
773 303 866 337 circa
887 302 1011 337 fratres
1034 302 1214 347 malignus
1237 310 1300 347 est,
1323 303 1449 348 quibus
1467 303 1597 337 veritas
1618 313 1716 337 reve—

155 355 258 396 latur,
282 363 341 389 aut
363 355 457 388 circa
477 355 599 388 Deum
620 355 792 401 ingratus,
816 357 915 401 cujus
937 356 1169 402 inspiratione
1191 355 1354 389 Ecclesia
1379 355 1581 398 instruitur;
1609 362 1643 390 et
1663 355 1713 390 sic

157 408 308 449 videtur,
331 407 427 453 quod
450 416 577 453 peccet
598 408 634 441 in
657 408 831 453 Spiritum
854 409 1039 442 Sanctum.

226 460 454 495 RESPONDEO
477 461 682 503 dicendum,
705 462 801 507 quod
823 462 1023 495 secundum
1045 462 1141 508 quod
1162 469 1354 508 peccatum
1375 461 1412 494 in
1435 461 1609 507 Spiritum
1627 461 1715 495 San-

157 521 255 548 ctum
276 515 382 547 tertio
404 513 516 547 modo
537 514 721 560 accipitur,
745 515 1003 549 convenienter
1024 515 1227 561 praedictae
1255 514 1392 560 species
1415 514 1448 548 ei
1475 514 1712 560 assignantur.

157 566 262 607 Quae
279 566 545 612 distinguuntur
559 567 758 601 secundum
774 568 1029 609 remotionem,
1047 568 1105 602 vel
1124 576 1374 613 contemptum
1389 578 1527 609 eorum,
1542 579 1606 614 per
1623 578 1715 614 quae

155 627 274 666 potest
293 620 408 653 homo
432 620 473 653 ab
497 620 673 654 electione
700 621 841 666 peccati
865 621 1049 667 impediri:
1077 632 1168 667 quae
1195 621 1341 667 quidem
1367 628 1449 654 sunt
1473 621 1526 655 vel
1546 631 1589 654 ex
1614 627 1714 666 parte

156 673 267 707 divini
299 673 433 718 judicii,
461 673 513 707 vel
541 684 582 707 ex
608 682 708 719 parte
737 674 918 707 donorum
946 674 1067 720 ipsius,
1094 675 1145 708 vel
1172 675 1280 708 etiam
1309 685 1351 708 ex
1374 681 1474 719 parte
1501 673 1610 719 ipsius
1638 684 1717 719 pec-

157 726 245 760 cati:
282 728 452 760 avertitur
485 727 581 760 enim
615 727 730 760 homo
767 727 808 760 ab
840 727 1017 761 electione
1046 728 1186 773 peccati
1219 739 1259 761 ex
1293 727 1580 762 consideratione
1607 727 1717 761 divini

155 779 278 825 judicii
312 779 425 825 (quod
455 780 563 813 habet
592 780 764 825 justitiam
793 791 876 813 cum
907 781 1183 825 misericordia),
1211 789 1245 814 et
1275 792 1338 826 per
1364 791 1476 826 spem,
1513 792 1604 826 quae
1634 792 1716 814 con-

156 833 268 878 surgit
303 844 344 866 ex
368 833 656 867 consideratione
688 833 958 867 misericordiae
979 833 1192 867 remittentis
1226 841 1387 879 peccata,
1418 841 1452 867 et
1484 833 1716 879 praemiantis

155 886 269 919 bona:
291 894 324 920 et
344 886 434 919 haec
450 885 586 919 tollitur
604 898 667 931 per
681 886 937 932 desperationem
952 900 961 921 :
977 887 1155 920 etiterum
1173 898 1236 932 per
1254 887 1436 928 timorem,
1452 887 1512 932 qui
1531 886 1717 932 consurgit

157 950 199 973 ex
221 939 510 973 consideratione
533 939 675 973 divinae
693 940 848 985 justitiae
867 939 1045 985 punientis
1064 947 1230 986 peccata:
1254 947 1288 973 et
1308 939 1366 973 hic
1388 939 1526 973 tollitur
1546 950 1610 985 per
1620 946 1717 985 prae-

155 993 396 1038 snnzptionem,·
426 993 511 1026 dum
539 992 677 1026 scilicet
710 993 837 1039 aliquis
870 993 1067 1038 praesumit
1097 1004 1134 1026 se
1156 992 1311 1038 gloriam
1337 1003 1442 1038 posse
1466 992 1615 1038 adipisci
1640 993 1716 1026 sine

156 1045 305 1087 meritis,
327 1045 386 1079 vel
414 1046 558 1079 veniam
593 1047 667 1079 sine
690 1046 927 1092 poenitentia:
952 1046 1046 1080 dona
1069 1054 1188 1079 autem
1210 1046 1291 1087 Dei,
1322 1045 1449 1091 quibus
1479 1046 1670 1079 retrahitur
1697 1057 1717 1080 a

156 1106 318 1145 peccato,
341 1107 423 1132 sunt
448 1099 531 1133 dito:
555 1110 709 1144 quorum
732 1112 834 1133 nnnni
857 1107 910 1133 est
937 1099 1072 1144 agnitio
1099 1099 1269 1140 veritatis,
1297 1106 1423 1132 contra
1449 1098 1546 1144 quod
1571 1098 1717 1144 ponitur

156 1153 363 1197 impugnatio
381 1153 533 1186 veritatis
554 1153 706 1197 agnitam
728 1152 814 1185 dum
841 1152 979 1186 scilicet
1001 1152 1127 1198 aliquis
1154 1152 1341 1185 veritatem
1364 1151 1447 1185 fidei
1473 1152 1633 1197 agnitam
1654 1151 1719 1185 im—

156 1213 303 1250 pugnat,
326 1213 363 1238 ut
381 1204 546 1238 licentius
568 1213 714 1251 peccet:
734 1205 827 1239 alind
849 1214 901 1239 est
924 1205 1096 1239 auxilium
1114 1205 1294 1239 interioris
1309 1205 1456 1250 gratiae,
1477 1213 1601 1238 contra
1620 1205 1716 1250 quod

156 1259 302 1304 ponitur
333 1259 515 1293 invidentia
542 1260 713 1304 fraternae
737 1261 884 1305 gratiae;
914 1260 999 1293 dum
1019 1259 1156 1293 scilicet
1183 1259 1309 1304 aliquis
1335 1270 1409 1292 non
1436 1258 1556 1292 solum
1581 1259 1718 1292 invidet

157 1323 331 1358 personae
353 1312 480 1354 fratris,
500 1313 562 1346 sed
585 1313 694 1346 etiam
712 1313 848 1347 invidet
869 1313 1004 1358 gratiae
1022 1313 1092 1346 Dei
1111 1312 1286 1346 crescenti
1304 1312 1341 1345 in
1363 1312 1512 1346 mundo.
1539 1311 1590 1345 Ex
1617 1319 1716 1357 parte

156 1377 242 1399 vero
265 1365 405 1411 peccati
426 1365 488 1399 dno
510 1374 603 1407 sunt,
626 1377 717 1411 quae
738 1366 928 1400 hominem
951 1377 970 1399 a
990 1373 1141 1412 peccato
1169 1366 1350 1399 retrahere
1372 1373 1538 1410 possunt:
1562 1375 1716 1410 quorum

157 1431 259 1452 zmnm
281 1426 333 1452 est
350 1419 581 1460 inordinatio,
605 1427 639 1453 et
660 1419 842 1464 turpitudo
868 1427 978 1460 actus,
1002 1420 1101 1463 cujus
1121 1418 1361 1452 consideratio
1384 1418 1555 1452 inducere
1576 1417 1669 1451 solet
1680 1417 1717 1450 in

156 1471 307 1505 homine
329 1472 589 1517 poenitentiam
611 1471 654 1505 de
676 1480 827 1517 peccato
851 1472 1068 1505 commisso:
1093 1479 1127 1505 et
1153 1479 1278 1505 contra
1299 1471 1370 1504 hoc
1393 1471 1537 1516 ponitur
1563 1471 1719 1516 impoeni-

158 1526 271 1565 tentia,
291 1536 364 1558 non
379 1525 524 1571 quidem
540 1536 583 1559 eo
603 1525 715 1558 modo
732 1536 804 1570 quo
820 1525 905 1558 dicit
918 1525 1205 1571 permanentiam
1220 1524 1253 1557 in
1270 1532 1420 1570 peccato
1437 1535 1548 1569 usque
1563 1523 1607 1556 ad
1625 1534 1719 1557 mor-

157 1586 242 1619 tem,
258 1579 351 1612 sicut
372 1589 478 1624 supra
493 1578 769 1624 impoenitentia
791 1578 1031 1623 accipiebatur
1054 1578 1120 1622 (sic
1141 1577 1238 1611 enim
1259 1588 1334 1611 non
1356 1585 1449 1611 esset
1470 1576 1625 1623 speciale
1639 1587 1718 1622 pec-

158 1639 290 1673 catum,
313 1632 373 1665 sed
398 1631 577 1677 quaedam
600 1632 740 1677 peccati
759 1631 1063 1675 circumstantia):
1087 1632 1147 1665 sed
1168 1631 1341 1677 accipitur
1354 1631 1413 1664 hic
1434 1630 1718 1676 impoenitentia,

158 1685 358 1719 secundum
380 1685 476 1730 quod
498 1685 671 1731 importat
698 1685 926 1731 propositum
947 1696 1021 1718 non
1048 1685 1266 1730 poenitendi.
1294 1684 1398 1718 Aliud
1419 1692 1540 1718 autem
1567 1691 1619 1717 est
1644 1695 1719 1729 par-

157 1738 259 1779 vitas,
282 1746 316 1771 et
336 1738 491 1772 brevitas
513 1738 610 1779 boni,
634 1738 729 1784 quod
753 1739 830 1783 quis
846 1738 880 1771 in
901 1745 1052 1784 peccato
1075 1738 1214 1783 quaerit
1228 1737 1430 1771 secundum
1443 1736 1531 1770 illud
1553 1737 1661 1770 Rom.
1677 1735 1716 1770 6:

159 1792 264 1835 Quem
288 1803 362 1837 ergo
376 1792 528 1837 fructum
551 1792 707 1826 habuistis
729 1797 802 1826 tan(
823 1793 856 1825 in
874 1792 948 1833 illis,
972 1793 1007 1824 in
1029 1793 1144 1837 quilius
1165 1803 1250 1825 nnnc
1265 1792 1476 1825 erubescitis?
1503 1791 1616 1835 Cujus
1636 1801 1718 1824 con-

158 1844 327 1878 sideratio
350 1844 520 1878 inducere
538 1844 631 1878 solet
652 1844 842 1878 hominem
861 1845 904 1878 ad
926 1845 1009 1886 hoc,
1025 1844 1120 1889 quod
1144 1845 1218 1889 ejus
1233 1843 1400 1877 voluntas
1423 1844 1459 1877 in
1478 1851 1629 1889 peccato
1643 1854 1717 1877 non

160 1897 336 1931 firmetur:
360 1905 393 1930 et
414 1897 485 1931 hoc
508 1896 645 1931 tollitur
659 1909 722 1942 per
737 1899 1000 1938 obstinationem,
1024 1897 1167 1942 quando
1188 1896 1325 1930 scilicet
1345 1897 1459 1930 homo
1475 1896 1595 1930 firmat
1612 1907 1718 1930 suum

159 1951 385 1996 propositum
398 1951 432 1983 in
447 1951 531 1992 hoc,
543 1951 639 1996 quod
654 1959 804 1996 peccato
819 1951 1020 1984 inhaereat:
1037 1959 1071 1984 et
1082 1951 1124 1984 de
1139 1950 1194 1983 liis
1206 1950 1344 1983 duobus
1356 1950 1484 1983 dicitur
1498 1949 1716 1983 Hierem.8.:

160 2004 282 2038 Nullus
303 2009 359 2045 est,
383 2005 439 2049 qni
461 2009 537 2048 agat
556 2005 792 2050 poenitentiam
812 2011 908 2050 snper
925 2009 1056 2049 peccato
1076 2016 1145 2044 sno,
1167 2004 1292 2038 dir-ens:
1317 2003 1408 2047 Quid
1423 2003 1492 2049 sesi
1506 2004 1522 2037 ?
1544 2010 1717 2048 quantum

166 2057 208 2090 ad
232 2057 406 2103 primum:
434 2058 554 2091 Omnes
575 2059 725 2091 conversi
745 2062 818 2091 sunt
837 2057 878 2090 ad
893 2069 1035 2098 cursam,
1052 2058 1144 2102 qnasi
1166 2068 1263 2102 equus
1283 2058 1402 2103 imputa
1428 2056 1548 2090 tudens
1569 2055 1610 2090 ad
1624 2062 1720 2101 prae-

162 2110 256 2152 lium,
281 2118 453 2155 quantum
479 2110 520 2143 ad
544 2110 754 2144 secundum.

230 2163 290 2197 AD
312 2173 459 2197 PR1MUM
483 2174 569 2208 ergo
593 2163 797 2204 dicendum,
821 2163 917 2208 quod
944 2171 1134 2208 peccatum
1157 2163 1428 2208 desperationis,
1456 2162 1512 2195 vel
1538 2173 1718 2208 praesum-

160 2216 293 2262 ptionis
315 2227 389 2249 non
409 2216 571 2250 consistit
592 2216 627 2249 in
642 2216 725 2257 hoc,
749 2217 844 2261 quod
860 2216 929 2250 Dei
950 2216 1096 2261 justitia,
1115 2216 1172 2250 vel
1187 2216 1434 2250 misericordia
1449 2222 1526 2249 ‘non
1542 2215 1717 2256 credatur,

159 2269 221 2303 sed
244 2271 279 2302 in
306 2269 377 2302 hoc
401 2269 496 2314 quod
522 2277 784 2302 contemnatur.

234 2322 293 2356 AD
310 2333 516 2356 SECUNDUM
539 2322 744 2364 dicendum,
759 2322 855 2367 quod
871 2322 1077 2363 obstinatio,
1093 2330 1127 2356 ct
1141 2321 1414 2367 impoenitentia
1432 2332 1506 2355 non
1520 2320 1639 2354 solum
1659 2319 1720 2354 dif-

162 2375 280 2410 ferunt
301 2375 501 2409 secundum
524 2375 767 2420 praeteritum,
790 2383 824 2408 et
846 2374 1016 2416 futurum,
1038 2375 1099 2409 sed
1122 2375 1322 2409 secundum
1345 2374 1518 2420 quasdam
1547 2372 1718 2407 formales

162 2429 317 2462 rationes
340 2440 381 2462 ex
404 2428 544 2462 diversa
568 2428 856 2461 consideratione
880 2439 1017 2469 eorum,
1038 2440 1128 2474 quae
1156 2430 1190 2461 in
1213 2436 1362 2474 peccato
1391 2426 1612 2462 considerari
1637 2437 1716 2471 pos-

161 2491 253 2524 sunt,
276 2491 313 2516 ut
332 2482 468 2516 dictum
491 2490 542 2516 est
566 2483 614 2525 (in
637 2489 724 2527 corp.
748 2482 842 2526 art).

233 2536 291 2569 AD
315 2546 485 2570 TERTIUM
501 2535 704 2576 dicendum,
725 2535 819 2580 quod
836 2535 1000 2579 gratiam,
1015 2543 1049 2568 et
1063 2535 1251 2569 veritatem
1267 2535 1432 2569 Christus
1447 2533 1531 2568 fecit
1548 2544 1610 2579 per
1624 2533 1718 2566 dona

163 2589 314 2634 Spiritus
338 2589 472 2630 Sancti,
495 2600 586 2634 quae
613 2588 821 2622 hominibus
845 2588 950 2621 dedit.

234 2643 293 2676 AD
321 2652 507 2681 QUARTUM
530 2642 734 2683 dicendum,
757 2641 853 2687 quod
880 2640 977 2674 nolle
1005 2641 1149 2674 obedire
1173 2641 1325 2686 pertinet
1348 2641 1390 2674 ad
1419 2640 1718 2680 obstinationem3

162 2695 345 2729 simulatio
366 2695 607 2741 poenitentiae
631 2695 673 2728 ad
700 2694 1033 2740 impoenitentiam3
1064 2694 1221 2727 schisma
1253 2694 1295 2727 ad
1318 2693 1554 2727 invidentium
1581 2692 1718 2737 gratiae

165 2747 353 2791 fraternae,
376 2761 438 2794 per
460 2760 568 2794 quam
597 2748 758 2782 membra
781 2747 964 2781 Ecclesiae
984 2747 1164 2780 uniuntur.
