1859 3122
201 163 312 216 1096
596 173 817 208 QUAESTIO
853 173 997 203 CLXIX.
1031 173 1275 203 ARTICULUS
1309 174 1336 203 Ι.

194 267 308 297 suam,
320 255 511 301 quaeinter
522 254 676 288 claustra
692 265 838 287 morum
853 253 1073 288 solemnium
1088 253 1260 296 latitabat,
1272 254 1554 299 flagitiosissima
1570 255 1757 301 eruptione

194 307 440 342 manifestat».
457 307 646 352 Contingit
668 315 788 340 autem
806 307 875 340 ista
892 307 1111 341 inordinatio
1135 306 1282 341 affectus
1302 308 1491 354 tripliciter,
1514 316 1689 354 quantum
1711 309 1755 342 ad

192 360 580 407 superabundantiam:
617 371 680 393 uno
708 360 801 393 modo
828 371 891 406 per
912 360 982 393 hoc
1018 360 1113 406 quod
1141 360 1268 406 aliquis
1300 371 1341 394 ex
1363 361 1544 406 superfluo
1576 360 1672 395 cultu
1699 372 1758 395 ve-

193 414 301 448 stium
317 413 508 446 hominum
531 412 687 458 gloriam
703 413 860 458 quaerit:
885 421 990 458 prout
1011 412 1148 447 scilicet
1167 421 1297 455 vestes,
1317 421 1352 447 et
1374 414 1442 447 alia
1456 414 1667 458 hujusmodi
1680 426 1755 460 per-

189 467 305 501 tinent
328 466 369 499 ad
386 465 580 511 quemdam
592 474 778 507 ornatum;
794 466 887 500 unde
904 465 1103 512 Gregorius
1127 466 1213 500 dicit
1226 466 1261 500 in
1277 467 1434 512 quadam
1448 467 1601 500 homilia
1621 467 1695 511 (40.
1722 469 1757 502 in

192 519 363 564 Evang.):
389 532 407 550 ‹<
430 518 520 552 Sunt
542 518 719 560 nonnulli,
734 520 794 564 qui
809 519 946 553 cultum
968 518 1163 561 subtilium,
1177 519 1488 565 pretiosarumque
1510 521 1665 554 vestium
1679 531 1755 555 non

191 580 317 619 putant
347 583 424 606 esse
446 581 653 617 peccatu1n;
676 573 771 618 quod
793 572 962 606 videlicet
983 572 1011 606 si
1034 572 1139 618 culpa
1157 583 1231 606 non
1254 581 1358 615 esset,
1380 584 1611 618 nequaquam
1633 584 1754 607 sermo

192 626 261 659 Dei
276 634 350 659 tam
364 625 553 671 vigilanter
563 625 788 671 exprimeret,
803 625 900 671 quod
917 625 1026 668 dives,
1039 625 1101 671 qui
1115 626 1348 671 torquebatur
1364 626 1456 672 apud
1471 625 1618 667 inferos,
1633 626 1754 672 bysso,

192 687 226 712 et
247 690 400 724 purpura
423 678 566 712 indutus
588 677 730 712 fuisset:
762 690 871 712 nemo
903 678 1033 725 quippe
1058 679 1274 712 vestimenta
1300 679 1470 725 pretiosa,
1492 678 1629 713 scilicet
1651 690 1754 713 exce-

192 732 312 766 dentia
330 731 514 777 proprium
538 740 681 773 statum,
703 732 771 765 nisi
793 732 835 765 ad
857 731 1003 765 inanem
1025 731 1180 777 gloriam
1203 733 1341 778 quaerit
1355 745 1392 767 »z
1415 732 1481 766 alio
1500 732 1608 774 modo,
1630 743 1756 766 secun-

192 786 278 818 dum
301 785 396 830 quod
418 785 533 818 homo
555 796 618 830 per
639 784 860 830 superfluum
883 784 1020 818 cultum
1040 785 1197 819 vestium
1215 787 1353 831 quaerit
1375 785 1535 828 delicias,
1554 784 1753 819 secundum

191 838 287 884 quod
310 839 416 872 vestis
439 839 623 872 ordinatur
645 838 688 872 ad
708 839 869 884 corporis
890 838 1112 872 fomentum:
1136 839 1243 880 tertio,
1265 839 1465 872 secundum
1485 839 1581 884 quod
1602 837 1754 872 nimia'm

191 891 459 926 solicitudinem
482 893 629 938 apponit
651 892 694 925 ad
717 892 932 926 exteriorem
953 891 1109 925 vestium
1131 891 1286 933 cultum3
1310 893 1449 926 etiarnsi
1471 903 1546 926 non
1567 892 1613 926 sit
1634 891 1753 937 aliqua

190 945 408 979 inordinatio
443 957 484 979 ex
519 953 618 991 parte
652 945 749 987 finis;
785 953 818 979 et
851 945 1051 979 secundum
1080 945 1152 978 hoc
1188 944 1419 979 Andronicus
1451 945 1552 990 ponit
1590 950 1651 979 tres
1687 946 1754 978 vir-

189 1006 283 1032 tutes
306 999 400 1032 circa
424 1001 638 1032 exteriorem
662 998 817 1033 cultum:
852 997 1009 1032 scilicet:
1032 998 1263 1039 humilitatem,
1293 1009 1384 1044 quae
1407 998 1564 1032 excludit
1591 998 1756 1032 intentio-

189 1063 275 1085 nem
297 1051 455 1097 gloriae,
476 1052 568 1085 unde
591 1052 688 1093 dicit,
711 1052 806 1097 quod
829 1051 1012 1085 humilitas
1048 1059 1100 1085 est
1125 1051 1266 1085 habitus
1294 1062 1369 1085 non
1397 1051 1691 1097 superabundans
1717 1051 1754 1085 in

190 1105 401 1150 sumptibus,
422 1113 455 1139 et
477 1105 829 1151 praeparationibus,
853 1113 886 1138 et
907 1116 970 1150 per
999 1115 1035 1138 se
1058 1103 1323 1146 sufficientiam,
1347 1115 1438 1150 quae
1467 1104 1622 1138 excludit
1642 1105 1755 1138 inten-

188 1159 328 1192 tionem
346 1158 574 1193 deliciarum:
598 1159 691 1192 unde
711 1159 806 1199 dicit,
829 1158 924 1203 quod
944 1168 1006 1203 per
1028 1168 1065 1191 se
1087 1156 1300 1192 sufficientia
1323 1166 1376 1192 est
1396 1157 1539 1191 habitus
1561 1165 1752 1192 contentus

189 1212 316 1258 quibus
333 1220 486 1258 oportet,
509 1220 543 1245 et
561 1211 835 1245 determinativa
851 1222 977 1245 eorum
993 1222 1084 1256 quae
1104 1211 1147 1244 ad
1165 1211 1286 1244 vivere
1302 1211 1534 1252 conveniunt,
1552 1211 1752 1245 secundum

187 1264 276 1298 illud
298 1265 426 1310 Apost.
454 1275 480 1298 1.
505 1265 547 1298 ad
571 1264 734 1298 Timoth.
755 1264 836 1298 ult.:
859 1265 1025 1298 Habentes
1050 1264 1220 1306 alimenta,
1242 1265 1405 1309 atquibus
1427 1269 1588 1309 tegamur,
1612 1265 1659 1298 his
1680 1276 1755 1299 con-

188 1319 266 1352 tenti
286 1319 406 1358 simus;
431 1326 466 1352 et
485 1318 738 1363 simplicitatem,
768 1328 858 1362 quae
882 1316 1040 1351 excludit
1065 1316 1284 1362 superfluam
1311 1317 1580 1351 solicitudinem
1606 1317 1753 1360 talium;

188 1371 282 1405 unde
305 1371 400 1412 dicit,
424 1371 519 1416 quod
543 1370 755 1416 simplicitas
786 1378 838 1404 est
863 1370 1006 1403 habitus
1034 1377 1224 1403 contentus
1246 1370 1302 1403 his
1326 1381 1417 1415 quae
1445 1370 1670 1416 contingunt.
1698 1370 1750 1405 Ex

187 1432 287 1470 parte
310 1432 431 1457 autem
454 1423 611 1458 defectus
634 1424 798 1457 similiter
827 1431 944 1468 potest
971 1434 1049 1456 esse
1070 1422 1192 1469 duplex
1221 1423 1440 1457 inordinatio
1468 1435 1531 1468 per
1559 1423 1749 1466 affectum3

187 1489 252 1512 uno
275 1477 420 1523 quidem
443 1477 537 1511 modo
560 1488 602 1510 ex
616 1476 836 1522 negligentia
858 1475 1030 1517 hominis,
1053 1475 1113 1521 qui
1134 1487 1208 1510 non
1223 1476 1369 1509 adhibet
1391 1477 1560 1517 studium,
1575 1477 1632 1510 vel
1653 1476 1750 1511 labo-

186 1542 264 1564 rem
287 1531 330 1564 ad
349 1531 419 1564 hoc
436 1531 531 1576 quod
548 1530 714 1565 exteriori
730 1530 827 1564 cultu
843 1538 971 1571 utatur,
990 1529 1191 1563 secundum
1210 1530 1306 1575 quod
1322 1537 1484 1575 oportet;
1500 1530 1594 1563 unde
1613 1530 1750 1564 Philos.

187 1584 273 1618 dicit
293 1584 329 1617 in
354 1595 384 1628 7.
407 1584 522 1619 Ethic.
547 1583 634 1630 (cap.
662 1584 721 1629 7.)‚
749 1583 845 1629 quod
873 1584 916 1617 ad
939 1582 1133 1617 mollitiem
1163 1583 1328 1628 pertinet,
1357 1583 1453 1629 quod
1484 1582 1610 1628 aliquis
1631 1583 1751 1618 trahat

185 1637 442 1671 vestimentum
464 1648 526 1683 per
546 1645 691 1678 terram,
725 1645 763 1670 ut
783 1647 858 1670 non
879 1636 1018 1670 laboret
1058 1635 1234 1670 elevando
1260 1636 1398 1682 ipsum:
1430 1636 1495 1670 alio
1517 1636 1612 1670 modo
1636 1647 1679 1670 ex
1705 1648 1750 1671 eo

187 1690 284 1736 quod
298 1691 418 1736 ipsum
433 1690 614 1725 defectum
632 1690 816 1724 exterioris
839 1690 953 1724 cultus
976 1690 1019 1723 ad
1035 1689 1190 1735 gloriam
1207 1690 1366 1732 ordinat3
1382 1690 1476 1724 unde
1496 1690 1581 1724 dicit
1595 1690 1749 1736 August.

185 1744 221 1778 in
244 1744 303 1777 lib.
332 1755 363 1778 2.
387 1744 429 1778 de
453 1743 568 1778 Serm.
591 1744 703 1778 Dom.
734 1743 770 1777 in
797 1751 921 1777 monte
946 1743 1033 1790 (cap.
1061 1745 1142 1788 12.),
1173 1754 1281 1777 «non
1308 1744 1344 1777 in
1370 1743 1451 1778 solo
1478 1755 1598 1777 rerum
1626 1755 1754 1790 corpo-

185 1809 329 1832 rearum
357 1798 486 1839 nitore,
507 1806 611 1844 atque
630 1809 776 1843 pompa,
792 1797 853 1831 sed
880 1797 990 1831 etiam
1008 1797 1044 1830 in
1067 1797 1151 1843 ipsis
1170 1797 1335 1831 sordibus
1354 1797 1528 1831 luctuosis
1547 1808 1625 1831 esse
1644 1808 1751 1842 posse

185 1851 408 1897 jactantiam,
437 1859 470 1885 et
493 1863 536 1885 eo
558 1851 870 1897 periculosiorem,
897 1850 994 1896 quod
1017 1850 1080 1884 sub
1108 1851 1256 1885 nomine
1275 1851 1454 1884 servitutis
1476 1851 1545 1884 Dei
1565 1851 1696 1897 decipit
1709 1863 1750 1893 »;

186 1913 220 1938 et
246 1904 383 1938 Philos.
411 1904 497 1938 dicit
523 1906 557 1937 in
584 1914 615 1946 4.
643 1904 758 1938 Ethic.
776 1904 860 1950 (cap.
877 1905 922 1950 7.)
950 1904 1046 1950 quod
1071 1917 1088 1936 «
1105 1904 1443 1950 superabundantia,
1466 1912 1500 1938 et
1525 1903 1751 1939 inordinatus

185 1957 345 1992 defectus
374 1958 417 1992 ad
444 1958 653 2003 jactantiam
681 1958 883 2003 pertinet».

256 2011 315 2045 AD
330 2022 479 2045 PRIMUM
507 2022 593 2057 ergo
621 2011 826 2052 dicendum,
854 2011 950 2056 quod
973 2011 1138 2057 quamvis
1159 2011 1235 2056 ipse
1256 2011 1371 2045 cultus
1394 2011 1547 2045 exterior
1568 2023 1642 2045 non
1667 2012 1712 2046 sit
1730 2023 1749 2045 a

184 2072 330 2106 natura;
357 2073 479 2098 tamen
507 2064 549 2098 ad
571 2064 773 2097 naturalem
792 2064 971 2098 rationem
992 2064 1157 2110 pertinet,
1181 2071 1218 2097 ut
1244 2066 1457 2098 exteriorem
1472 2063 1609 2098 cultum
1627 2064 1751 2099 mode-

184 2125 299 2159 retur3
328 2125 362 2151 et
387 2118 587 2151 secundum
613 2117 685 2151 hoc
713 2118 787 2151 nati
813 2129 936 2151 sumus
958 2117 1052 2151 hanc
1081 2117 1250 2151 virtutem
1272 2118 1465 2163 suscipere,
1488 2129 1578 2163 quae
1601 2118 1751 2152 exterio-

185 2181 262 2204 rem
290 2170 426 2204 cultum
453 2170 672 2204 moderatur.

256 2224 316 2258 AD
339 2234 545 2258 SECUNDUM
572 2224 776 2265 dicendum,
804 2223 899 2269 quod
926 2223 978 2256 illi
1004 2223 1064 2269 qui
1091 2223 1127 2257 in
1147 2223 1378 2269 dignitatibus
1398 2225 1672 2266 constituuntur,
1691 2224 1748 2259 vel

185 2277 293 2311 etiam
320 2277 475 2310 Ministri
502 2276 634 2318 altaris,
661 2277 931 2322 pretiosioribus
958 2277 1116 2311 vestibus
1144 2288 1253 2323 quam
1281 2278 1413 2312 caeteri
1439 2278 1645 2320 induuntur,
1672 2290 1747 2313 non

183 2339 328 2376 propter
343 2330 397 2364 sui
409 2329 574 2375 gloriam,
590 2330 651 2364 sed
667 2330 709 2363 ad
725 2329 999 2375 significandam
1015 2329 1267 2364 excellentiam
1281 2331 1335 2364 sui
1349 2331 1548 2373 ministerii,
1559 2331 1617 2365 vel
1633 2331 1750 2366 cultus

184 2384 314 2425 divini;
342 2391 376 2417 et
402 2383 483 2417 ideo
505 2383 541 2416 in
564 2384 613 2417 eis
639 2394 714 2416 non
737 2391 789 2417 est
807 2384 996 2425 vitiosum3
1019 2383 1113 2417 unde
1141 2384 1293 2429 August.
1322 2384 1408 2418 dicit
1433 2385 1469 2418 in
1499 2396 1526 2430 3.
1555 2385 1598 2419 de
1620 2386 1747 2420 Doctr.

185 2436 317 2471 Christ.
359 2435 446 2483 (cap.
479 2437 564 2481 12.):
601 2449 619 2468 «
636 2435 808 2482 Quisquis
835 2436 885 2470 sic
913 2437 1021 2470 utitur
1048 2437 1281 2471 exterioribus
1307 2438 1423 2479 rebus,
1451 2447 1488 2472 ut
1515 2447 1629 2472 metas
1661 2449 1748 2472 con-

183 2490 380 2524 suetudinis
406 2491 599 2532 bonorum,
625 2490 717 2523 inter
736 2500 826 2535 quos
851 2498 1024 2531 versatur,
1053 2490 1212 2533 excedat,
1235 2499 1296 2525 aut
1322 2490 1454 2537 aliquid
1471 2491 1660 2537 significat,
1687 2501 1749 2527 aut

182 2543 382 2589 flagitiosus
409 2552 478 2585 est;
506 2543 590 2577 dum
618 2543 755 2578 scilicet
781 2551 926 2588 propter
953 2542 1110 2585 delicias,
1138 2552 1198 2578 aut
1220 2537 1500 2578 ostentationem
1527 2544 1658 2579 talibus
1684 2546 1748 2580 uti—

182 2604 239 2630 tur
252 2610 292 2631 »ε
320 2596 483 2630 similiter
510 2596 619 2630 etiam
646 2607 687 2630 ex
712 2604 812 2641 parte
831 2595 990 2629 defectus
1010 2596 1187 2642 contingit
1208 2608 1284 2631 esse
1303 2605 1515 2643 peccatum:
1536 2609 1610 2632 non
1624 2606 1747 2633 tamen

183 2661 327 2695 semper
353 2649 414 2695 qui
440 2649 625 2683 vilioribus
658 2660 767 2695 quam
795 2648 938 2690 caeteri,
965 2649 1120 2683 vestibus
1155 2650 1275 2692 utitur,
1302 2659 1438 2696 peccat.
1476 2650 1514 2684 Si
1542 2652 1639 2685 enim
1671 2652 1743 2686 hoc

181 2701 267 2736 facit
292 2711 438 2748 propter
463 2703 683 2748 jactantiam,
702 2701 761 2736 vel
781 2702 998 2747 superbiam,
1026 2710 1063 2736 ut
1085 2713 1122 2736 se
1150 2704 1299 2738 caeteris
1322 2703 1511 2749 praeferat,
1537 2705 1664 2738 vitium
1690 2716 1746 2739 su-

182 2756 400 2801 perstitionis
428 2764 496 2790 est:
520 2756 549 2789 si
564 2764 683 2790 autem
703 2755 773 2789 hoc
791 2754 899 2789 faciat
920 2762 1066 2800 propter
1084 2757 1369 2791 macerationem
1392 2758 1518 2798 carnis,
1545 2757 1602 2791 vel
1629 2757 1747 2792 hurni-

182 2808 371 2842 liationem
399 2809 553 2854 spiritus,
581 2809 624 2842 ad
645 2809 814 2843 virtutem
836 2808 1096 2854 temperantiae
1118 2810 1286 2854 pertinet3
1310 2810 1403 2844 unde
1423 2810 1575 2856 August.
1604 2811 1690 2845 dicit
1710 2811 1745 2845 in

182 2861 241 2894 lib.
273 2873 301 2906 3.
328 2862 371 2896 de
396 2862 522 2896 Doctr.
552 2862 684 2896 Christ.
706 2862 783 2907 (loc.
803 2862 874 2905 cit.)
890 2874 900 2896 .·
931 2873 948 2892 ‹<
978 2860 1152 2907 Quisquis
1173 2862 1369 2897 restrictius
1390 2863 1494 2896 rebus
1517 2871 1745 2909 praetereun—
