1859 3122
199 158 281 202 942
614 156 836 192 QUAESTIO
870 155 998 186 CXLV.
1032 156 1276 186 ARTICULUS
1309 156 1353 185 11.

191 245 254 285 per
277 251 308 273 sa
329 238 515 285 appetitur:
542 237 604 271 sed
626 236 801 271 decorum
832 237 948 283 magis
970 236 1114 283 respicit
1146 245 1394 283 conspectum,
1420 236 1479 271 cui
1504 236 1641 282 placet3
1667 247 1755 283 ergo

195 292 368 326 decorum
386 302 460 324 non
483 298 536 324 est
555 289 665 332 idem,
687 290 783 336 quod
804 290 1011 324 honestum.

266 354 296 378 2.
323 344 559 378 PRAETEREA.
586 343 710 377 Decor
737 343 933 389 quamdam
972 343 1173 378 claritatem
1206 342 1364 389 requirit,
1393 354 1484 388 quae
1520 343 1675 390 pertinet
1711 344 1756 378 ad

193 397 372 430 rationem
395 396 549 442 gloriae:
588 396 783 430 honestum
806 405 926 431 autem
954 397 1097 442 respicit
1122 397 1322 439 honorem3
1346 408 1428 430 cum
1456 408 1542 443 ergo
1564 397 1695 439 honor,
1722 405 1757 432 et

195 449 311 494 gloria
333 449 509 491 differant,
532 457 570 483 ut
591 461 697 494 supra
720 450 857 484 dictum
880 458 932 484 est
953 450 1000 495 (q.
1021 462 1087 496 103.
1103 455 1166 484 art.
1189 463 1215 485 I.
1231 449 1272 484 ad
1283 450 1342 496 3.),·
1361 450 1510 492 videtur,
1533 450 1629 496 quod
1647 450 1754 484 etiam

192 503 387 537 honestum
409 502 549 537 differat
570 514 589 536 a
611 502 757 536 decoro.

266 567 296 602 3.
329 556 566 591 PRAETEREA.
606 556 810 590 Honestum
839 564 892 591 est
918 555 1015 590 idem
1037 556 1170 598 virtuti,
1208 564 1247 591 ut
1283 567 1390 603 supra
1423 556 1560 591 dictum
1593 564 1646 591 est
1676 556 1754 601 (art.

185 610 340 656 praec.):
362 610 425 644 sed
447 609 574 655 aliquis
597 610 707 644 decor
733 610 971 644 contrariatur
996 610 1137 651 virtuti3
1159 610 1253 644 unde
1281 609 1410 644 dicitur
1430 610 1560 644 Ezech.
1587 609 1658 644 16.:
1685 611 1757 645 Ha-

193 665 266 699 bens
281 663 438 708 fiduciam
459 665 493 697 in
512 663 758 710 pulchritudine
788 669 856 706 tua,
877 664 1052 709 fornicata
1077 675 1108 698 es
1127 665 1162 698 in
1187 665 1318 698 nomine
1340 669 1417 704 tuo;
1440 674 1527 710 ergo
1560 663 1755 698 honestum

191 728 266 751 non
289 725 342 751 est
362 717 460 750 idern
483 716 628 751 decoro.

265 770 338 805 SED
362 780 516 804 CONTRA
550 778 614 811 est,
636 769 732 816 quod
755 770 881 816 Apost.
910 770 1005 812 dicit,
1040 780 1068 804 1.
1099 770 1141 804 ad
1164 770 1250 805 Cor.
1277 779 1347 805 12.:
1372 771 1468 814 Quae
1493 770 1660 805 inhonesta
1682 775 1756 806 sunt

191 830 316 866 nostra,
340 823 582 858 abundantiam
595 824 790 858 honestatam
818 824 956 859 habent:
977 824 1106 858 honesta
1127 829 1234 858 autem
1250 829 1362 858 nostra
1377 823 1498 858 nullius
1518 829 1630 870 egent.-
1647 831 1756 859 vocat

192 886 313 912 autem
335 877 383 911 ibi
403 877 596 911 inhonesta
623 877 787 910 membra
807 877 935 923 turpia,
961 877 1115 912 honesta
1142 885 1263 911 autem
1289 877 1454 911 membra
1474 876 1626 923 pulchra
1635 889 1644 920 ;
1667 888 1754 924 ergo

190 931 397 973 honestum,
425 939 460 965 et
480 930 654 965 decorum
674 930 772 964 idem
794 941 871 965 esse
892 930 1068 965 videntur.

262 985 491 1018 RESPONDEO
514 983 719 1025 dicendum,
735 984 843 1030 quod,
858 984 951 1018 sicut
973 983 1087 1030 accipi
1101 991 1221 1030 potest
1235 995 1278 1018 ex
1291 983 1409 1018 verbis
1427 983 1606 1030 Dionysii,
1625 995 1702 1030 cap.
1720 994 1754 1027 4.

191 1039 234 1073 de
255 1038 337 1072 Div.
352 1038 462 1072 Nom.
481 1041 586 1084 (part.
601 1050 628 1072 Ι.
650 1038 760 1083 Ζαεΐ.)”.
780 1043 809 1072 et
823 1038 884 1081 6.),
902 1037 944 1071 ad
967 1037 1146 1071 rationem
1167 1036 1320 1083 pulchri,
1339 1037 1413 1071 sive
1432 1037 1555 1072 decori
1573 1037 1755 1071 concurrit

191 1101 225 1127 et
247 1091 401 1133 claritas,
423 1099 458 1125 et
478 1091 597 1125 debita
618 1091 824 1136 proportio:
848 1091 933 1125 dicit
955 1091 1064 1132 enim,
1091 1091 1188 1136 quod
1214 1090 1314 1124 Deus
1344 1090 1473 1124 dicitur
1491 1090 1640 1136 pulcher,
1663 1090 1755 1125 sicut

189 1147 420 1180 uni-versorzmz
438 1145 682 1186 consonanticae,
711 1149 737 1178 at
755 1144 916 1178 claritatis
937 1155 1057 1184 musa,-
1080 1144 1174 1178 unde
1196 1143 1426 1189 pulchritudo
1446 1143 1607 1189 corporis
1627 1143 1665 1177 in
1682 1143 1754 1178 hoc

193 1198 367 1239 consistit,
391 1197 486 1243 quod
508 1197 623 1231 homo
646 1197 778 1231 habeat
799 1197 961 1231 membra
984 1198 1146 1243 corporis
1167 1197 1258 1230 bene
1280 1196 1555 1242 proportionata
1570 1207 1654 1230 cum
1672 1208 1756 1243 qua-

193 1252 277 1286 dam
299 1251 408 1285 debiti
430 1250 562 1285 coloris
586 1250 767 1284 claritate:
797 1259 831 1284 et
863 1250 1027 1285 similiter
1047 1250 1276 1297 pulchritudo
1299 1249 1491 1296 spiritualis
1520 1250 1557 1284 in
1578 1250 1650 1284 hoc
1672 1261 1756 1284 con-

189 1306 291 1347 sistit,
314 1305 410 1351 quod
426 1305 652 1339 conversatio
670 1305 841 1346 hominis,
864 1305 937 1338 sive
953 1305 1047 1338 actio
1070 1305 1144 1348 ejus
1168 1304 1213 1338 sit
1226 1304 1317 1338 bene
1338 1305 1610 1350 proportionata
1631 1315 1754 1338 secun-

194 1359 281 1393 dum
303 1358 525 1404 spiritualem
546 1358 696 1391 rationis
715 1357 931 1399 claritatem3
947 1358 1018 1391 hoc
1035 1365 1154 1391 autem
1173 1358 1325 1402 pertinet
1344 1357 1386 1390 ad
1402 1357 1580 1391 rationem
1597 1357 1752 1399 honesti,

191 1412 287 1458 quod
311 1412 464 1445 diximus
497 1410 574 1454 (art.
592 1412 734 1457 praua),
758 1410 853 1444 idem
876 1421 953 1444 esse
982 1410 1114 1451 virtuti,
1142 1421 1233 1456 quae
1259 1410 1457 1444 secundum
1478 1411 1656 1444 rationem
1678 1421 1753 1444 mo-

191 1466 335 1500 deratur
357 1476 483 1499 omnes
506 1476 560 1498 res
583 1465 781 1506 humanas;
805 1472 842 1498 ut
860 1463 942 1498 ideo
965 1464 1187 1498 honestzcmast
1207 1463 1291 1498 idem
1316 1464 1487 1510 spirituali
1505 1463 1634 1504 ἆσσον-ιζ·
1657 1464 1752 1498 unde

190 1519 344 1565 August.
372 1519 456 1553 dicit
477 1519 513 1552 in
535 1518 593 1551 lib.
617 1518 672 1564 83.
697 1517 786 1558 QQ.
823 1523 867 1563 (q.
890 1519 980 1564 3¹0.):
1011 1530 1028 1549 α
1051 1517 1255 1551 Honestum
1281 1524 1368 1551 voto
1394 1516 1659 1563 intelligibilem
1679 1516 1753 1563 pul-

191 1572 443 1614 chritudinem,
481 1583 590 1618 quam
621 1570 843 1618 spiritualem
877 1582 944 1605 nos
965 1572 1117 1617 'proprie
1151 1571 1303 1605 dicimus
1333 1583 1377 1613 »3
1406 1578 1439 1605 et
1477 1578 1601 1617 postea
1623 1570 1751 1612 subdit,

189 1627 286 1672 quod
323 1625 476 1660 «multa
506 1634 588 1660 sunt
633 1625 783 1672 pulchra
809 1624 973 1666 visibilia,
1007 1635 1098 1671 quae
1132 1624 1251 1658 minus
1282 1624 1426 1671 proprie
1452 1625 1606 1659 honesta
1635 1623 1752 1670 appel-

189 1679 309 1714 lantur
335 1694 367 1713 ».

261 1735 319 1767 AD
345 1743 495 1768 PRIMUM
518 1743 604 1778 ergo
627 1732 833 1774 dicendum,
856 1731 952 1778 quod
980 1731 1163 1777 objectum
1197 1742 1349 1765 movens
1385 1731 1582 1777 appetitum
1608 1738 1661 1765 est
1692 1731 1752 1765 bo-

188 1798 277 1820 num
301 1787 585 1833 apprehensum:
609 1786 704 1832 quod
739 1794 860 1819 autem
887 1785 924 1818 in
957 1785 1034 1831 ipsa
1063 1784 1350 1830 apprehensione
1381 1793 1528 1831 apparet
1564 1785 1750 1827 decorum,

189 1840 362 1886 accipitur
384 1849 421 1874 ut
443 1840 675 1881 conveniens,
697 1847 730 1873 et
748 1839 905 1881 bonum3
933 1846 968 1872 et
989 1838 1070 1872 ideo
1093 1838 1178 1872 dicit
1196 1838 1304 1872 Dion.
1319 1848 1352 1881 4.
1375 1849 1453 1884 cap.
1473 1838 1517 1872 de
1538 1837 1620 1872 Div.
1638 1838 1749 1872 Nom.

188 1894 290 1940 (part.
317 1907 343 1929 1.
371 1894 441 1929 lact.
468 1905 497 1939 5.
525 1898 555 1928 et
569 1898 660 1939 part.
683 1905 710 1939 3.
739 1893 808 1927 last.
831 1892 893 1936 4),
926 1892 1022 1938 quod
1050 1891 1217 1925 omnibus
1254 1899 1308 1926 est
1328 1891 1532 1937 pulchrum,
1559 1899 1593 1926 et
1612 1891 1750 1925 bonum

189 1946 364 1989 amabile3
386 1947 480 1981 unde
503 1954 537 1981 et
558 1947 677 1993 ipsum
698 1946 905 1988 honestum,
932 1945 1132 1979 secundum
1155 1945 1252 1990 quod
1278 1945 1387 1979 habet
1403 1944 1626 1991 spiritualem
1647 1944 1751 1979 deco-

188 2011 277 2042 rem,
300 2000 490 2046 appetibile
523 2000 700 2041 redditur3
727 1999 820 2033 unde
856 2007 890 2033 et
925 1998 1067 2032 Tullius
1096 1998 1181 2032 dicit
1206 1999 1242 2032 in
1276 2008 1303 2032 1.
1337 1998 1380 2032 de
1412 1997 1518 2033 Offic.
1546 1998 1750 2043 (immediatc²

188 2059 263 2088 ante
289 2055 338 2088 tit.
373 2053 409 2088 da
432 2054 588 2098 Quattuor
612 2053 732 2097 t'irt.):
764 2052 973 2086 «Formam
1007 2052 1136 2098 ipsam,
1166 2059 1200 2086 et
1229 2060 1416 2097 tamquam
1442 2051 1573 2086 faciem
1605 2051 1748 2086 honesti

187 2107 298 2148 vides,
321 2118 411 2153 quae
438 2107 467 2141 si
502 2106 616 2141 oculis
643 2114 859 2148 cerneretur,
896 2105 1078 2140 mirabiles
1114 2116 1267 2147 amores,
1294 2113 1333 2139 ut
1354 2106 1402 2139 ait
1439 2104 1555 2147 Plato,
1578 2105 1749 2140 excitaret

187 2161 383 2206 sapientiae
405 2174 436 2194 ».

259 2214 319 2247 AD
342 2224 548 2248 SECUNDUM
583 2213 788 2254 dicendum,
812 2212 919 2258 quod,
942 2212 1034 2246 sicut
1067 2223 1172 2258 supra
1199 2212 1335 2246 dictum
1370 2220 1424 2246 est
1457 2213 1503 2257 (q.
1530 2223 1600 2247 101.
1626 2216 1689 2246 art.
1719 2224 1746 2247 Ι.

187 2266 229 2301 ad
243 2267 302 2313 3.),
327 2266 442 2312 gloria
465 2275 517 2301 est
538 2266 686 2301 effectus
708 2267 877 2300 honoris:
906 2277 948 2299 ex
969 2266 1040 2299 hoc
1068 2266 1165 2299 enim
1187 2265 1283 2311 quod
1311 2265 1438 2311 aliquis
1460 2265 1670 2308 honoratur,
1688 2264 1748 2300 vel

186 2320 361 2362 laudatur,
383 2321 540 2354 redditur
563 2320 678 2354 clarus
700 2320 736 2353 in
759 2319 871 2354 oculis
894 2319 1067 2361 alioru1n3
1095 2327 1130 2352 et
1154 2319 1237 2353 ideo
1265 2319 1356 2353 sicut
1381 2319 1478 2353 idem
1500 2327 1552 2354 est
1577 2319 1748 2354 honorifi-

187 2385 282 2416 cum,
305 2382 339 2408 et
360 2373 579 2419 gloriosum3
601 2374 649 2408 ita
671 2375 779 2408 etiam
805 2373 901 2407 idem
930 2379 982 2407 est
1007 2373 1214 2414 honestum,
1237 2380 1271 2406 et
1298 2373 1483 2407 decorum.

257 2428 316 2461 AD
332 2438 502 2462 TERTIUM
524 2427 728 2468 dicendum,
751 2426 846 2472 quod
870 2426 1026 2471 objectio
1054 2425 1115 2460 illa
1136 2425 1298 2471 procedit
1320 2426 1363 2459 de
1385 2425 1649 2472 pulchritudine
1672 2437 1746 2460 cor-

185 2480 320 2528 porali:
348 2483 512 2527 quamvis
534 2481 647 2527 possit
669 2481 749 2522 dici,
777 2480 873 2526 quod
896 2480 1005 2513 etiam
1031 2488 1176 2526 propter
1198 2479 1503 2524 pulchritudinem
1524 2479 1745 2526 spiritualem

185 2534 312 2580 aliquis
335 2534 566 2580 spiritualiter
586 2533 793 2575 fornicatur,
814 2533 1026 2579 inquantum
1049 2533 1092 2567 de
1119 2533 1195 2578 ipsa
1217 2533 1406 2567 honestate
1433 2533 1601 2579 superbit,
1623 2544 1746 2567 secun-

186 2587 271 2622 dum
290 2587 376 2621 illud
398 2587 528 2622 Ezech.
552 2587 625 2622 28.:
653 2587 829 2623 Ele-vatum
855 2591 898 2622 est
925 2597 982 2621 cor
1008 2591 1099 2621 titum
1117 2588 1151 2621 in
1177 2586 1290 2622 decore
1318 2591 1396 2622 tuo:
1418 2586 1593 2634 perdidisti
1616 2587 1741 2633 sapien-

187 2643 267 2676 tiam
294 2646 385 2676 tuam
409 2642 441 2676 ῖιι
468 2641 580 2676 decore
607 2646 672 2676 tuo.
