1859 3122
204 155 314 211 1138
606 170 825 204 QUAESTIO
860 170 1017 199 CLXXV.
1051 171 1294 200 ARTICULUS
1328 171 1356 201 1.

271 249 346 284 SED
369 259 524 284 CONTRA
545 257 609 292 est,
636 250 732 295 quod
755 260 786 285 2.
809 250 853 284 ad
876 251 963 285 Cor.
999 261 1050 285 12.
1075 251 1161 285 dicit
1182 251 1399 297 Apostolus:
1426 253 1500 288 Scio
1531 253 1699 289 hominem
1723 254 1760 288 in

203 302 332 336 Christo
354 308 487 348 raptum
509 315 606 348 usque
627 303 668 337 ad
690 304 822 337 tertium
844 304 981 346 coelum,
1005 304 1062 338 ubi
1085 305 1171 339 dicit
1194 304 1314 340 Gloss.
1337 305 1425 351 (ord.
1452 307 1542 341 Petri
1559 307 1758 350 Lombardt')

202 369 220 387 «
239 364 392 400 raptum,
414 356 505 390 idest
527 364 653 389 contra
673 364 841 390 naturam
864 356 1045 391 elevatum
1064 371 1096 392 ³).

269 408 497 443 RESPONDEO
525 409 730 451 dicendum,
761 410 857 455 quod
886 418 1007 456 raptus
1037 411 1250 445 violentiam
1281 412 1477 458 quamdam
1506 413 1691 459 importat,
1722 422 1762 449 ut

199 461 335 494 dictum
357 470 409 495 est
428 463 455 506 (i
462 475 483 495 n
513 473 582 508 arg.
597 463 663 508 3.):
690 462 893 497 violentum
915 472 1037 498 autem
1055 465 1195 507 dicitur,
1218 466 1318 510 cujus
1340 466 1557 512 principium
1580 475 1633 501 est
1651 475 1760 510 extra,

197 514 249 548 nil
272 513 479 549 conferente
499 526 542 549 eo
565 516 662 561 quod
683 516 757 550 vim
780 516 921 562 patitur,
936 525 975 551 ut
989 517 1118 551 dicitur
1132 518 1168 551 in
1186 529 1215 564 3.
1237 518 1399 552 Ethicor.
1418 519 1506 565 (cap.
1528 519 1598 564 1.).·
1622 520 1762 555 confert

199 575 321 601 autem
342 568 628 614 unumquodque
651 568 695 603 ad
717 569 763 611 id,
777 570 814 603 in
829 571 926 616 quod
940 571 1053 605 tendit
1066 571 1266 605 secundum
1284 572 1469 618 propriam
1486 572 1762 608 inclinationem

198 620 256 654 vel
276 620 532 663 voluntariam,
553 621 612 656 vel
632 622 854 666 naturalem3
878 631 913 658 et
932 624 1015 658 ideo
1039 633 1192 670 oportet,
1215 625 1312 670 quod
1332 624 1394 658 ille
1415 625 1476 671 qui
1489 626 1624 672 rapitur
1638 627 1680 661 ab
1699 626 1763 661 ali·

201 685 272 719 quo
296 674 474 716 exteriori,
504 675 663 721 rapiatur
691 676 728 709 in
758 675 904 722 aliquid,
934 677 1030 722 quod
1058 685 1111 712 est
1142 678 1325 712 diversum
1352 678 1394 712 ab
1426 689 1482 721 e0,
1503 679 1540 713 in
1566 679 1663 725 quod
1685 680 1761 725 ejus

197 727 386 762 inclinatio
416 729 540 763 tendit.
574 729 680 769 Quae
714 730 859 775 quidem
882 730 1067 765 diversitas
1089 731 1283 765 attenditur
1310 731 1505 778 dupliciter:
1527 744 1592 767 uno
1614 733 1760 779 quidem

199 780 295 815 modo
319 789 494 826 quantum
516 782 560 816 ad
582 782 692 816 finem
714 783 975 827 inclinationis;
997 792 1083 830 puta
1103 784 1134 818 si
1154 784 1256 830 lapis,
1274 785 1336 831 qui
1347 785 1558 820 naturaliter
1569 785 1762 820 inclinatur

200 834 243 868 ad
273 835 344 869 hoc
375 835 471 881 quod
501 835 635 870 feratur
663 836 846 879 deorsum,
873 837 1082 883 projiciatur
1111 849 1271 872 sursum:
1299 838 1365 872 alio
1394 838 1490 873 modo
1519 847 1696 885 quantum
1717 839 1761 874 ad

199 888 352 921 modum
373 888 562 922 tendendi:
585 897 670 935 puta
692 890 721 924 si
743 890 833 935 lapis
854 890 1016 924 velocius
1031 891 1241 937 projiciatur
1256 891 1439 934 deorsum,
1453 903 1563 938 quam
1581 892 1626 926 sit
1639 900 1760 927 motus

199 942 275 987 ejus
297 941 480 976 naturalis.
504 942 563 976 Sic
586 943 692 988 igitur
715 951 749 977 et
770 944 891 977 anima
912 944 1072 978 hominis
1094 944 1268 990 dupliciter
1289 944 1418 978 dicitur
1438 946 1515 991 rapi
1534 945 1571 979 in
1590 945 1636 988 id,
1663 946 1762 988 quod

200 1003 252 1028 est
270 1003 410 1040 praeter
430 1003 616 1030 naturam:
639 1008 702 1030 uno
728 996 822 1030 modo
846 1005 1020 1043 quantum
1052 998 1095 1031 ad
1117 998 1313 1031 terminum
1343 1006 1482 1044 raptus:
1505 1006 1590 1044 puta
1616 999 1761 1045 quando

198 1048 334 1094 rapitur
356 1049 399 1082 ad
420 1060 569 1094 poenas,
598 1050 796 1084 secundum
828 1050 916 1084 illud
938 1051 996 1085 Ps.
1018 1061 1094 1098 49.:
1117 1052 1167 1086 Ne
1193 1051 1323 1097 quando
1345 1053 1468 1098 rapiat,
1494 1057 1524 1086 et
1547 1064 1614 1086 non
1637 1053 1682 1087 sit
1706 1053 1763 1098 qui

198 1103 342 1148 eripiat:
365 1102 430 1136 alio
451 1102 544 1136 mocio
564 1111 739 1148 quantum
762 1103 805 1137 ad
827 1104 981 1138 modum
1005 1105 1148 1138 homini
1171 1104 1458 1146 connaturalem,
1480 1105 1541 1151 qui
1563 1113 1617 1140 est
1637 1113 1676 1139 ut
1699 1117 1763 1152 per

199 1154 381 1189 sensibilia
402 1155 581 1201 intelligat
601 1157 810 1199 veritatem3
834 1166 868 1191 et
888 1158 970 1192 ideo
994 1158 1138 1203 quando
1171 1158 1387 1192 abstrahitur
1415 1169 1435 1192 a
1455 1158 1679 1192 sensibilium
1706 1170 1763 1205 ap-

199 1208 452 1254 prehensione,
488 1209 616 1243 dicitur
649 1211 736 1256 rapi,
768 1211 910 1244 etiamsi
931 1211 1091 1245 elevetur
1113 1212 1155 1245 ad
1175 1223 1228 1253 ea,
1251 1211 1294 1245 ad
1317 1222 1409 1257 quae
1430 1211 1640 1246 naturaliter
1666 1212 1762 1246 ordi-

198 1270 323 1304 natur;
345 1262 432 1296 dum
452 1271 575 1297 tamen
588 1264 659 1298 hoc
675 1275 750 1298 non
769 1264 830 1298 fiat
844 1276 885 1298 ex
900 1265 1043 1310 propria
1061 1265 1279 1307 intentione,
1299 1265 1391 1299 sicut
1413 1265 1543 1299 accidit
1559 1265 1596 1299 in
1617 1276 1762 1308 somno,

200 1317 259 1362 qui
283 1324 335 1350 est
355 1316 555 1350 secundum
577 1325 763 1359 naturam3
786 1318 880 1352 unde
902 1329 977 1352 non
997 1326 1116 1364 potest
1138 1318 1279 1364 proprie
1302 1326 1424 1363 raptus
1443 1318 1524 1352 dici.
1543 1318 1763 1363 Hujusmodi

201 1377 321 1403 autem
345 1369 548 1411 abstractio,
583 1371 627 1404 ad
650 1382 901 1416 quaecumque
935 1371 1007 1413 fiat,
1029 1379 1148 1418 potest
1169 1382 1211 1405 ex
1241 1371 1367 1418 triplici
1389 1382 1497 1406 causa
1526 1372 1760 1418 contingere:

200 1434 264 1456 uno
287 1422 380 1456 modo
404 1434 447 1457 ex
468 1434 577 1457 causa
599 1424 799 1469 corporali3
822 1424 915 1458 sicut
936 1425 1067 1459 accidit
1087 1425 1124 1459 in
1145 1425 1213 1466 his,
1239 1424 1300 1470 qui
1321 1433 1468 1470 propter
1485 1425 1643 1472 aliquam
1669 1425 1763 1460 infir-

200 1476 364 1510 mitatem
387 1476 645 1511 alienationem
671 1478 875 1523 patiuntur:
902 1478 1038 1512 secundo
1064 1478 1159 1512 modo
1187 1489 1230 1512 ex
1256 1478 1385 1512 virtute
1407 1477 1649 1522 daemonum;
1669 1479 1762 1514 sicut

200 1537 298 1575 patet
318 1529 354 1562 in
377 1530 582 1575 arreptitiis:
606 1532 699 1565 tertio
729 1531 824 1565 modo
855 1542 896 1565 ex
923 1531 1053 1566 virtute
1084 1531 1228 1574 divina3
1251 1539 1286 1566 et
1307 1532 1358 1566 sic
1388 1531 1573 1578 loquimur
1593 1543 1690 1566 nunc
1717 1533 1760 1567 de

199 1590 314 1628 raptu,
336 1591 442 1628 prout
462 1583 600 1617 scilicet
621 1583 749 1630 aliquis
777 1585 903 1630 spiritu
931 1584 1053 1619 divino
1077 1584 1236 1619 elevatur
1258 1585 1301 1619 ad
1325 1584 1445 1631 aliqua
1476 1585 1761 1631 supernaturalia

201 1647 285 1670 cum
308 1636 548 1670 abstractione
572 1648 591 1670 a
612 1638 786 1680 sensibus,
809 1638 1011 1672 secundum
1032 1637 1119 1672 illud
1146 1638 1277 1673 Ezech.
1300 1639 1351 1673 8.:
1381 1639 1524 1685 Spiritus
1544 1640 1688 1675 elevavit
1711 1651 1762 1675 me

199 1691 284 1723 inter
305 1689 440 1731 coelum,
463 1695 494 1724 et
514 1695 649 1733 terram,
672 1696 702 1726 et
722 1691 861 1726 adduxit
887 1704 937 1726 me
960 1693 993 1726 in
1014 1692 1226 1726 Hierusalem
1250 1694 1285 1726 in
1310 1694 1436 1727 visione
1461 1693 1540 1727 Dei.
1563 1693 1762 1727 Sciendum

199 1752 333 1786 tamen,
356 1744 453 1790 quod
474 1746 550 1790 rapi
572 1746 788 1791 quandoque
808 1746 937 1780 dicitur
959 1746 1087 1792 aliquis
1101 1757 1175 1780 non
1197 1745 1318 1780 solum
1339 1754 1484 1793 propter
1503 1746 1761 1781 alienationem

201 1809 219 1831 a
241 1798 414 1839 sensibus,
436 1798 496 1832 sed
520 1799 629 1832 etiam
662 1807 808 1845 propter
830 1799 1088 1834 alienationem
1111 1800 1152 1833 ab
1182 1800 1237 1834 his
1260 1800 1387 1846 quibus
1416 1800 1644 1844 intendebat3
1670 1800 1763 1835 sicut

201 1862 284 1884 cum
307 1850 434 1896 aliquis
456 1853 587 1896 patitur
609 1852 864 1898 evagationem
886 1853 1017 1887 mentis
1036 1861 1176 1899 praeter
1196 1853 1442 1899 propositum:
1457 1853 1519 1888 sed
1540 1854 1612 1888 hoc
1625 1865 1700 1888 non
1713 1853 1762 1888 ita

199 1905 343 1950 proprie
366 1905 505 1939 dicitur.

271 1958 331 1992 AD
353 1968 502 1992 PRtMUM
524 1969 611 2003 ergo
632 1958 837 2002 dicendum,
857 1959 953 2005 quod
975 1959 1137 1994 naturale
1161 1961 1214 1994 est*
1226 1960 1370 1994 homini
1391 1960 1480 1994 utin
1498 1960 1618 1994 divina
1639 1960 1763 1995 tendat

200 2022 262 2056 per
284 2011 506 2045 sensibilium
529 2012 867 2058 apprehensionem,
895 2014 1096 2048 secundum
1117 2013 1206 2047 illud
1226 2013 1335 2047 Rom.
1355 2024 1399 2048 1.:
1422 2014 1613 2048 Invisibilia
1627 2015 1763 2060 Deiper

200 2077 248 2106 cu,
265 2065 450 2110 quaefacta
462 2070 548 2107 sunt,
564 2066 723 2100 intellectu
746 2068 1017 2111 conspiciuntur:
1033 2067 1094 2101 sed
1110 2067 1175 2101 iste
1191 2067 1332 2109 modus,
1348 2067 1445 2113 quod
1459 2067 1586 2113 aliquis
1602 2066 1762 2102 elevetur

202 2119 245 2152 ad
264 2119 384 2152 divina
407 2130 489 2152 cum
513 2119 758 2153 abstractione
778 2131 796 2153 a
819 2121 992 2162 sensibus,
1011 2132 1085 2155 non
1104 2129 1157 2155 est
1178 2121 1320 2154 homini
1345 2121 1529 2155 naturalis.

272 2172 332 2206 AD
355 2182 562 2206 SECUNDUM
578 2172 783 2214 dicendum,
799 2173 895 2218 quod
911 2174 954 2207 ad
969 2174 1133 2215 modum,
1149 2182 1184 2208 et
1198 2174 1410 2220 dignitatem
1423 2174 1583 2208 hominis
1597 2173 1761 2220 pertinet,

202 2225 299 2271 quod
317 2225 360 2258 ad
381 2225 500 2258 divina
523 2225 692 2267 elevetur,
712 2237 753 2259 ex
775 2226 845 2260 hoc
862 2227 939 2272 ipso
956 2228 1052 2273 quod
1074 2227 1189 2261 homo
1203 2226 1319 2261 factus
1334 2235 1387 2261 est
1401 2227 1445 2260 ad
1458 2227 1658 2272 imaginem
1671 2227 1762 2269 Dei3

203 2286 237 2312 et
269 2278 352 2324 quia
372 2278 509 2312 bonum
529 2279 691 2312 divinum
712 2279 748 2312 in
769 2279 950 2314 infinitum
977 2281 1117 2315 excedit
1147 2281 1347 2314 humanam
1377 2280 1598 2322 facultatem,
1624 2280 1763 2326 indiget

201 2332 316 2366 1101110
335 2340 373 2365 ut
398 2331 715 2378 supernaturaliter
737 2332 781 2366 ad
802 2332 890 2366 illud
917 2333 1055 2367 bonum
1082 2334 1343 2379 capessendum
1371 2334 1572 2378 adjuvetur:
1601 2333 1698 2379 quod
1722 2332 1763 2368 fit

202 2396 265 2431 per
285 2385 541 2431 quodcumque
556 2384 772 2419 beneficium
791 2386 946 2431 gratiae;
966 2387 1059 2420 unde
1082 2387 1179 2432 quod
1200 2386 1250 2421 sic
1267 2386 1426 2420 elevetur
1448 2398 1550 2422 mens
1565 2398 1585 2420 a
1603 2387 1685 2421 Deo
1699 2397 1762 2433 per

202 2446 354 2484 raptum,
377 2449 451 2472 non
469 2446 522 2472 est
541 2445 665 2472 contra
683 2447 863 2481 naturam,
882 2439 944 2473 sed
967 2451 1073 2485 supra
1095 2439 1305 2474 facultatem
1326 2448 1485 2474 naturae.

273 2491 332 2525 AD
348 2502 518 2526 TERTIUM
541 2491 744 2535 dicendum,
761 2492 857 2538 quod
876 2493 1026 2526 verbum
1046 2493 1269 2527 Damasceni
1291 2501 1344 2527 est
1361 2493 1638 2539 intelligendum
1653 2504 1761 2539 quan-

202 2552 278 2578 tum
298 2544 341 2578 ad
364 2556 418 2586 ea,
433 2556 524 2590 quae
539 2553 620 2578 sunt
635 2556 698 2590 per
714 2545 905 2579 hominem
928 2545 1111 2580 facienda:
1131 2554 1306 2592 quantum
1324 2558 1410 2580 vero
1426 2547 1470 2580 ad
1488 2558 1541 2589 ea,
1557 2557 1648 2593 quae
1664 2557 1764 2581 exce-

203 2598 291 2632 dunt
311 2598 413 2632 liberi
434 2598 569 2632 arbitrii
588 2597 810 2640 facultatem,
831 2610 979 2633 necesse
1007 2607 1059 2633 est
1081 2599 1176 2645 quod
1197 2600 1312 2634 homo
1332 2600 1488 2645 quadam
1514 2599 1655 2634 fortiori
1681 2610 1764 2646 ope-

203 2651 341 2684 ratione
364 2651 537 2685 elevetur:
557 2662 647 2697 quae
670 2652 815 2697 quidem
835 2660 1009 2698 quantum
1029 2652 1072 2686 ad
1095 2652 1228 2698 aliquid
1248 2661 1365 2698 potest
1383 2653 1454 2686 dici
1472 2653 1634 2695 coacti03
1655 2652 1686 2687 si
1698 2653 1764 2687 sci—

204 2704 289 2738 licet
310 2705 512 2739 attendatur
531 2706 660 2739 modus
683 2705 921 2750 operationis;
943 2716 1016 2739 non
1037 2714 1157 2740 autem
1178 2706 1208 2740 si
1230 2706 1432 2740 attendatur
1444 2707 1618 2741 terminus
1640 2717 1763 2752 opera-

203 2757 323 2800 tionis,
345 2758 380 2792 in
403 2770 512 2804 quem
533 2768 659 2793 natura
680 2759 851 2801 hominis,
870 2767 905 2793 et
919 2759 994 2804 ejus
1012 2759 1163 2793 intentio
1187 2759 1383 2794 ordinatur.
