1859 3122
177 187 263 241 296
572 196 794 232 QUAESTIO
828 197 960 227 XXXV.
993 196 1238 227 ARTICULUS
1271 196 1327 228 IV.

179 280 285 320 Quae
306 291 379 313 non
400 279 565 313 videntur
587 279 843 313 convenienter
869 279 954 314 oriri
977 290 1018 313 ex
1040 278 1195 313 accidia:
1219 289 1305 312 narn
1330 289 1454 313 rancor
1474 277 1572 313 idem
1590 290 1667 313 esse
1689 280 1738 313 vi-

177 334 289 374 detur,
305 332 400 378 quod
416 332 552 374 odium,
568 332 665 378 quod
680 333 792 366 oritur
806 344 848 366 ex
861 333 1006 374 invidia,
1019 340 1055 366 ut
1069 343 1175 377 supra
1190 331 1326 366 dictum
1341 339 1394 365 est
1409 330 1650 378 (q.praec.art.
1662 333 1736 378 6.);

175 387 303 420 malitia
327 394 447 419 autem
481 393 532 419 est
554 396 666 431 genus
694 386 737 419 ad
767 386 890 420 omnia
923 386 1030 420 vitia:
1055 393 1089 419 et
1110 384 1274 418 similiter
1302 386 1454 430 evagatio
1483 385 1615 419 mentis
1642 386 1737 420 circa

174 439 298 472 illicita
312 439 347 471 in
370 439 537 472 omnibus
559 439 652 472 vitiis
666 439 862 474 invenitur:
886 445 1002 486 torpor
1021 447 1141 472 autem
1163 438 1258 471 circa
1273 446 1465 484 praecepta
1486 437 1583 472 idem
1597 438 1737 473 videtur

176 504 264 533 esse,
286 492 382 538 quod
406 493 561 526 accidia:
578 493 839 539 pusillanimitas
869 501 1001 534 autem,
1029 501 1064 526 et
1084 492 1262 538 desperatio
1286 503 1327 525 ex
1349 491 1637 538 quibuscumque
1657 504 1738 538 pec-

176 547 261 580 catis
277 546 362 580 oriri
376 554 543 592 possunt:
558 558 632 580 non
655 558 741 592 ergo
754 547 1010 580 convenienter
1025 546 1169 592 ponitur
1184 545 1321 579 accidia
1338 556 1414 579 esse
1427 544 1556 579 vitium
1571 545 1735 591 capitale.

248 611 276 644 3.
299 599 534 634 PRAETJ-:Rffl.
557 600 716 634 Isidorus
738 601 773 634 in
793 600 851 634 lib.
875 610 905 634 2.
934 601 976 634 de
1000 600 1154 633 Summo
1178 599 1282 632 Bono
1307 598 1461 644 (cap-‘37-
1483 598 1535 632 sed
1556 605 1679 645 expres.
1701 600 1737 633 in

176 652 362 687 Commant.v
382 654 417 687 in
435 654 535 687 Dant.
557 660 628 700 cap.
650 654 718 699 16.)
735 653 919 699 distinguit
938 653 1066 687 vitium
1089 652 1247 686 accidiae
1269 663 1288 685 a
1304 651 1390 685 vitio
1405 651 1579 694 tristitiae,
1595 652 1734 687 dicens:

177 719 194 737 «
210 705 411 740 Tristitiam
433 717 522 748 esse,
537 707 751 752 inquantum
766 707 900 741 recedit
917 718 936 740 a
952 706 1120 752 graviori,
1137 714 1171 739 et
1189 704 1385 746 laborioso,
1402 705 1445 738 ad
1460 705 1557 750 quod
1575 713 1735 748 tenetur,

174 759 337 793 acediam
359 768 491 802 autem,
510 760 723 806 inquantum
745 771 782 794 se
805 760 982 794 convertit
1004 760 1047 793 ad
1075 759 1233 805 quietem
1254 758 1452 792 indebitam
1466 771 1504 793 »ς
1527 767 1562 793 et
1583 758 1670 793 dicit
1691 759 1735 793 de

172 813 313 847 tristitia
332 813 435 846 oriri:
467 824 701 854 «rancorem,
724 812 1071 858 pusillanimitatem,
1087 812 1377 852 amaritudinem,
1397 811 1734 857 desperationem»:

172 866 215 900 de
238 866 374 900 accidia
388 877 475 900 vero
490 866 575 900 dicit
596 866 700 900 oriri:
726 879 743 897 α
758 874 908 912 septem,
923 877 1014 911 quae
1036 873 1118 899 sunt
1132 865 1307 906 otiositas,
1322 864 1580 906 somnolentia,
1600 864 1736 910 impor-

170 920 302 954 tunitas
318 920 459 965 mentis,
474 920 684 966 inquietudo
707 920 880 966 corporis,
902 919 1124 961 instabilitas,
1147 918 1356 959 verbositas,
1380 918 1568 952 curiositas
1583 930 1623 960 »3
1646 929 1733 964 ergo

170 973 320 1015 videtur,
343 974 439 1019 quod
460 973 519 1007 vel
541 985 559 1006 a
587 973 780 1019 Gregorio,
802 972 860 1007 vel
883 973 924 1006 ab
946 972 1086 1006 Isidoro
1109 972 1203 1006 male
1227 971 1428 1017 assignetur
1446 971 1585 1005 accidia
1605 971 1734 1006 vitium

173 1026 324 1073 capitale
347 1038 430 1061 cum
452 1027 524 1061 suis
546 1027 696 1060 filiabus.

243 1080 316 1114 SED
332 1091 486 1114 CONTRA
503 1088 565 1122 est,
587 1080 687 1126 quod
702 1080 800 1114 idem
824 1079 1023 1125 Gregorius
1046 1079 1131 1113 dicit
1149 1090 1201 1125 31.
1217 1078 1344 1113 Moral.
1364 1080 1442 1124 (loc.
1462 1077 1534 1123 cit.)
1558 1078 1734 1113 accidiam

171 1145 248 1168 esse
269 1133 397 1167 vitium
420 1133 582 1179 capitale,
606 1142 640 1167 et
661 1133 793 1167 habere
816 1133 1016 1179 praedictas
1038 1132 1139 1166 filias.

240 1187 469 1222 Rrspoxnro
486 1187 689 1229 dicendum,
705 1186 813 1232 quod,
835 1187 926 1220 sicut
944 1198 1049 1232 supra
1068 1186 1205 1220 dictum
1221 1194 1274 1220 est
1290 1188 1370 1229 (1-2.
1385 1198 1414 1232 q.
1429 1187 1485 1230 84.
1504 1190 1568 1220 art.
1584 1198 1613 1232 3.
1627 1190 1656 1220 et
1668 1187 1733 1230 4.),

169 1241 296 1275 vitium
323 1240 475 1286 capitale
497 1241 625 1274 dicitur
647 1251 735 1282 esse,
758 1251 800 1274 ex
822 1251 893 1286 quo
916 1248 1125 1285 promptum
1152 1248 1205 1274 est
1235 1248 1272 1274 ut
1299 1240 1368 1273 alia
1390 1240 1476 1274 vitia
1499 1240 1660 1274 oriantur
1681 1251 1735 1274 se-

171 1294 329 1328 cundum
344 1294 523 1328 rationem
535 1305 663 1328 causae
678 1293 810 1327 finalis:
826 1293 917 1327 sicut
933 1302 1053 1327 autem
1068 1293 1235 1327 homines
1250 1293 1364 1327 multa
1379 1301 1573 1339 operantur
1588 1302 1735 1339 propter

171 1347 470 1382 delectationem:
493 1356 569 1381 turn
591 1356 629 1380 ut
658 1347 773 1393 ipsam
802 1354 1080 1392 consequantur,
1102 1354 1179 1380 turn
1206 1346 1316 1380 etiam
1339 1358 1381 1380 ex
1415 1347 1490 1392 ejus
1517 1346 1655 1392 impetu
1690 1347 1734 1380 ad

172 1401 317 1447 aliquod
340 1401 521 1446 agendum
543 1401 715 1446 permoti:
738 1400 787 1434 ita
809 1400 917 1434 etiam
940 1407 1086 1445 propter
1111 1399 1290 1434 tristitiam
1313 1398 1426 1433 multa
1449 1407 1654 1445 operantur,
1675 1399 1735 1434 vel

171 1463 209 1488 ut
229 1455 345 1500 ipsam
360 1455 504 1495 evitent,
526 1453 583 1487 vel
598 1454 673 1498 ejus
691 1453 850 1499 pondere
864 1453 900 1486 in
920 1453 1038 1498 aliqua
1055 1454 1194 1498 agenda
1212 1461 1506 1498 prorumpente33
1525 1452 1631 1494 unde,
1651 1464 1734 1487 cum

171 1508 309 1542 accidia
331 1508 374 1541 sit
390 1507 530 1541 tristitia
553 1507 744 1552 quaedam,
763 1514 801 1540 ut
822 1517 928 1552 supra
950 1506 1086 1539 dictum
1109 1514 1161 1540 est
1182 1506 1263 1551 (art.
1285 1517 1316 1540 2.
1339 1506 1408 1551 huj.
1440 1517 1470 1551 q.
1492 1510 1520 1540 et
1545 1517 1610 1541 1-2.
1634 1518 1664 1552 q.
1687 1518 1735 1552 35.

171 1567 234 1596 art.
256 1562 319 1606 8.),
348 1561 605 1595 convenienter
626 1560 771 1606 ponitur
791 1560 919 1593 vitium
942 1559 1104 1605 capitale.

241 1615 300 1648 AD
316 1625 464 1649 PRIMUM
487 1625 574 1659 ergo
589 1614 794 1654 dicendum,
817 1613 913 1658 quod
936 1613 1073 1646 accidia
1096 1612 1329 1659 aggravando
1352 1612 1526 1655 animum,
1544 1613 1734 1647 hominem

168 1668 321 1714 impedit
342 1669 383 1702 ab
406 1668 476 1701 illis
499 1667 677 1713 operibus,
693 1678 784 1712 quae
806 1666 987 1700 tristitiam
1007 1674 1175 1700 causant:
1195 1665 1257 1700 sed
1276 1674 1399 1700 tamen
1421 1666 1558 1700 inducit
1572 1666 1735 1700 animum

171 1722 213 1755 ad
236 1721 355 1767 aliqua
383 1722 533 1767 agenda,
554 1721 607 1755 vel
634 1732 725 1766 quae
747 1728 829 1754 sunt
855 1720 1017 1754 tristitiae
1041 1731 1214 1762 consona,
1246 1722 1338 1754 sicut
1359 1719 1404 1753 ad
1425 1720 1657 1766 plorandum,
1682 1721 1735 1756 vel

170 1776 279 1810 etiam
301 1776 344 1808 ad
367 1775 496 1820 aliqua,
519 1786 581 1820 per
603 1785 693 1820 quae
715 1774 856 1808 tristitia
884 1774 1047 1808 evitatur.

240 1829 299 1862 AD
319 1839 524 1862 SECUNDUM
543 1827 748 1868 dicendum,
771 1827 867 1872 quod
893 1826 1092 1872 Gregorius
1116 1826 1374 1861 convenienter
1389 1827 1547 1873 assignat
1567 1827 1658 1862 filias
1680 1839 1734 1862 ac-

170 1882 294 1916 cidiae.
319 1881 415 1922 Quia
439 1881 547 1923 enim,
566 1889 602 1914 ut
621 1880 757 1914 Philos.
777 1880 862 1913 dicit
880 1880 917 1912 in
939 1880 970 1913 8.
990 1879 1105 1913 Ethic.
1126 1880 1257 1926 (cap.5.
1271 1885 1300 1914 at
1314 1880 1362 1925 6.)
1379 1880 1499 1915 nullus
1518 1881 1577 1914 diu
1600 1881 1734 1927 absque

169 1935 409 1970 delectatione
430 1942 548 1981 potest
571 1944 718 1968 manere
741 1944 823 1966 cum
843 1933 995 1973 tristitia,
1010 1944 1157 1966 necesse
1181 1941 1234 1966 est
1255 1933 1351 1978 quod
1374 1945 1415 1967 ex
1436 1934 1577 1968 tristitia
1599 1933 1733 1980 aliquid

169 1989 342 2036 dupliciter
365 1989 517 2022 oriatur:
542 1999 606 2021 imo
626 1987 731 2029 modo,
747 1994 785 2019 ut
802 1986 917 2019 homo
940 1986 1085 2020 recedat
1107 1997 1126 2019 a
1146 1986 1454 2021 contristantibus:
1478 1987 1544 2021 alio
1565 1987 1672 2029 modo,
1695 1996 1734 2022 ut

169 2043 213 2077 ad
235 2042 304 2076 alia
326 2049 493 2082 transeat,
516 2041 550 2074 in
573 2041 700 2086 quibus
723 2039 938 2074 delectatur:
967 2040 1058 2073 sicut
1084 2039 1147 2081 illi,
1170 2040 1230 2085 qui
1251 2051 1324 2073 non
1346 2048 1497 2086 possunt
1519 2041 1675 2085 gaudere
1696 2041 1732 2075 in

169 2095 410 2142 spiritualibus
433 2094 743 2134 delectationibus,
770 2092 987 2127 transferunt
1008 2104 1045 2126 se
1069 2092 1111 2126 ad
1135 2092 1351 2138 corporales,
1374 2093 1573 2127 secundum
1595 2093 1731 2129 Philos.

168 2149 203 2183 in
238 2160 288 2183 10.
320 2148 435 2182 Ethic.
469 2147 554 2193 (cup.
579 2147 650 2191 6.),·
679 2148 713 2180 in
741 2145 825 2191 fuga
854 2153 974 2180 autem
1000 2145 1163 2179 tristitiae
1189 2145 1269 2180 talis
1299 2157 1489 2192 processus
1520 2147 1731 2190 attenditur3

168 2202 252 2248 quia
273 2202 390 2248 primo
412 2201 526 2234 homo
549 2200 640 2245 fugit
662 2199 922 2240 contristantia,
944 2199 1105 2233 secundo
1135 2199 1244 2233 etiarn
1265 2199 1455 2245 impugnat
1476 2211 1529 2242 ea,
1557 2211 1648 2246 quae
1676 2201 1733 2235 tri-

168 2255 300 2290 stitiam
323 2255 508 2300 ingerunt:
532 2253 728 2299 spiritualia
755 2260 875 2286 autern
901 2252 1008 2293 bona,
1031 2252 1074 2286 de
1097 2252 1223 2297 quibus
1245 2252 1403 2286 tristatur
1425 2253 1574 2295 accidia,
1595 2261 1678 2288 sunt
1698 2262 1733 2288 et

168 2309 260 2350 finis,
282 2316 317 2343 et
337 2308 372 2342 id
395 2307 490 2353 quod
514 2315 566 2340 est
593 2306 635 2339 ad
663 2306 783 2339 finem.
810 2305 910 2350 Fuga
936 2313 1057 2339 autem
1084 2305 1163 2338 finis
1191 2305 1228 2339 fit
1254 2317 1316 2351 per
1342 2305 1620 2352 desperationem:
1647 2306 1732 2353 fuga

169 2370 289 2396 autem
312 2361 504 2402 bonorum,
528 2371 618 2405 quae
640 2367 723 2393 sunt
745 2359 788 2392 ad
810 2358 932 2400 finem,
955 2366 1129 2404 quantum
1152 2359 1195 2392 ad
1219 2359 1340 2400 ardua,
1363 2370 1456 2405 quae
1478 2360 1629 2394 subsunt
1650 2371 1733 2394 con-

167 2415 267 2457 siliis,
289 2414 327 2449 fit
348 2425 410 2460 per
429 2414 756 2460 pusillanincitatam:
780 2420 953 2457 quantum
977 2420 1097 2445 autem
1121 2412 1164 2445 ad
1187 2423 1240 2453 ea,
1263 2423 1354 2457 quae
1369 2412 1549 2457 pertinent
1569 2413 1614 2447 ad
1635 2423 1734 2448 corn-

167 2481 317 2504 munem
342 2468 527 2514 justitiam,
550 2466 588 2500 fit
609 2478 670 2512 per
692 2471 858 2512 torporem
880 2467 971 2500 circa
989 2470 1184 2511 praecepta:
1212 2465 1439 2511 impugnatio
1462 2474 1583 2501 autem
1605 2467 1733 2501 contri-

166 2523 338 2558 stantium
361 2522 542 2555 bonorum
564 2519 805 2566 spiritualium
827 2518 1018 2564 quandoque
1041 2518 1187 2563 quidem
1215 2527 1267 2553 est
1289 2519 1385 2553 circa
1406 2519 1587 2562 homines,
1609 2520 1669 2566 qui
1688 2519 1732 2554 ad

166 2577 262 2611 bona
291 2574 487 2622 spiritualia
521 2573 712 2607 inducunt:
744 2580 779 2606 et
807 2572 865 2605 hic
889 2581 941 2605 est
962 2583 1102 2606 uincor:
1126 2572 1318 2618 quandoque
1340 2583 1426 2606 vero
1449 2584 1486 2607 se
1509 2573 1667 2607 extendit
1687 2573 1731 2607 ad

165 2630 242 2675 ipsa
263 2627 461 2674 spiritualia
482 2627 589 2668 bona,
612 2627 646 2659 in
668 2636 823 2671 quorum
846 2625 1122 2658 detestationem
1139 2624 1266 2671 aliquis
1282 2625 1491 2660 adducitur:
1516 2634 1550 2660 et
1563 2626 1634 2660 hoc
1653 2637 1733 2672 pro-

165 2683 240 2728 prie
271 2690 324 2716 est
350 2681 502 2716 malitia:
531 2681 744 2725 inquantum
773 2687 893 2712 autem
916 2686 1061 2724 propter
1086 2678 1265 2712 tristitiam
1294 2690 1313 2712 a
1340 2678 1580 2724 spiritualibus
1604 2678 1731 2726 aliquis

164 2735 330 2769 transfert
350 2746 387 2769 se
414 2735 457 2768 ad
481 2732 706 2767 delectabilia
728 2732 916 2772 exteriora,
939 2732 1082 2777 ponitur
1104 2731 1176 2765 filia
1200 2732 1360 2766 accidiae
1381 2733 1533 2778 evagatio
1556 2733 1646 2767 circa
1664 2732 1731 2767 ille-

167 2790 253 2829 sim,-
277 2800 338 2834 per
361 2788 456 2833 quod
476 2794 572 2832 patet
594 2785 780 2831 responsio
801 2784 843 2818 ad
866 2796 919 2826 ea,
939 2795 1029 2830 quae
1054 2784 1148 2818 circa
1170 2784 1329 2829 singulas
1349 2785 1438 2820 filias
1459 2785 1729 2831 objiciebantur3

166 2853 251 2874 nam
274 2842 404 2875 malitia
426 2851 498 2874 non
522 2839 694 2885 accipitur
715 2839 786 2880 hic,
809 2838 1006 2872 secundum
1031 2838 1126 2883 quod
1151 2847 1203 2872 est
1225 2850 1337 2883 genus
1356 2839 1538 2884 vitiorum,
1554 2839 1616 2874 sed
1637 2839 1730 2873 sicut

168 2896 302 2930 dictum
325 2903 378 2929 est
399 2895 467 2940 (liic
488 2893 598 2940 sup.):
622 2904 744 2928 rancor
775 2892 883 2926 etiam
910 2903 983 2925 non
1007 2891 1179 2937 accipitur
1197 2892 1254 2926 hic
1279 2892 1523 2928 communiter
1542 2903 1608 2939 pro
1630 2892 1730 2928 odio,
