1859 3122
542 178 762 214 QUAESTIO
797 178 884 207 LIII.
917 179 1162 208 ARTICULUS
1196 179 1252 209 IV.
1575 181 1655 223 401

169 259 228 294 AD
244 270 413 294 TERTiUM
436 259 641 301 dicendum,
658 259 754 305 quod
777 259 1058 294 inconsideratio
1073 260 1131 294 hic
1149 260 1322 306 accipitur
1337 260 1535 295 secundum
1552 262 1664 295 deter-

97 313 272 347 minatam
294 312 496 354 materiam,
518 312 609 346 idest
630 312 826 346 secundum
863 313 1006 358 agibilia
1034 313 1205 355 humana,
1233 314 1268 347 in
1299 314 1426 360 quibus
1449 314 1550 360 plura
1581 323 1663 349 sunt

98 365 312 400 attendenda
328 366 370 399 ad
391 373 485 400 recte
500 365 745 410 judicandum,
761 377 869 412 quam
885 366 994 400 etiam
1009 366 1044 400 in
1063 367 1313 412 speculativis3
1330 368 1411 413 quia
1432 368 1662 414 operationes

98 427 180 454 sunt
201 419 237 453 in
260 418 510 464 singularibus.

658 542 1002 588 ARTICULUS
1037 544 1090 587 V.
1594 566 1662 604 299

99 650 251 679 UTRUM
284 649 614 680 INCONSTANTIA
650 650 716 679 εῖτ
750 651 907 680 virum
935 651 1012 680 sUB
1039 651 1342 681 IMPRUDENTIA
1370 652 1661 682 CONTENTUM.

169 737 229 771 An
255 747 434 776 QU1NTUM
457 737 506 771 sic
541 737 756 783 proceditur.
778 737 939 780 Videtur,
962 738 1059 784 quod
1085 738 1326 772 inconstantia
1361 750 1434 772 non
1457 739 1501 773 sit
1534 739 1662 773 vitium

98 790 161 824 sub
178 790 416 836 imprudentia
433 799 662 833 contentt1m3
679 791 921 825 inconstantia
936 792 1033 825 enim
1048 792 1187 825 videtur
1202 792 1237 825 in
1252 792 1323 825 hoc
1344 792 1550 834 consistere,
1567 793 1662 838 quod

98 843 213 877 homo
235 855 309 878 non
331 844 495 890 persistat
522 844 558 877 in
589 843 709 890 aliquo
741 844 894 880 difficili:
917 845 978 879 sed
1000 845 1189 891 persistere
1222 845 1259 878 in
1282 844 1484 879 difficilibus
1511 846 1663 890 pertinet

99 896 142 930 ad
164 895 431 939 fortitudinem;
460 908 546 943 ergo
573 897 815 931 inconstantia
847 899 963 944 magis
991 899 1185 944 opponitur
1210 897 1422 940 fortitudini,
1450 910 1558 944 qnam
1586 911 1664 945 pru-

99 949 251 984 dentiae.

170 1013 200 1037 2.
223 1003 458 1038 PRAETEREA.
481 1004 607 1049 Jacobi
631 1016 659 1050 3.
682 1004 828 1039 dicitur:
859 1006 923 1040 Ubi
944 1006 1039 1048 zalus,
1062 1011 1089 1040 at
1111 1007 1284 1046 contentio,
1309 1006 1355 1039 ibi
1376 1007 1610 1048 inconstantia,
1632 1011 1663 1040 et

99 1067 192 1091 omne
213 1062 291 1102 opus
306 1063 475 1102 pravum:
495 1057 555 1091 sed
570 1057 666 1091 zelus
683 1058 726 1091 ad
745 1058 919 1092 invidiam
937 1059 1107 1104 pertinet3
1127 1070 1213 1105 ergo
1236 1059 1477 1093 inconstantia
1496 1069 1569 1092 non
1588 1070 1663 1105 per-

98 1110 187 1144 tinet
208 1110 251 1143 ad
273 1110 564 1156 imprudentiam,
587 1111 649 1144 sed
672 1111 788 1157 magis
811 1113 853 1145 ad
876 1112 1060 1146 invidiam.

175 1174 203 1209 3.
226 1163 462 1198 PRAETEREA.
485 1163 549 1198 Ille
571 1164 711 1198 videtur
744 1176 820 1199 esse
855 1165 1076 1207 inconstans,
1111 1166 1171 1212 qui
1202 1177 1276 1200 non
1310 1174 1515 1211 perseverat
1540 1166 1575 1199 in
1608 1177 1668 1208 eo,

99 1215 196 1262 quod
217 1225 472 1262 proposuerat:
496 1217 591 1263 quod
607 1217 753 1263 quidem
770 1218 922 1264 pertinet
935 1220 970 1252 in
986 1218 1285 1253 delectationibus
1301 1219 1344 1253 ad
1363 1219 1664 1261 incontinentem,

100 1269 137 1303 in
159 1269 308 1304 tristitiis
331 1280 451 1304 autem
474 1271 518 1304 ad
541 1271 703 1313 mollem,
726 1271 800 1305 sive
823 1272 1029 1315 delicatum,
1049 1281 1086 1307 ut
1104 1273 1232 1307 dicitur
1250 1273 1285 1306 in
1306 1284 1336 1318 7.
1356 1273 1471 1306 Etliic.
1492 1276 1580 1319 (cap.
1597 1273 1662 1318 7),-

105 1334 192 1368 ergo
214 1323 456 1357 inconstantia
477 1335 551 1358 non
564 1325 725 1370 pertinet
747 1325 789 1358 ad
812 1325 1103 1371 imprudentiam.

173 1376 246 1410 SED
275 1387 430 1411 CONTRA
458 1385 520 1419 est,
548 1378 644 1423 quod
672 1378 714 1411 ad
741 1379 967 1423 prudentiam
995 1379 1147 1425 pertinet
1173 1379 1350 1426 praeferre
1385 1380 1500 1425 majus
1526 1379 1663 1413 bonum

102 1429 221 1463 minus
242 1429 359 1472 bono3
383 1441 469 1476 ergo
492 1431 661 1465 desistere
684 1442 703 1464 a
725 1431 867 1465 meliori
889 1432 1041 1478 pertinet
1063 1433 1106 1466 ad
1125 1433 1425 1478 imprudentiam:
1445 1432 1507 1467 sed
1524 1432 1595 1466 hoc
1612 1440 1665 1466 est

104 1483 366 1524 inconstantia;
389 1494 475 1529 ergo
497 1484 738 1518 inconstantia
760 1485 914 1530 pertinet
935 1485 978 1518 ad
1001 1486 1293 1532 imprudentiam.

173 1535 401 1570 RESPONDEO
429 1537 633 1579 dicendum,
653 1537 749 1583 quod
771 1538 1013 1572 inconstantia
1035 1539 1207 1584 importat
1228 1550 1410 1573 recessum
1429 1538 1624 1584 quemdam
1643 1550 1663 1572 a

101 1590 200 1623 bono
222 1590 410 1635 proposito
432 1589 598 1632 defini·to;
621 1591 830 1635 hujusmodi
851 1602 1013 1625 recessus
1034 1592 1251 1637 principium
1279 1592 1422 1638 quidem
1445 1592 1553 1625 habet
1583 1603 1602 1624 a
1628 1591 1664 1624 vi

101 1642 312 1688 appetitiva:
346 1653 421 1676 non
448 1643 545 1677 enim
571 1643 698 1689 aliquis
725 1644 859 1677 recedit
886 1655 905 1677 a
931 1645 1040 1689 priori
1065 1645 1163 1678 bono
1197 1645 1395 1691 proposito,
1425 1645 1493 1678 nisi
1519 1652 1665 1690 propter

101 1695 248 1741 aliquid,
270 1696 365 1741 quod
388 1696 451 1730 sibi
474 1696 677 1730 inordinate
700 1696 837 1741 placet:
860 1697 920 1731 sed
943 1698 1008 1731 iste
1031 1709 1192 1732 recessus
1209 1709 1284 1732 non
1304 1706 1578 1732 consummatur
1595 1697 1664 1731 nisi

100 1760 163 1795 per
184 1748 366 1782 defectum
388 1749 549 1791 rationis,
576 1761 667 1795 quae
688 1749 822 1783 fallitur
843 1750 879 1784 in
905 1751 976 1784 hoc
999 1751 1096 1796 quod
1118 1752 1281 1797 repudiat
1302 1751 1349 1793 id,
1372 1751 1467 1797 quod
1491 1759 1586 1784 recte
1610 1762 1665 1784 ac—

101 1809 323 1848 ceptaverat3
346 1810 381 1836 et
402 1802 496 1848 quia,
519 1814 602 1836 curn
624 1803 737 1848 possit
758 1803 921 1837 resistere
940 1804 1113 1850 impulsui
1130 1805 1354 1850 passionum,
1373 1806 1401 1838 si
1419 1815 1493 1838 non
1512 1804 1663 1846 resistat,

100 1855 171 1889 hoc
194 1862 247 1888 est
269 1866 311 1888 ex
333 1855 514 1890 debilitate
547 1856 669 1901 ipsius,
692 1867 782 1901 quae
816 1867 889 1890 non
920 1865 1018 1891 tenet
1051 1868 1088 1891 se
1121 1857 1270 1891 firmiter
1291 1858 1327 1891 in
1353 1858 1450 1891 bono
1477 1859 1662 1904 proposito

101 1916 291 1954 concepto,
313 1908 395 1942 ideo
422 1909 677 1951 inconstantia,
705 1917 879 1955 quantum
902 1911 945 1944 ad
972 1910 1026 1944 sui
1054 1911 1423 1953 consummationem,
1445 1911 1599 1957 pertinet
1621 1911 1663 1944 ad

102 1960 282 1995 defectum
308 1961 477 1996 rationis:
499 1962 592 1996 sicut
614 1971 734 1996 autem
762 1963 880 1997 omnis
914 1964 1090 1998 rectitudo
1125 1964 1274 1998 rationis
1303 1965 1482 2010 practicae
1512 1964 1665 2010 pertinet

102 2013 302 2060 aliqualiter
323 2015 367 2048 ad
388 2015 634 2060 prudentiam3
656 2016 705 2049 ita
724 2016 843 2050 omnis
862 2016 1021 2050 defectus
1044 2017 1205 2062 ejusdem
1227 2018 1380 2062 pertinet
1400 2017 1443 2051 ad
1462 2017 1664 2063 impruden-

100 2067 208 2109 tiam,
231 2075 265 2101 et
286 2067 368 2101 ideo
389 2068 632 2103 inconstantia
655 2070 852 2103 secundum
873 2070 927 2103 sui
946 2071 1303 2104 consummationem
1322 2071 1365 2104 ad
1384 2071 1662 2117 imprudentiam

101 2120 273 2166 pertinet:
297 2128 331 2154 et
352 2121 444 2155 sicut
465 2122 712 2167 praecipitatio
736 2130 788 2156 est
810 2133 851 2156 ex
875 2122 1018 2157 defectu
1040 2123 1135 2157 circa
1158 2131 1279 2157 actum
1302 2124 1464 2166 consiliig
1487 2132 1521 2158 et
1542 2124 1665 2157 incon-

102 2173 271 2207 sideratio
294 2174 389 2208 circa
415 2183 536 2209 actum
558 2175 697 2220 judicii3
719 2175 767 2209 ita
788 2175 1031 2210 inconstantia
1054 2176 1148 2211 circa
1171 2185 1292 2211 actum
1313 2177 1510 2223 praecepti:
1532 2188 1572 2211 ex
1591 2177 1662 2211 hoc

104 2226 200 2261 enirn
223 2226 350 2260 dicitur
372 2226 498 2273 aliquis
521 2239 597 2262 esse
627 2228 849 2271 inconstans,
881 2229 976 2275 quod
1003 2230 1093 2264 ratio
1121 2229 1242 2264 deficit
1265 2230 1302 2263 in
1328 2230 1582 2276 praecipiendo
1610 2241 1670 2272 ea,

104 2290 195 2325 quae
217 2287 299 2313 sunt
321 2280 519 2323 consiliata,
542 2289 577 2315 et
596 2281 763 2326 judicata.

173 2332 234 2367 AD
256 2343 403 2367 PRtMUM
423 2344 509 2379 ergo
529 2334 734 2377 dicendum,
754 2335 849 2380 quod
868 2335 1005 2369 bonum
1023 2336 1233 2382 prudentiae
1252 2337 1484 2382 participatur
1500 2336 1536 2369 in
1551 2335 1665 2369 omni-

103 2385 166 2419 bus
188 2385 376 2420 virtutibus
398 2386 614 2421 moralibus:
638 2396 672 2421 et
693 2388 892 2422 secundum
919 2389 990 2423 hoc
1025 2389 1213 2434 persistere
1246 2390 1282 2423 in
1314 2389 1412 2423 bono
1442 2389 1593 2435 pertinet
1620 2389 1663 2422 ad

103 2449 231 2473 ornnes
252 2439 399 2474 virtutes
421 2439 598 2482 morales;
620 2441 811 2487 praecipue
833 2449 956 2475 tamen
979 2442 1022 2476 ad
1044 2441 1304 2484 fortitudinem,
1327 2453 1418 2488 quae
1439 2442 1569 2487 patitur
1592 2453 1665 2475 ma-

102 2492 220 2537 jorem
240 2492 437 2538 impulsum
459 2494 503 2527 ad
525 2494 758 2527 contrarium.

175 2544 234 2578 AD
257 2555 463 2580 SECUNDUM
485 2546 689 2588 dicendum,
712 2547 807 2592 quod
829 2547 974 2590 invidia,
997 2555 1031 2582 et
1049 2547 1112 2589 ira,
1132 2559 1222 2594 quae
1242 2555 1294 2582 est
1313 2547 1554 2581 contentionis
1573 2547 1666 2593 prin-

105 2596 252 2643 cipium,
273 2597 409 2632 faciunt
428 2599 709 2633 inconstantiam
731 2611 773 2634 ex
794 2608 893 2646 parte
917 2601 1131 2646 appetitivae
1153 2601 1304 2642 virtutis,
1326 2611 1367 2634 ex
1391 2611 1460 2645 qua
1493 2607 1545 2634 est
1573 2601 1664 2646 prin-

106 2650 241 2696 cipium
262 2651 538 2694 inconstantiae,
560 2660 598 2686 ut
619 2653 754 2686 dictum
778 2661 830 2687 est
853 2653 903 2697 (iaz
930 2660 1020 2699 corp.
1047 2655 1140 2699 art).

175 2703 235 2737 AD
264 2714 435 2738 TERTIUM
463 2705 667 2747 dicendum,
696 2707 791 2751 quod
815 2706 1048 2748 continentia,
1071 2714 1104 2740 et
1125 2705 1388 2751 perseverantia
1407 2716 1480 2739 non
1498 2705 1664 2740 videntur

106 2767 183 2790 esse
204 2756 240 2789 in
261 2757 298 2789 vi
319 2757 522 2802 appetitiva,
545 2758 606 2792 sed
628 2757 748 2792 solum
768 2759 805 2792 in
826 2759 983 2793 ratione:
1015 2759 1203 2792 continens
1233 2758 1329 2792 enim
1361 2758 1491 2804 patitur
1517 2758 1661 2804 quidem

105 2820 291 2854 perversas
315 2811 636 2855 concupiscentias,
659 2819 693 2844 et
714 2822 946 2856 perseverans
969 2823 1095 2857 graves
1117 2811 1275 2844 tristitias
1295 2811 1407 2856 (quod
1426 2811 1589 2857 designat
1607 2812 1665 2846 de-

106 2860 241 2895 fectum
264 2862 475 2908 appetitivae
496 2863 672 2908 virtutis):
696 2864 757 2898 sed
786 2864 877 2897 ratio
904 2864 1053 2898 firmiter
1080 2863 1245 2909 persistit,
1276 2864 1490 2899 continentis
1517 2865 1662 2911 quidem
