1859 3122
467 191 690 227 QUAESTIO
723 191 858 220 XXVII.
891 191 1136 221 ARTICULUS
1170 191 1197 221 1.
1534 192 1615 234 231

131 283 161 308 2.
185 274 419 308 PRAETEREA.
443 273 545 315 Illud,
568 273 663 319 quod
685 273 720 306 in
743 272 902 319 pluribus
924 272 1114 315 invenitur,
1136 272 1276 307 videtur
1298 283 1375 307 esse
1397 272 1514 317 magis
1538 284 1621 306 con-

58 327 205 362 veniens
219 335 380 369 naturae,
396 336 429 361 et
445 339 506 373 per
521 338 745 372 consequens
762 325 910 360 melius:
926 326 999 368 sed,
1011 327 1101 360 sicut
1117 326 1203 360 dicit
1217 325 1352 360 Philos.
1368 326 1403 359 in
1420 325 1620 360 8.Ethicor.

59 381 150 427 (cap.
172 381 233 426 8.),
257 380 361 414 multi
383 381 499 425 magis
523 379 648 414 volunt
671 379 795 421 amari,
818 390 926 425 quam
950 391 1084 421 amare,
1107 391 1321 426 semperque
1344 388 1525 414 amatores
1541 380 1623 414 adu-

57 433 202 468 lationis
224 442 306 468 sunt
328 434 448 476 1nulti3
469 445 555 479 ergo
578 433 706 467 melius
729 441 782 468 est
803 433 928 474 amari,
952 445 1060 479 quam
1086 444 1220 475 amare,
1249 442 1283 467 et
1309 445 1371 480 per
1394 444 1621 480 consequens

58 487 174 533 magis
197 489 417 521 conveniens
441 487 616 520 charitati.

133 551 160 586 3.
175 540 411 575 PRAETEREA.
428 540 579 585 Propter
593 539 689 586 quod
704 539 1000 585 unumquodque,
1013 539 1280 585 etilludmagis,
1292 548 1329 574 ut
1340 540 1467 574 dicitur
1482 540 1621 574 Poster.

57 592 116 627 lib.
143 604 170 627 1.
193 601 276 627 text.
304 605 348 638 3.:
371 594 431 628 sed
454 594 622 627 homines
644 600 788 638 propter
809 593 880 626 hoc
903 593 999 638 quod
1027 601 1204 634 amantur,
1236 600 1378 627 amant:
1411 593 1496 627 dicit
1522 593 1619 627 enim

58 646 211 692 August.
231 647 266 680 in
286 647 344 680 lib.
365 647 406 680 de
430 646 580 681 Catech.
603 646 694 679 Rud.
719 645 806 692 (cap.
825 647 890 690 4),
914 646 1009 691 quod
1032 645 1130 679 nulla
1153 654 1205 680 est
1220 647 1335 691 major
1350 647 1561 692 provocatio
1578 647 1621 680 ad

58 701 268 742 amandum,
291 711 399 746 quam
422 699 631 746 praevenire
654 700 831 742 amando;
854 710 940 744 ergo
964 699 1118 733 charitas
1137 700 1253 744 magis
1269 700 1431 734 consistit
1446 702 1480 734 in
1497 700 1620 742 amari,

57 764 167 799 quam
188 753 225 787 in
252 765 386 787 amare.

129 806 204 841 SED
233 817 387 841 CONTRA
411 814 475 848 est,
498 805 594 852 quod
613 805 749 840 Philos.
773 806 859 840 dicit
879 806 915 840 in
938 807 969 841 8.
992 806 1152 840 Ethicor.
1177 807 1264 853 (cap.
1287 807 1351 852 8.),
1380 807 1477 853 quod
1504 807 1620 853 magis

57 859 175 893 existit
197 860 356 893 amicitia
378 860 413 893 in
437 871 571 901 amare,
594 871 703 905 quam
722 860 758 893 in
777 860 908 894 amari:
925 860 986 894 sed
1006 860 1160 894 charitas
1179 868 1231 894 est
1246 860 1404 894 amicitia
1423 862 1619 907 quaedam3

57 923 144 959 ergo
167 913 322 947 charitas
345 913 461 957 magis
484 912 646 947 consistit
666 913 702 946 in
725 924 859 955 amare,
882 925 991 960 quarn
1013 913 1049 947 in
1071 913 1196 947 amari.

127 965 358 1001 Rrspoxnro
381 966 586 1007 dicendum,
610 966 706 1012 quod
729 977 851 1001 amare
867 967 1036 1001 convenit
1051 967 1227 1009 charitati,
1242 967 1457 1013 inquantum
1473 976 1526 1002 est
1540 968 1621 1002 cha-

57 1020 159 1053 ritas:
182 1019 337 1053 charitas
358 1019 465 1061 enim,
482 1031 565 1053 cum
580 1019 624 1053 sit
636 1019 748 1054 virtus
763 1020 953 1065 quaedam,
968 1020 1167 1054 secundum
1183 1032 1285 1054 suam
1302 1021 1494 1055 essentiam
1512 1021 1621 1056 habet

56 1072 331 1106 inclinationem
347 1073 390 1106 ad
404 1073 591 1118 proprium
607 1081 746 1106 actum:
763 1075 875 1107 amari
891 1082 1011 1107 autem
1026 1085 1100 1107 non
1117 1082 1169 1108 est
1184 1082 1283 1108 actus
1300 1074 1483 1108 charitatis
1497 1075 1619 1121 ipsius,

57 1125 119 1171 qui
140 1134 299 1168 amatur;
321 1126 382 1160 sed
406 1134 506 1160 actus
529 1126 711 1160 charitatis
739 1127 814 1172 ejus
839 1135 891 1161 est
922 1138 1062 1161 amare:
1093 1127 1207 1161 amari
1234 1136 1356 1162 autem
1387 1128 1560 1174 competit
1588 1128 1620 1162 ei

57 1179 258 1213 secundum
280 1191 518 1214 communem
540 1179 717 1213 rationem
744 1180 849 1223 boni;
880 1188 985 1226 prout
1013 1180 1153 1215 scilicet
1183 1181 1226 1214 ad
1259 1182 1334 1226 ejus
1364 1181 1503 1215 bonum
1530 1181 1619 1216 alius

58 1243 121 1278 per
142 1240 264 1266 actum
287 1232 469 1266 charitatis
495 1240 678 1267 movetur:
707 1233 800 1267 unde
830 1233 1063 1267 manifestum
1092 1242 1155 1275 est,
1184 1234 1281 1280 quod
1312 1234 1477 1268 charitati
1503 1235 1619 1280 magis

59 1287 228 1320 convenit
249 1298 382 1328 amare,
406 1297 515 1332 quam
537 1286 661 1320 amari.
684 1286 801 1332 Magis
821 1287 916 1321 enim
934 1287 1103 1321 convenit
1117 1287 1322 1333 unicuique,
1338 1288 1433 1334 quod
1450 1288 1620 1322 convenit

58 1339 90 1373 ei
112 1351 174 1385 per
195 1351 244 1381 se,
264 1348 298 1374 et
318 1339 608 1381 substantialiter,
631 1351 741 1385 quam
763 1340 859 1385 quod
883 1341 1053 1375 convenit
1075 1341 1107 1375 ei
1128 1352 1190 1387 per
1205 1341 1320 1383 aliud3
1335 1349 1369 1375 et
1382 1342 1487 1387 hujus
1502 1342 1620 1388 duplex

57 1400 110 1426 est
131 1393 293 1439 signum:
312 1394 461 1439 primum
485 1393 642 1438 quidem,
666 1393 747 1438 quia
768 1393 873 1427 amici
890 1395 1005 1439 magis
1020 1393 1212 1428 laudantur
1228 1406 1269 1428 ex
1284 1395 1355 1428 hoc
1372 1395 1467 1440 quod
1484 1403 1618 1437 amant,

59 1457 168 1491 quam
190 1458 232 1479 ex
253 1446 323 1480 hoc
343 1446 438 1492 quod
465 1454 646 1480 amantur:
674 1446 876 1491 quinimmo
903 1447 933 1480 si
958 1459 1032 1480 non
1059 1456 1193 1489 amant,
1221 1456 1255 1482 et
1282 1456 1457 1490 amentur,
1484 1449 1619 1494 vitupe-

57 1506 197 1533 rantur:
215 1499 364 1542 saczmdo,
384 1499 467 1545 quia
482 1508 626 1541 matres,
641 1511 732 1545 quae
748 1500 904 1534 maxime
921 1509 1055 1543 amant,
1069 1501 1148 1547 plus
1168 1510 1344 1547 quaerunt
1359 1514 1492 1544 amare,
1508 1514 1616 1548 quam

59 1553 182 1586 amari.
207 1552 400 1593 Quaedam
422 1553 531 1594 enim,
549 1561 587 1586 ut
607 1552 743 1587 Philos.
768 1553 853 1587 dicit
874 1554 908 1587 in
932 1555 1063 1587 eodem
1084 1554 1175 1588 libro
1197 1555 1272 1598 (loc.
1301 1556 1384 1598 cit),
1412 1555 1506 1590 filios
1533 1567 1615 1590 suos

59 1606 144 1639 dant
163 1606 304 1648 nutrici,
328 1614 361 1639 et
383 1614 505 1640 amant
526 1606 683 1652 quidem,
710 1606 890 1640 redamari
916 1615 1036 1641 autem
1064 1619 1137 1641 non
1165 1617 1352 1654 quaerunt,
1379 1609 1409 1643 si
1434 1620 1509 1643 non
1535 1621 1617 1644 con-

57 1658 183 1704 tingat.

127 1712 188 1746 AD
214 1722 363 1747 PRIMUM
385 1723 472 1757 ergo
503 1712 706 1754 dicendum,
732 1712 829 1758 quod
860 1713 1030 1748 meliores
1059 1726 1101 1748 ex
1129 1725 1172 1749 eo
1201 1715 1297 1761 quod
1327 1714 1497 1750 meliores
1519 1724 1612 1758 sunt,

56 1772 138 1800 sunt
159 1765 274 1811 magis
297 1765 489 1800 amabiles:
512 1765 573 1799 sed
597 1777 639 1799 ex
655 1777 698 1800 eo
718 1766 814 1812 quod
828 1767 865 1800 in
881 1767 931 1801 eis
946 1776 999 1801 est
1012 1767 1204 1814 perfectior
1218 1768 1384 1810 charitas,
1400 1777 1483 1803 sunt
1501 1769 1616 1815 magis

56 1826 235 1853 amantes:
264 1819 464 1852 secundum
493 1827 616 1852 tamen
646 1819 919 1865 proportionem
951 1821 1077 1855 amati:
1107 1833 1181 1855 non
1213 1822 1310 1856 enim
1337 1821 1467 1856 melior
1497 1823 1615 1857 minus

55 1879 154 1905 amat
173 1871 220 1913 id,
242 1871 338 1917 quod
360 1871 451 1905 infra
472 1871 591 1917 ipsum
614 1880 676 1914 est,
700 1883 809 1917 quam
837 1872 990 1907 amabile
1017 1874 1078 1908 sit:
1107 1874 1199 1908 sicut
1225 1874 1297 1916 ille,
1329 1875 1389 1921 qui
1419 1884 1472 1909 est
1497 1876 1615 1910 minus

53 1924 181 1966 bonus,
203 1936 278 1958 non
300 1924 442 1970 attingit
463 1925 507 1958 ad
529 1925 723 1958 amandum
748 1925 951 1968 meliorem>
974 1935 1149 1972 quantum
1172 1928 1336 1962 amabilis
1356 1936 1418 1962 est.

124 1978 185 2013 AD
207 1989 413 2013 SECUNDUM
436 1978 640 2020 dicendum,
663 1979 759 2024 quod
781 1979 873 2013 sicut
891 1979 1027 2014 Philos.
1043 1981 1128 2015 dicit
1142 1981 1287 2023 ibidem,
1306 1982 1474 2017 homines
1488 1982 1614 2018 volunt

55 2032 180 2074 amari,
202 2032 415 2078 inquantum
441 2031 569 2066 volunt
593 2032 786 2066 honorari:
817 2033 908 2066 sicut
937 2033 1034 2067 enim
1064 2034 1184 2069 honor
1214 2035 1400 2069 exhibetur
1430 2035 1548 2078 alicui,
1577 2045 1614 2071 ut

55 2085 237 2131 quoddam
255 2086 505 2120 testimonium
527 2085 613 2119 boni
633 2085 669 2118 in
690 2085 780 2131 ipso,
803 2086 863 2132 qui
884 2086 1102 2121 honoratur:
1125 2089 1173 2122 ita
1190 2099 1253 2134 per
1273 2089 1344 2123 hoc
1367 2089 1463 2135 quod
1485 2089 1612 2136 aliquis

55 2147 206 2180 amatur,
229 2139 426 2173 ostenditur
447 2139 483 2172 in
503 2139 582 2184 ipso
605 2150 682 2173 esse
704 2138 850 2185 aliquod
871 2139 1025 2182 bonum3
1048 2141 1129 2186 quia
1151 2141 1271 2175 solum
1292 2142 1430 2176 bonum
1457 2143 1612 2180 amabile

55 2199 124 2234 est3
147 2192 196 2226 sic
219 2203 307 2238 ergo
330 2192 454 2233 amari,
477 2200 511 2226 et
532 2192 706 2225 honorari
724 2200 901 2238 quaerunt
922 2193 1090 2228 homines
1108 2203 1254 2241 propter
1275 2195 1382 2236 aliud,
1404 2196 1541 2230 scilicet
1567 2197 1610 2230 ad

54 2244 383 2279 manifestationem
404 2245 491 2279 boni
511 2245 547 2279 in
570 2253 691 2279 amato
715 2245 915 2280 existentis:
936 2257 1057 2281 amare
1073 2255 1193 2281 autem
1209 2257 1385 2294 quaerunt
1398 2249 1610 2284 charitatem

53 2297 225 2333 habentes
247 2298 447 2332 secundum
468 2309 517 2340 se,
540 2298 641 2344 quasi
666 2299 786 2344 ipsum
814 2299 859 2333 sit
890 2299 1026 2333 bonum
1054 2301 1254 2336 charitatis:
1283 2302 1374 2336 sicut
1404 2311 1437 2336 et
1463 2303 1610 2348 quilibet

54 2359 154 2385 actus
167 2351 305 2386 virtutis
321 2360 372 2386 est
385 2352 523 2386 bonum
537 2351 675 2386 virtutis
689 2351 801 2395 illius;
817 2352 911 2386 unde
930 2353 1045 2399 magis
1059 2355 1213 2399 pertinet
1231 2355 1274 2389 ad
1290 2355 1502 2389 charitatem
1516 2356 1609 2391 velle

54 2414 187 2446 amare,
205 2416 312 2450 quam
334 2404 428 2439 velle
451 2405 574 2438 amari.

123 2458 183 2492 AD
198 2468 368 2492 TERT1UM
390 2458 594 2500 dicendum,
619 2458 715 2504 quod
737 2466 882 2504 propter
903 2460 1016 2493 amari
1039 2460 1149 2507 aliqui
1170 2470 1311 2504 amant3
1338 2474 1412 2496 non
1438 2462 1486 2496 ita
1513 2463 1608 2508 quod

54 2511 167 2544 amari
188 2511 232 2545 sit
252 2511 331 2545 finis
351 2512 426 2556 ejus
448 2511 544 2557 quod
564 2519 616 2545 est
638 2523 778 2554 amare3
802 2513 864 2546 sed
887 2523 930 2546 eo
952 2513 1048 2559 quod
1071 2523 1123 2549 est
1140 2515 1198 2549 via
1219 2516 1397 2561 quaedam
1417 2516 1460 2549 ad
1474 2516 1544 2549 hoc
1559 2516 1610 2550 in-

53 2563 198 2606 ducens,
220 2564 315 2610 quod
337 2564 451 2598 homo
476 2572 583 2598 amet.
