1859 3122
209 143 295 198 906
585 155 806 190 QUAESTIO
841 156 1034 185 CXXXVII.
1066 157 1311 187 ARTICULUS
1344 158 1387 187 ΙΙ.

278 247 306 281 3.
330 235 567 270 PRAETEREA.
590 236 745 282 August.
769 236 853 271 dicit
873 237 911 270 in
932 237 992 271 lib.
1011 237 1055 272 de
1073 238 1215 272 PerseV.
1235 239 1325 285 (cap.
1344 239 1402 284 L),
1423 241 1518 286 quod
1537 252 1763 287 perseveran-

202 288 290 322 tiam
311 288 431 322 nullus
452 297 572 334 potest
594 289 773 324 amittere:
796 289 883 324 alias
902 298 1023 324 autern
1040 291 1187 326 virtutes
1207 299 1323 336 potest
1340 292 1454 326 homo
1473 294 1655 337 amittere3
1674 306 1762 342 ergo

201 342 466 388 perseverantia
488 350 541 376 est
562 343 682 388 potior
710 343 877 377 omnibus
904 343 981 377 aliis
1007 344 1213 378 virtutibus:
1244 345 1306 379 sed
1336 345 1447 380 virtus
1477 346 1682 393 principalis
1709 357 1762 382 est

201 394 332 440 potior,
355 406 465 440 quam
487 396 562 440 ejus
585 407 684 441 pars3
708 407 796 442 ergo
818 397 1086 442 perseverantia
1104 408 1178 431 non
1197 405 1249 431 est
1266 409 1347 443 pars
1366 397 1516 445 alicujus
1533 400 1684 443 virtutis,
1699 401 1761 435 sed

202 447 319 493 magis
342 449 419 493 ipsa
441 455 493 482 est
512 448 624 482 virtus
646 449 862 495 principalis.

272 500 347 535 SED
376 512 530 536 CONTRA
559 510 622 544 est,
646 503 741 548 quod
770 501 912 536 Tullius
939 502 1013 546 (lib.
1040 514 1070 538 2.
1098 503 1133 538 dc
1158 503 1305 548 Invent.)
1332 504 1434 550 ponit
1457 505 1761 550 perseverantiam

201 561 341 600 partem
362 553 593 589 fortitudinis.

269 606 499 642 RESPONDEO
524 607 730 650 dicendum,
750 608 857 654 quod,
880 609 971 643 sicut
992 620 1099 655 supra
1121 609 1257 643 dictum
1280 617 1332 644 est
1355 609 1398 655 (q.
1421 622 1486 656 123.
1510 616 1574 645 art.
1595 623 1641 646 rr.
1657 616 1685 646 et
1699 623 1760 647 1-2.

202 671 232 705 q.
254 660 304 695 61.
327 666 390 694 art.
408 673 438 707 3.
460 666 487 695 et
505 661 568 705 4.),
588 661 699 695 virtus
722 661 928 707 principalis
952 670 1014 704 est,
1038 662 1096 696 cui
1117 662 1361 708 principaliter
1382 663 1592 697 adscribitur
1614 661 1759 710 aliquid,

202 713 299 759 quod
320 713 473 759 pertinet
495 714 539 748 ad
561 714 707 748 laudem
728 715 890 757 virtutis;
912 716 1127 761 inquantum
1148 715 1286 750 scilicet
1307 724 1449 750 exercet
1465 716 1552 750 illud
1573 717 1666 752 circa
1684 729 1764 764 pro·

201 766 318 813 priam
340 767 541 812 materiam,
560 767 597 801 in
619 779 689 813 qua
712 767 978 810 difficillimum,
999 776 1034 802 et
1055 769 1234 814 optimum
1255 777 1308 803 est
1324 768 1412 802 illud
1431 769 1641 804 observare:
1661 778 1696 805 et
1712 782 1763 805 se—

203 820 362 854 cundum
384 820 455 854 hoc
475 820 611 854 dictum
628 829 681 854 est
700 820 744 866 (q.
764 833 828 867 123.
848 826 911 855 art.
931 822 1007 866 IL),
1028 821 1125 867 quod
1142 821 1315 856 fortitudo
1335 830 1387 856 est
1406 822 1613 868 principalis
1630 825 1760 858 virtus:

202 873 285 919 quia
306 872 514 907 firmitatem
536 881 655 907 servat
675 874 712 907 in
733 874 800 915 his,
821 874 857 907 in
880 874 1006 919 quibus
1034 873 1287 908 difficillimum
1309 882 1362 909 est
1385 874 1537 909 firmiter
1562 876 1762 922 persistere,

200 927 338 962 scilicet
362 927 399 961 in
421 927 586 973 periculis
611 928 754 970 mortis;
777 936 811 962 et
832 928 914 962 ideo
936 939 1085 963 necesse
1105 936 1168 971 est,
1191 929 1287 975 quod
1308 928 1510 964 fortitudini
1536 930 1762 976 adjungatur,

202 982 292 1015 sicut
318 981 530 1015 secundaria
555 981 666 1016 virtus
694 981 894 1027 principali,
922 982 1041 1016 omnis
1067 981 1128 1015 illa
1155 982 1277 1024 virtus,
1306 983 1406 1027 cujus
1432 982 1510 1017 laus
1538 984 1702 1019 consistit
1725 984 1763 1018 in

202 1034 412 1068 sustinendo
435 1033 584 1068 firmiter
607 1034 751 1080 aliquod
774 1034 936 1068 difficile:
960 1035 1134 1069 sustinere
1157 1044 1278 1069 autem
1297 1035 1557 1078 difficultatem,
1576 1048 1668 1082 quae
1685 1048 1763 1083 pro-

201 1087 298 1121 venit
320 1098 361 1121 ex
384 1087 614 1122 diuturnitate
636 1088 720 1122 boni
743 1088 872 1134 operiS,
895 1089 955 1122 dat
975 1088 1121 1122 laudem
1144 1090 1448 1134 perseverantiae:
1471 1101 1537 1124 nec
1555 1090 1627 1125 hoc
1645 1099 1699 1126 est
1714 1091 1763 1125 ita

203 1140 358 1182 difficile,
381 1141 473 1175 sicut
494 1141 669 1176 sustinere
690 1140 851 1187 pericula
872 1142 1017 1184 mortis;
1037 1150 1071 1176 et
1088 1142 1172 1176 ideo
1191 1144 1455 1188 perseverantia
1473 1143 1679 1190 adjungitur
1694 1143 1764 1179 for-

202 1194 354 1236 titudini,
375 1194 466 1228 sicut
486 1195 598 1229 virtus
620 1194 832 1229 secundaria
852 1195 1051 1241 principali.

273 1248 333 1281 AD
354 1258 503 1282 PRIMUM
526 1259 614 1293 ergo
638 1248 841 1289 dicendum,
864 1248 960 1293 quod
984 1248 1137 1282 annexio
1159 1248 1392 1283 secundariae
1409 1249 1548 1283 virtutis
1571 1250 1614 1283 ad
1637 1249 1764 1295 princi-

204 1300 323 1347 palem
344 1312 418 1334 non
440 1300 561 1334 solum
584 1301 776 1334 attenditur
797 1301 998 1334 secundum
1019 1302 1220 1343 materiam,
1242 1302 1304 1335 sed
1326 1303 1442 1348 magis
1463 1303 1664 1337 secundum
1685 1314 1763 1337 mo-

204 1353 308 1388 dum:
332 1355 415 1399 quia
436 1353 555 1387 forma
576 1354 611 1387 in
634 1364 855 1399 unoquoque
877 1354 996 1399 potior
1019 1362 1082 1396 est,
1104 1365 1213 1400 quam
1235 1355 1405 1397 materia3
1428 1355 1522 1389 unde
1545 1355 1630 1389 licet
1649 1367 1764 1402 perse-

204 1408 364 1441 verantia
386 1407 502 1452 magis
525 1407 688 1440 videatur
710 1408 903 1441 convenire
925 1407 961 1440 in
983 1407 1134 1441 materia
1156 1419 1238 1441 cum
1265 1409 1514 1454 temperantia,
1542 1420 1653 1454 quarn
1679 1420 1763 1443 cum

203 1459 431 1502 fortitudine3
453 1468 576 1494 tamen
598 1460 633 1493 in
656 1460 768 1494 modo
791 1460 906 1506 magis
929 1461 1099 1494 convenit
1120 1472 1203 1494 curn
1224 1460 1443 1504 fortitudine,
1470 1462 1684 1508 inquantum
1710 1461 1765 1496 fir-

204 1513 368 1547 mitatem
391 1521 508 1548 servat
535 1521 660 1548 contra
682 1512 931 1547 difficultatem
952 1513 1201 1548 diuturnitatis.

273 1567 333 1601 AD
353 1577 560 1601 SECUNDUM
579 1566 786 1608 dicendum,
801 1567 899 1612 quod
924 1565 986 1600 illa
1012 1567 1288 1612 perseverantia,
1303 1567 1346 1601 de
1361 1579 1431 1613 qua
1449 1567 1607 1614 loquitur
1626 1567 1762 1602 Philos.

204 1619 277 1664 (lib.
300 1631 331 1665 7.
353 1620 461 1655 Etlyic.
484 1627 554 1667 cap.
583 1631 616 1664 4.
643 1626 673 1654 et
699 1621 758 1666 7.),
789 1631 864 1654 non
894 1620 1103 1654 moderatur
1132 1620 1270 1666 aliquas
1295 1621 1492 1666 passiones,
1514 1621 1576 1655 sed
1599 1621 1762 1656 consistit

203 1673 322 1708 solum
344 1674 378 1707 in
401 1674 557 1720 quadam
581 1673 747 1708 firmitate
770 1673 931 1716 rationis,
955 1681 989 1708 et
1009 1673 1223 1708 voluntatis:
1251 1674 1312 1708 sed
1334 1675 1610 1720 perseverantia,
1636 1685 1763 1709 secun-

205 1728 290 1762 dum
313 1728 408 1773 quod
430 1728 575 1774 ponitur
596 1727 720 1769 virtus,
743 1727 952 1761 moderatur
974 1726 1111 1773 aliquas
1129 1727 1326 1773 passiones,
1348 1727 1485 1761 scilicet
1502 1728 1672 1762 timorem
1690 1727 1764 1762 fati-

204 1781 370 1826 gationis,
393 1789 453 1815 aut
474 1780 633 1815 defectus
652 1789 798 1827 propter
815 1780 1103 1823 diuturnitatem3
1122 1780 1215 1814 unde
1229 1780 1319 1815 haec
1334 1780 1445 1815 virtus
1460 1789 1512 1815 est
1530 1781 1566 1815 in
1580 1781 1762 1823 irascibili,

206 1835 299 1869 sicut
321 1843 354 1868 et
375 1833 560 1868 fortitudo.

276 1888 336 1922 AD
364 1897 535 1922 TERTIUM
562 1887 767 1929 dicendum,
789 1886 886 1933 quod
908 1887 1060 1932 August.
1083 1886 1130 1920 ibi
1151 1886 1309 1932 loquitur
1330 1887 1373 1920 de
1395 1888 1672 1932 perseverantia,
1690 1897 1765 1920 non

206 1941 405 1976 secundum
420 1941 517 1986 quod
535 1942 698 1974 nominat
713 1940 876 1974 habiturn
895 1940 1046 1981 virtutis,
1064 1939 1126 1974 sed
1140 1940 1339 1974 secundum
1356 1940 1452 1986 quod
1466 1941 1631 1974 nominat
1645 1947 1765 1974 actum

206 1994 343 2028 virtutis
366 1994 616 2028 continuatum
638 2005 750 2039 usque
771 1993 807 2026 in
830 1992 951 2034 finem,
974 1993 1173 2027 secundum
1195 1992 1282 2026 illud
1302 1993 1429 2026 Matth.
1446 2003 1521 2038 23.:
1544 1993 1766 2039 Quiperseve-

206 2048 332 2081 raverit
350 2059 446 2092 nsque
467 2048 501 2080 in
514 2048 630 2092 finem,
659 2047 710 2081 hic
731 2047 840 2080 salvus
860 2047 946 2086 ent,-
968 2053 1002 2080 et
1024 2046 1106 2080 ideo
1130 2053 1255 2080 contra
1277 2046 1456 2080 rationem
1477 2046 1763 2092 perseverantiae

208 2099 258 2134 sic
282 2108 452 2146 acceptae
474 2107 566 2134 esset
588 2099 684 2145 quod
707 2099 970 2133 admitteretur:
993 2099 1074 2145 quia
1096 2100 1171 2144 jam
1192 2110 1266 2133 non
1288 2099 1430 2133 duraret
1457 2099 1622 2145 usquein
1644 2098 1764 2133 finem.

777 2252 1122 2296 ARTICULUS
1150 2252 1228 2295 ΠΙ.
1698 2263 1761 2310 675

356 2373 511 2403 UTRUM
544 2371 825 2402 CONSTANTIA
858 2370 1102 2401 PERTINEAT
1130 2371 1188 2400 AD
1221 2371 1617 2401 PERSEVERANTIAM.

280 2472 339 2507 AD
363 2482 533 2507 TERTIUM
556 2472 605 2506 sic
633 2470 847 2517 proceditur.
874 2470 1036 2512 Videtur,
1068 2471 1164 2516 quod
1199 2472 1398 2504 constantia
1420 2482 1494 2505 non
1521 2471 1696 2517 pertineat
1722 2471 1765 2505 ad

209 2526 536 2572 perseverantiam:
560 2524 759 2559 constantia
782 2525 879 2557 enim
898 2525 1048 2569 pertinet
1063 2523 1106 2556 ad
1129 2524 1349 2569 patientiam,
1372 2532 1409 2557 ut
1430 2535 1536 2570 supra
1557 2524 1692 2558 dictum
1715 2532 1767 2558 est

209 2580 256 2625 (q.
274 2585 386 2625 praec.
414 2584 476 2613 art.
500 2580 569 2624 5.).·
593 2578 653 2612 sed
677 2577 846 2623 patientia
869 2575 984 2610 differt
1007 2588 1026 2610 a
1048 2577 1330 2622 perseveranti23
1355 2588 1442 2622 ergo
1465 2577 1666 2611 constantia
1691 2589 1765 2612 non

209 2632 360 2678 pertinet
383 2632 425 2665 ad
447 2631 759 2677 perseverantiam.

280 2695 310 2719 2.
334 2684 569 2719 PRAETEREA.
584 2683 706 2718 Virtus
728 2691 780 2717 est
803 2683 896 2716 circa
912 2681 1056 2716 difficile
1078 2682 1214 2716 bonum
1244 2682 1303 2727 [al.
1323 2683 1451 2728 difficile.²
1472 2689 1501 2718 et
1523 2684 1680 2729 honum]:
1703 2684 1765 2718 sed

208 2738 244 2772 in
274 2738 390 2783 parvis
418 2738 584 2783 operibus
615 2744 840 2771 constantem
871 2746 947 2769 esse
969 2746 1042 2769 non
1064 2736 1203 2769 videtur
1225 2747 1301 2770 esse
1324 2735 1480 2778 difficile,
1506 2737 1567 2771 sed
1589 2736 1709 2771 solum
1730 2737 1765 2771 in

210 2791 375 2837 operibus
398 2791 550 2835 magnis,
577 2801 667 2836 quae
690 2789 867 2836 pertinent
888 2789 930 2822 ad
953 2788 1284 2834 magnificentiam3
1307 2800 1393 2835 ergo
1428 2790 1628 2824 constantia
1650 2790 1765 2836 magis

210 2844 361 2890 pertinet
380 2844 423 2877 ad
445 2843 764 2889 magnificentiam,
787 2853 895 2888 quam
915 2841 957 2874 ad
980 2842 1294 2887 perseverantiam.
