1859 3122
499 182 720 219 QUAESTIO
756 181 854 210 LXX.
889 180 1132 210 ARTICULUS
1166 180 1224 210 111.
1555 179 1636 221 515

82 268 227 316 publico
250 266 399 302 crimine
422 265 472 300 rei
493 273 585 307 sunt,
607 264 667 311 qui
687 274 754 298 nec
776 273 945 297 accusare
967 270 1134 309 possunt:
1157 261 1348 308 quandoque
1370 268 1490 295 autern
1505 260 1639 307 absque

83 322 205 368 culpa:
229 329 264 356 et
284 321 354 354 hoc
377 328 450 354 est:
471 319 523 353 vel
544 330 586 353 ex
608 317 749 352 defectu
774 316 941 359 rationis3
973 316 1064 350 sicut
1090 323 1187 362 patet
1214 315 1249 348 in
1277 315 1407 361 pueris,
1424 314 1638 357 amentibus,

83 383 118 410 et
138 374 366 409 mulieribus:
387 373 439 407 vel
465 384 507 407 ex
534 371 683 414 affectu余
710 371 802 405 sicut
827 378 923 416 patet
942 371 984 404 de
1004 370 1171 411 inimicis,
1190 377 1224 404 et
1242 368 1403 415 personis
1427 368 1639 414 conjunctis,

83 436 118 463 et
138 427 366 462 domesticis:
387 427 439 461 vel
460 426 568 460 etiam
591 437 633 459 ex
656 424 822 459 exteriori
844 424 1071 465 conditione余
1094 423 1186 457 sicut
1207 431 1288 457 sunt
1317 433 1502 469 pauperes,
1536 422 1640 463 servi,

83 490 118 516 et
138 481 201 524 illi,
223 481 349 527 quibus
371 480 538 526 imperari
560 486 688 525 potest,
710 478 753 512 de
776 478 901 523 quibus
925 476 1108 523 probabile
1128 484 1190 518 est,
1205 477 1301 522 quod
1317 477 1359 510 de
1373 475 1468 510 facili
1491 483 1641 522 possunt

83 535 204 570 induci
227 534 269 568 ad
291 533 540 568 testimonium
562 532 749 566 ferendum
773 539 897 565 contra
918 532 1127 573 veritatem,
1150 539 1184 564 et
1205 531 1254 564 sic
1278 538 1386 576 patet,
1420 529 1516 576 quod
1548 530 1642 564 testi-

84 589 248 623 monium
271 587 422 633 alicujus
444 586 625 632 repellitur
647 593 681 619 et
702 593 846 631 propter
867 584 1022 629 culpam,
1045 592 1079 618 et
1101 585 1232 630 absque
1254 584 1370 630 culpa.

154 642 212 676 AD
234 651 383 676 PRIMUM
405 651 491 686 ergo
513 639 718 681 dicendum,
741 638 836 684 quod
858 637 1032 683 repellere
1054 637 1211 684 aliquem
1234 649 1253 671 a
1274 637 1495 679 testimonio,
1524 637 1641 683 magis

84 697 236 741 pertinet
258 695 301 729 ad
325 694 503 728 cautelam
524 692 605 726 falsi
625 691 818 726 testimonii
843 691 989 733 vitandi,
1017 703 1126 737 quam
1149 691 1192 725 ad
1213 702 1390 737 poenam,
1424 691 1517 725 unde
1550 691 1640 725 ratio

83 761 157 784 non
178 748 346 795 sequitur.

154 803 213 837 AD
237 811 443 837 SECUNDUM
469 799 673 841 dicendum,
700 798 796 845 quod
819 799 862 832 de
883 798 1045 844 quolibet
1077 797 1381 844 praesumendum
1408 805 1460 832 est
1491 798 1640 840 bonum,

83 856 151 890 nisi
173 863 342 902 appareat
363 855 602 895 contrarium余
625 853 825 887 dummodo
846 863 921 886 non
942 860 1068 898 vergat
1088 852 1123 885 in
1145 851 1346 897 periculum
1369 851 1531 894 alterius3
1559 852 1641 897 quia

83 918 168 944 tunc
191 918 244 944 cst
265 908 466 943 adhibenda
493 906 642 950 cautela,
664 914 702 940 ut
722 917 796 940 non
818 906 860 940 de
882 905 979 939 facili
1005 905 1199 951 unicuique
1233 905 1409 948 credatur,
1442 905 1641 940 secundum

83 963 171 998 illud
198 974 225 997 1.
243 963 345 1008 Joan.
367 972 417 1005 4.:
439 962 550 996 Nolite
575 960 701 995 credere
722 961 812 994 omni
830 961 977 1006 spiritui.

155 1017 214 1051 AD
242 1026 412 1051 TERTIUM
434 1014 638 1056 dicendum,
662 1013 757 1060 quod
779 1013 961 1048 testificari
983 1020 1035 1047 est
1056 1012 1099 1046 de
1120 1012 1333 1047 necessitate
1355 1012 1490 1054 salutis,
1512 1023 1642 1058 suppo-

84 1071 151 1106 sita
171 1071 270 1105 testis
291 1069 498 1111 idoneitate,
521 1075 554 1102 et
576 1067 701 1102 ordine
722 1067 825 1113 juris余
847 1066 941 1100 unde
963 1065 1054 1100 nihil
1074 1066 1251 1112 prohibet,
1279 1066 1418 1112 aliquos
1440 1066 1602 1101 excusari
1623 1077 1642 1099 a

85 1124 296 1160 testimonio
316 1122 477 1164 ferendo,
499 1122 529 1156 si
549 1133 623 1156 non
645 1128 852 1167 reputentur
872 1120 995 1154 idonei
1015 1119 1215 1154 secundum
1235 1121 1323 1166 jura.

629 1243 973 1289 ARTICULUS
1006 1244 1082 1286 iv.
1579 1265 1640 1302 39.

116 1353 268 1384 UTRUM
298 1352 469 1383 FALSUM
501 1352 808 1382 TESTIMONIUM
836 1352 997 1382 SEMPER
1030 1352 1097 1381 SIT
1129 1351 1367 1381 PECCATUM
1392 1351 1612 1381 MORTALE.

156 1442 215 1476 AD
237 1451 425 1480 QUARTUM
446 1440 496 1475 sic
515 1440 731 1487 proceditur.
752 1439 914 1481 Videtur,
933 1440 1029 1486 quod
1047 1439 1178 1474 falsum
1196 1440 1444 1474 testimonium
1462 1452 1536 1474 non
1555 1452 1644 1475 seni-

85 1507 148 1542 per
168 1495 213 1529 sit
233 1503 423 1541 peccatum
445 1493 616 1528 mortale:
641 1494 818 1539 contingit
839 1494 935 1527 enim
958 1493 1116 1539 aliquem
1136 1493 1268 1527 falsum
1285 1494 1534 1528 testimonium
1551 1493 1643 1528 ferre

87 1560 129 1583 ex
148 1548 352 1595 ignorantia
372 1547 472 1581 facti:
496 1547 558 1581 sed
578 1547 659 1581 talis
686 1547 890 1593 ignorantia
913 1555 1059 1581 excusat
1081 1559 1100 1580 a
1121 1556 1273 1593 peccato
1296 1547 1461 1590 mortali3
1484 1559 1570 1593 ergo
1592 1555 1643 1582 te-

85 1601 297 1637 stimonium
318 1600 449 1634 falsum
470 1612 543 1634 non
565 1612 708 1646 semper
729 1608 781 1634 est
802 1608 993 1646 peccatum
1015 1601 1179 1635 mortale.

158 1666 189 1689 2.
211 1655 446 1689 PRAETEREA.
468 1654 712 1695 Mendacium,
734 1654 829 1700 quod
853 1653 959 1687 alicui
981 1654 1136 1700 prodest,
1160 1662 1195 1688 et
1214 1654 1304 1688 nulli
1332 1662 1451 1697 nocet,
1485 1663 1538 1689 est
1571 1654 1644 1689 offi-

87 1709 239 1751 ciosum,
267 1707 363 1754 quod
383 1719 458 1741 non
480 1716 533 1741 est
553 1715 744 1753 peccatum
766 1706 934 1741 mortale:
954 1707 1015 1741 sed
1034 1707 1251 1754 quandoque
1269 1707 1305 1741 in
1323 1707 1415 1742 falso
1433 1709 1643 1742 testimonio

86 1771 139 1798 est
158 1763 229 1797 tale
251 1761 499 1804 mendacium3
522 1769 606 1807 puta
629 1772 712 1795 cum
734 1760 861 1807 aliquis
882 1760 1014 1794 falsum
1047 1761 1297 1795 testimonium
1331 1762 1505 1807 perhibet,
1527 1770 1566 1795 ut
1586 1761 1646 1795 ali-

85 1828 194 1864 quem
216 1827 235 1850 a
256 1823 373 1849 morte
395 1814 531 1857 liberet,
553 1814 611 1848 vel
633 1815 674 1848 ab
697 1815 827 1859 injusta
850 1815 1038 1857 sententia,
1061 1826 1152 1860 quae
1181 1816 1376 1849 intentatur
1408 1826 1471 1862 per
1504 1815 1644 1861 aliquos

85 1869 195 1904 falsos
215 1877 334 1911 testes,
355 1867 414 1902 vel
434 1879 497 1914 per
517 1868 644 1914 judicis
663 1868 953 1914 perversitatem3
973 1879 1059 1914 ergo
1074 1867 1144 1902 tale
1158 1867 1290 1902 falsum
1304 1869 1551 1903 testimonium
1571 1880 1645 1902 non

87 1932 140 1959 est
160 1931 350 1970 peccatum
372 1921 536 1956 mortale.

160 1989 189 2023 3.
211 1977 447 2011 PRAETEREA.
470 1976 722 2021 juramentum
744 1987 763 2008 a
784 1983 874 2009 teste
896 1975 1096 2021 requiritur,
1118 1983 1156 2009 ut
1176 1975 1302 2009 timeat
1330 1986 1482 2021 peccare
1516 1983 1647 2009 morta-

85 2030 166 2065 liter
186 2029 399 2076 pejerando:
421 2030 492 2063 hoc
516 2038 637 2063 autem
658 2041 731 2063 non
754 2037 848 2063 esset
868 2029 1124 2070 necessarium,
1147 2029 1176 2062 si
1196 2029 1315 2075 ipsum
1336 2028 1467 2062 falsum
1488 2029 1647 2063 testimo-

86 2085 188 2118 nium
209 2091 302 2117 esset
322 2091 512 2129 peccatum
532 2082 705 2125 mortale,
725 2094 811 2128 ergo
829 2081 960 2116 falsum
978 2082 1227 2116 testimonium
1245 2093 1318 2116 non
1337 2093 1479 2128 semper
1498 2090 1551 2116 est
1567 2094 1646 2128 pec-

87 2145 208 2172 catum
229 2135 393 2170 mortale.

159 2190 233 2224 SED
256 2200 409 2224 CONTRA
432 2197 494 2231 est,
517 2190 613 2235 quod
632 2189 760 2224 dicitur
781 2189 950 2224 Proverb.
978 2200 1046 2235 19.:
1066 2190 1181 2224 Falsus
1196 2191 1281 2224 testis
1298 2201 1363 2224 non
1378 2191 1439 2223 erit
1453 2190 1642 2235 impunitas.

157 2243 385 2278 RESPONDEO
408 2243 612 2285 dicendum,
634 2243 730 2289 quod
752 2243 884 2277 falsum
905 2242 1153 2276 testimonium
1174 2243 1282 2276 habet
1300 2243 1461 2289 triplicem
1480 2242 1646 2276 deformi-

87 2305 219 2331 tatem:
241 2308 304 2330 uno
330 2296 425 2330 modo
447 2307 490 2330 ex
510 2297 685 2342 perjuri03
708 2298 790 2342 quia
811 2305 919 2330 testes
940 2307 1015 2330 non
1038 2295 1273 2330 admittuntur
1305 2297 1373 2330 nisi
1405 2296 1527 2341 jurati:
1552 2304 1586 2329 et
1607 2307 1644 2330 ax

89 2350 146 2384 hoc
165 2356 291 2395 semper
315 2354 544 2395 estpcccatzcm
570 2350 730 2384 mortale:
753 2351 818 2384 alio
840 2350 934 2383 morlo
958 2361 1000 2384 ex
1021 2349 1220 2383 violatione
1235 2350 1410 2395 justitiae:
1427 2358 1461 2383 et
1475 2350 1535 2384 hoc
1550 2349 1644 2382 modo

89 2407 133 2437 est
153 2407 328 2449 peccatum
349 2403 486 2437 mortale
507 2404 542 2436 in
561 2415 618 2437 suo
643 2415 771 2448 genera,
793 2405 875 2438 sicut
896 2408 926 2437 et
946 2403 1106 2448 quaelibet
1130 2404 1312 2448 injustitim
1335 2411 1370 2436 et
1390 2403 1471 2436 ideo
1494 2402 1529 2435 in
1548 2413 1646 2447 prae-

89 2463 193 2501 cepto
216 2455 381 2501 decalogi
402 2456 465 2489 sub
487 2456 556 2489 hac
578 2456 695 2490 forma
716 2456 939 2490 interdicitur
960 2455 1092 2490 falsum
1112 2457 1373 2497 testimonium,
1405 2467 1487 2488 cum
1518 2455 1645 2488 dicitur

88 2508 201 2543 Exod.
223 2519 288 2543 20.:
316 2509 393 2543 Non
415 2509 554 2554 loqueris
580 2515 696 2544 contra
712 2511 906 2556 proximum
930 2515 1022 2544 tuum
1044 2510 1170 2555 falsum
1193 2510 1433 2544 testimoninm:
1455 2519 1528 2541 non
1548 2508 1644 2541 enim

91 2570 214 2595 contra
236 2561 392 2607 aliquem
414 2561 509 2603 facit,
531 2563 592 2608 qui
613 2574 697 2596 eum
721 2563 762 2596 ab
785 2563 912 2608 injuria
934 2562 1101 2596 faciendo
1124 2563 1285 2608 impedit,
1309 2562 1370 2596 sed
1393 2561 1513 2595 solum
1535 2562 1594 2606 qui
1613 2562 1645 2595 ei

90 2626 191 2648 suam
213 2615 385 2659 justitiam
406 2615 518 2650 tollit:
541 2617 634 2650 tertio
669 2616 780 2649 modo
803 2628 843 2650 ex
866 2617 942 2662 ipsa
975 2615 1139 2656 falsitate,
1174 2615 1372 2649 secundum
1406 2614 1502 2659 quod
1536 2625 1644 2647 omne

90 2667 318 2701 mendacium
340 2676 393 2701 est
412 2677 620 2713 peccatum:
644 2676 677 2702 et
700 2680 741 2702 ex
762 2669 832 2702 hoc
855 2680 929 2702 non
952 2669 1062 2702 habet
1095 2668 1226 2702 falsum
1260 2667 1521 2709 testimonium,
1548 2668 1643 2712 quod

91 2731 232 2764 semper
253 2721 297 2754 sit
317 2729 506 2765 peccatum
528 2722 692 2755 mortale.

161 2773 220 2806 AD
241 2783 389 2807 PRIMUM
411 2785 496 2819 ergo
519 2775 722 2816 dicendum,
741 2776 837 2820 quod
859 2776 895 2808 in
916 2775 1127 2809 testimonio
1143 2774 1291 2807 terendo
1310 2785 1384 2807 non
1406 2773 1510 2807 debet
1530 2774 1643 2808 homo

92 2837 157 2871 pro
179 2834 275 2859 certo
298 2837 465 2868 asserere,
480 2828 581 2872 quasi
604 2828 720 2862 sciens
734 2829 780 2869 id,
808 2828 850 2862 de
873 2840 944 2873 quo
968 2836 1084 2861 certus
1101 2838 1174 2860 non
1197 2835 1265 2867 est余
1288 2827 1349 2860 sed
1371 2827 1518 2860 dubium
1541 2827 1644 2860 debet

94 2879 156 2912 sub
179 2878 284 2911 dubio
305 2879 474 2924 proferre,
494 2889 528 2913 et
548 2881 594 2921 id,
617 2881 660 2914 de
682 2892 753 2926 quo
770 2890 887 2914 certus
904 2889 967 2921 est,
983 2891 1046 2925 pro
1063 2888 1161 2913 certo
1178 2890 1355 2913 asserere:
1379 2880 1439 2913 sed
1462 2881 1543 2925 quia
1563 2891 1646 2914 con-
