1859 3122
491 192 711 228 QUAEST10
745 192 860 222 CLXI.
894 192 1137 222 ARTICULUS
1170 192 1226 221 IV.
1526 192 1633 235 1049

75 284 148 307 non
171 273 315 319 ponitur
337 285 416 319 pars
438 274 708 320 temperantiae,
732 273 793 308 sed
817 273 932 319 magis
955 273 1183 315 fortitudinis,
1213 281 1250 307 ut
1271 284 1377 319 supra
1398 273 1562 307 habitum
1585 280 1638 307 est

76 326 120 372 (q.
148 338 220 371 129.
240 332 303 360 ιιιἸ.
321 329 381 372 5.),·
407 338 494 371 ergo
516 327 668 368 videtur,
691 327 787 373 quod
814 327 998 361 humilitas
1020 338 1094 361 non
1116 326 1161 361 sit
1184 338 1264 372 pars
1286 326 1556 372 temperantiae,
1578 325 1636 360 vel

74 379 284 414 modestiae.

147 432 220 467 SED
252 443 406 467 CONTRA
438 442 500 475 est,
531 434 626 479 quod
651 433 830 478 Origenes
857 434 942 467 dicit
967 445 1072 479 super
1100 433 1238 467 Lucam
1262 433 1363 477 (hom.
1386 434 1448 477 8.).-
1479 446 1496 465 «
1524 432 1563 467 Si
1584 432 1636 467 vis

74 497 209 520 nomen
225 486 330 531 hujus
346 487 467 520 audire
481 487 631 528 virtutis,
647 487 834 532 quomodo
851 498 870 520 a
885 486 1112 532 philosophis
1128 487 1237 520 etiam
1253 486 1463 532 appelletur,
1475 485 1637 520 ausculta

75 539 244 574 eamdem
267 551 344 573 esse
368 540 622 582 humilitatem,
645 551 753 585 quam
782 540 925 586 respicit
946 540 1056 581 Deus,
1083 550 1175 586 quae
1203 540 1244 573 ab
1272 539 1342 573 illis
1368 541 1568 586 μετρηότης
1590 539 1638 572 di-

77 592 180 634 citur,
201 593 293 627 idest
315 593 549 634 mensuratio,
575 593 633 627 vel
660 594 863 627 moderatio
886 606 918 635 n,
945 604 1036 639 quae
1059 593 1245 627 manifeste
1268 594 1420 639 pertinet
1447 593 1490 626 ad
1517 592 1638 626 mode-

76 647 193 685 stiam,
216 646 273 680 vel
299 648 596 692 temperantiam3
625 658 713 691 ergo
748 646 934 681 humilitas
969 654 1021 680 est
1056 657 1136 692 pars
1170 647 1380 688 modestiae,
1416 646 1473 680 vel
1504 654 1638 690 tempe-

77 708 223 733 rantiae.

147 753 376 788 Rfispoxnfio
404 753 609 794 dicendum,
637 753 745 799 quod,
773 753 864 787 sicut
890 764 996 798 supra
1024 753 1160 787 dictum
1191 761 1244 787 est
1278 752 1324 798 (q.
1354 753 1425 788 128.
1452 757 1479 787 et
1506 764 1535 798 q.
1562 763 1635 797 129.

76 811 140 840 art.
164 819 186 849 5.
209 812 239 840 et
259 819 287 851 q.
311 818 375 852 157.
398 811 461 840 art.
481 807 541 852 3.),
563 807 599 840 in
622 807 838 851 assignando
867 815 983 852 partes
1010 806 1197 840 virtutibus
1226 806 1416 852 praecipue
1445 805 1638 839 attenditur

77 859 275 893 similitudo
298 868 471 905 quantum
488 861 531 893 ad
550 861 700 894 modum
723 860 879 894 virtutis:
907 860 1037 893 modus
1066 868 1186 893 autem
1208 859 1479 905 temperantiae,
1501 870 1543 892 ex
1565 869 1637 904 quo

77 912 234 946 maxime
264 913 372 947 habet
397 912 555 954 laudem,
583 921 636 947 est
663 912 888 953 refraenafflo,
915 912 973 946 vel
999 913 1175 958 repressio
1202 913 1358 958 impetus
1386 912 1535 957 alicujus
1562 923 1638 957 pas-

77 966 209 1008 sionis3
231 974 265 1000 et
286 966 368 1000 ideo
391 978 519 1000 omnes
540 964 687 1000 virtutes
709 965 963 1006 refraenantes,
986 965 1060 998 sive
1080 965 1316 1011 reprimentes
1335 965 1488 1011 impetus
1509 964 1641 1010 aliqua-

77 1031 157 1052 rum
169 1018 413 1061 affectionum,
429 1020 485 1053 vel
500 1020 660 1053 actiones
676 1019 916 1059 moderantes,
930 1026 1112 1064 ponuntur
1125 1027 1243 1063 partes
1257 1018 1534 1063 temperantiae:
1549 1019 1640 1051 sicut

78 1081 199 1106 autem
214 1073 452 1106 mansuetudo
466 1073 627 1118 reprimit
641 1080 782 1106 motum
804 1072 894 1113 irae;
916 1072 964 1105 ita
986 1071 1095 1105 etiam
1113 1071 1298 1105 humilitas
1318 1071 1478 1116 reprimit
1497 1079 1639 1104 motum

78 1126 165 1171 spei,
192 1126 252 1171 qui
279 1134 331 1160 est
357 1134 476 1159 motus
503 1125 644 1171 spiritus
671 1125 707 1158 in
729 1136 862 1170 magna
889 1124 1084 1166 tendentis;
1113 1133 1147 1158 et
1172 1124 1253 1158 ideo
1282 1124 1374 1158 sicut
1400 1124 1639 1158 mansuetudo

78 1180 222 1224 ponitur
241 1190 320 1224 pars
338 1179 609 1224 temperantiae,
625 1180 671 1212 itii
686 1180 783 1212 etiaim
799 1179 980 1218 humilitas]
997 1177 1090 1211 unde
1111 1185 1145 1211 et
1158 1177 1404 1223 Philosophus
1424 1179 1458 1211 in
1472 1188 1505 1219 4.
1524 1177 1639 1211 Ethic.

79 1233 168 1279 (cap.
183 1233 229 1278 3.)
249 1243 332 1266 eum
347 1233 406 1278 qui
427 1231 540 1266 tendit
560 1232 596 1265 in
618 1243 727 1277 parva
749 1231 950 1266 secundum
972 1242 1078 1265 suum
1096 1231 1261 1272 modum,
1281 1231 1366 1264 dicit
1383 1242 1458 1264 non
1477 1242 1554 1264 esse
1569 1242 1642 1264 ma·

78 1286 304 1332 gnanimum,
332 1286 394 1319 sed
415 1292 669 1331 temperatum,
692 1296 800 1331 quem
822 1296 889 1318 nos
911 1284 1088 1318 humilem
1115 1285 1233 1318 dicere
1261 1296 1472 1330 possumus;
1495 1293 1529 1318 et
1550 1284 1641 1318 inter

79 1340 166 1373 alias
189 1347 304 1384 partes
325 1339 597 1384 temperantiae,
620 1340 758 1372 ratione
781 1339 942 1383 superius
965 1339 1060 1372 dicta
1083 1340 1127 1384 (q.
1148 1345 1241 1384 praa.
1269 1343 1332 1372 art.
1355 1340 1414 1382 L),
1438 1338 1642 1371 continetur

78 1393 141 1427 sub
164 1392 353 1434 modestia,
375 1400 481 1438 prout
503 1392 644 1426 Tullius
667 1393 710 1426 de
733 1403 774 1426 ea
796 1391 954 1437 loquitur
973 1391 1048 1435 (lili.
1066 1403 1096 1426 2.
1116 1391 1152 1425 de
1170 1392 1326 1436 suvant),
1346 1391 1561 1436 inquantum
1579 1391 1643 1424 sci-

78 1446 163 1480 licet
186 1445 372 1479 humilitas
398 1445 490 1478 nihil
516 1453 568 1479 est
595 1445 702 1488 aliud,
730 1456 839 1490 quam
866 1445 1047 1490 quaedam
1073 1445 1276 1478 moderatio
1304 1445 1464 1490 spiritus3
1492 1444 1586 1477 unde
1613 1455 1640 1477 1.

78 1500 155 1534 Pet.
182 1511 210 1545 3.
230 1499 377 1533 dicitur:
405 1499 439 1532 [η
462 1501 772 1544 incorruptibilitate
794 1500 906 1544 quieti,
928 1504 956 1532 et
974 1498 1109 1533 modesti
1125 1500 1269 1544 spiritus.

151 1553 210 1587 AD
241 1563 389 1587 PRIMUM
419 1563 506 1597 ergo
535 1553 739 1594 dicendum,
761 1553 858 1598 quod
880 1552 1028 1586 virtutes
1049 1552 1293 1595 theologicae,
1321 1563 1412 1597 quae
1439 1558 1521 1584 sunt
1547 1550 1641 1584 circa

81 1606 250 1640 ultimum
272 1606 392 1647 fidem,
415 1606 475 1651 qui
497 1614 550 1639 est
570 1607 728 1652 primum
747 1605 963 1651 principium
984 1605 1020 1638 in
1043 1604 1303 1651 appetibilibus,
1318 1613 1400 1639 sunt
1419 1615 1548 1638 causae
1568 1614 1643 1637 om-

80 1661 181 1693 nium
204 1659 355 1692 aliarum
378 1659 568 1701 virtutum,
590 1659 683 1693 unde
706 1671 747 1692 ex
768 1659 838 1692 hoc
862 1658 959 1703 quod
981 1658 1166 1692 humilitas
1189 1667 1355 1692 causatur
1377 1670 1418 1692 ex
1440 1657 1642 1691 reverentia

81 1713 212 1754 divina,
235 1723 309 1746 non
331 1711 540 1754 excluditur,
561 1712 645 1758 quin
664 1711 848 1745 humilitas
870 1712 914 1745 sit
935 1723 1016 1757 pars
1039 1711 1250 1753 modestiae,
1272 1711 1329 1745 vel
1348 1710 1617 1757 temperantiae.

152 1766 211 1800 AD
235 1776 441 1800 SECUNDUM
456 1765 660 1806 dicendum,
685 1765 782 1811 quod
799 1773 915 1810 partes
931 1764 1185 1809 principalibus
1200 1764 1387 1798 virtutibus
1407 1765 1644 1810 assignantur,

81 1830 155 1853 non
173 1819 373 1853 secundum
389 1818 681 1852 convenientiam
696 1819 730 1851 in
746 1818 920 1863 subjecto,
941 1817 998 1851 vel
1019 1818 1055 1851 in
1077 1818 1239 1859 materia,
1261 1817 1323 1851 sed
1345 1817 1544 1851 secundum
1560 1828 1643 1850 con-

81 1872 300 1906 venientiam
322 1872 358 1905 in
381 1872 492 1905 modo
514 1870 671 1912 formali,
693 1880 731 1905 ut
753 1871 889 1904 dictum
905 1878 958 1904 est
974 1870 1018 1916 (q.
1036 1882 1101 1916 137.
1124 1876 1187 1905 art.
1208 1883 1238 1905 2.
1261 1870 1303 1904 ad
1317 1884 1344 1905 Ι.
1363 1876 1392 1905 et
1410 1883 1438 1916 q.
1458 1882 1524 1916 157.
1540 1875 1603 1904 art.
1614 1882 1642 1915 3.

82 1925 123 1959 ad
144 1926 207 1970 2.);
233 1934 267 1959 et
287 1925 369 1958 ideo
392 1925 476 1958 licet
493 1924 678 1958 humilitas
693 1925 736 1958 sit
750 1925 786 1958 in
799 1923 967 1958 irascibili
990 1925 1081 1958 sicut
1101 1924 1138 1957 in
1159 1925 1340 1969 subject03
1362 1925 1507 1970 ponitur
1521 1931 1644 1958 tamen

82 1990 162 2024 pars
185 1978 395 2019 modestiae,
419 1986 453 2012 et
473 1978 732 2024 temperantiae
754 1985 898 2024 propter
919 1977 1081 2011 modum.

152 2031 212 2066 AD
235 2042 406 2066 TERTIUM
426 2031 630 2073 dicendum,
654 2031 749 2076 quod
771 2031 856 2064 licet
877 2031 1168 2075 magnanimitas,
1186 2039 1220 2064 et
1237 2030 1422 2065 humilitas
1440 2031 1476 2064 in
1492 2029 1641 2064 materia

84 2085 322 2126 conveniant;
350 2083 518 2118 differunt
543 2092 666 2118 tamen
687 2085 724 2117 in
745 2084 877 2125 modo3
904 2084 1041 2117 ratione
1068 2085 1169 2129 cujus
1196 2084 1476 2129 magnanimitas
1498 2083 1643 2130 ponitur

83 2149 162 2183 pars
183 2137 414 2179 fortitudinis,
435 2137 621 2171 humilitas
644 2145 764 2171 autem
787 2148 867 2183 pars
889 2137 1159 2183 temperantiae.

631 2278 975 2323 ARTICULUS
1001 2279 1055 2321 v.
1576 2290 1643 2335 782

340 2386 494 2415 UTRUM
525 2386 763 2415 HUMILITAS
792 2387 858 2415 SIT
885 2386 1118 2415 POTISSIMA
1143 2385 1385 2415 VIRTUTUM.

547 2473 594 2517 (4.
622 2474 710 2508 Dist.
733 2485 776 2519 33.
803 2486 833 2519 q.
856 2485 884 2520 3.
911 2479 976 2508 art.
1000 2486 1027 2519 3.
1055 2473 1097 2507 acl
1123 2473 1186 2517 6.).

155 2561 216 2594 AD
238 2571 419 2599 QUINTUM
440 2561 490 2594 sic
512 2561 728 2607 proceditur.
754 2561 916 2603 Videtur,
943 2562 1039 2607 quod
1060 2560 1244 2594 humilitas
1267 2560 1311 2594 sit
1331 2559 1518 2605 potissima
1539 2558 1646 2592 virtu-

84 2622 181 2648 tum:
205 2613 290 2647 dicit
317 2614 413 2647 enim
441 2613 727 2660 Chrysostomus
753 2615 895 2661 (implic.
923 2615 1010 2648 hom.
1033 2626 1061 2660 5.
1089 2614 1124 2648 de
1150 2613 1473 2660 incomprehensibili
1498 2613 1565 2646 Dei
1590 2623 1647 2646 na-

86 2668 190 2708 tura),
207 2677 390 2712 exponens
403 2666 491 2700 illud
507 2668 603 2713 quod
619 2668 746 2702 dicitur
765 2668 885 2702 Lucae
904 2668 954 2702 18.
974 2669 1017 2701 de
1031 2667 1240 2708 Pharisaeo,
1263 2674 1298 2700 et
1318 2665 1528 2706 Publicano,
1548 2665 1645 2711 quod

88 2733 105 2751 «
129 2720 158 2753 si
183 2720 294 2753 mixta
321 2719 459 2754 delictis
485 2720 670 2755 humilitas
695 2729 771 2755 tam
796 2720 902 2755 facile
930 2721 1048 2762 currit,
1076 2728 1114 2754 ut
1139 2719 1313 2766 justitiam
1342 2719 1528 2764 superbiae
1559 2729 1645 2752 con-

86 2774 245 2817 junctam
266 2781 435 2815 transeat,
456 2773 485 2807 si
505 2773 661 2818 justitiae
683 2775 910 2819 conjunxeris
926 2785 1018 2816 eam,
1041 2784 1112 2819 quo
1134 2784 1208 2806 non
1222 2772 1308 2806 ibit?
1331 2772 1484 2806 Assistet
1498 2771 1566 2817 ipsi
1586 2771 1646 2805 tri-

86 2825 209 2858 bunali
230 2825 351 2859 divino
372 2826 409 2859 in
430 2827 551 2860 medio
571 2826 798 2872 Angelorum
820 2840 853 2869 »3
875 2835 910 2861 et
928 2827 977 2861 sic
1000 2834 1106 2872 patet,
1129 2826 1226 2871 quod
1246 2825 1432 2859 humilitas
1450 2823 1646 2869 praefertur

86 2878 261 2926 justitiae:
285 2879 346 2912 sed
367 2878 503 2925 justitia
530 2888 582 2914 est
608 2879 894 2925 praeclarissima
921 2881 1085 2914 omnium
1109 2879 1294 2920 virtutum,
1316 2886 1350 2912 et
1371 2878 1521 2911 includit
1545 2877 1581 2910 in
1608 2887 1646 2911 se
