1905 3137
557 149 777 184 QUAESTIO
812 149 855 178 11.
889 149 1132 180 ARTICULUS
1166 150 1239 179 V11.
1628 152 1681 194 49

125 231 251 277 quibus
273 242 379 277 supra
401 231 537 266 dictum
563 240 617 266 est
644 231 688 277 (q.
710 244 737 266 1.
761 237 824 266 art.
847 231 910 276 8.),
938 231 1024 265 alias
1053 240 1172 266 autem
1199 231 1345 266 subtiles
1373 231 1683 266 considerationes

125 284 220 318 circa
242 285 504 319 Incarnationis
527 284 697 320 articulos
718 292 885 319 tenentur
907 284 1017 330 aliqui
1044 285 1171 330 magis,
1193 284 1251 319 vel
1273 285 1392 319 minus
1419 284 1584 331 explicite
1612 297 1685 320 cre-

125 337 219 379 dere,
242 339 441 372 secuntlum
463 338 559 384 qnod
583 338 754 372 convenit
775 338 892 379 statui,
915 346 949 372 et
971 337 1092 372 officio
1116 339 1407 384 uniuscujusque.

194 391 255 425 AD
278 402 425 426 PRIMUM
449 403 534 437 ergo
557 391 762 433 dicendum,
785 391 882 437 quod
905 390 1054 436 angelos
1075 402 1149 425 non
1171 392 1322 425 omnino
1345 391 1448 426 latuit
1469 391 1683 437 mysterium

123 444 225 490 regni
244 444 325 486 Dei,
347 445 438 479 sicut
459 445 612 490 August.
635 444 719 478 dicit
741 455 769 489 5.
788 455 894 489 super
919 444 1010 478 Gen.
1030 444 1073 478 ad
1092 444 1142 478 lit.
1166 445 1253 491 (cap.
1270 445 1354 491 19.):
1370 445 1546 491 quasdam
1561 452 1684 479 tamen

126 497 283 532 rationes
304 498 410 542 hujus
433 498 592 544 mysterii
613 496 804 544 perfectius
827 505 1079 543 cognoverunt
1103 497 1250 532 Christo
1274 497 1467 532 revelante.

194 550 254 585 AD
278 561 483 585 SECUNDUM
506 551 710 592 dicendum,
737 551 832 597 quod
855 551 1014 596 Joannes
1043 551 1202 597 Baptista
1229 551 1272 585 de
1301 552 1455 586 adventu
1485 551 1620 586 Christi
1647 551 1683 585 in

123 615 229 638 carne
251 615 325 638 non
347 605 534 650 quaesivit,
559 605 661 650 quasi
682 604 752 638 1106
775 605 969 650 ignoraret,
994 615 1078 638 cum
1105 605 1180 650 ipse
1207 605 1279 639 1106
1307 617 1474 651 expresse
1497 604 1683 639 confessus

122 656 237 699 fuerit,
258 657 396 692 dicens:
417 658 488 703 Ego
509 657 593 700 vidi,
616 663 644 692 et
665 659 887 692 tas-timonium
905 658 1072 704 perhibui,
1096 659 1174 704 quin
1196 658 1247 693 liic
1270 663 1313 693 cst
1331 659 1437 693 Filius
1458 660 1535 700 Dei,
1560 667 1597 692 ut
1622 658 1683 692 ha-

122 710 223 745 betur
238 710 342 756 Joan.
369 722 413 746 1.:
438 711 531 745 unde
552 722 625 745 non
647 710 749 745 dixit:
779 711 829 745 'J'n
850 723 889 752 as,
913 712 970 756 qni
986 713 1104 746 venisti
1119 712 1134 746 ?
1151 711 1231 746 sed:
1259 712 1308 746 Tn
1327 723 1368 754 es,
1385 713 1441 757 qni
1458 717 1615 746 venturus
1629 713 1682 746 es?

122 775 296 810 quaerens
319 765 362 798 de
383 763 515 806 futuro,
541 775 615 798 non
642 764 685 798 de
711 764 914 810 praeterito.
944 764 1117 798 Similiter
1142 776 1217 798 non
1245 773 1298 799 est
1324 765 1557 807 credendum,
1585 765 1683 812 quod

121 817 340 862 ignoraverit
361 829 443 851 eum
467 818 509 851 ad
531 818 738 864 passionem
759 825 968 852 venturum:
989 818 1064 864 ipse
1084 818 1181 852 enim
1196 818 1348 852 dixerat:
1373 819 1456 853 Ecce
1471 819 1588 864 Agnus
1601 819 1682 853 Das.-

121 871 204 905 Ecce
234 871 290 916 qni
316 871 399 905 tollit
421 876 557 917 peccata
584 871 710 913 mnndi,
738 872 994 917 praenuntians
1021 873 1096 917 ejus
1123 871 1417 906 immolationem
1444 871 1620 906 futuram:
1650 880 1684 906 et

120 932 242 958 tamen
271 924 342 958 hoc
365 924 567 970 Prophetae
591 924 649 958 alii
672 925 781 958 etiam
810 935 885 958 non
914 925 1184 970 ignoraverunt,
1216 925 1277 959 sed
1310 934 1390 959 ante
1421 926 1684 971 praedixerunt,

121 977 212 1012 sicut
237 977 428 1023 praecipue
449 986 546 1024 patet
567 978 603 1011 in
626 978 692 1012 Isa.
719 989 787 1022 53.:
810 986 929 1024 potest
951 989 1038 1024 ergo
1061 978 1143 1020 dici,
1166 979 1257 1013 sicut
1277 978 1385 1024 Greg.
1409 979 1495 1013 dicit
1521 979 1622 1023 (imm.
1650 980 1682 1015 6.

121 1032 155 1064 in
175 1031 339 1076 Evang.)‚
354 1031 450 1077 quod
465 1031 648 1077 inquisivit
668 1031 851 1075 ignorans,
871 1043 914 1065 an
930 1032 973 1065 ad
992 1031 1175 1065 infernum
1191 1040 1284 1075 esset
1306 1033 1341 1066 in
1363 1032 1506 1078 propria
1529 1044 1683 1077 persona

121 1083 373 1119 descensurus:
400 1084 534 1119 sciebat
556 1092 689 1126 autem,
708 1085 804 1131 quod
822 1085 933 1120 virtus
955 1086 1132 1131 passionis
1148 1087 1222 1131 ejus
1239 1086 1463 1120 extendenda
1481 1094 1556 1120 erat
1570 1098 1682 1132 usque

122 1138 166 1172 ad
187 1149 261 1180 eos,
283 1138 343 1184 qui
363 1138 399 1171 in
422 1138 552 1172 Limbo
575 1138 837 1180 detinebantur,
860 1139 1062 1173 secundum
1087 1139 1175 1173 illud
1202 1139 1309 1174 Zach.
1338 1151 1388 1187 9.:
1423 1140 1472 1174 Tu
1500 1151 1625 1185 quoqu«)
1646 1141 1681 1174 in

120 1193 277 1237 sanguim
298 1193 474 1226 tastamenti
493 1193 540 1226 tni
557 1193 689 1226 emisisti
709 1193 835 1226 vinctos
856 1192 891 1226 de
914 1192 1000 1234 lacn,
1025 1194 1057 1226 in
1079 1204 1141 1238 qno
1163 1205 1228 1226 non
1255 1198 1300 1227 est
1326 1205 1432 1239 aqna:
1456 1204 1521 1227 nec
1545 1193 1616 1227 hoc
1635 1201 1686 1227 te-

121 1245 272 1279 nebatur
293 1244 458 1291 explicite
481 1245 636 1287 credere,
659 1253 853 1291 antequam
881 1254 974 1280 esset
998 1245 1201 1291 impletum,
1229 1246 1325 1292 quod
1352 1257 1414 1292 per
1441 1246 1599 1292 seipsum
1627 1247 1684 1280 de-

123 1299 222 1333 beret
242 1298 477 1332 descendere:
500 1298 558 1332 vel
578 1306 697 1344 potest
717 1299 798 1340 dici,
820 1299 913 1333 sicut
933 1299 1104 1333 Ambros.
1132 1299 1218 1333 dicit
1248 1310 1354 1345 super
1384 1299 1472 1333 Luc.
1496 1300 1578 1346 (sup.
1602 1299 1683 1334 illud

123 1358 195 1398 cap.
215 1362 264 1398 7.:
290 1352 331 1386 Et
351 1353 592 1386 nuntiaverunt
603 1352 758 1397 Joanni),
773 1352 870 1397 quod
891 1363 965 1386 non
987 1352 1170 1398 inquisivit
1192 1364 1234 1386 ex
1253 1353 1488 1395 dubitatione,
1503 1364 1565 1387 seu
1582 1353 1683 1399 igno-

122 1405 248 1447 rantia,
270 1405 332 1439 sed
354 1405 469 1450 magis
492 1416 534 1439 ex
555 1405 705 1451 pietate:
727 1405 786 1439 vel
812 1413 930 1451 potest
956 1405 1037 1447 dici,
1064 1406 1156 1440 sicut
1179 1406 1368 1452 Chrysost.
1396 1406 1481 1440 dicit
1509 1407 1611 1449 (hom.
1633 1418 1681 1452 37.

122 1460 157 1492 in
179 1458 298 1493 Matth.
326 1463 353 1492 et
374 1459 460 1492 bom.
481 1470 534 1504 27.
557 1460 591 1492 in
614 1465 663 1504 op.
686 1459 850 1505 imperf),
871 1459 967 1504 quod
985 1470 1059 1492 non
1078 1459 1272 1505 inquisivit,
1291 1461 1374 1506 quia
1392 1459 1467 1506 ipse
1486 1459 1680 1505 ignoraret,

123 1511 185 1545 sed
206 1519 244 1545 ut
264 1522 326 1556 per
348 1511 535 1545 Christum
556 1511 744 1546 satisfieret
766 1511 827 1556 [al.
849 1512 1064 1556 satisfaceret]
1091 1512 1162 1546 suis
1185 1512 1388 1558 discipulis;
1407 1513 1501 1547 unde
1524 1522 1558 1547 et
1580 1512 1683 1547 Chri—

124 1573 197 1599 stus
220 1565 264 1598 ad
284 1564 544 1610 discipulorum
566 1565 840 1599 instructionem
861 1565 1057 1610 respondit,
1079 1566 1182 1610 signa
1205 1577 1358 1612 operum
1380 1567 1584 1600 ostendens.

194 1617 254 1651 AD
282 1628 452 1652 TERTIUM
481 1618 685 1659 dicendum,
708 1618 802 1663 quod
832 1617 954 1652 multis
987 1618 1186 1653 Gentilium
1217 1618 1310 1653 facta
1341 1619 1407 1653 fuit
1435 1619 1609 1654 revelatio
1637 1619 1680 1654 de

125 1670 283 1712 Christo,
305 1678 343 1704 ut
363 1678 460 1716 patet
481 1682 542 1716 per
565 1682 617 1713 ea,
640 1682 731 1716 quae
753 1671 1024 1717 praedixerunt:
1046 1683 1132 1705 nam
1149 1672 1216 1716 Job
1237 1683 1288 1719 19¹.
1315 1673 1458 1706 dicitur:
1482 1673 1568 1715 Scio,
1596 1673 1681 1719 qnod

123 1723 319 1770 Redemptor
339 1736 426 1758 niens
446 1725 552 1759 vivit:
578 1724 714 1770 Sibylla
745 1725 854 1758 etiam
883 1725 1147 1770 praenuntiavit
1173 1726 1353 1771 quaedam
1382 1726 1425 1760 de
1457 1726 1616 1768 Christo,
1644 1735 1682 1760 ut

122 1777 275 1822 August.
297 1776 382 1811 dicit
401 1777 473 1821 (lib.
496 1789 538 1822 13.
554 1782 636 1811 cont.
652 1778 763 1811 Faus-t.
779 1784 850 1824 cap.
871 1779 955 1823 15.):
977 1777 1157 1812 invenitur
1179 1779 1288 1813 etiam
1310 1779 1347 1812 in
1368 1779 1526 1813 historiis
1548 1780 1682 1814 Roma-

121 1841 264 1872 norum,
286 1830 382 1876 quod
403 1838 567 1876 ternpore
591 1830 821 1865 Constantini
843 1831 1010 1875 Augusti,
1033 1839 1067 1865 et
1087 1832 1212 1866 Irenae
1240 1833 1364 1867 matris
1391 1834 1466 1878 ejus
1492 1833 1680 1868 inventum

121 1882 186 1917 fuit
206 1883 389 1929 quoddam
411 1883 655 1929 sepulchrum,
676 1884 713 1918 in
732 1895 803 1930 quo
825 1884 964 1929 jacebat
984 1884 1099 1919 homo
1123 1896 1270 1919 auream
1292 1885 1467 1920 laminam
1488 1886 1625 1921 habens
1644 1887 1680 1920 in

121 1945 278 1983 pectore,
291 1936 328 1970 in
350 1948 420 1982 qua
442 1938 613 1983 scriptum
635 1945 730 1972 erat:
757 1937 905 1972 Christus
923 1943 1072 1972 nascetur
1090 1950 1129 1973 ax
1153 1939 1182 1972 V
1181 1940 1296 1985 irgine,
1312 1945 1340 1974 et
1357 1951 1412 1985 ego
1431 1940 1528 1975 credo
1547 1941 1581 1974 in
1595 1953 1679 1976 anm.

125 1990 156 2024 O
175 1990 240 2032 Sol,
266 1991 322 2024 sub
350 1989 477 2031 Irenae,
500 1995 529 2024 et
557 1990 763 2025 Constantini
789 1992 988 2037 temporibus
1014 1993 1133 2026 iterum
1160 2004 1209 2027 me
1229 1993 1353 2027 videbis
1381 1993 1464 2037 (vid.
1490 1994 1615 2028 Baron.
1638 1994 1680 2028 ιιιί

122 2054 245 2077 annum
269 2043 393 2078 Christi
414 2044 527 2089 780.):
550 2044 581 2077 si
602 2044 662 2089 qui
683 2052 805 2078 tamen
831 2044 956 2078 salvati
988 2043 1142 2087 fuerunt,
1169 2045 1296 2092 quibus
1319 2046 1491 2081 revelatio
1518 2058 1592 2081 non
1614 2046 1678 2081 fuit

121 2095 226 2138 facta,
247 2108 321 2130 non
341 2095 485 2130 fuerunt
510 2096 637 2131 salvati
671 2097 803 2143 absque
833 2097 902 2131 fide
936 2098 1165 2133 Mediatoris:
1189 2099 1271 2145 quia
1294 2101 1359 2134 etsi
1380 2111 1454 2134 non
1476 2100 1679 2135 habuerunt

122 2149 229 2184 fidem
251 2149 466 2196 explicitam,
492 2150 696 2184 habuerunt
728 2158 851 2184 tamen
872 2150 982 2185 fidem
1004 2151 1219 2197 implicitam
1240 2153 1276 2186 in
1299 2153 1418 2187 divina
1440 2154 1677 2199 providentia,

122 2203 306 2237 credentes
326 2203 447 2236 Deum
471 2213 547 2237 esse
569 2202 799 2237 liberatorem
821 2203 1015 2237 hominum
1043 2205 1243 2239 secundum
1265 2207 1395 2241 modos
1416 2207 1482 2241 sibi
1503 2207 1678 2253 placitos;

122 2264 156 2290 et
175 2255 374 2290 secundum
393 2256 488 2302 quod
511 2255 686 2302 aliquibus
700 2257 890 2290 veritatem
912 2259 1214 2303 cognoscentibus
1237 2259 1379 2305 spiritus
1401 2260 1605 2303 revelasset,
1628 2272 1679 2296 se-

123 2309 280 2344 cundum
301 2308 388 2343 illud
405 2309 472 2354 Job
498 2320 569 2354 35.:
594 2310 664 2354 Qui
684 2309 774 2344 docet
795 2321 851 2344 nos
875 2316 972 2356 snper
989 2313 1141 2356 jumenta
1160 2318 1274 2348 terrae.

662 2447 1005 2492 ARTICULUS
1038 2450 1160 2492 VIII.
1636 2468 1676 2501 18

175 2559 328 2589 UTRUM
353 2559 582 2590 EXPLICITE
611 2561 805 2591 CREDERE
832 2562 1103 2593 TRINITATEM
1131 2564 1198 2594 SIT
1226 2565 1283 2594 DE
1316 2566 1612 2598 NECESSITATE

798 2621 992 2651 SALUTIS.

273 2700 378 2744 (Dist.
405 2712 452 2746 25.
474 2712 503 2746 q.
531 2713 562 2736 2.
583 2707 646 2736 art.
668 2714 699 2737 2.
721 2708 749 2737 el
768 2714 801 2747 4.
824 2704 910 2738 Dis-1.
925 2716 951 2738 r.
973 2716 1002 2749 q.
1021 2716 1051 2739 2.
1074 2711 1137 2739 art.
1159 2718 1191 2741 2.
1218 2712 1249 2741 et
1275 2707 1360 2741 Veri.
1383 2719 1410 2752 q.
1438 2710 1519 2753 14).

193 2789 252 2822 AD
275 2798 462 2823 OCTAVUM
483 2790 532 2824 sic
558 2791 774 2836 proceditur.
793 2791 953 2835 Videtur,
982 2794 1078 2838 quod
1098 2794 1242 2829 credere
1270 2794 1487 2832 Trinitatem
1509 2798 1673 2844 explicite

122 2853 196 2877 non
228 2841 333 2876 fuerit
369 2841 412 2876 de
441 2843 652 2878 necessitate
686 2844 826 2880 salutis:
850 2845 935 2880 dicit
969 2847 1065 2880 enim
1100 2848 1225 2894 Apost.
1258 2849 1300 2883 ad
1323 2850 1412 2884 Heb.
1440 2862 1508 2886 11.:
1534 2853 1673 2890 Credam
