1859 3122
467 201 689 236 QUAESTIO
724 201 900 232 CLXXXI.
932 201 1176 232 ARTICULUS
1209 202 1254 232 ΙΙ.
1530 203 1637 246 Ῑ175

151 283 213 318 AD
233 292 383 318 PR1MUM
405 293 492 328 ergo
514 282 721 324 dicendum,
748 283 844 329 quod
874 283 1104 329 operationes
1135 283 1293 318 morales
1322 283 1573 330 specificantur
1599 295 1643 318 ex

82 337 164 380 fine,
185 344 224 371 ut
243 348 351 382 supra
370 337 532 371 habitum
555 345 608 371 est
629 337 712 381 (1-2.
735 348 764 382 q.
786 337 836 372 18.
859 342 923 371 art.
942 348 974 380 4.
993 342 1022 371 et
1043 337 1091 382 6.)
1101 349 1113 377 ,·
1136 346 1169 371 et
1190 337 1273 371 ideo
1289 337 1332 371 ad
1350 338 1461 372 vitam
1482 346 1644 372 contem-

79 390 253 437 plativam
273 389 335 424 illa
354 390 516 436 cognitio
538 390 701 436 pertinet,
721 401 812 436 quae
835 389 943 424 finem
963 390 1070 425 habet
1087 390 1123 424 in
1140 391 1216 437 ipsa
1236 391 1444 437 cognitione
1462 392 1640 426 veritatis:

79 443 242 489 cognitio
265 452 386 478 autem
407 444 629 490 prudentiae,
651 455 743 490 quae
765 444 881 489 magis
904 444 1011 478 habet
1033 443 1142 478 finem
1168 444 1204 478 in
1232 453 1312 479 actu
1335 445 1549 491 appetitivae
1569 445 1639 480 vir·

78 498 174 540 tutis,
197 497 348 544 pertinet
371 498 413 532 ad
435 498 547 532 vitam
571 498 738 532 activam.

150 551 210 586 AD
233 562 439 586 SECUNDUM
462 551 668 593 dicendum,
691 551 788 597 quod
812 551 1004 597 occupatio
1032 551 1250 586 exteriorum
1276 563 1395 586 rerum
1418 551 1503 587 facit
1523 552 1642 587 horni-

79 615 163 639 nem
185 605 304 638 minus
318 605 438 639 videre
460 605 496 638 in
518 605 622 638 rebus
644 604 939 649 intelligibilibus,
955 617 1046 651 quae
1065 614 1147 639 sunt
1161 613 1345 651 separatae
1365 617 1384 639 a
1402 606 1642 649 sensibilibus,

78 659 114 692 in
136 658 263 704 quibus
286 659 514 704 operationes
534 659 672 692 activae
694 658 788 692 vitae
811 659 1028 692 consistunt:
1051 659 1113 693 sed
1135 666 1257 693 tamen
1277 660 1468 705 occupatio
1485 660 1641 694 exterior

80 712 217 746 activae
243 712 336 746 vitae
364 711 449 746 facit
474 712 664 746 hominem
691 712 808 755 magis
835 711 930 746 clare
956 712 1078 746 videre
1103 712 1139 745 in
1165 712 1298 757 judicio
1323 712 1520 758 agibilium,
1542 714 1638 759 quod

78 766 231 812 pertinet
253 765 296 799 ad
318 765 556 811 prudentiam,
570 773 647 799 tum
670 773 815 811 propter
837 765 1104 810 experientiam,
1119 773 1197 799 tum
1218 774 1364 812 propter
1382 766 1512 800 mentis
1531 774 1642 801 atten-

78 819 229 860 tionem,
251 819 334 865 quia
359 820 417 853 ubi
438 819 622 860 intenderis,
651 820 698 853 ibi
725 820 891 863 ingenium
917 819 1017 861 valet,
1046 826 1084 853 ut
1110 818 1300 853 Sallustius
1324 820 1409 853 dicit
1427 820 1479 864 (in
1497 819 1639 866 Conjur.

83 872 180 907 Catil.
204 873 264 906 cir.
280 873 392 918 princ.
415 877 498 906 orat.
525 873 702 915 Caesaris).

151 926 211 960 AD
231 935 402 960 TERTIUM
424 926 628 967 dicendum,
651 925 747 972 quod
771 924 958 970 prudentia
980 925 1108 959 dicitur
1135 937 1211 960 esse
1239 925 1358 959 media
1380 926 1471 960 inter
1492 927 1641 961 virtutes

80 978 354 1020 intellectuales,
377 987 411 1013 et
432 978 589 1013 morales
611 987 787 1025 quantum
810 978 852 1012 ad
880 979 963 1020 hoc,
987 979 1082 1024 quod
1109 979 1144 1012 in
1170 979 1331 1024 subjecto
1360 980 1530 1014 convenit
1556 991 1640 1014 cum

79 1032 266 1066 virtutibus
285 1031 602 1067 intellectualibus:
618 1033 653 1066 in
669 1032 820 1066 materia
837 1040 957 1065 autem
973 1031 1132 1066 totaliter
1143 1032 1313 1066 convenit
1327 1044 1409 1066 cum
1425 1033 1640 1067 moralibus:

79 1085 166 1120 illud
189 1094 310 1120 autem
331 1086 477 1119 tertium
497 1086 641 1119 vivendi
663 1096 776 1131 genus
798 1085 959 1118 medium
982 1093 1034 1119 est
1054 1085 1146 1119 inter
1174 1086 1329 1119 activam
1355 1086 1479 1127 vitam,
1502 1095 1537 1120 et
1558 1098 1642 1120 con-

79 1138 341 1185 templativam,
364 1146 538 1184 quantum
561 1139 604 1172 ad
627 1149 680 1179 ea,
703 1138 799 1171 circa
821 1149 912 1183 quae
940 1146 1155 1183 occupatur;
1183 1138 1267 1184 quia
1292 1139 1509 1184 quandoque
1537 1151 1641 1174 occu-

80 1200 183 1239 patur
197 1192 233 1226 in
248 1191 557 1238 contemplatione
574 1191 746 1233 veritatis,
761 1190 978 1237 quandoque
994 1200 1114 1225 autem
1133 1199 1331 1237 occupatur
1345 1192 1440 1226 circa
1455 1192 1642 1226 exteriora.

637 1334 980 1379 ARTICULUS
1010 1335 1090 1377 HI.
1573 1347 1641 1393 858

81 1444 235 1475 UTRUM
268 1443 444 1473 DOCERE
472 1442 538 1472 SIT
566 1442 707 1472 ACTUS
735 1442 866 1471 VITAE
903 1442 1107 1482 ACTIVAE,
1135 1443 1193 1473 AN
1227 1442 1640 1473 CONTEMPLATIVAE.

309 1531 350 1578 (3.
373 1532 460 1566 Dist.
479 1542 523 1577 35.
546 1543 575 1576 q.
597 1543 624 1565 I.
648 1535 710 1565 art.
730 1543 757 1577 3.
780 1542 810 1576 q.
832 1543 860 1566 Ι.
882 1530 924 1564 ad
941 1543 968 1577 3.
991 1535 1019 1565 et
1047 1531 1132 1565 Veri.
1153 1542 1182 1576 q.
1204 1544 1250 1566 H.
1270 1536 1332 1566 art.
1355 1533 1417 1576 4.).

152 1623 212 1657 AD
239 1631 412 1656 TERTIUM
438 1621 488 1655 sic
516 1621 733 1666 proceditur.
763 1620 925 1662 Videtur,
959 1620 1056 1666 quod
1087 1620 1217 1655 docere
1249 1632 1323 1654 non
1349 1621 1394 1656 sit
1420 1629 1519 1656 actus
1546 1622 1641 1656 vitae

85 1676 236 1717 activae,
257 1675 319 1710 sed
342 1674 664 1720 contemplativae:
687 1674 771 1708 dicit
793 1674 889 1708 enim
918 1674 1026 1719 Greg.
1054 1685 1160 1720 super
1186 1674 1315 1708 Ezech.
1337 1675 1441 1719 (hom.
1461 1675 1520 1720 5.)‚
1543 1675 1641 1721 quod

85 1743 103 1762 «
124 1730 191 1763 viri
211 1728 359 1775 perfecti
380 1729 476 1762 bona
498 1727 679 1769 coelestia,
702 1739 792 1773 quae
815 1727 943 1761 saltem
965 1739 1027 1773 per
1049 1727 1235 1772 speculum
1259 1727 1499 1774 contemplari
1520 1737 1645 1774 potue-

82 1790 176 1825 runt,
201 1782 368 1816 fratribus
395 1781 617 1821 denuntiant,
644 1792 843 1826 eorumque
872 1781 1013 1814 animos
1039 1781 1076 1813 in
1103 1791 1268 1814 amorem
1294 1781 1442 1815 intimae
1470 1781 1640 1815 claritatis

85 1836 302 1870 accendunt:
324 1835 386 1869 sed
407 1835 478 1868 hoc
500 1835 652 1880 pertinet
671 1834 713 1868 ad
737 1834 959 1875 doctrinam
980 1845 1066 1879 ergo
1093 1833 1225 1868 docere
1252 1842 1304 1868 est
1326 1842 1424 1869 actus
1442 1835 1536 1868 vitae
1559 1846 1643 1868 con-

81 1889 325 1936 templativae.

154 1952 185 1976 2.
207 1942 443 1977 PRAETEREA.
465 1941 523 1974 Ad
543 1940 640 1974 idem
662 1951 774 1986 genus
795 1940 889 1974 vitae
911 1940 1051 1974 videtur
1071 1940 1193 1974 reduci
1215 1949 1324 1982 actus,
1345 1949 1379 1975 et
1397 1941 1558 1976 habitus:
1580 1940 1642 1975 sed

83 1996 213 2030 docere
235 2003 289 2029 est
309 2002 409 2028 actus
435 1994 647 2040 sapientiae:
676 1994 762 2027 dicit
788 1994 885 2027 enim
907 1993 1044 2027 Philos.
1071 1993 1107 2031 in
1133 1994 1246 2039 princ.
1272 1994 1475 2040 Metaphys.
1499 1994 1586 2040 (cap.
1614 2006 1641 2029 Ι.

83 2061 104 2084 α
123 2048 228 2093 med.)
245 2048 342 2094 quod
359 2049 487 2091 signum
507 2048 635 2081 scientis
656 2052 700 2081 est
717 2053 804 2092 posse
822 2046 933 2081 docere
946 2059 958 2087 ;
987 2058 1070 2080 cum
1093 2058 1179 2092 ergo
1201 2047 1388 2093 sapientia,
1415 2047 1473 2081 vel
1495 2047 1644 2082 scientia

84 2102 262 2148 pertineat
289 2101 333 2135 ad
354 2101 466 2134 vitam
494 2099 827 2146 contemplativam,
852 2099 993 2134 videtur
1019 2099 1116 2145 quod
1138 2101 1247 2134 etiam
1275 2101 1437 2135 doctrina
1465 2101 1507 2134 ad
1533 2100 1645 2135 vitam

86 2154 408 2200 contemplativam
429 2153 614 2199 pertineat.

159 2219 188 2254 3.
207 2207 443 2242 PRAETEREA.
467 2206 568 2240 Sicut
589 2205 850 2252 contemplatio
873 2213 925 2240 est
947 2214 1046 2240 actus
1072 2206 1167 2241 vitae
1194 2206 1508 2253 contemplativae,
1535 2207 1585 2240 ita
1611 2215 1644 2241 et

86 2261 220 2296 oratio:
242 2260 304 2295 sed
327 2260 455 2301 oratio,
475 2271 544 2305 qua
559 2259 637 2305 quis
654 2267 733 2293 orat
753 2271 816 2304 pro
833 2259 916 2301 alio,
932 2259 1168 2294 nihilominus
1191 2260 1344 2305 pertinet
1367 2260 1409 2293 ad
1430 2260 1542 2294 vitam
1562 2271 1644 2294 con-

85 2314 354 2361 templativam3
377 2324 463 2359 ergo
483 2313 580 2358 quod
603 2312 730 2358 aliquis
751 2313 940 2347 veritatem
956 2313 1165 2347 meditatam
1181 2313 1217 2346 in
1233 2313 1377 2347 alterius
1396 2313 1562 2347 notitiam
1581 2324 1644 2359 per

87 2368 291 2404 doctrinam
313 2366 478 2407 deducat,
499 2366 637 2400 videtur
660 2366 704 2400 ad
725 2366 837 2400 vitam
860 2366 1181 2411 contemplativam
1204 2366 1391 2412 pertinere.

159 2422 234 2456 SED
259 2430 414 2455 CONTRA
435 2427 499 2460 est,
521 2419 618 2464 quod
636 2419 744 2465 Greg.
768 2419 854 2453 dicit
875 2431 982 2465 super
997 2419 1126 2453 Ezech.
1151 2419 1252 2462 (hom.
1280 2420 1371 2463 14.):
1390 2432 1407 2450 «
1422 2419 1552 2453 Activa
1572 2419 1646 2454 vita

87 2482 151 2516 est,
173 2485 306 2520 panem
324 2472 493 2507 esurienti
512 2472 679 2514 tribuere,
700 2472 808 2506 verba
830 2472 1027 2518 sapientiae
1048 2473 1271 2506 nescientem
1286 2473 1416 2506 docere
1434 2486 1466 2506 ».

158 2528 387 2561 RESPONDEO
415 2525 620 2566 dicendum,
647 2525 743 2570 quod
766 2534 866 2559 actus
890 2525 1074 2559 doctrinae
1097 2525 1204 2559 habet
1237 2525 1357 2571 duplex
1384 2525 1582 2569 objectum:
1607 2525 1648 2559 fit

89 2581 187 2616 enim
206 2579 370 2613 doctrina
390 2589 454 2624 per
474 2577 716 2619 locutionem;
739 2577 876 2612 locutio
899 2586 1019 2612 autem
1041 2586 1094 2612 est
1121 2578 1265 2623 signum
1292 2578 1446 2611 audibile
1468 2578 1646 2612 interioris

89 2641 304 2678 conceptus;
327 2640 380 2665 est
401 2642 488 2675 ergo
510 2643 614 2664 unum
633 2631 816 2675 objectum
835 2631 1021 2665 doctrinae
1042 2631 1089 2672 id,
1106 2631 1201 2676 quod
1216 2639 1269 2664 est
1283 2631 1446 2672 materia,
1461 2631 1535 2665 sive
1554 2632 1650 2676 obje-

89 2695 187 2722 ctum
209 2685 388 2720 interioris
411 2685 680 2730 conceptionis;
707 2693 742 2718 et
768 2693 942 2730 quantum
971 2684 1014 2718 ad
1035 2684 1106 2717 hoc
1135 2684 1319 2729 objectum
1345 2684 1562 2730 quandoque
1584 2685 1648 2718 do-

89 2741 224 2775 ctrinae
238 2739 390 2786 pertinet
407 2738 451 2772 ad
466 2737 579 2771 vitam
599 2737 767 2779 activam,
782 2739 998 2783 quandoque
1015 2737 1058 2770 ad
1078 2736 1415 2783 contemplativam:
1433 2737 1477 2771 ad
1491 2737 1646 2771 activam

91 2793 250 2840 quidem,
272 2791 416 2838 quando
446 2791 561 2824 horno
588 2790 736 2824 interius
767 2791 926 2836 concipit
953 2790 1111 2836 aliquam
1131 2790 1331 2831 veritatem,
1354 2798 1392 2824 ut
1420 2801 1481 2836 per
1511 2801 1591 2824 eam
1612 2790 1649 2823 in

36 2855 39 2858 ’
91 2846 256 2882 exteriori
276 2845 418 2879 actione
440 2843 631 2889 dirigatur:
648 2843 691 2878 ad
708 2844 1028 2890 contemplativam
1050 2853 1183 2885 autem,
1205 2843 1349 2889 quando
1365 2843 1480 2878 homo
1503 2843 1650 2878 interius

92 2899 253 2946 concipit
275 2897 434 2944 aliquam
454 2897 644 2932 veritatem
669 2896 948 2943 intelligibilem,
969 2898 1006 2931 in
1025 2898 1125 2943 cujus
1147 2897 1448 2939 consideratione,
1471 2905 1506 2932 et
1527 2908 1653 2932 amore
