1859 3122
230 218 313 260 542
629 216 851 251 QUAESTIO
884 216 1048 246 LXXVII.
1081 216 1326 247 ARTICULUS
1360 217 1387 246 Ι.

819 386 1164 431 ARTICULUS
1194 387 1227 428 l.
1725 410 1792 446 413

227 494 381 524 UTRUM
408 494 556 523 LICITE
591 494 768 529 ALIQUIS
799 494 951 523 POSSIT
979 494 1180 524 VENDERE
1207 494 1295 524 REM
1327 494 1433 523 PLUS
1462 494 1587 530 QUAM
1607 495 1794 525 VALEAT.

455 581 506 626 (4.
526 581 616 616 Dist.
638 593 686 626 25.
709 593 738 627 q.
757 593 786 627 3.
809 586 874 616 art.
896 593 923 616 1.
946 593 976 626 q.
997 593 1026 616 1.
1050 587 1139 626 corp.
1158 586 1188 616 et
1208 593 1238 626 q.
1260 593 1292 616 2.
1315 586 1378 616 art.
1401 593 1432 616 2.
1455 583 1575 628 corp).

299 669 359 703 AD
381 680 532 704 PRIMUM
554 669 604 703 sic
628 669 845 715 proceditur.
861 669 1023 712 Videtur,
1039 669 1135 715 quod
1159 668 1286 715 aliquis
1308 669 1404 704 licite
1422 670 1536 716 possit
1547 670 1704 706 vendere
1718 682 1795 705 rem

227 722 306 769 plus
331 734 441 768 quam
462 722 601 765 valeat3
624 723 759 768 justum
782 723 878 756 enim
900 722 937 756 in
961 723 1308 757 commutationibus
1338 723 1522 758 humanae
1544 723 1640 758 vitae
1669 735 1796 758 secun-

228 776 314 810 dum
336 775 435 822 leges
459 776 582 810 civiles
605 776 880 810 determinatur:
909 775 969 810 sed
993 777 1192 810 secundum
1223 787 1283 810 eas
1312 776 1453 810 licitum
1483 785 1536 811 est
1566 777 1732 823 emptori,
1761 785 1797 811 et

227 830 418 872 venditori,
440 837 478 863 ut
499 841 536 864 se
558 829 716 863 invicem
739 829 920 875 decipiant
941 829 997 874 (ex
1021 829 1100 864 Cod.
1124 830 1180 864 lib.
1203 830 1252 864 [8.
1276 831 1324 864 t-it.
1346 841 1402 874 44.
1423 830 1475 864 De
1496 829 1708 864 rescindenda
1720 841 1798 864 ven-

227 883 376 928 ditione),
394 883 491 929 quod
506 883 652 929 quidem
674 882 723 924 fit,
746 883 958 928 inquantum
981 883 1148 916 venditor
1168 882 1247 929 plus
1269 883 1392 917 vendit
1412 894 1501 925 rem,
1524 895 1633 929 quarn
1655 882 1793 926 valeat3

229 947 316 982 ergo
338 936 478 970 licitum
500 944 564 978 est,
587 935 682 982 quod
706 935 833 982 aliquis
854 935 988 970 vendat
1009 947 1085 969 rem
1107 935 1199 982 plus,
1222 948 1331 982 quam
1349 935 1478 971 valeat.

301 1000 332 1024 2.
355 989 592 1024 PRAETEREA.
616 988 709 1022 Illud
731 989 828 1035 quod
855 996 907 1023 est
929 989 1097 1023 omnibus
1120 1001 1329 1031 commune,
1351 989 1491 1024 videtur
1517 1001 1595 1024 esse
1620 989 1795 1031 naturale,

229 1051 263 1077 et
283 1054 358 1076 non
381 1054 458 1077 esse
481 1050 689 1088 peccatum:
705 1042 778 1084 sed,
798 1043 889 1076 sicut
904 1042 1056 1087 August.
1078 1042 1197 1084 refert,
1224 1054 1274 1088 13.
1299 1043 1341 1077 de
1358 1042 1459 1076 Trin.
1479 1043 1568 1089 (cap.
1583 1044 1641 1090 3.),
1658 1043 1796 1077 dictum

229 1096 417 1141 cujusdam
439 1097 542 1130 mimi
563 1095 629 1130 fuit
651 1096 693 1129 ab
718 1097 884 1130 omnibus
909 1104 1121 1141 acceptum:
1151 1096 1217 1130 Vili
1237 1097 1338 1131 vultis
1359 1109 1473 1138 emere,
1493 1102 1523 1131 et
1540 1108 1615 1131 care
1631 1096 1793 1131 vendere:

229 1150 287 1184 cui
309 1151 419 1184 etiam
442 1158 631 1191 consonat,
654 1149 751 1195 quod
774 1149 903 1183 dicitur
923 1149 1029 1182 Prov.
1054 1160 1130 1184 20.:
1153 1150 1285 1183 Malmn
1304 1155 1357 1191 est,
1374 1150 1500 1184 malum
1521 1155 1575 1192 est,
1598 1149 1678 1184 dicit
1691 1151 1798 1184 omnis

228 1209 372 1250 emptam
395 1209 425 1238 et
446 1215 519 1237 cum
543 1205 716 1244 recesserit,
734 1203 901 1248 gloriatur
910 1215 922 1243 ,·
943 1213 1030 1248 ergo
1052 1202 1191 1236 licitum
1213 1209 1266 1236 est
1287 1202 1421 1249 aliquid
1441 1203 1557 1237 carius
1576 1202 1743 1245 vendere,
1762 1211 1798 1237 et

228 1256 335 1291 vilius
358 1268 490 1298 emere,
513 1268 623 1302 quam
644 1256 773 1290 valeat.

302 1322 330 1356 3.
354 1310 590 1345 PRAETEREA.
614 1309 698 1343 Non
724 1309 864 1343 videtur
891 1320 968 1343 esse
996 1308 1174 1350 illicitum,
1202 1309 1231 1342 si
1258 1320 1300 1342 ex
1327 1309 1570 1343 conventione
1593 1316 1719 1355 agatur
1744 1308 1793 1351 id,

231 1364 326 1410 quod
342 1363 419 1397 fieri
430 1364 535 1397 debet
550 1375 592 1397 ex
603 1363 723 1396 debito
738 1363 950 1396 honestatis:
963 1363 1025 1396 sed
1041 1362 1240 1396 secundum
1251 1361 1388 1396 Philos.
1400 1362 1436 1395 in
1448 1362 1480 1396 8.
1491 1362 1794 1409 Ethic.(cap.13.)‚

231 1418 267 1451 in
299 1417 457 1450 amicitia
480 1416 556 1450 utili
579 1417 870 1462 recompensatio
897 1415 973 1449 fieri
1000 1416 1105 1449 debet
1126 1415 1327 1449 secundum
1353 1415 1557 1457 utilitatem,
1579 1427 1690 1461 quam
1711 1426 1796 1449 con-

233 1479 375 1504 secutus
399 1478 449 1504 est
470 1469 543 1511 ille,
570 1470 630 1515 qui
664 1469 881 1503 beneficium
915 1469 1089 1514 suscepit:
1117 1480 1209 1514 quae
1243 1469 1390 1514 quidem
1412 1468 1628 1514 quandoque
1657 1468 1797 1502 excedit
1850 1487 1853 1495 ‹

230 1523 395 1559 valorem
418 1523 468 1557 rei
491 1524 613 1565 datae,
636 1523 728 1557 sicut
751 1522 937 1567 contingit,
954 1533 1037 1555 cum
1053 1521 1180 1568 aliquis
1203 1521 1359 1556 multum
1377 1533 1414 1555 re
1434 1522 1554 1567 aliqua
1571 1521 1719 1567 indiget,
1737 1521 1797 1556 vel

234 1577 276 1611 ad
300 1576 503 1623 periculum
526 1576 745 1617 evitandum,
767 1575 824 1609 vel
852 1575 895 1608 ad
923 1575 1068 1621 aliquod
1097 1575 1336 1609 commodum
1364 1575 1683 1621 consequendum3
1705 1586 1793 1621 ergo

231 1631 316 1665 licet
338 1632 373 1664 in
397 1638 585 1664 contractu
608 1629 813 1675 emptionis,
836 1637 871 1662 et
891 1629 1109 1662 venditionis
1138 1629 1270 1674 aliquid
1298 1629 1382 1662 dare
1416 1639 1481 1674 pro
1509 1628 1641 1674 maj0ri
1665 1628 1792 1674 pretio,

234 1696 342 1730 quam
366 1684 494 1718 valeat.

303 1738 378 1772 SED
406 1747 560 1772 CONTRA
584 1745 647 1778 est,
671 1736 767 1782 quod
790 1736 918 1770 dicitur
939 1735 1066 1769 Matth.
1090 1746 1140 1780 7.:
1168 1736 1303 1777 Omnia,
1327 1747 1547 1781 quaecmnque
1564 1735 1667 1769 vultis
1687 1740 1725 1770 ut
1741 1735 1796 1781 scz-

232 1793 323 1826 ciant
343 1793 435 1826 vobis
457 1791 613 1832 homines,
641 1795 671 1824 et
695 1802 752 1824 vos
770 1790 875 1836 sucin·
903 1790 986 1823 illis:
1011 1789 1073 1822 sed
1095 1788 1213 1822 nullus
1235 1788 1311 1823 vult
1338 1789 1405 1823 sibi
1430 1799 1508 1822 rem
1533 1789 1642 1822 vendi
1668 1788 1796 1830 carius,

231 1857 340 1891 quam
362 1844 496 1886 valeat3
520 1855 607 1889 ergo
630 1843 749 1877 nullus
771 1843 877 1877 debet
899 1842 1000 1876 alteri
1021 1842 1177 1876 vendere
1200 1854 1277 1876 rem
1300 1842 1428 1883 carius,
1451 1853 1560 1887 quam
1581 1841 1710 1876 valeat.
1843 1882 1846 1886 ⁴

302 1898 532 1932 Respoxoto
556 1897 763 1938 dicendum,
779 1896 874 1942 quod
883 1895 1041 1942 fraudem
1064 1896 1216 1930 adbibere
1235 1896 1277 1929 ad
1296 1896 1353 1930 hoc
1372 1895 1458 1941 quod
1475 1895 1602 1941 aliquid
1613 1895 1690 1942 plus
1706 1897 1796 1941 justo

224 1953 332 1997 pretio
353 1951 529 1992 vendatur,
557 1952 691 1984 0172121'110
713 1954 883 1995 paccatum
907 1954 970 1989 ast;
994 1949 1208 1994 inquantum
1228 1949 1356 1994 aliquis
1379 1948 1511 1994 decipit
1529 1948 1736 1994 proximum
1758 1949 1795 1982 in

233 2005 407 2038 damnum
430 2004 560 2050 ipsius;
584 2003 678 2037 unde
701 2011 735 2036 et
757 2002 899 2036 Tullius
933 2003 1019 2036 dicit
1052 2004 1086 2035 in
1113 2002 1172 2035 lib.
1199 2013 1227 2047 3.
1251 2002 1294 2035 de
1315 2000 1422 2036 Offic.
1446 2001 1498 2046 (in
1525 2003 1574 2035 tit.
1602 2001 1687 2047 quod
1709 2002 1792 2035 bono
1836 2043 1838 2045 ‚

231 2059 306 2092 viro
329 2069 393 2091 non
416 2063 459 2091 ast
477 2057 733 2100 simulandimz):
767 2069 784 2087 (r
801 2055 1023 2089 Tollendum
1039 2064 1091 2089 est
1109 2055 1216 2101 igitur
1234 2055 1270 2088 in
1287 2055 1390 2088 rebus
1413 2055 1669 2089 contrahendis
1687 2065 1797 2088 omne

231 2111 483 2145 mendacium:
506 2121 580 2143 non
602 2109 822 2143 licitatorem
842 2109 1020 2150 venditor,
1035 2120 1100 2141 nec
1121 2108 1181 2154 qui
1196 2116 1321 2141 contra
1341 2119 1378 2142 se
1397 2107 1562 2149 licitetur,
1578 2116 1720 2154 emptor
1739 2119 1797 2154 ap-

232 2173 344 2211 ponat
357 2176 393 2196 »2
410 2165 438 2197 si
454 2171 574 2196 autem
592 2162 688 2196 fraus
707 2162 837 2203 deficit,
852 2170 936 2195 tunc
957 2162 1000 2195 de
1019 2162 1215 2207 emptione,
1232 2169 1266 2194 et
1280 2161 1487 2194 venditione
1503 2161 1677 2208 dupliciter
1694 2160 1795 2206 loqui

232 2229 443 2264 possumus:
467 2229 530 2250 uno
554 2216 647 2250 modo
670 2216 868 2249 secundum
891 2226 939 2256 se,
968 2223 1002 2248 et
1023 2215 1222 2248 secundum
1245 2215 1317 2248 hoc
1341 2214 1490 2260 emptio,
1513 2223 1548 2248 et
1568 2214 1728 2248 venditio
1749 2214 1797 2247 vi-

233 2272 335 2305 detur
362 2281 438 2304 esse
464 2270 669 2303 introducta
696 2280 760 2315 pro
789 2268 977 2302 communi
1011 2268 1162 2302 utilitate
1194 2268 1398 2313 utriusque3
1426 2268 1512 2302 dum
1539 2267 1678 2301 scilicet
1704 2279 1796 2301 unus
1835 2288 1842 2307 q

232 2324 368 2370 indiget
391 2335 427 2358 re
450 2322 606 2363 alteriuS,
629 2331 662 2356 et
684 2333 702 2355 e
722 2333 918 2356 converso:
942 2321 1035 2355 sicut
1056 2329 1153 2366 patet
1170 2332 1233 2367 per
1251 2320 1388 2355 Philos.
1404 2321 1441 2355 in
1460 2332 1487 2354 1.
1503 2320 1610 2355 Polit.
1627 2320 1713 2367 (cap.
1729 2320 1795 2365 6.):
1838 2343 1840 2348 ν

234 2377 330 2423 quod
353 2384 474 2410 autem
495 2386 560 2420 pro
583 2374 771 2408 communi
805 2373 956 2407 utilitate
988 2373 1177 2407 inductum
1200 2382 1262 2415 est,
1285 2385 1359 2407 non
1386 2373 1491 2407 debet
1518 2384 1595 2407 esse
1617 2373 1733 2418 magis
1759 2373 1797 2406 in
1838 2389 1843 2419 .'‹·

235 2441 431 2476 gravamen
460 2430 575 2469 unius,
606 2439 714 2474 quam
750 2427 915 2469 alterius;
938 2435 972 2460 et
992 2427 1075 2461 ideo
1102 2427 1207 2461 debet
1233 2427 1434 2461 secundum
1467 2425 1720 2472 aequalitatem
1745 2426 1797 2460 rei
1832 2422 1849 2463 ,1

235 2486 325 2517 inter
347 2494 409 2517 eos
433 2489 637 2516 contractus
660 2481 811 2514 institui:
837 2480 1015 2526 quantitas
1039 2488 1159 2514 autem
1181 2479 1242 2522 rei,
1266 2491 1357 2525 quae
1379 2479 1414 2513 in
1438 2491 1543 2514 usum
1562 2479 1722 2513 hominis
1740 2490 1797 2513 ve-

234 2537 296 2579 nit,
320 2544 547 2570 mensuratur
568 2534 768 2569 secundum
790 2535 944 2580 pretium
968 2534 1112 2575 datum3
1135 2534 1177 2567 ad
1201 2533 1297 2579 quod
1319 2541 1372 2567 est
1392 2533 1579 2567 inventum
1600 2533 1795 2574 numisma,
1835 2548 1838 2581 J

235 2599 272 2624 ut
294 2590 421 2623 dicitur
443 2589 477 2622 in
504 2599 531 2633 5.
555 2588 669 2622 Ethic.
697 2587 785 2633 (cap.
803 2587 872 2632 5.);
897 2595 931 2620 et
957 2587 1039 2620 ideo
1067 2587 1095 2620 si
1122 2586 1179 2620 vel
1205 2587 1360 2632 pretium
1388 2586 1535 2620 excedat
1560 2586 1794 2631 quantitatem
1830 2588 1845 2633 ¹¹:

235 2643 368 2677 valoris
391 2643 452 2684 rei,
475 2641 532 2675 vel
555 2653 572 2675 e
595 2651 771 2675 converso
793 2651 848 2673 res
871 2640 1018 2674 excedat
1040 2641 1208 2685 pretium,
1235 2639 1381 2673 tolletur
1402 2639 1558 2685 justitiae
1581 2638 1794 2685 aequalitas;
1829 2645 1835 2675 ἵ

236 2705 269 2730 et
290 2696 372 2730 ideo
396 2696 511 2729 carius
533 2695 699 2736 vendere,
720 2693 779 2728 vel
800 2693 904 2726 vilius
927 2704 1047 2727 emere
1070 2705 1158 2735 rem,
1181 2705 1290 2739 quam
1311 2693 1440 2734 valeat,
1463 2701 1516 2726 est
1537 2692 1738 2726 secundum
1756 2703 1793 2726 se

236 2751 419 2795 injustum,
443 2757 477 2783 et
498 2748 681 2782 illicitum:
703 2747 770 2781 alio
794 2746 886 2780 modo
909 2757 1102 2791 possumus
1123 2746 1224 2792 loqui
1246 2746 1288 2780 de
1313 2746 1507 2792 emptione,
1527 2753 1561 2780 et
1578 2745 1796 2787 venditione,
1829 2749 1832 2762 ³

237 2803 436 2837 secundum
459 2802 555 2847 quod
578 2813 640 2847 per
663 2800 828 2834 accidens
852 2799 945 2833 cedit
967 2799 1002 2832 in
1025 2799 1216 2833 utilitatem
1239 2801 1354 2840 unius,
1377 2806 1411 2833 et
1437 2799 1693 2833 detrimentum
1715 2798 1798 2832 alte·

237 2855 328 2897 riu53
350 2863 435 2901 puta
459 2866 541 2888 cum
565 2854 692 2899 aliquis
709 2852 863 2887 multum
885 2852 1022 2897 indiget
1043 2852 1175 2886 habere
1197 2863 1273 2885 rem
1293 2851 1464 2897 aliquam,
1479 2860 1512 2886 et
1527 2851 1615 2885 alius
1634 2851 1797 2893 laeditur,
1826 2885 1828 2891 A

237 2909 265 2942 si
288 2920 329 2942 ea
352 2916 486 2942 careat:
510 2915 543 2941 et
566 2907 600 2941 in
622 2906 684 2941 tali
706 2918 790 2940 casu
812 2907 946 2951 justum
968 2905 1121 2951 pretium
1145 2905 1220 2946 erit,
1236 2913 1363 2938 utnon
1384 2904 1503 2939 solum
1524 2905 1734 2950 respiciatur
1752 2903 1795 2938 ad
