1859 3122
484 158 702 194 QUAESTIO
736 157 850 187 CXLI.
885 157 1128 186 ARTICULUS
1162 157 1189 186 Ι.
1529 157 1611 201 917

56 244 270 289 importatur
291 240 468 287 quaedam
488 239 702 281 moderatio,
721 250 782 273 seu
801 238 1005 285 temperies,
1025 249 1133 284 quam
1153 238 1243 272 ratio
1263 237 1363 281 sacit3
1387 246 1420 273 et
1437 239 1519 274 ideo
1540 245 1615 274 tcm-

51 297 207 344 parantia
230 300 270 329 cs!
291 296 407 328 ἰ’ῐνΙιις.

129 350 186 383 An
209 358 355 383 prmum
379 358 464 393 ergo
487 347 691 388 dicendum,
714 346 809 392 quod
832 355 957 380 natura
981 345 1129 379 inclinat
1160 346 1193 379 in
1216 346 1262 388 id,
1289 348 1384 392 quod
1413 356 1465 382 est
1486 360 1614 384 conve-

57 403 159 437 niens
182 401 391 446 unicuique;
415 401 507 434 unde
523 400 637 433 homo
653 399 861 433 naturaliter
877 399 1009 445 appetit
1025 399 1304 442 dejectationem
1321 401 1385 434 sibi
1401 402 1616 437 convenien-

58 464 149 491 tem:
173 455 255 501 quia
277 465 363 488 Vero
387 454 512 494 homo,
535 453 747 498 inquantum
772 453 991 498 hujusmodi,
1016 461 1067 486 est
1089 453 1284 495 rationalis,
1313 465 1539 501 consequens
1565 464 1618 491 est

59 509 155 555 quod
178 507 435 541 delectationes
455 509 525 540 sint
546 507 686 539 homini
711 507 966 540 convenientes
989 517 1079 552 quae
1102 514 1183 540 sunt
1204 508 1401 541 secundum
1418 509 1616 553 rationem:

61 570 96 598 et
117 562 158 596 ab
181 562 236 595 liis
259 572 331 595 non
355 560 502 594 retrahit
523 559 771 604 temperantia,
794 560 853 593 sed
874 560 992 605 potius
1009 559 1050 592 ab
1073 559 1127 593 liis
1151 571 1241 605 quae
1263 569 1344 594 sunt
1367 570 1492 596 contra
1514 563 1620 598 ratio-

58 627 163 657 nem;
192 615 285 648 unde
316 622 421 659 patet,
453 613 549 659 quod
580 613 816 658 temperantia
847 624 919 646 non
949 614 1187 646 contrariatur
1217 613 1443 648 inclinationi
1467 624 1617 651 naturae

60 669 254 708 humanae,
283 668 343 701 sed
371 667 540 700 convenit
562 677 643 699 cum
661 677 718 700 ea:
745 666 981 700 contrariatur
1002 674 1124 700 tamen
1143 666 1369 701 inclinationi
1390 676 1538 704 naturae
1560 670 1620 704 be-

61 722 172 757 stialis
194 732 267 754 non
290 721 470 765 subjectae
486 719 626 753 rationi.

133 776 192 809 AD
223 783 429 808 SECUNDUM
456 773 661 814 dicendum,
692 772 787 818 quod
817 773 1065 819 temperantia,
1100 775 1299 808 secundum
1334 775 1429 821 quod
1464 776 1621 822 perfecte

61 828 170 862 habet
191 827 371 860 rationem
393 826 542 868 virtutis,
563 837 635 859 non
652 834 705 860 est
720 826 794 859 sine
815 826 1012 871 prudentia,
1029 837 1097 872 qua
1115 836 1236 861 carent
1251 828 1469 875 quicumque
1484 830 1621 872 vitiosi3

63 889 98 915 et
118 881 200 914 ideo
220 880 269 914 illi
292 881 349 925 qui
375 888 497 913 carent
520 879 596 913 aliis
618 879 818 920 virtutibus,
841 879 1015 924 oppositis
1037 879 1130 913 vitiis
1144 881 1362 915 subditinon
1384 882 1519 917 habent
1535 891 1624 918 tem-

62 934 273 981 perantiam,
296 944 387 979 quae
411 941 462 967 est
483 933 606 974 virtus,
629 933 688 966 sed
713 940 905 978 operantur
927 939 1026 966 actus
1053 935 1312 978 temperantiae
1332 946 1372 968 ex
1390 936 1546 981 quadam
1565 948 1624 971 na-

63 987 169 1022 turali
188 987 436 1033 dispositione,
459 994 564 1032 prout
577 986 724 1019 virtutes
740 985 917 1030 quaedam
939 985 1170 1031 imperfectae
1193 995 1274 1021 sunt
1292 988 1500 1023 hominibus
1526 998 1626 1024 natu-

65 1040 170 1082 rales,
192 1049 228 1074 ut
248 1051 353 1086 supra
375 1040 511 1073 dictum
534 1047 586 1073 est
609 1038 686 1082 (1-2.
713 1050 742 1084 q.
770 1038 820 1083 63.
842 1043 905 1072 art.
933 1040 990 1083 1.)‚
1013 1038 1071 1073 vel
1092 1051 1153 1085 per
1181 1042 1482 1076 consuetudinem
1509 1044 1626 1089 acqui-

66 1094 166 1135 sitae,
189 1104 281 1139 quae
303 1093 378 1127 sine
400 1092 587 1138 prudentia
609 1102 682 1126 non
702 1091 834 1125 habent
856 1090 1118 1137 perfectionem
1132 1093 1294 1136 rationis,
1314 1102 1351 1129 ut
1365 1106 1471 1141 supra
1489 1097 1625 1131 dictum

69 1155 122 1182 est
144 1147 224 1189 (1-2.
243 1159 272 1192 t]-
299 1147 347 1191 58.
375 1151 439 1180 art.
461 1157 494 1190 4.
516 1150 544 1179 et
570 1157 598 1190 q.
622 1145 670 1190 65.
695 1150 758 1179 art.
786 1146 842 1190 1.).

137 1201 196 1234 AD
219 1210 390 1234 TERTIUM
413 1199 617 1239 dicendum,
640 1198 737 1243 quod
767 1198 1026 1243 temperantiae
1046 1199 1155 1233 etiam
1174 1200 1368 1246 respondet
1394 1201 1539 1248 aliquod
1569 1204 1629 1238 do-

68 1265 168 1295 num,
190 1253 328 1287 scilicet
348 1252 501 1294 timoris,
520 1263 591 1297 quo
615 1251 742 1297 aliquis
756 1251 976 1286 refraenatur
995 1263 1014 1285 a
1036 1252 1335 1289 delectationibus
1355 1256 1482 1298 carnis,
1505 1268 1630 1291 secun-

71 1307 157 1340 dum
179 1306 266 1340 illud
300 1306 356 1340 Ps.
391 1305 483 1339 118.:
513 1304 645 1350 Confige
673 1306 789 1339 timore
815 1310 869 1339 tuo
899 1317 1011 1339 carnes
1037 1318 1145 1340 aneas:
1173 1307 1310 1341 donum
1339 1316 1460 1342 autem
1486 1309 1627 1345 timoris

70 1359 314 1407 principaliter
335 1359 481 1405 quidem
508 1358 653 1404 respicit
674 1358 807 1400 Deum,
830 1359 929 1403 cujus
951 1358 1129 1393 offensam
1147 1360 1253 1395 vitat:
1277 1370 1311 1395 et
1337 1363 1536 1397 secundum
1557 1364 1629 1398 hoc

74 1413 334 1459 correspondet
351 1412 471 1446 virtuti
494 1411 581 1457 spei,
604 1419 642 1445 ut
663 1423 768 1456 supra
792 1411 927 1445 dictum
951 1420 1003 1446 est
1027 1412 1071 1458 (q.
1091 1425 1142 1459 19.
1162 1420 1225 1448 art.
1248 1427 1280 1461 9.
1303 1415 1345 1449 ad
1365 1417 1433 1460 1.):
1456 1417 1631 1451 secunda-

69 1467 123 1500 rio
156 1474 276 1500 autem
298 1474 417 1512 potest
446 1465 622 1510 respicere
645 1476 894 1510 quaecumque
914 1465 1041 1511 aliquis
1064 1466 1193 1512 refugit
1216 1468 1257 1501 ad
1280 1469 1465 1503 vitandam
1491 1470 1561 1504 Dei
1583 1471 1632 1504 of-

70 1520 232 1555 fensam:
252 1520 410 1553 maxime
433 1527 554 1552 autem
575 1519 690 1552 homo
712 1519 849 1562 indiget
870 1518 1001 1553 timore
1024 1519 1146 1554 divino
1169 1521 1212 1554 ad
1240 1520 1452 1568 fugiendum
1475 1535 1516 1557 ea
1539 1535 1630 1569 quae

71 1574 229 1608 maxime
261 1573 434 1614 alliciunt,
463 1572 558 1606 circa
587 1583 678 1617 quae
711 1580 763 1606 est
788 1573 1044 1617 temperanti-213
1079 1581 1112 1607 et
1133 1574 1214 1608 ideo
1237 1576 1495 1621 temperantiae
1523 1577 1630 1611 etiam

73 1626 332 1673 correspondet
353 1626 491 1660 donum
512 1625 664 1659 timoris.

634 1765 979 1810 ARTICULUS
1006 1767 1062 1810 Π.
1563 1779 1633 1825 684

340 1875 493 1906 UTRUM
519 1875 828 1905 TEMPERANTIA
855 1875 922 1904 SIT
951 1875 1168 1905 SPECIALIS
1201 1876 1370 1906 VIRTUS.

662 1962 766 2008 (Insr.
789 1967 854 1997 art.
876 1974 909 2006 4.
928 1962 970 1996 ad
990 1963 1052 2007 2.).

148 2053 208 2087 AD
230 2062 438 2087 SECUNDUM
459 2051 509 2086 sic
526 2051 744 2097 proceditur.
757 2051 919 2094 Videtur,
943 2052 1037 2098 quod
1052 2053 1291 2098 temperantia
1310 2064 1384 2087 non
1406 2054 1450 2088 sit
1471 2054 1636 2100 specialis

76 2107 206 2141 virtus:
231 2106 317 2140 dicit
338 2106 435 2139 enim
458 2106 610 2151 August.
634 2105 668 2138 in
691 2104 750 2139 lib.
773 2105 815 2139 de
837 2105 929 2139 Mor.
951 2104 1048 2139 Eccl.
1072 2105 1160 2152 (cap.
1191 2116 1236 2152 15.
1264 2107 1398 2152 sinsin.
1421 2112 1449 2141 et
1470 2114 1543 2154 cap.
1566 2108 1635 2153 19.)

79 2160 175 2206 quod
198 2160 242 2194 ad
263 2159 540 2205 temperantiam
562 2160 726 2204 pertinet,
748 2158 829 2192 Deo
857 2169 893 2192 se
921 2159 1102 2204 integrum
1130 2159 1453 2206 incorruptumque
1475 2172 1636 2196 servare:

79 2213 141 2247 sed
168 2213 239 2247 hoc
263 2213 434 2246 convenit
455 2212 556 2246 omni
576 2211 717 2254 virtuti3
740 2222 826 2256 ergo
849 2212 1087 2258 temperantia
1110 2221 1162 2247 est
1183 2213 1294 2247 virtus
1316 2213 1504 2259 generalis.

150 2276 181 2300 2.
204 2266 439 2300 PRAETEREA.
462 2265 588 2299 Ambr.
612 2265 697 2298 dicit
721 2265 758 2298 in
784 2276 810 2298 1.
834 2265 876 2298 de
905 2264 978 2300 Off.
996 2265 1084 2311 (cap.
1106 2266 1185 2311 43),
1214 2266 1311 2311 quod
1337 2266 1373 2300 in
1399 2267 1639 2313 temperantia

80 2319 238 2352 maxime
252 2318 490 2364 tranquillitas
507 2318 617 2351 animi
631 2326 821 2363 spectatur,
836 2326 870 2351 et
885 2319 1082 2364 quaeritur:
1098 2320 1160 2353 sed
1174 2319 1244 2353 hoc
1260 2319 1413 2365 pertinet
1432 2320 1474 2354 ad
1490 2331 1637 2355 omnem

80 2371 269 2414 virtutem3
293 2382 380 2417 ergo
403 2371 641 2416 temperantia
663 2379 716 2405 est
737 2370 914 2416 generalis
937 2372 1058 2406 virtus.

155 2436 184 2470 3.
203 2425 439 2459 PRAETEREA.
463 2423 605 2457 Tullius
621 2424 705 2458 dicit
723 2425 758 2457 in
785 2435 812 2458 1.
836 2425 878 2459 de
895 2424 969 2459 Off.
987 2425 1036 2468 (in
1051 2427 1120 2460 tir.-
1140 2424 1176 2460 de
1197 2425 1458 2472 Tmnperantia)‚
1475 2427 1571 2473 quod
1585 2427 1641 2461 de-

82 2489 210 2511 corum
233 2478 274 2511 ab
297 2478 453 2512 honesto
474 2477 599 2522 nequit
619 2477 788 2523 separari,
808 2486 842 2511 et
862 2478 958 2524 quod
977 2479 1069 2523 justa
1093 2479 1216 2512 omnia
1235 2479 1366 2513 decora
1383 2487 1480 2514 sunt:
1500 2480 1561 2514 sed
1584 2481 1642 2515 de-

84 2542 211 2565 corum
233 2531 377 2576 proprie
400 2530 648 2564 consideratur
668 2530 704 2563 in
725 2531 976 2577 temperantia,
1004 2539 1041 2565 ut
1062 2532 1196 2565 ibidem
1218 2531 1366 2575 dicitur;
1393 2544 1480 2578 ergo
1507 2541 1643 2579 tempe-

83 2584 197 2619 rantia
218 2595 293 2618 non
315 2591 367 2617 est
388 2583 552 2629 specialis
573 2583 695 2617 virtus.

157 2637 231 2671 SED
259 2647 414 2671 CONTRA
436 2644 499 2677 est,
534 2637 629 2682 quod
651 2635 788 2670 Philos.
807 2636 843 2670 in
866 2647 896 2670 2.
920 2637 1079 2671 Ethicor.
1102 2638 1189 2683 (cap.
1212 2639 1273 2684 7.),
1294 2646 1330 2672 et
1350 2637 1385 2671 in
1411 2650 1439 2684 3.
1463 2639 1552 2685 (cap.
1570 2641 1639 2685 10.)

85 2690 187 2737 ponit
209 2701 288 2723 eam
312 2689 507 2735 specialem
529 2689 708 2723 virtutem.

156 2743 385 2777 RESPONDEO
408 2742 612 2784 dicendum,
634 2743 742 2788 quod,
756 2743 956 2777 secundum
971 2743 1270 2777 consuetudinem
1289 2743 1472 2778 humanae
1493 2744 1645 2780 locutio-

86 2797 153 2839 nis,
180 2796 299 2842 aliqua
319 2795 469 2830 nomina
492 2795 703 2829 communia
723 2796 985 2842 restringuntur
1007 2797 1049 2830 ad
1066 2808 1119 2838 ea,
1141 2807 1233 2842 quae
1248 2804 1329 2830 sunt
1343 2797 1533 2844 praecipua
1551 2798 1645 2834 inter

87 2849 160 2892 illa,
183 2860 274 2896 quae
296 2850 360 2884 sub
383 2848 446 2883 tali
468 2850 728 2883 communitate
752 2850 996 2884 continentur:
1016 2850 1107 2883 sicut
1125 2860 1260 2884 nomen
1282 2850 1377 2884 urbis
1396 2851 1569 2897 accipitur
1587 2863 1645 2889 att-2

231 2931 259 2958 S.
279 2931 401 2957 Tuomst-
423 2931 527 2957 Summa
552 2930 713 2965 Theologica.
733 2930 799 2958 Vol.
819 2930 872 2957 ΙΙΙ.
1469 2938 1501 2965 59
