1859 3122
414 135 633 171 QUAESTIO
669 134 847 164 LXXXIII.
880 133 1124 165 ARTICULUS
1157 133 1244 163 XVI.
1530 134 1611 176 599

134 216 194 251 AD
204 226 351 252 PRIMUM
363 228 450 263 ergo
465 217 669 260 dicendum,
685 217 780 263 quod
796 217 888 252 sicut
904 217 1056 264 August.
1072 217 1157 251 dicit
1171 227 1276 263 super
1286 216 1388 262 Joan.
1400 215 1514 261 (tract.
1529 215 1615 259 44),

63 268 150 304 illud
171 270 321 305 verbum
343 278 395 305 est
417 271 517 305 caeci
539 271 655 305 adhuc
678 271 826 314 inuncti,
852 271 943 305 idest
969 271 1132 305 nondum
1159 269 1315 317 perfecte
1342 268 1554 310 illuminati3
1582 276 1617 302 et

62 323 145 358 ideo
166 335 240 358 non
262 332 314 358 est
340 332 476 358 ratum:
505 325 669 370 quamvis
695 325 808 370 possit
833 324 1022 367 verificari,
1049 325 1078 359 si
1104 323 1323 370 intelligatur
1350 323 1392 357 de
1414 330 1616 369 peccatore,

62 376 274 423 inquantum
297 386 349 412 est
374 386 562 424 peccator:
591 390 653 424 per
679 390 786 425 quem
813 379 922 413 etiam
950 378 1101 413 modum
1129 378 1244 412 oratio
1277 379 1353 424 ejus
1383 377 1511 411 dicitur
1541 387 1617 411 exe-

63 431 216 466 erabilis.

132 485 191 519 AD
207 496 412 520 SECUNDUM
434 485 639 528 dicendum,
662 486 758 532 quod
781 494 950 532 peccator
971 497 1043 520 non
1066 494 1184 532 potest
1202 486 1258 531 pie
1281 496 1394 526 orare,
1417 484 1518 530 quasi
1537 485 1613 530 ejus

62 539 177 573 oratio
194 551 235 573 ex
249 539 372 573 habitu
387 540 526 574 virtutis
542 539 765 574 informetur:
781 548 898 586 potest
912 548 1033 574 tamen
1051 541 1125 585 ejus
1142 539 1257 573 oratio
1273 550 1349 573 esse
1364 538 1421 584 pia
1437 545 1610 584 quantum

62 592 105 626 ad
126 593 209 635 hoc,
231 593 327 638 quod
342 593 429 639 petit
448 593 580 639 aliquid
597 594 640 627 ad
655 594 824 640 pietatem
846 594 1044 639 pertinens;
1067 595 1158 627 sicut
1176 592 1234 626 ille
1257 593 1317 638 qui
1334 603 1407 626 non
1429 591 1538 625 habet
1554 591 1615 624 ha-

62 646 175 680 bitum
196 647 362 691 justitiae,
390 654 507 693 potest
534 646 667 693 aliquid
693 647 826 691 justum
853 646 956 688 velle,
984 655 1021 681 ut
1048 658 1088 680 ex
1115 657 1223 692 supra
1249 646 1352 680 dictis
1380 654 1476 692 patet
1497 646 1543 691 (q.
1563 646 1614 691 58.

62 705 126 734 art.
148 712 175 735 I.
196 700 239 734 ad
259 712 286 747 3.
311 706 338 735 εἰ
359 713 388 746 q.
407 712 458 746 59.
482 705 545 735 art.
567 700 632 744 1.):
657 708 691 734 et
712 700 876 746 quamvis
899 701 974 746 eJ‘us
997 700 1112 734 oratio
1134 711 1208 733 non
1224 699 1268 734 sit
1284 699 1478 740 meritoria,
1498 706 1616 745 potest

61 761 182 787 tamen
204 765 281 788 esse
302 754 548 801 impetrativa:
572 753 655 800 quia
677 753 846 788 meritum
868 754 1030 788 innititur
1055 753 1222 799 justitiae,
1249 752 1311 787 sed
1337 752 1545 799 impetratio
1568 752 1616 786 in-

60 807 183 842 nititur
205 808 350 854 gratiae.

131 861 192 895 AD
211 871 382 896 TERTIUM
400 861 604 904 dicendum,
627 861 734 907 quod,
756 861 845 895 sicut
868 861 1004 895 dictum
1023 869 1075 895 est
1090 861 1168 905 (art.
1183 872 1212 907 7.
1229 860 1297 906 lncj.
1313 872 1342 906 q.
1361 860 1404 894 ad
1424 861 1482 905 1.),
1499 859 1614 894 oratio

60 914 257 949 Dominica
277 914 453 961 profertur
475 926 516 949 ex
537 926 691 961 persona
714 915 902 949 communi
915 915 1024 949 totius
1046 914 1249 957 Ecclesiae;
1277 922 1311 948 et
1331 913 1414 948 ideo
1437 915 1465 948 si
1488 913 1614 959 aliquis

60 968 188 1003 nolens
210 969 387 1003 dimittere
409 968 526 1002 debita
546 969 724 1014 proximo,
747 969 842 1003 dicat
860 969 1062 1003 orationem
1075 969 1321 1011 Doininicam,
1337 979 1411 1002 non
1426 968 1615 1010 mentitur3

61 1023 225 1069 quamvis
239 1023 309 1057 hoc
325 1022 420 1069 quod
436 1022 532 1065 dicit,
550 1034 624 1057 non
639 1023 683 1057 sit
703 1034 829 1057 verum
848 1031 1021 1069 quantum
1036 1023 1079 1066 ad
1095 1034 1198 1057 suam
1212 1033 1424 1068 personam:
1448 1029 1500 1056 est
1518 1021 1614 1056 enirn

60 1087 186 1111 verum
201 1084 374 1122 quantum
396 1076 439 1110 ad
453 1087 646 1122 personam
663 1076 857 1120 Ecclesiae,
873 1084 971 1111 extra
986 1088 1095 1123 quam
1110 1085 1162 1111 est
1177 1076 1322 1110 merito:
1346 1083 1380 1110 et
1397 1076 1479 1110 ideo
1498 1075 1615 1110 fructu

61 1130 234 1164 orationis
257 1137 370 1164 caret:
399 1130 615 1176 quandoque
637 1138 759 1164 tamen
787 1130 895 1176 aliqui
921 1138 1130 1176 peccatores
1157 1130 1271 1176 parati
1294 1138 1375 1164 sunt
1396 1129 1614 1164 debitoribus

61 1183 132 1217 suis
155 1183 350 1226 dimittere;
373 1191 407 1217 et
427 1183 509 1217 ideo
530 1183 599 1230 ipsi
620 1192 763 1218 orantes
790 1184 1036 1226 exaudiuntur,
1063 1184 1262 1218 secundum
1287 1183 1375 1217 illud
1402 1183 1512 1220 Eccli.
1540 1183 1614 1217 28.:

61 1237 217 1283 Relinque
230 1238 389 1284 proximo
410 1242 463 1272 tuo
482 1239 608 1272 nocenti
630 1243 668 1280 tc,
692 1242 720 1272 et
741 1243 817 1273 tunc
839 1238 1024 1284 deprecanti
1046 1239 1106 1273 tibi
1121 1243 1260 1285 peccata
1279 1238 1455 1273 solvantur.

584 1354 927 1399 ARTICULUS
961 1355 1105 1398 XVII.
1545 1376 1614 1412 454

138 1462 291 1493 UTRUM
323 1463 661 1495 CONVENIENTER
692 1463 916 1493 DICANTUR
948 1464 1048 1492 ESSE
1081 1462 1318 1492 ORATIONIS
1351 1462 1537 1493 PARTEs:

308 1528 676 1568 OBSECRATIONES,
701 1529 963 1568 ORATIONES,
990 1528 1364 1568 POSTULATIONES,

542 1595 598 1624 ET
625 1594 877 1624 GRATIARUM
903 1594 1135 1624 ACTIONES.

353 1682 400 1727 (4.
415 1683 560 1728 Dist.15.
577 1694 606 1728 q.
621 1693 653 1727 4.
669 1687 733 1717 art.
746 1694 773 1728 3.
789 1687 818 1717 et
832 1682 953 1729 Philip.
968 1693 1000 1726 4.
1016 1686 1045 1716 et
1057 1694 1084 1717 1.
1107 1681 1249 1716 Timoth.
1265 1681 1326 1726 2.).

133 1771 192 1806 AD
218 1781 587 1806 DECIMUMSEPTIMUM
613 1771 663 1806 sic
689 1771 904 1818 proceditur.
931 1770 1092 1813 Videtur,
1120 1771 1215 1817 quod
1245 1770 1540 1805 inconvenienter
1567 1770 1614 1804 di-

63 1833 189 1859 cantur
209 1835 286 1859 esse
309 1825 482 1859 orationis
504 1833 640 1870 partes:
663 1826 908 1866 obsecrationes,
929 1826 1104 1866 orationes,
1118 1824 1364 1871 postulationes,
1384 1829 1412 1858 et
1427 1826 1614 1870 gratiarum

62 1880 218 1913 actiones:
249 1878 450 1912 obsecratio
481 1879 577 1912 enim
602 1878 741 1912 videtur
763 1889 840 1912 esse
867 1878 1045 1924 quaedam
1072 1878 1266 1924 adjuratio:
1294 1878 1367 1920 sed,
1394 1878 1486 1912 sicut
1509 1878 1611 1923 Orig.

63 1932 147 1966 dicit
160 1943 265 1978 super
279 1931 406 1965 Matth.
422 1932 536 1976 (tract.
555 1933 628 1978 35),
656 1945 673 1963 «
688 1943 761 1965 non
777 1940 928 1978 oportet,
946 1932 1041 1977 quod
1055 1932 1108 1965 vir
1123 1932 1183 1978 qui
1196 1931 1273 1966 vult
1287 1932 1486 1966 secundum
1501 1931 1615 1965 Evan-

63 1985 199 2031 gelium
223 1986 355 2027 vivere,
377 1986 514 2030 adjuret
535 1985 660 2025 aliur-113
686 1985 715 2019 si
741 1985 837 2019 enim
863 1986 979 2031 jurare
1005 1997 1080 2020 non
1106 1985 1200 2027 licet,
1226 1996 1292 2019 nec
1320 1985 1500 2031 adjurare3
1528 1996 1614 2031 ergo

63 2038 357 2073 inconvenienter
378 2039 522 2084 ponitur
543 2040 719 2073 obsacratz'o
741 2039 915 2073 orationis
937 2050 1029 2085 pars.

134 2102 165 2126 2.
187 2092 421 2127 PRAETEREA.
446 2092 574 2127 Oratio
597 2091 795 2126 secundum
816 2093 986 2126 Damasc.
1009 2092 1083 2137 (lib.
1101 2104 1128 2138 3.
1155 2092 1250 2127 Orth.
1272 2092 1349 2127 Fz'd.
1372 2099 1445 2139 cap.
1466 2092 1539 2137 24.)
1563 2100 1615 2126 est

58 2147 172 2191 petitio
194 2145 376 2180 decentium
395 2156 415 2180 a
432 2147 526 2187 De0;
548 2146 844 2180 inconvenienter
865 2157 952 2192 ergo
980 2147 1144 2181 orationes
1165 2154 1289 2180 contra
1309 2146 1545 2193 postulationes
1570 2146 1617 2180 di-

63 2199 241 2233 viduntur.
654 2228 656 2231 v

138 2264 167 2298 3.
189 2252 424 2287 PRAETEREA.
453 2251 659 2286 Gratiarum
686 2254 845 2287 actiones
871 2253 1049 2299 pertinent
1075 2252 1118 2286 ad
1144 2253 1346 2299 praeterita,
1373 2252 1442 2287 alia
1462 2263 1548 2286 vero
1572 2252 1614 2286 ad

63 2305 198 2340 futura:
214 2306 274 2340 sed
289 2305 477 2351 praeterita
492 2314 573 2340 sunt
586 2306 704 2352 priora
717 2305 860 2349 futuris;
875 2307 1169 2341 inconvenienter
1180 2318 1266 2352 ergo
1276 2308 1463 2352 gratiarum
1477 2308 1616 2340 actiones

66 2367 147 2405 post
168 2358 236 2393 alia
257 2366 448 2405 ponuntur.

134 2412 177 2447 IN
200 2422 452 2447 CONTRARIUM
474 2420 527 2446 est
548 2412 740 2447 auctoritas
761 2413 941 2459 Apostoli,
965 2424 992 2447 1.
1016 2413 1058 2447 ad
1082 2412 1246 2447 Timoth.
1269 2422 1299 2447 2.

134 2465 363 2500 RESPONDEO
387 2465 590 2508 dicendum,
611 2466 706 2512 quod
735 2467 778 2500 ad
803 2467 1005 2501 orationem
1021 2468 1087 2501 tria
1109 2466 1357 2512 requiruntur:
1380 2477 1533 2511 quorum
1545 2466 1617 2512 pri—

68 2530 159 2552 mum
181 2527 244 2561 est,
266 2527 305 2553 ut
325 2530 431 2554 orans
459 2519 607 2553 accedat
632 2519 675 2553 ad
700 2519 833 2562 Deum,
860 2531 968 2566 quem
991 2528 1084 2562 orat3
1108 2520 1204 2566 quod
1226 2519 1446 2565 significatur
1466 2519 1615 2553 nomine

68 2575 245 2609 orationis:
263 2574 346 2620 quia
369 2576 484 2609 oratio
501 2582 553 2609 est
565 2586 708 2610 ascensus
725 2576 902 2610 intellectus
921 2577 953 2609 in
972 2576 1103 2610 Deum:
1121 2574 1256 2609 secundo
1271 2574 1459 2620 requiritur
1479 2573 1614 2619 petitio,

69 2637 159 2672 quae
181 2627 401 2672 significatur
425 2629 574 2662 nomine
594 2629 843 2674 postulationis.-
871 2629 944 2663 sive
971 2629 1095 2674 petitio
1122 2636 1343 2674 proponatur
1369 2627 1615 2668 determinate,

68 2680 163 2724 quod
185 2680 330 2725 quidam
352 2681 541 2715 nominant
562 2681 703 2727 proprie
711 2682 986 2727 postulationem:
1002 2682 1075 2716 sive
1090 2682 1375 2722 indeterminate,
1390 2688 1427 2714 ut
1442 2692 1525 2714 cum
1539 2680 1616 2726 quis

68 2732 154 2777 petit
173 2733 287 2778 juvari
306 2745 325 2767 a
338 2734 431 2776 Deo,
447 2734 542 2780 quod
557 2734 746 2769 nominant
758 2735 1048 2781 snpplz'cationant;
1068 2735 1142 2769 sive
1157 2733 1275 2768 solum
1290 2733 1425 2767 factum
1443 2741 1616 2775 narretur,

70 2786 269 2820 secundum
295 2787 382 2821 illud
400 2788 502 2833 Joan.
529 2799 596 2823 11.:
618 2789 713 2830 Ecce,
740 2801 834 2834 quem
855 2800 958 2830 amas,
981 2790 1182 2834 infirmatur,
1206 2788 1301 2834 quod
1322 2795 1455 2822 vocant
1476 2789 1618 2822 insinna-

70 2839 211 2880 tlonem;
240 2841 333 2874 tertio
358 2841 548 2887 requiritur
573 2841 664 2875 ratio
690 2841 906 2888 impetrandi
932 2841 1027 2888 quod
1054 2842 1200 2887 petitur:
1223 2849 1257 2875 et
1278 2841 1360 2882 hoc,
1375 2840 1433 2875 vel
1455 2852 1497 2875 ex
1518 2849 1616 2887 parte
