1859 3122
210 153 319 194 1060
606 164 826 199 QUAESTIO
862 165 992 193 CLXII.
1025 165 1269 194 ARTICULUS
1303 166 1359 195 IV.

204 245 428 286 venientem3
452 253 486 279 et
507 245 557 279 sic
585 254 637 279 est
657 245 760 279 tertia
782 245 920 290 species
942 246 1140 291 superbiae,
1162 257 1245 279 cum
1271 246 1412 280 scilicet
1438 247 1565 293 aliquis
1590 248 1701 293 jactat
1727 260 1764 283 se

204 298 336 331 habere
359 297 454 342 quod
481 309 555 331 non
581 298 707 332 habet:
736 299 801 332 alio
828 298 923 332 modo
951 310 993 332 ex
1019 307 1119 344 parte
1147 310 1267 340 causa,
1294 307 1400 344 prout
1425 299 1563 334 scilicet
1590 301 1765 336 excellen-

203 351 272 384 tius
295 358 358 390 est,
386 350 481 395 quod
510 350 655 396 aliquod
683 351 820 384 bonum
851 351 934 385 insit
965 351 1073 385 alicui
1101 364 1120 385 a
1147 352 1279 398 seipso,
1311 364 1419 398 quam
1443 355 1539 399 quod
1561 355 1646 388 insit
1667 356 1700 389 ei
1721 356 1764 390 ab

204 402 293 444 ali03
313 411 346 436 et
368 403 449 436 ideo
473 414 556 436 cum
578 403 705 449 aliquis
729 405 895 438 aestimat
915 405 1053 438 bonum
1075 406 1173 451 quod
1195 405 1304 439 habet
1325 406 1367 439 ab
1392 406 1475 448 alio,
1498 418 1538 440 ac
1563 409 1590 441 si
1613 408 1763 443 haberet

204 467 223 489 a
245 456 375 501 seipso,
397 455 508 489 fertur
530 468 593 501 per
615 468 841 503 consequens
858 459 1035 503 appetitus
1052 459 1126 503 ejus
1142 458 1178 492 in
1193 458 1376 504 propriam
1393 459 1643 494 excellentiam
1656 473 1763 508 supra

203 520 308 543 suum
324 509 490 542 modum:
507 517 559 543 est
575 518 695 543 autem
711 510 885 556 dupliciter
897 510 1024 556 aliquis
1039 522 1146 545 causa
1161 511 1216 544 sui
1239 511 1340 544 boni:
1364 524 1427 545 uno
1442 512 1536 546 modo
1554 512 1762 549 efficienter:

203 562 269 595 alio
293 561 386 595 modo
409 563 610 596 meritorie:
635 571 668 597 et
689 564 889 597 secundum
911 564 981 597 hoc
1003 572 1192 598 sumuntur
1211 564 1301 597 duae
1324 564 1462 609 primae
1484 565 1672 610 superbiae
1691 579 1766 613 spe-

204 617 295 655 cies;
317 615 470 649 scilicet:
494 627 577 649 cum
600 616 677 662 quis
700 628 718 650 a
740 617 934 662 semetipso
959 617 1091 651 habere
1115 616 1280 651 aestimat
1303 617 1398 662 quod
1422 629 1440 650 a
1463 618 1544 651 Deo
1567 618 1686 661 habet,
1704 620 1763 654 vel

204 679 287 701 cum
308 668 461 713 propriis
483 669 619 702 meritis
645 669 712 703 sibi
738 670 861 703 datum
891 670 1042 715 desuper
1074 670 1201 703 credit:
1234 671 1329 704 tertio
1360 670 1454 704 modo
1478 681 1521 704 ex
1543 679 1642 717 parte
1665 673 1765 706 modi

202 721 368 762 habendi,
387 730 492 767 prout
514 722 748 756 excellentior
770 723 898 768 aliquis
921 723 1080 756 redditur
1103 734 1144 756 ex
1166 723 1249 763 hoc,
1265 722 1361 768 quod
1383 723 1520 756 bonum
1544 723 1689 770 aliquod
1706 736 1762 758 ex—

204 773 390 807 cellentius
414 775 562 809 caeteris
585 776 761 820 possidet;
785 776 878 809 unde
909 787 950 809 ex
979 776 1049 809 hoc
1082 776 1191 809 etiam
1221 775 1330 809 fertur
1357 776 1558 810 inordinate
1587 777 1765 822 appetitus

201 826 296 860 illius
318 827 352 860 in
376 828 559 873 propriam
582 828 849 863 excellentiam:
874 836 906 863 et
929 828 1128 862 secundum
1150 829 1220 862 hoc
1244 829 1396 862 sumitur
1422 837 1547 874 quarta
1575 831 1762 875 superbiae

202 881 351 926 species,
373 892 464 926 quae
483 889 546 923 est,
570 893 653 915 cum
676 882 814 927 aliquis,
837 881 914 916 aliis
934 882 1122 927 despectis,
1145 880 1374 926 singulariter
1395 881 1471 916 vult
1496 882 1621 916 videri.

274 933 334 967 AD
355 944 504 968 PRiMUM
527 946 613 979 ergo
637 935 842 977 dicendum,
865 935 960 980 quod
983 946 1066 968 vera
1089 935 1292 968 aestimatio
1316 942 1435 980 potest
1456 936 1639 982 corrumpi
1661 936 1764 982 dupli-

202 987 301 1020 citer:
329 999 393 1021 uno
414 987 509 1021 modo
532 989 566 1021 in
590 988 800 1027 universali3
823 997 857 1022 et
878 988 927 1022 sic
947 988 981 1021 in
1004 988 1059 1021 his
1082 999 1172 1033 quae
1197 988 1240 1021 ad
1262 987 1371 1021 fidem
1394 988 1583 1033 pertinent,
1607 1000 1766 1023 corrum-

202 1040 296 1084 pitur
317 1051 401 1074 vera
424 1041 626 1074 aestimatio
654 1053 716 1087 per
738 1041 1004 1075 infidelitatem:
1028 1041 1093 1075 alio
1116 1040 1211 1074 modo
1235 1041 1270 1074 in
1294 1040 1414 1086 aliquo
1438 1041 1646 1086 particulari
1668 1042 1766 1088 eligi-

202 1093 286 1135 bili;
311 1101 344 1127 et
367 1094 436 1127 hoc
465 1105 537 1127 non
564 1094 649 1128 facit
675 1094 940 1128 infidelitatem:
972 1094 1064 1128 sicut
1093 1093 1153 1127 ille
1185 1094 1245 1139 qui
1274 1093 1482 1136 fornicatur,
1512 1095 1677 1129 aestimat
1698 1107 1764 1141 pro

202 1154 366 1192 tempore
388 1146 450 1181 illo
473 1148 611 1181 bonurn
633 1159 709 1181 esse
732 1148 797 1181 sibi
819 1147 1012 1181 fornicari:
1039 1158 1104 1180 nec
1128 1155 1251 1180 tamen
1279 1155 1331 1181 est
1357 1147 1523 1189 infidelis,
1545 1147 1638 1182 sicut
1659 1156 1764 1191 esset,

203 1200 232 1233 si
253 1200 287 1232 in
310 1200 503 1234 universali
524 1201 669 1242 diceret,
696 1200 975 1234 fornicationem
1002 1211 1078 1234 esse
1105 1200 1262 1241 bonum;
1286 1208 1320 1234 et
1341 1201 1389 1233 ita
1414 1201 1523 1234 etiam
1546 1208 1599 1234 est
1619 1201 1656 1234 in
1682 1212 1764 1247 pro-

202 1253 340 1298 posito:
363 1265 448 1287 nam
472 1254 589 1287 dicere
612 1255 646 1287 in
669 1254 861 1287 universali
884 1253 1029 1299 aliquod
1056 1254 1193 1286 bonum
1221 1264 1309 1294 esse,
1332 1253 1429 1298 quod
1450 1265 1525 1287 non
1548 1261 1601 1287 est
1623 1265 1642 1287 a
1669 1254 1764 1296 Deo,

201 1306 259 1338 vel
281 1306 433 1351 gratiam
455 1307 664 1340 hominibus
686 1318 750 1352 pro
774 1307 908 1340 meritis
932 1306 1017 1347 dari,
1040 1306 1192 1352 pertinet
1211 1306 1254 1339 ad
1277 1305 1548 1340 infidelitatem:
1576 1308 1637 1340 sed
1666 1308 1762 1352 quod

203 1358 329 1404 aliquis
352 1371 393 1392 ex
409 1360 613 1393 inordinato
633 1360 790 1405 appetitu
810 1359 975 1405 propriae
995 1358 1229 1393 excellentiae
1243 1359 1292 1392 ita
1310 1359 1352 1392 de
1370 1359 1474 1393 bonis
1488 1360 1560 1393 suis
1576 1359 1761 1405 glorietur,

203 1422 244 1444 ac
267 1412 296 1445 si
323 1423 363 1445 ea
387 1424 405 1445 a
427 1424 464 1446 se
486 1413 644 1454 haberet,
666 1412 724 1446 vel
746 1424 786 1446 ex
809 1412 944 1446 meritis
966 1412 1131 1458 propriis,
1154 1412 1306 1456 pertinet
1327 1412 1371 1445 ad
1392 1412 1610 1458 superbiam,
1633 1423 1666 1446 et
1688 1424 1763 1447 non

204 1464 247 1498 ad
268 1464 529 1506 infidelitatem,
552 1466 693 1511 proprie
716 1465 910 1511 loquendo.

273 1518 332 1552 AD
348 1529 554 1553 SECUNDUM
570 1519 774 1559 dicendum,
789 1518 885 1564 quod
899 1518 1067 1563 jactantia
1082 1518 1226 1563 ponitur
1240 1518 1376 1563 species
1391 1518 1572 1551 mendacii
1585 1527 1760 1564 quantum

204 1570 247 1604 ad
274 1572 489 1606 exteriorem
516 1580 648 1613 actum,
676 1572 772 1617 quod
800 1572 877 1617 quis
905 1571 996 1605 falso
1025 1571 1091 1604 sibi
1121 1571 1279 1604 attribuit
1312 1570 1407 1616 quod
1435 1582 1509 1604 non
1542 1571 1668 1604 habet:
1698 1572 1758 1605 sed

204 1634 377 1671 quantum
404 1627 447 1659 ad
473 1626 683 1660 interiorem
711 1626 828 1659 cordis
856 1619 1110 1671 arrogantiam⁴
1128 1625 1273 1670 ponitur
1299 1635 1318 1657 a
1343 1624 1522 1669 Gregorio
1545 1625 1682 1670 species
1704 1636 1759 1658 su-

202 1679 357 1724 perbiae.

269 1732 329 1766 AD
352 1742 522 1766 TERTIUM
545 1731 749 1773 dicendum,
773 1731 869 1777 quod
892 1732 1050 1776 ingratus
1073 1739 1135 1771 est,
1159 1730 1219 1776 qui
1241 1730 1306 1763 sibi
1329 1729 1489 1763 attribuit
1510 1730 1606 1775 quod
1627 1730 1668 1764 ab
1690 1730 1762 1765 alio

201 1785 327 1827 haben
347 1785 441 1819 unde
463 1785 544 1819 dnae
554 1786 687 1831 primae
701 1785 886 1831 superbiae
910 1784 1046 1830 species
1070 1784 1112 1817 ad
1134 1783 1429 1831 ingratitudinem
1446 1783 1642 1828 pertinent:
1663 1784 1760 1829 quod

204 1846 324 1872 autem
347 1837 474 1884 aliquis
496 1849 532 1872 se
556 1847 701 1872 excuset
723 1839 765 1872 de
781 1846 932 1884 peccato
948 1837 1044 1883 quod
1063 1837 1181 1881 habet,
1199 1838 1350 1881 pertinet
1371 1836 1414 1869 ad
1435 1837 1566 1870 tertiam
1582 1837 1763 1882 speciem;

203 1892 284 1937 quia
306 1903 367 1937 per
389 1892 460 1924 hoc
484 1891 610 1937 aliquis
634 1891 791 1924 attribuit
812 1891 876 1925 sibi
899 1892 1037 1924 bonum
1053 1890 1295 1930 innocentiae,
1315 1889 1412 1935 quod
1427 1899 1501 1922 non
1519 1889 1645 1923 habet:
1662 1890 1759 1936 quod

204 1952 324 1978 autem
348 1944 474 1990 aliquis
497 1952 795 1990 praesumptuose
817 1944 939 1978 tendat
960 1944 997 1977 in
1019 1944 1064 1985 id,
1088 1943 1183 1989 quod
1206 1954 1312 1988 supra
1338 1943 1458 1988 ipsum
1486 1950 1549 1983 est,
1571 1943 1762 1988 praecipue

203 1997 342 2031 videtur
351 1997 393 2030 ad
403 2003 556 2043 quartam
567 1999 725 2043 speciem
740 1999 927 2043 pertinere,
938 1996 1137 2031 secundum
1148 2008 1256 2042 quam
1269 1995 1396 2041 aliquis
1409 1995 1484 2029 vult
1493 1995 1570 2029 aliis
1580 1995 1762 2041 praeferri.

275 2051 335 2084 AD
358 2061 545 2090 QUARTUM
568 2051 772 2092 dicendum,
795 2051 891 2096 quod
914 2050 973 2084 illa
988 2052 1066 2091 tria,
1087 2061 1177 2096 quae
1193 2050 1295 2096 ponit
1312 2049 1519 2090 Anselmus,
1539 2049 1764 2095 accipiuntur

204 2103 405 2137 secundum
428 2115 658 2149 progressum
686 2105 824 2148 peccati
851 2104 1058 2148 cujuslibet3
1086 2103 1182 2149 quod
1204 2104 1316 2149 primo
1345 2103 1452 2136 corde
1480 2102 1692 2148 concipitur,
1717 2115 1763 2138 se-

204 2157 308 2191 cundo
332 2168 394 2190 ore
416 2156 602 2202 profertur,
626 2158 719 2191 tertio
743 2168 851 2202 opere
874 2156 1072 2202 perficitur:
1096 2156 1156 2190 illa
1180 2164 1300 2190 autem
1324 2155 1529 2196 duodecim,
1548 2166 1639 2201 quae
1661 2156 1763 2201 ponit

205 2210 417 2251 Bernardus,
436 2217 625 2243 sumuntur
647 2221 709 2255 per
732 2210 939 2255 oppositum
962 2210 1005 2243 ad
1028 2209 1222 2244 duodecim
1242 2209 1373 2254 gradus
1388 2208 1613 2249 humilitatis,
1628 2208 1671 2242 de
1690 2209 1763 2255 qui-

203 2263 268 2296 bus
290 2275 395 2308 supra
416 2263 577 2296 habitum
602 2271 654 2296 est
677 2263 721 2308 (q.
741 2270 852 2309 praec.
876 2268 938 2297 art.
963 2263 1036 2308 6.).·
1063 2274 1149 2296 nam
1167 2264 1299 2308 primus
1320 2261 1451 2307 gradus
1473 2261 1686 2296 humilitatis
1709 2270 1762 2297 est

205 2317 325 2358 corde,
348 2325 382 2350 et
400 2328 552 2362 corpore
571 2327 713 2361 semper
728 2316 970 2350 humilitatem
987 2316 1189 2357 ostendere,
1205 2315 1328 2349 defixis
1343 2315 1378 2348 in
1393 2322 1524 2348 terram
1540 2315 1761 2360 aspectibus:

205 2369 262 2402 cui
284 2370 478 2415 opponitur
500 2371 682 2410 curiositas,
706 2380 767 2413 per
790 2380 897 2414 quam
925 2369 1051 2415 aliquis
1077 2369 1217 2402 curiose
1245 2368 1386 2413 ubique,
1414 2375 1448 2400 et
1470 2367 1671 2401 inordinate
1700 2368 1764 2402 cir-

205 2423 411 2468 cumspicit:
435 2422 590 2457 secundus
612 2422 741 2467 gradus
763 2421 975 2455 humilitatis
999 2430 1062 2463 est,
1085 2429 1122 2455 ut
1141 2432 1254 2467 pauca
1272 2421 1392 2460 verba,
1412 2428 1446 2454 et
1467 2420 1694 2454 rationabilia
1712 2420 1763 2455 lo-

204 2484 332 2521 quatur
355 2475 481 2521 aliquis
503 2486 576 2509 non
599 2474 761 2508 clamosa
782 2485 892 2516 voce3
913 2483 1037 2508 contra
1059 2486 1167 2520 quem
1189 2475 1382 2520 opponitur
1400 2473 1527 2507 levitas
1543 2473 1685 2515 mentis,
1699 2485 1762 2519 per

205 2540 313 2574 quam
336 2528 473 2562 scilicet
493 2529 607 2561 homo
630 2528 779 2572 superbe
802 2539 838 2561 se
857 2528 965 2561 habet
983 2528 1017 2560 in
1034 2527 1160 2561 verbo:
1185 2529 1297 2561 tertius
1315 2527 1445 2571 gradus
1463 2525 1675 2560 humilitatis
1698 2534 1762 2568 est,

204 2589 241 2615 ut
263 2593 336 2614 non
359 2582 402 2615 sit
423 2581 548 2623 facilis,
571 2589 604 2615 et
626 2588 813 2626 promptus
835 2580 869 2613 in
893 2581 983 2622 risu;
1007 2581 1064 2614 cui
1087 2581 1280 2626 opponitur
1302 2580 1421 2625 inepta
1444 2579 1596 2613 laetitia:
1624 2584 1762 2624 quartus

205 2635 335 2680 gradus
358 2635 570 2668 humilitatis
593 2643 645 2668 est
665 2634 888 2668 taciturnitas
911 2645 1022 2679 usque
1051 2634 1094 2667 ad
1121 2633 1462 2678 interrogationem;
1486 2632 1543 2666 cui
1566 2631 1761 2678 opponitur

204 2690 392 2733 jactantia:
415 2690 546 2734 quintus
567 2688 697 2733 gradus
719 2686 931 2720 humilitatis
952 2695 1015 2727 est,
1037 2695 1159 2721 tenere
1182 2687 1279 2732 quod
1307 2687 1512 2720 communis
1540 2685 1664 2730 regula
1687 2696 1762 2719 mo-

205 2742 349 2775 nasterii
371 2742 494 2783 habet3
517 2741 574 2774 cui
601 2740 792 2786 opponitur
819 2739 1057 2784 singularitas,
1080 2751 1141 2785 per
1163 2751 1272 2785 quam
1295 2738 1431 2773 scilicet
1454 2738 1581 2784 aliquis
1603 2738 1762 2772 sanctior

205 2794 281 2828 vult
303 2806 491 2840 apparere:
513 2799 618 2828 sextus
639 2793 769 2839 gradus
791 2792 1002 2826 humilitatis
1026 2800 1087 2834 est,
1112 2793 1267 2833 credere,
1283 2800 1317 2826 et
1338 2793 1569 2837 pronuntiare
1591 2801 1628 2824 se
1648 2790 1762 2824 omni-

206 2848 269 2881 bus
291 2847 475 2890 viliorem3
499 2847 555 2881 cui
578 2847 770 2893 opponitur
792 2845 1007 2891 arrogantia,
1030 2856 1091 2890 per
1113 2856 1221 2890 quam
1237 2845 1375 2878 scilicet
1389 2845 1503 2878 homo
1520 2855 1556 2878 se
1571 2843 1648 2877 aliis
1663 2854 1761 2889 prae-
