1859 3122
424 185 645 221 QUAESTIO
680 184 871 214 LXXXVII.
905 184 1149 215 ARTICULUS
1183 185 1210 214 Ι.
1519 173 1600 226 615

37 281 126 309 rum,
143 279 224 314 quaa
245 266 368 302 dederis
387 267 480 309 mibi,
500 266 640 302 decimas
655 267 790 313 offeram
807 268 889 307 til›i;
913 277 1001 312 ergo
1017 266 1125 300 etiam
1144 277 1260 312 neque
1282 273 1447 312 tempore
1470 265 1605 311 gratiae

35 329 206 356 tenentur
226 320 395 354 homines
418 320 461 354 ad
489 320 713 354 decimarum
736 319 968 354 solutionem.

110 384 141 416 4.
165 374 400 408 PRAETEREA.
423 373 463 406 In
485 374 596 407 veteri
618 373 700 419 lege
721 373 934 408 tenebantur
948 373 1117 407 homines
1135 372 1178 406 ad
1197 372 1343 419 triplices
1364 372 1523 406 decimas
1538 370 1607 405 sol-

36 428 190 462 vendas:
213 438 366 473 quarum
387 426 545 472 quasdam
568 426 757 461 solvebant
779 426 931 460 Levitis:
956 426 1085 460 dicitur
1111 426 1210 460 enim
1237 425 1346 459 Num.
1374 425 1444 459 18.:
1472 425 1608 459 Levitae

39 482 243 516 decimarum
265 481 427 514 oblatione
449 482 589 515 conlsntt'
615 485 721 523 emant,
752 492 830 526 quos
858 482 891 514 in
918 492 991 514 usus
1021 491 1147 522 eoram,
1173 484 1201 514 et
1224 480 1407 514 necessaria
1432 479 1606 525 separavi:

39 543 141 569 erant
159 545 303 580 quoque
322 534 407 568 aliae
429 534 606 575 decimae,
629 534 672 568 de
692 534 819 579 quibus
841 533 974 578 legitur
1000 533 1106 567 Deut.
1134 543 1203 575 14.:
1225 533 1399 567 Decimam
1417 537 1548 578 partam
1565 543 1609 566 se-

34 589 176 635 parabis
196 587 232 621 de
253 589 374 622 cunctis
388 587 544 633 fragilius
567 588 640 629 ltc1'5‚
668 588 725 632 qui
751 591 933 621 nascuntur
955 588 988 619 1'n
1011 591 1101 621 terra
1118 593 1182 632 per
1207 597 1308 620 annos
1333 586 1488 630 singulos,
1510 590 1538 619 et
1559 595 1610 619 co-

41 641 143 676 medes
163 642 197 674 in
224 645 391 686 conspectu
414 641 556 674 Domini
577 641 643 674 Dei
664 641 711 674 tui
732 641 766 674 in
788 640 870 681 loco,
893 651 986 685 quem
1008 640 1136 685 elegerit
1157 640 1266 673 Deus:
1290 646 1390 672 erant
1412 648 1555 684 quoque
1574 644 1609 671 et

37 695 127 728 aliae
145 693 320 735 decimae,
343 693 386 727 de
409 693 536 739 quibus
558 693 690 727 ibidem
714 693 890 727 subditur:
915 694 1013 727 Anno
1034 694 1129 727 tertio
1144 693 1309 738 separabis
1331 692 1434 725 uliam
1449 691 1609 725 decimam

40 759 80 782 ex
98 748 261 788 omnibus,
284 758 365 792 quae
379 752 560 781 nascuntur
579 748 638 781 tilii
658 758 692 780 eo
713 751 863 792 tempore,
885 751 914 780 et
929 753 1059 792 repones
1082 747 1169 779 intra
1188 748 1312 791 januas
1331 750 1423 785 tuas,⁸
1442 746 1609 790 venietque

42 801 173 842 Levita,
193 801 249 845 qni
270 801 373 834 aliam
396 812 459 834 non
483 800 576 834 lmbet
592 805 737 846 partem,
760 811 860 844 neque
889 800 1118 844 possessifflam
1149 804 1265 839 tecum,
1289 803 1318 832 cl
1339 799 1543 844 peregrinus,
1572 808 1610 831 ac

37 854 201 901 pupillus,
218 858 245 887 cl
265 853 380 894 vidua,
404 854 461 898 qui
482 855 570 887 intra
589 858 703 899 portas
722 853 792 886 tuas
812 857 897 893 sunt,
922 857 949 886 t!
970 852 1148 894 comedant,
1164 857 1192 886 rt
1209 852 1465 886 mtumzlwztnr:
1485 851 1546 884 sed
1566 849 1608 884 ad

38 906 205 948 secundas,
227 914 261 940 et
279 907 391 941 tertias
409 906 569 940 decimas
582 906 751 939 homines
766 916 840 939 non
855 913 1022 939 tenentur
1039 913 1205 951 tempore
1220 905 1374 950 gratiae3
1390 915 1477 950 ergo
1492 913 1609 949 neque

42 960 88 994 ad
105 962 248 1007 primas.

119 1024 146 1058 ς.
169 1014 404 1048 PRAETEREA.
430 1012 540 1053 Quod
569 1012 644 1046 sine
666 1012 966 1046 determinatione
998 1011 1171 1058 temporis
1201 1011 1360 1053 debetur,
1393 1011 1463 1045 nisi
1488 1010 1609 1044 statim

40 1066 214 1108 solvatur,
237 1065 373 1111 obligat
395 1066 437 1099 ad
457 1073 666 1111 peccatum3
686 1065 715 1099 si
733 1076 820 1111 ergo
836 1065 1004 1099 homines
1026 1073 1190 1110 tempore
1206 1065 1341 1110 gratiae
1364 1064 1611 1110 obligarentur

39 1132 86 1155 -ex
101 1120 312 1154 necessitate
326 1118 508 1165 praecepti
527 1119 571 1152 ad
590 1119 749 1152 decimas
768 1118 960 1152 solvendas
976 1118 1010 1151 in
1029 1118 1142 1160 terris,
1160 1118 1196 1151 in
1216 1118 1343 1163 quibus
1358 1118 1522 1151 decimae
1536 1128 1611 1150 non

41 1173 241 1215 solvuntur,
264 1183 391 1206 omnes
413 1180 531 1205 essent
548 1171 584 1205 in
607 1180 757 1217 peccato
773 1171 929 1213 mortali,
947 1180 981 1206 et
1002 1183 1064 1217 per
1081 1182 1307 1217 consequens
1324 1171 1434 1205 etiarn
1458 1170 1612 1204 ministri

43 1226 240 1267 Ecclesiae,
257 1224 536 1260 dissimulando:
560 1226 656 1271 quod
677 1225 818 1259 videtur
838 1225 1118 1266 inconveniens3
1134 1235 1208 1258 non
1224 1235 1310 1270 ergo
1333 1224 1503 1258 homines
1523 1231 1613 1257 tem-

45 1291 132 1326 pore
154 1279 288 1325 gratiae
311 1290 355 1312 ex
373 1278 588 1312 necessitate
609 1286 776 1312 tenentur
799 1279 841 1311 ad
863 1277 1085 1312 solutionem
1108 1277 1345 1312 decimarum.

117 1332 190 1366 SED
214 1342 369 1367 CONTRA
391 1339 454 1373 est,
476 1331 573 1378 quod
592 1331 745 1376 August.
768 1331 854 1365 dicit
875 1332 986 1376 (sarm.
1009 1344 1082 1378 219.
1109 1331 1145 1366 de
1173 1331 1304 1378 Temp.)
1327 1339 1362 1365 et
1383 1331 1537 1364 habetur
1559 1329 1610 1364 16.

39 1398 78 1432 q.
98 1396 125 1419 1.
148 1386 236 1432 (cap.
260 1385 356 1430 66).-
387 1385 595 1419 «Decimae
618 1395 660 1418 ex
681 1385 801 1419 debito
820 1385 1068 1430 requiruntur3
1091 1394 1126 1419 et
1147 1385 1208 1431 qui
1230 1396 1290 1419 eas
1312 1384 1396 1419 dare
1417 1383 1612 1425 noluerint,

43 1450 102 1474 res
124 1439 258 1473 alienas
279 1438 453 1472 invadunt
470 1451 502 1472 )).

116 1492 344 1526 RESPONDEO
368 1491 572 1532 dicendum,
595 1491 691 1536 quod
714 1491 876 1525 decimae
891 1491 927 1525 in
948 1492 1063 1526 veteri
1084 1491 1164 1537 lege
1185 1492 1359 1525 dabantur
1387 1490 1433 1524 ad
1455 1491 1614 1525 substen-

44 1545 224 1580 tationem
246 1544 494 1578 ministrorum
526 1544 612 1586 Dei;
635 1544 728 1578 unde
751 1544 880 1578 dicitur
902 1544 1058 1578 Malach.
1090 1557 1138 1590 3.:
1162 1545 1282 1591 Inserta
1310 1557 1437 1579 omnem
1465 1545 1611 1579 decima—

45 1600 167 1634 tionem
189 1599 224 1631 in
245 1598 397 1632 horreum
420 1609 538 1638 melon,
561 1602 596 1632 ut
616 1599 656 1631 sit
677 1598 765 1632 cibus
793 1599 826 1631 in
845 1597 940 1631 domm
962 1610 1054 1638 msam
1079 1598 1172 1632 unde
1195 1606 1428 1644 praeceptum
1452 1598 1494 1632 de
1522 1597 1614 1632 solu-

45 1652 144 1686 tione
167 1651 390 1685 decimarum
418 1650 547 1696 partim
571 1650 716 1695 quidem
738 1658 814 1684 erat
834 1651 985 1693 morale,
1007 1651 1161 1685 inditum
1183 1651 1338 1685 naturali
1359 1651 1517 1693 ratione3
1539 1661 1616 1697 par-

46 1707 112 1739 tim
139 1712 260 1738 autem
283 1711 358 1737 erat
396 1703 574 1748 judiciale,
610 1715 651 1737 ex
679 1703 799 1737 divina
826 1704 1048 1739 institutione
1079 1705 1188 1738 robur
1213 1705 1368 1740 habens:
1392 1704 1489 1750 quod
1517 1705 1614 1738 enim

46 1759 110 1799 eis,
132 1758 193 1803 qui
219 1757 341 1790 divino
364 1756 476 1790 cultui
506 1757 756 1790 ministrabant
777 1757 821 1790 ad
843 1757 997 1791 salutem
1019 1757 1143 1804 populi
1169 1758 1290 1799 totius,
1313 1757 1468 1804 populus
1495 1769 1616 1791 neces-

42 1811 141 1845 saria
160 1811 276 1844 victus
299 1809 528 1850 ministraret,
550 1810 640 1846 ratio
662 1809 834 1844 naturalis
850 1810 975 1844 dictat:
999 1811 1090 1845 sicut
1112 1819 1147 1845 et
1168 1811 1235 1852 his,
1255 1811 1315 1856 qui
1338 1813 1526 1844 communi
1553 1810 1617 1844 uti-

46 1864 139 1898 litati
160 1862 359 1909 invigilant,
375 1862 530 1897 scilicet:
546 1863 775 1909 principibus,
798 1871 832 1897 et
851 1863 1034 1906 militibus,
1051 1872 1085 1898 et
1102 1864 1179 1898 aliis
1195 1864 1406 1910 hujusmodi
1427 1863 1616 1910 stipendia,

47 1917 163 1951 victus
178 1916 351 1950 debentur
366 1927 385 1949 a
403 1915 558 1962 populo;
578 1916 671 1950 unde
687 1925 721 1950 et
736 1917 862 1962 Apost.
878 1917 948 1951 hoc
965 1918 1092 1964 probat
1110 1929 1137 1952 1.
1155 1917 1198 1951 ad
1215 1917 1301 1952 Cor.
1313 1929 1344 1964 9.
1361 1929 1423 1964 per
1437 1918 1616 1952 humanas

43 1969 340 2011 consuetudines,
375 1970 514 2003 dicens:
545 1970 629 2014 Quis
663 1970 788 2004 militat
813 1971 879 2004 suis
910 1971 1082 2017 stipendiis
1108 1972 1283 2016 unquam?
1309 1976 1367 2005 aut
1393 1973 1463 2016 quis
1484 1971 1618 2017 plantat

47 2025 193 2064 vineam,
213 2028 241 2057 et
254 2023 289 2057 cie
303 2023 473 2068 fructibus
487 2025 554 2068 ejus
572 2035 636 2057 non
651 2023 742 2058 adit?
765 2023 835 2057 Sed
852 2024 1104 2058 determinatio
1128 2032 1245 2058 certae
1262 2025 1371 2071 partis
1391 2025 1617 2059 exhibendae

49 2077 220 2111 ministris
236 2076 345 2110 divini
367 2075 482 2109 cultus
498 2087 572 2109 non
595 2084 647 2110 est
668 2076 710 2110 de
732 2077 807 2121 jure
829 2077 994 2119 naturali,
1014 2077 1074 2111 sed
1098 2085 1150 2111 est
1171 2078 1378 2112 introducta
1392 2078 1617 2112 institutione

49 2130 182 2171 divina,
197 2129 398 2164 secundum
420 2129 667 2163 conditionem
688 2129 782 2164 illius
801 2130 935 2176 populi,
959 2131 1017 2164 cui
1038 2130 1096 2164 lex
1111 2131 1276 2165 dabatur:
1298 2132 1358 2177 qui
1378 2143 1461 2165 curn
1483 2131 1518 2165 in
1535 2131 1619 2165 duo-

53 2183 173 2217 decim
201 2182 333 2216 Tribus
355 2189 449 2216 esset
478 2182 623 2224 divisus,
645 2182 862 2216 duodecima
893 2183 1035 2226 Tribus,
1059 2183 1196 2218 scilicet
1227 2184 1399 2226 Levitica‚
1424 2196 1516 2230 quae
1543 2192 1618 2218 tota

46 2243 126 2270 erat
147 2235 354 2269 ministeriis
376 2235 504 2269 divinis
531 2235 747 2281 mancipata,
769 2237 1016 2282 possessiones
1044 2248 1118 2270 non
1140 2237 1307 2279 habebat,
1330 2238 1425 2271 unde
1447 2245 1620 2271 sustenta-

44 2297 166 2331 retur3
189 2288 282 2322 unde
298 2288 556 2322 convenienter
570 2289 771 2322 institutum
787 2297 850 2331 est,
869 2297 907 2323 ut
921 2289 1080 2335 reliquae
1100 2290 1270 2324 undecim
1287 2290 1418 2324 Tribus
1437 2291 1619 2325 decimam

52 2350 192 2387 partem
210 2353 360 2375 suorum
383 2349 624 2386 proventuum
645 2342 778 2376 Levitis
798 2342 934 2384 darent,
957 2351 994 2377 ut
1012 2343 1262 2378 honorabilius
1282 2344 1465 2386 viverent3
1488 2352 1523 2378 et
1537 2343 1619 2389 quia

47 2395 164 2429 etiam
186 2395 296 2440 aliqui
317 2405 378 2440 per
398 2394 658 2440 negligentiam
680 2403 779 2429 erant
800 2403 1083 2442 transgressores
1104 2396 1232 2439 futuri;
1261 2397 1355 2432 unde
1379 2405 1554 2443 quantum
1576 2396 1619 2430 ad

55 2447 396 2482 determinationem
419 2447 581 2481 decimae
602 2448 710 2493 partis
729 2456 804 2482 erat
823 2449 1009 2494 judiciale;
1032 2450 1124 2484 sicut
1141 2458 1175 2484 et
1197 2450 1268 2484 alia
1283 2450 1397 2484 multa
1418 2449 1621 2496 specialiter

49 2501 91 2534 in
110 2500 174 2535 illo
195 2500 332 2547 populo
347 2501 508 2534 instituta
530 2509 631 2534 erant
652 2501 695 2535 ad
719 2502 973 2547 aequalitatem
994 2502 1087 2537 inter
1107 2503 1276 2537 homines
1293 2503 1337 2537 ad
1359 2503 1516 2537 invicem
1539 2513 1622 2536 con-

49 2555 280 2596 servandam,
302 2554 503 2589 secundum
524 2553 649 2600 populi
666 2554 760 2589 illius
783 2556 1050 2597 conditionem,
1073 2568 1164 2602 quae
1181 2557 1362 2603 judicialia
1378 2562 1556 2603 praecepta
1575 2557 1623 2590 di-

56 2616 200 2641 cuntur:
223 2607 308 2642 licet
325 2619 367 2641 ex
389 2607 625 2653 consequenti
647 2607 781 2654 aliquid
803 2608 1048 2655 significarent
1069 2610 1105 2643 in
1126 2609 1304 2644 futurum:
1328 2610 1420 2644 sicut
1442 2617 1476 2643 et
1498 2610 1622 2644 omnia

57 2672 184 2696 eorum
204 2661 309 2704 facta,
331 2662 531 2696 secundum
548 2661 635 2695 illud
662 2672 688 2695 1.
705 2662 746 2695 ad
763 2662 849 2696 Cor.
876 2673 947 2697 10.:
967 2663 1092 2698 Omnia
1106 2664 1141 2697 in
1151 2664 1264 2709 figura
1281 2664 1515 2709 contingebant
1535 2663 1620 2697 illis.-

57 2715 93 2749 in
115 2726 186 2760 quo
208 2715 471 2749 conveniebant
493 2725 576 2748 cum
603 2714 925 2750 caeremonialibus
947 2716 1158 2762 praeceptis,
1187 2727 1278 2762 quae
1305 2715 1548 2762 principaliter
1568 2716 1625 2750 in-

58 2767 178 2801 stituta
199 2777 298 2802 erant
320 2768 363 2802 ad
385 2767 662 2813 significandum
681 2767 813 2814 aliquid
834 2768 1014 2802 futurum:
1038 2769 1130 2802 unde
1151 2777 1185 2802 et
1206 2777 1440 2814 praeceptum
1462 2769 1506 2803 de
1528 2769 1624 2803 deci-

52 2820 126 2854 mis
143 2820 324 2855 solvendis
345 2821 523 2866 significat
553 2820 686 2867 aliquid
707 2821 744 2854 in
764 2821 942 2856 futurum:
963 2822 1024 2868 qui
1050 2823 1147 2856 enim
1164 2821 1347 2856 decimam
1366 2822 1547 2868 dat,.quae
1568 2829 1624 2857 est

6 2922 11 2926 -
53 2872 286 2918 perfectionis
308 2874 453 2920 signum
475 2874 536 2919 (eo
559 2873 654 2920 quod
677 2873 842 2908 denarius
864 2883 917 2909 est
938 2875 1215 2921 quodammodo
1237 2886 1411 2909 numerus
1431 2874 1622 2921 perfectus,
