1859 3122
401 205 620 242 QUAESTIO
656 203 891 234 CLXXXVIII.
924 202 1168 234 ARTICULUS
1200 201 1274 231 VII.
1508 191 1613 244 1265

57 298 164 333 quem
202 288 329 332 pateris
363 295 508 333 propter
529 286 752 320 necessaria:
774 285 850 319 noli
873 285 1051 332 superflue
1081 295 1145 331 pro
1176 282 1365 330 superfluis
1389 283 1553 317 laborare
1569 296 1587 315 »
1608 295 1615 316 :

59 340 259 374 secundum
274 341 426 385 August.
450 341 565 385 (msa.
585 339 621 374 du
642 340 744 374 Sarni.
768 340 867 373 Dom.
885 340 916 372 in
931 343 1031 373 mont.
1054 345 1123 385 cap.
1146 338 1211 383 17.)
1237 337 1307 371 sic:
1328 349 1345 368 «
1362 336 1458 370 Cum
1484 336 1617 382 aliquid

58 394 142 428 boni
162 405 366 440 operamur,
382 404 455 428 non
469 392 694 439 temporalia,
711 403 801 439 quae
816 391 1061 438 significantur
1081 403 1144 438 per
1162 391 1374 432 crastinum,
1390 390 1452 425 sed
1474 398 1618 424 aeterna

59 448 261 493 cogitemus
284 461 315 481 >›.

137 502 196 534 AD
231 511 400 535 TERTltJM
428 500 632 542 dicendum,
666 499 760 545 quod
787 500 936 533 verbum
959 499 1106 533 Hieron.
1140 498 1248 532 habet
1285 497 1421 539 locum,
1449 497 1509 531 ubi
1539 506 1621 532 sunt

57 554 386 600 superabundantes
405 554 560 595 divitiae,
580 564 670 599 quae
690 553 866 586 habentur
883 553 985 598 quasi
1007 552 1184 598 propriae,
1202 551 1261 586 vel
1276 563 1338 597 per
1361 562 1514 597 quarum
1537 551 1619 585 abu-

57 619 138 641 sum
149 607 258 640 etiarn
273 606 406 652 singuli
421 607 463 641 de
480 607 741 640 communitate
756 606 976 652 superbiunt,
993 615 1027 639 et
1047 605 1254 640 lasciviunt:
1273 616 1347 639 non
1369 612 1489 639 autern
1508 604 1617 638 habet

57 660 181 694 locum
202 660 237 693 in
255 660 386 694 divitiis
405 659 612 701 moderatis,
628 659 871 693 communiter
886 659 1106 693 conservatis
1123 659 1166 692 ad
1182 658 1300 693 solam
1315 658 1617 692 sustentationem

58 713 163 755 vitae,
185 724 255 759 qua
277 712 408 759 singuli
429 712 608 757 indigent:
633 713 760 746 eadem
783 713 879 746 enim
907 720 960 747 est
982 713 1084 754 ratio,
1108 712 1204 758 quod
1232 711 1367 757 singuli
1388 719 1534 746 utantur
1560 710 1617 745 his

58 777 148 812 quae
170 766 348 812 pertinent
369 766 412 799 ad
430 765 633 800 necessaria
654 765 759 806 vitae,
783 773 816 799 et
838 765 933 811 quod
957 766 1201 800 communiter
1228 773 1497 799 conserventur.

127 821 186 853 AD
205 829 393 858 QUARTUM
408 819 612 860 dicendum,
634 818 730 864 quod
753 819 852 852 Isaac
875 820 1122 864 possessiones
1143 818 1317 852 renuebat
1342 818 1518 864 accipere,
1534 817 1617 864 quia

57 872 208 906 timebat
227 883 272 905 ne
294 883 356 918 per
376 871 447 906 hoc
471 871 514 905 ad
535 871 732 917 superfluas
754 871 893 905 divitias
914 873 1106 913 veniretur,
1126 883 1188 916 per
1206 883 1360 917 quarum
1381 871 1535 905 abusum
1553 871 1619 904 im-

58 925 238 972 pediretur
261 925 445 971 religionis
466 924 658 970 perfecti03
674 925 767 958 unde
791 924 944 970 Gregor.
961 925 1044 959 ibid.
1060 924 1195 958 subdit:
1223 938 1240 955 α
1257 924 1315 958 Sic
1341 925 1525 958 metuebat
1539 935 1623 970 pau-

59 979 205 1025 pertatis
226 989 312 1012 suae
335 978 565 1013 securitatem
587 978 746 1024 perdere,
768 979 861 1012 sicut
882 979 981 1012 avari
1001 978 1128 1012 divites
1149 977 1268 1012 solent
1285 975 1463 1024 peritur'as
1478 977 1620 1011 divitias

60 1032 239 1066 custodire
258 1043 297 1065 »:
320 1043 394 1065 non
416 1040 537 1065 autem
558 1030 699 1077 legitur,
726 1032 822 1077 quod
845 1031 1002 1065 renuerit
1023 1032 1180 1077 recipere
1203 1031 1322 1077 aliqua
1346 1031 1550 1065 necessaria
1577 1030 1621 1064 ad

59 1085 154 1120 vitae
175 1085 476 1120 sustentationem
499 1084 742 1118 communiter
764 1085 1063 1118 conservandam.

131 1139 190 1173 AD
221 1149 401 1178 QUINTUM
427 1137 632 1178 dicendum,
660 1137 756 1182 quod
782 1137 919 1171 Philos.
941 1137 978 1170 in
1012 1148 1039 1170 1.
1069 1137 1210 1171 Politic.
1236 1137 1325 1184 (cap.
1346 1149 1376 1183 5.
1400 1143 1429 1172 et
1451 1137 1499 1182 6.)
1523 1136 1622 1178 dicit,

60 1203 202 1238 panem,
226 1200 260 1226 et
279 1191 416 1232 vinum,
439 1199 473 1224 et
499 1189 568 1223 alia
593 1189 803 1235 hujusmodi
829 1201 906 1224 esse
934 1190 1073 1224 divitias
1095 1189 1306 1233 ·naturales;
1336 1191 1507 1236 pecunias
1534 1201 1621 1224 vero

61 1245 201 1279 divitias
223 1256 300 1279 esse
323 1243 543 1284 artificiales;
571 1251 605 1277 et
629 1243 712 1276 inde
740 1251 802 1285 est,
830 1244 925 1289 quod
956 1243 1103 1289 quidam
1124 1243 1335 1289 philosophi
1370 1243 1544 1278 nolebant
1570 1243 1622 1277 uti

61 1299 225 1344 pecunia,
246 1297 308 1331 sed
331 1296 408 1330 aliis
430 1296 545 1337 rebus,
568 1296 670 1342 quasi
691 1296 890 1330 secundum
916 1305 1081 1330 naturam
1102 1297 1286 1339 vivente33
1310 1305 1344 1331 et
1364 1297 1447 1330 ideo
1472 1297 1621 1330 Hieron.

60 1351 194 1385 ibidem
215 1361 278 1396 per
303 1350 520 1384 sententiam
545 1349 708 1391 Domini,
737 1351 796 1395 qui
825 1349 988 1383 similiter
1017 1358 1208 1396 utrumque
1237 1350 1435 1392 interdicit,
1464 1350 1622 1384 ostendit

62 1404 158 1450 quod
179 1404 216 1437 in
234 1404 330 1437 idem
352 1404 443 1437 redit
463 1403 596 1437 habere
618 1404 821 1449 pecuniam,
844 1411 877 1437 et
899 1402 986 1437 alias
1000 1414 1055 1436 res
1072 1403 1168 1437 vitae
1183 1404 1424 1446 necessarias;
1448 1411 1482 1438 et
1499 1412 1622 1437 tamen

61 1457 146 1492 licet
164 1457 348 1491 Dominus
368 1456 579 1501 hujusmodi
599 1467 674 1489 non
701 1456 835 1501 portari
860 1456 896 1489 in
916 1456 975 1489 via
1005 1456 1046 1489 ab
1076 1456 1144 1498 his,
1175 1456 1235 1502 qui
1263 1456 1307 1490 ad
1334 1457 1619 1502 praedicandum

62 1510 293 1544 mittebantur
315 1509 552 1551 ordinaverit;
574 1520 648 1542 non
673 1517 797 1542 tamen
824 1520 865 1542 ea
891 1509 928 1542 in
958 1509 1146 1543 communi
1175 1510 1383 1543 conservari
1415 1509 1619 1556 prohibuit:

63 1562 214 1609 qualiter
234 1570 357 1596 tamen
375 1561 436 1595 illa
456 1562 565 1596 verba
579 1561 731 1596 Domini
745 1561 978 1608 intelligenda
993 1562 1073 1604 sint,
1088 1574 1193 1608 supra
1206 1571 1397 1597 ostensum
1416 1571 1469 1597 est
1483 1565 1527 1609 (q.
1547 1564 1616 1609 185.

67 1621 130 1650 art.
147 1616 179 1651 6.
202 1616 244 1650 ad
264 1628 295 1651 2.
315 1621 343 1650 et
363 1627 424 1650 1-2.
447 1627 476 1660 q.
499 1616 573 1650 108.
596 1620 658 1649 art.
681 1627 712 1650 2.
733 1615 774 1649 ad
792 1617 850 1661 3.).

605 1756 948 1801 ARTICULUS
982 1758 1105 1801 vm.
1554 1781 1621 1817 907

161 1876 313 1907 UTRUM
339 1876 608 1906 PERFECTIOR
631 1876 697 1905 SIT
719 1876 894 1906 RELIGIO
918 1878 963 1906 IN
989 1877 1236 1907 SOCIETATE
1260 1852 1520 1917 bIVENTIUM,

419 1941 542 1976 QUAM
568 1941 797 1971 AGENTIL’M
826 1926 1087 1972 SoLlTARIAM
1114 1942 1266 1972 VITAM.

135 2039 195 2073 AD
223 2049 411 2074 ocTAvUM
433 2039 482 2073 sic
504 2040 720 2086 proceditur.
741 2040 902 2082 Videtur,
925 2041 1021 2087 quod
1047 2041 1240 2087 perfectior
1269 2042 1314 2076 sit
1344 2041 1472 2088 religio
1502 2042 1537 2075 in
1571 2053 1625 2076 so—

66 2093 193 2126 cietate
213 2093 424 2135 viventium,
445 2104 554 2138 quam
577 2093 761 2138 agentium
783 2093 981 2128 solitariam
1001 2095 1132 2128 vitam:
1156 2095 1284 2129 dicitur
1304 2096 1402 2129 enim
1423 2095 1542 2129 Eccle.
1564 2105 1620 2138 4.:

66 2145 184 2179 Melius
197 2150 239 2180 est
259 2145 337 2179 duos
357 2157 417 2180 esse
433 2146 542 2188 simul,
566 2158 666 2191 quam
691 2159 793 2180 unum
810 2160 819 2181 .·
843 2147 961 2182 habant
978 2149 1065 2182 enim
1079 2149 1332 2183 emolumentum
1350 2149 1512 2183 societatis
1526 2160 1621 2189 suam

65 2199 172 2244 igitur
191 2199 332 2232 videtur
352 2198 543 2244 perfectior
565 2210 641 2233 esse
663 2199 790 2246 religio
812 2200 847 2234 in
869 2201 1042 2235 societate
1062 2201 1273 2235 viventium.

136 2262 167 2285 2.
188 2251 424 2286 PRAETEREA.
439 2252 565 2286 Matth.
589 2252 640 2286 18.
663 2253 809 2287 dicitur:
839 2254 903 2288 Ubi
915 2254 1046 2300 fuerint
1066 2254 1141 2296 cluo,
1164 2255 1216 2289 vel
1233 2261 1296 2289 tres
1311 2257 1504 2301 congregati
1517 2257 1552 2289 in
1567 2267 1622 2289 no—

67 2307 152 2339 mine
172 2317 256 2347 meo,
272 2306 318 2339 ibi
330 2317 401 2339 snm
414 2317 470 2350 ego
485 2305 632 2340 inmedio
645 2317 777 2341 eorum:
796 2307 858 2340 sed
871 2307 961 2341 nihil
978 2315 1096 2353 potest
1111 2319 1187 2342 esse
1206 2308 1335 2342 melius
1353 2319 1466 2354 quam
1481 2308 1621 2342 Christi

66 2358 236 2400 societas;
259 2369 345 2404 ergo
366 2358 518 2400 videtur,
540 2359 636 2404 quod
664 2359 784 2393 vivere
809 2360 845 2393 in
873 2361 1155 2406 congregatione
1177 2362 1222 2395 sit
1248 2361 1388 2404 melius,
1421 2373 1530 2408 quam
1561 2361 1624 2395 du-

67 2422 147 2446 cere
169 2410 367 2446 solitariam
389 2411 514 2445 vitam.

141 2476 169 2511 3.
191 2464 426 2499 PRAETEREA.
448 2464 544 2498 Inter
565 2464 634 2499 alia
659 2465 842 2512 religionis
867 2475 952 2500 vota
977 2475 1105 2501 votum
1132 2467 1362 2502 obedientiae
1387 2467 1621 2502 excellentius

68 2526 131 2559 est,
153 2525 188 2551 et
207 2517 391 2551 humilitas
406 2526 459 2551 est
472 2518 628 2552 maxime
643 2518 724 2552 Deo
743 2528 908 2566 accepta:
931 2520 993 2553 sed
1012 2520 1227 2562 obedientia,
1248 2529 1282 2555 et
1300 2521 1487 2555 humilitas
1503 2522 1621 2567 magis

69 2571 303 2604 observantur
322 2570 359 2603 in
381 2571 667 2613 conversatione,
689 2583 797 2617 quam
818 2573 854 2606 in
876 2572 1087 2615 solitudine3
1110 2574 1194 2608 dicit
1212 2574 1309 2608 enim
1329 2574 1476 2608 Hieron.
1497 2574 1540 2608 ad
1555 2574 1625 2608 Ru-

69 2624 198 2658 sticum
219 2623 443 2657 monachum
463 2624 566 2670 (epist.
587 2625 636 2669 4.)
648 2636 658 2657 :
684 2637 701 2656 «
721 2625 762 2659 In
783 2625 975 2660 solitudine
997 2626 1068 2660 cito
1096 2627 1259 2673 subrepit
1286 2627 1462 2673 superbia,
1492 2627 1626 2661 dormit

69 2684 243 2722 quantum
264 2675 428 2718 voluerit,
449 2675 535 2711 facit
556 2677 651 2723 quod
672 2677 828 2713 voluerit
841 2691 881 2721 »3
903 2690 921 2713 e
944 2680 1125 2714 contrario
1148 2688 1269 2714 autem
1300 2680 1376 2725 ipse
1400 2680 1507 2714 docet
1529 2692 1625 2722 eum,

70 2729 130 2775 qui
150 2730 187 2763 in
209 2731 380 2764 societate
402 2729 500 2771 vivit,
523 2730 661 2765 dicens:
688 2731 803 2766 «Non
824 2731 934 2766 facias
953 2733 1049 2778 quod
1070 2733 1134 2774 vis,
1158 2733 1332 2767 comedas
1356 2734 1453 2779 quod
1479 2733 1625 2779 juberis,

68 2783 203 2816 habeas
225 2790 399 2828 quantum
421 2785 612 2828 acceperis,
634 2784 831 2830 subjiciaris
854 2785 912 2818 cui
932 2796 1007 2819 non
1033 2786 1097 2827 vis,
1124 2786 1258 2820 servias
1279 2785 1460 2828 fratribus,
1478 2797 1627 2832 praepo-

71 2835 179 2869 situm
200 2836 409 2869 monasterii
427 2836 555 2870 timeas
569 2844 607 2870 ut
626 2837 759 2880 Deum,
778 2837 905 2883 diligas
927 2846 965 2872 ut
984 2847 1171 2884 parentem
1186 2851 1226 2880 »3
1249 2850 1335 2884 ergo
1357 2839 1509 2881 videtur,
1529 2839 1625 2884 quod

71 2887 198 2934 religio
219 2888 256 2922 in
277 2889 449 2923 societate
470 2889 668 2924 viventium
689 2890 734 2925 sit
753 2889 945 2936 perfectior
967 2902 1020 2933 ea,
1043 2902 1134 2937 quae
1157 2891 1356 2926 solitariam
1382 2892 1494 2926 vitam
1518 2892 1601 2938 agit.
