1859 3122
464 188 682 224 QUAESTIO
714 187 862 217 LXVIII.
896 187 1140 218 ARTICULUS
1174 187 1217 216 11.
1540 187 1619 230 503

65 283 152 318 ergo
170 271 206 306 in
227 271 458 306 accusatione
472 282 545 305 non
563 279 615 306 est
628 270 830 305 necessaria
846 269 1031 316 scriptura,
1045 269 1255 316 praesertim
1276 280 1358 303 cum
1373 268 1503 304 Canon
1518 267 1624 310 dicat,

64 326 160 372 quod
177 331 237 372 per
262 326 384 371 scripta
407 325 528 360 millius
549 326 710 360 accusatio
731 325 943 371 suscipiatur.

138 390 166 425 3.
188 379 423 413 PRAETEREA.
453 379 555 413 Sicut
581 379 718 412 crimen
746 378 895 423 alicujus
922 377 1169 412 manifestatur
1192 388 1254 423 per
1274 377 1554 419 accusationem,
1576 377 1625 411 ita

64 444 126 479 per
147 432 480 467 denuntiationem:
503 433 565 466 sed
588 434 622 466 in
643 432 912 466 denuntiatione
934 442 1008 465 non
1028 439 1080 465 est
1101 431 1275 477 scriptura
1293 431 1515 474 necessaria3
1537 442 1624 477 ergo

64 486 214 527 videtur,
237 485 333 532 quod
355 497 471 531 neque
494 486 603 520 etiam
626 486 660 519 in
683 487 924 519 accusatione.

136 539 210 574 SED
227 550 380 574 CONTRA
398 548 460 580 est,
477 540 572 585 quod
584 539 712 573 dicitur
727 550 757 574 2.
774 551 806 585 q.
822 539 853 572 8.
870 539 960 585 (cap.
973 538 1032 583 r.).·
1053 538 1347 572 «Accusatorum
1362 549 1537 584 personae
1549 538 1625 573 sine

64 594 196 639 scripto
219 604 418 638 numquam
438 593 654 639 recipiantur
673 606 703 626 ».

136 646 366 681 RESPONDEO
395 646 599 688 dicendum,
627 646 734 692 quod,
762 645 853 679 sicut
879 656 983 691 supra
1018 645 1154 678 dictum
1181 653 1233 679 est
1259 645 1306 690 (q.
1330 651 1442 691 praec.
1470 651 1534 680 art.
1565 647 1622 691 3.),

65 700 209 746 quando
236 699 272 733 in
300 700 507 733 criminibus
529 711 592 746 per
611 699 760 733 modum
784 698 1023 732 accusationis
1042 698 1168 743 agitur,
1188 706 1376 732 accusator
1398 699 1626 732 constituitur

65 764 166 799 pars;
186 753 236 786 ita
258 753 354 799 quod
376 753 481 798 judex
504 753 594 787 inter
616 761 877 793 accusatorem,
893 760 927 786 et
942 763 1024 785 eum
1041 751 1100 797 qui
1119 760 1317 792 accusatur,
1337 752 1477 786 medius
1497 753 1625 786 consti-

65 806 175 840 tuitur
198 807 241 840 ad
261 818 412 840 examen
434 806 606 851 justitiae;
628 806 663 840 in
686 816 757 851 quo
781 813 932 851 oportet,
952 813 1125 851 quantum
1147 804 1316 850 possibile
1340 813 1402 847 est,
1425 806 1623 840 secundum

65 859 318 894 certitudinem
346 860 557 906 procedere:
582 860 664 906 quia
685 871 772 893 vero
795 870 848 901 ea,
871 870 961 905 quae
983 859 1093 892 verbo
1120 866 1223 892 tenus
1251 859 1427 900 dicuntur,
1450 858 1554 893 facile
1576 859 1623 893 la-

66 914 198 948 buntur
220 925 238 947 a
262 914 451 955 memoria,
479 924 551 948 non
578 921 700 960 posset
724 913 834 958 judici
860 923 936 947 esse
964 920 1113 954 certum,
1136 912 1231 958 quid,
1254 920 1289 946 et
1309 912 1461 958 qualiter
1487 913 1622 946 dictum

65 967 121 1008 sit,
145 978 229 1000 cum
251 966 355 1001 debet
381 966 540 1013 proferre
562 966 788 1007 sententiam,
815 966 883 1000 nisi
910 974 1003 1000 esset
1023 966 1058 999 in
1081 966 1220 1012 scriptis
1246 966 1453 1000 redactum:
1482 973 1516 1000 et
1541 966 1624 1000 ideo

66 1019 326 1054 rationabiliter
346 1020 548 1054 institutum
571 1028 634 1062 est,
657 1028 696 1054 ut
714 1019 908 1061 accusatio,
930 1021 1021 1054 sicut
1043 1027 1077 1053 et
1099 1019 1167 1053 alia
1189 1031 1280 1065 quae
1302 1019 1339 1053 in
1360 1019 1494 1065 judicio
1517 1031 1626 1065 agun-

67 1082 134 1115 tur,
156 1073 338 1119 redigatur
355 1074 390 1107 in
412 1073 562 1120 scriptis.

137 1127 197 1161 AD
215 1137 364 1161 PRIMUM
380 1138 466 1173 ergo
483 1127 688 1169 dicendum,
703 1127 799 1173 quod
814 1125 958 1160 difficile
981 1134 1034 1160 est
1054 1126 1197 1172 singula
1214 1126 1323 1160 verba
1337 1134 1482 1173 propter
1497 1137 1626 1161 eorum

67 1179 346 1222 multitudinem,
369 1189 403 1215 et
423 1181 634 1215 varietatem
661 1180 832 1214 retinere:
862 1181 963 1225 cujus
989 1180 1133 1225 signum
1160 1188 1224 1222 est,
1250 1180 1346 1226 quod
1369 1179 1473 1214 multi
1499 1180 1625 1214 eadem

69 1234 176 1267 verba
197 1234 382 1268 audientes
403 1234 433 1268 si
454 1234 773 1280 interrogarentur,
788 1245 862 1268 non
884 1233 1057 1268 referrent
1078 1245 1120 1267 ea
1141 1233 1316 1275 similiter,
1333 1234 1441 1268 etiam
1455 1242 1537 1279 post
1551 1245 1627 1268 mo-

67 1286 189 1321 dicum
217 1295 376 1333 tempus:
407 1295 442 1322 et
469 1299 552 1321 curn
579 1287 724 1322 modica
758 1287 952 1321 verborum
985 1287 1183 1322 differentia
1217 1298 1364 1322 sensum
1391 1287 1516 1329 variet,
1542 1287 1624 1321 ideo

64 1340 206 1374 etiamsi
225 1348 307 1386 post
327 1341 514 1375 modicum
540 1341 667 1376 debeat
687 1335 815 1387 judicis
835 1341 1010 1375 sententia
1024 1341 1259 1387 promulgari,
1283 1341 1424 1387 expedit
1440 1349 1563 1375 tamen
1579 1341 1622 1376 ad

65 1394 314 1428 certitudinem
335 1395 469 1440 judicii,
491 1395 588 1441 quod
610 1395 792 1429 accusatio
811 1395 992 1440 redigatur
1012 1395 1049 1428 in
1071 1395 1222 1441 scriptis,

136 1447 196 1481 AD
215 1458 421 1482 SECUNDUM
443 1448 647 1490 dicendum,
663 1448 759 1494 quod
779 1448 953 1494 scriptura
967 1459 1041 1482 non
1063 1447 1182 1482 solum
1194 1448 1397 1482 necessaria
1411 1456 1464 1482 est
1481 1456 1626 1494 propter

67 1500 266 1535 absentiam
291 1512 478 1547 personae,
512 1513 603 1547 quae
633 1501 822 1547 significat,
846 1501 904 1535 vel
925 1501 982 1535 cui
1005 1510 1058 1535 est
1086 1501 1220 1548 aliquid
1253 1501 1542 1547 significandum,
1564 1502 1626 1536 sed

69 1554 177 1587 etiarn
199 1562 344 1600 propter
365 1554 580 1588 dilationem
603 1555 790 1600 temporis,
814 1563 852 1588 ut
873 1555 1009 1588 dictum
1028 1563 1081 1589 est
1107 1555 1160 1600 (in
1185 1555 1279 1589 solut.
1297 1555 1450 1601 praec.);
1480 1563 1514 1589 et
1539 1555 1622 1589 ideo

67 1618 151 1640 cum
173 1607 258 1642 dicit
280 1607 429 1642 Canon:
450 1609 513 1642 Per
532 1610 659 1654 scripta
674 1609 795 1642 nullius
813 1609 975 1642 accusatio
989 1610 1200 1655 suscipiatur,
1216 1607 1492 1654 intelligendum
1514 1617 1567 1643 est
1582 1609 1626 1642 de

67 1660 224 1702 absente,
251 1661 312 1707 qui
332 1672 395 1707 per
416 1661 607 1708 epistolam
627 1662 897 1696 accusationem
919 1662 1051 1696 mittat:
1074 1673 1148 1696 non
1166 1670 1289 1696 tamen
1312 1661 1521 1706 excluditur,
1540 1662 1625 1708 quin

67 1725 150 1748 cum
169 1725 336 1760 praesens
357 1714 472 1757 fuerit,
491 1715 692 1749 necessaria
713 1715 756 1749 sit
777 1715 963 1760 scriptura.

138 1767 198 1802 AD
213 1778 384 1802 TERTIUM
407 1768 611 1810 dicendum,
634 1769 730 1814 quod
752 1768 981 1802 denuntiator
1002 1780 1077 1802 non
1099 1768 1236 1814 obligat
1256 1780 1293 1803 se
1309 1771 1352 1803 ad
1374 1769 1624 1815 probandum3

68 1820 161 1855 unde
190 1832 258 1855 nec
296 1822 451 1867 punitur,
473 1822 502 1855 si
532 1822 683 1868 probare
710 1822 933 1868 nequiverit;
963 1829 998 1855 et
1034 1830 1180 1868 propter
1200 1822 1272 1856 hoc
1294 1823 1331 1856 in
1353 1823 1624 1856 denuntiatione

67 1885 142 1908 non
177 1882 231 1908 est
261 1875 464 1910 necessaria
485 1875 679 1921 scriptura3
702 1875 763 1909 sed
786 1871 927 1916 sufficit,
949 1875 979 1908 si
1001 1875 1128 1921 aliquis
1154 1875 1265 1909 verbo
1293 1875 1480 1910 denuntiet
1505 1876 1629 1911 Eccle-

67 1927 152 1969 siae,
174 1939 266 1974 quae
287 1939 330 1963 ex
352 1927 472 1963 officio
495 1940 560 1962 suo
582 1928 755 1975 procedet
777 1929 820 1962 ad
846 1927 963 1962 fratris
985 1929 1290 1964 emendationem.

626 2047 970 2092 ART1CULUS
1006 2048 1086 2090 ΠΙ.
1562 2061 1624 2107 383

129 2149 282 2179 UTRUM
315 2149 566 2179 ACCUSATIO
599 2150 838 2180 REDDATUR
870 2150 1044 2192 INJUSTA
1076 2150 1273 2187 PROPTER
1307 2150 1577 2190 CALUMNIAM,

336 2214 794 2255 PRAEVARICATIQNEM,
821 2216 878 2245 ET
906 2215 1360 2245 TERGIVERSATIONEM.

143 2301 202 2336 AD
222 2312 393 2336 TERTmM
414 2302 464 2336 sic
486 2303 701 2348 proceditur.
716 2302 878 2345 Videtur,
897 2302 993 2349 quod
1017 2303 1198 2337 accusatio
1221 2314 1295 2336 non
1316 2303 1484 2337 reddatur
1501 2303 1632 2347 injusta

72 2362 216 2400 propter
237 2355 468 2397 calumniam,
491 2356 849 2402 praevaricationem,
873 2364 907 2390 et
931 2356 1287 2402 tergiversationem:
1312 2357 1405 2402 quia,
1432 2356 1523 2390 sicut
1547 2356 1630 2388 dici-

72 2413 128 2440 tur
153 2417 183 2441 2.
210 2420 242 2454 q.
273 2420 301 2454 3.
337 2409 386 2452 (in
413 2409 551 2456 append.
587 2409 685 2444 Grat.
710 2415 784 2455 post
807 2416 877 2456 cap.
911 2409 962 2454 8.)
999 2422 1017 2440 (ε
1040 2409 1252 2443 calumniari
1283 2417 1335 2443 est
1355 2409 1443 2442 falsa
1478 2408 1629 2442 crimina

73 2459 255 2495 intendere
274 2475 313 2496 »ε
336 2462 397 2496 sed
420 2463 636 2508 quandoque
652 2462 779 2509 aliquis
794 2463 896 2498 alteri
923 2462 1053 2496 falsum
1073 2463 1210 2497 crimen
1233 2463 1354 2508 objicit
1369 2474 1410 2496 ex
1428 2463 1631 2507 ignorantia

73 2511 167 2555 facti,
189 2526 280 2559 quae
302 2524 464 2557 excusam
487 2527 573 2562 ergo
596 2516 735 2550 videtur
757 2517 852 2562 quod
879 2528 953 2550 non
982 2528 1123 2563 semper
1149 2517 1316 2550 reddatur
1337 2516 1466 2560 injusta
1489 2526 1632 2548 accusa-

73 2565 135 2608 tio,
157 2567 186 2600 si
206 2568 249 2601 sit
268 2568 504 2603 calumniosa.

144 2629 174 2653 2.
197 2620 431 2656 PRAETEREA„
455 2623 591 2656 Ibidem
609 2623 746 2664 dicitur,
764 2623 859 2668 quod
879 2636 895 2654 κ
908 2623 1146 2669 praevaricari
1161 2630 1213 2656 est
1223 2633 1306 2655 vera
1319 2621 1467 2654 crimina
1484 2621 1632 2654 abscon-

75 2671 157 2705 dere
175 2686 214 2707 »ε
237 2675 297 2708 sed
323 2675 394 2708 hoc
421 2687 494 2709 non
512 2676 651 2709 videtur
673 2687 749 2710 esse
768 2676 1045 2722 illicitum3quia
1061 2677 1174 2709 homo
1193 2687 1267 2708 non
1286 2683 1424 2708 tenetur
1443 2674 1485 2707 ad
1509 2674 1632 2707 onmia

77 2725 226 2759 crimina
252 2727 464 2772 detegenda,
487 2737 524 2762 ut
546 2740 650 2773 supra
667 2729 803 2762 dictum
825 2738 877 2763 est
900 2730 981 2774 (tzrt.
1004 2742 1032 2764 Ι.
1060 2730 1128 2773 lmj.
1152 2741 1180 2774 q.
1204 2734 1232 2762 et
1250 2740 1279 2773 q.
1296 2740 1339 2773 33.
1367 2732 1432 2761 art.
1455 2727 1527 2772 7.);
1545 2738 1631 2773 ergo

74 2777 224 2820 videtur,
247 2781 342 2824 quod
365 2782 546 2814 accusatio
569 2793 642 2815 non
665 2782 832 2816 reddatur
853 2783 983 2827 injusta
1010 2794 1052 2816 ex
1075 2781 1393 2827 praevaricatione.

150 2842 178 2876 3.
199 2832 434 2867 PRAETEREA.
458 2834 558 2867 Sicut
583 2835 717 2868 ibidem
743 2835 890 2869 dicitur:
924 2848 941 2866 ‹<
958 2835 1202 2879 Tergiversari
1227 2841 1278 2866 est
1304 2833 1339 2865 in
1361 2833 1566 2867 universum
1590 2834 1631 2867 ab

79 2885 306 2918 accusatione
337 2886 505 2920 desistere
520 2898 556 2920 »ς
580 2887 641 2920 sed
667 2887 738 2921 hoc
767 2887 898 2932 absque
927 2887 1098 2932 injustitia
1120 2886 1194 2920 fieri
1215 2894 1354 2932 potest:
1387 2886 1514 2920 dicitur
1537 2887 1633 2920 enim
