1859 3122
505 180 726 215 QUAESTIO
762 179 919 210 CLXXX.
954 179 1198 209 ARTICULUS
1234 178 1293 207 111.
1561 167 1666 220 1163

187 263 260 298 SED
283 273 436 297 CONTRA
460 270 523 304 est,
545 263 640 308 quod
663 262 735 296 vita
756 262 814 296 hic
838 262 965 295 dicitur
995 261 1168 307 operatio,
1201 261 1258 294 cui
1288 260 1402 294 homo
1430 259 1673 306 principaliter

113 316 280 358 intendit;
304 328 389 362 ergo
412 316 439 350 si
462 316 580 362 plures
602 324 683 350 sunt
704 315 932 362 operationes
954 315 1048 349 vitae
1075 313 1390 360 contemplativae,
1408 324 1482 347 non
1509 313 1575 347 erit
1602 323 1671 346 una

112 372 183 404 vita
206 370 501 416 contemplativa,
523 370 583 404 sed
606 369 737 416 plures.

184 423 412 458 stpoxono
440 423 645 464 dicendum,
676 423 772 469 quod
795 423 837 458 de
867 422 939 456 vita
967 421 1247 468 contemplativa
1275 431 1370 454 nunc
1402 420 1596 466 loquimur,
1622 430 1672 453 se·

113 477 271 510 cundum
287 477 382 522 quod
402 477 444 510 ad
459 477 647 510 hominem
663 477 828 523 pertinet:
845 477 933 510 haec
949 484 1070 510 autem
1086 474 1285 509 differentia
1300 482 1353 508 est
1365 474 1456 508 inter
1471 473 1671 514 hominem,

113 538 147 564 et
168 530 350 576 angelum,
373 538 410 564 ut
431 537 528 575 patet
549 542 611 576 per
632 531 784 576 Dionys.
808 541 838 576 7.
868 541 944 575 cap.
973 530 1016 564 de
1046 529 1127 563 Div.
1156 529 1265 562 Nom.
1287 528 1375 571 (ante
1401 526 1482 562 med.
1510 527 1581 561 lect.
1608 526 1671 571 2.),

114 585 207 629 quod
224 583 373 629 angelus
387 583 542 630 simplici
557 584 841 630 apprehensione
857 584 1044 618 veritatem
1060 583 1233 616 intuetur:
1247 581 1361 615 homo
1378 588 1497 614 autem
1513 579 1671 626 quodam

113 648 282 682 processu
305 648 346 671 ex
368 636 490 670 multis
512 637 681 683 pertingit
703 638 745 671 ad
767 637 934 671 intuitum
957 636 1130 682 simplicis
1149 635 1326 677 veritati33
1345 634 1395 669 sic
1412 645 1498 679 ergo
1514 641 1673 667 contem-

112 689 243 736 plativa
270 690 340 724 vita
368 702 481 724 unum
508 691 652 736 quidem
681 699 801 724 actum
827 691 946 732 habet,
972 690 1007 723 in
1035 701 1106 735 quo
1134 688 1287 723 finaliter
1314 687 1506 734 perficitur,
1534 686 1673 721 scilicet

114 743 460 789 contemplationem
482 744 650 786 veritatis,
674 756 692 778 a
715 755 786 790 quo
808 744 916 778 habet
938 743 1129 777 unitatem:
1144 742 1253 776 habet
1271 750 1391 775 autem
1411 740 1544 775 multos
1561 747 1672 781 actus,

112 797 238 842 quibus
259 797 422 842 pervenit
443 798 486 830 ad
508 798 604 831 hunc
628 806 747 831 actum
771 797 933 832 finalem:
957 808 1111 843 quorum
1134 795 1280 842 quidam
1303 796 1480 840 pertinent
1503 793 1546 827 ad
1574 804 1672 827 acce-

111 851 273 896 ptionem
295 851 566 897 principiorum,
590 864 630 886 ex
653 851 779 897 quibus
802 851 963 897 procedit
986 851 1029 884 ad
1052 848 1401 895 contemplationem
1417 847 1595 881 veritatis:
1612 846 1672 880 alii

111 912 231 938 autem
246 905 424 950 pertinent
439 905 482 938 ad
497 905 754 939 deductionem
766 905 1024 950 principiorum
1040 904 1075 937 in
1090 903 1278 937 veritatem
1294 903 1380 947 ejus,
1397 901 1496 946 cujus
1513 900 1672 946 cognitio

110 957 315 1004 inquiritur:
339 957 486 992 ultimus
509 966 630 992 autem
651 958 890 1003 completivus
913 965 1012 991 actus
1032 965 1084 991 est
1109 956 1186 1002 ipsa
1213 954 1474 1001 contemplatio
1501 953 1671 988 veritatis.

180 1011 240 1045 AD
270 1021 419 1046 PRIMUM
441 1022 528 1057 ergo
551 1011 755 1052 dicendum,
774 1011 870 1056 quod
893 1010 1065 1056 cogitatio
1088 1010 1287 1044 secundum
1314 1008 1418 1042 Rich.
1447 1009 1490 1042 de
1518 1007 1554 1041 S.
1577 1006 1671 1040 Vict.

109 1064 187 1109 (loc.
210 1066 263 1098 cit.
285 1066 319 1098 in
343 1067 502 1110 argum),
524 1064 663 1098 videtur
684 1064 860 1110 pertinere
885 1063 927 1097 ad
950 1063 1148 1097 multorum
1171 1062 1448 1109 inspectionem,
1475 1072 1517 1095 ex
1543 1060 1671 1106 quibus

110 1117 237 1164 aliquis
260 1118 430 1164 colligere
457 1117 609 1151 intendit
634 1129 745 1150 unam
772 1116 976 1162 simplicem
1002 1117 1209 1158 veritatem3
1237 1115 1332 1149 unde
1359 1115 1422 1149 sub
1450 1114 1671 1160 cogitatione

109 1171 371 1217 comprehendi
400 1178 552 1216 possunt
582 1178 616 1204 et
645 1171 894 1217 perceptiones
921 1181 1094 1204 sensuum
1125 1170 1168 1203 ad
1201 1168 1500 1214 cognoscendum
1530 1167 1671 1213 aliquos

109 1223 268 1266 effectus,
291 1232 324 1258 et
344 1223 635 1269 imaginationes,
659 1232 693 1258 et
714 1224 896 1258 discursus
913 1223 1062 1257 rationis
1085 1223 1180 1257 circa
1202 1223 1341 1256 diversa
1364 1221 1478 1267 signa,
1493 1219 1552 1254 vel
1568 1231 1673 1266 quae-

108 1288 263 1322 cumque
293 1277 526 1323 perducentia
552 1277 589 1310 in
616 1277 866 1322 cognitionem
891 1277 1050 1311 veritatis
1075 1276 1251 1310 intentae:
1279 1274 1443 1322 quamvis
1470 1273 1669 1316 secundum

106 1330 260 1376 August.
288 1339 338 1372 14.
358 1330 402 1364 de
426 1329 555 1364 Trinit.
574 1331 664 1376 (cap.
688 1331 750 1376 7.),
773 1330 933 1376 cognitio
953 1330 1022 1364 dici
1043 1330 1157 1375 possit
1184 1329 1302 1364 omnis
1330 1327 1479 1362 actualis
1508 1326 1670 1374 operatio

106 1383 328 1418 intellectus:
352 1384 538 1418 meditatio
560 1396 647 1418 vero
669 1384 846 1430 pertinere
864 1384 1004 1418 videtur
1031 1384 1073 1417 ad
1099 1394 1310 1429 processum
1336 1381 1484 1416 rationis
1512 1392 1555 1416 ex
1580 1380 1672 1427 prin-

107 1436 207 1482 cipiis
230 1436 406 1482 aliquibus
428 1437 711 1483 pertingentibus
739 1438 781 1471 ad
807 1437 965 1471 veritatis
992 1436 1143 1483 alicujus
1171 1435 1538 1482 contemplationem:
1566 1442 1601 1468 et
1626 1434 1670 1468 ad

106 1490 204 1524 idem
225 1492 380 1536 pertinet
398 1491 639 1524 consideratio
663 1491 862 1525 secundum
886 1490 1111 1524 Bernardum
1135 1490 1213 1534 (loc.
1236 1491 1288 1524 cit.
1312 1490 1345 1523 in
1363 1500 1434 1535 arg.
1457 1500 1485 1535 3.
1507 1492 1535 1522 et
1556 1488 1611 1522 lib.
1638 1499 1671 1522 2.

106 1549 177 1590 cap.
199 1543 249 1588 2.)
261 1557 271 1578 .·
294 1544 469 1589 quamvis,
492 1545 692 1578 secundum
708 1543 844 1578 Philos.
860 1546 895 1578 in
921 1555 949 1590 3.
972 1543 1015 1577 de
1037 1544 1120 1586 An.,
1139 1543 1259 1577 omnis
1274 1542 1437 1588 operatio
1464 1541 1668 1576 intellectus

106 1597 348 1631 consideratio
367 1597 523 1632 dicatur:
546 1598 608 1632 sed
627 1597 887 1644 contemplatio
911 1597 1065 1643 pertinet
1083 1598 1127 1631 ad
1145 1597 1263 1642 ipsum
1282 1596 1484 1642 simplicem
1499 1595 1669 1629 intuitum

105 1652 283 1694 veritatis;
306 1652 400 1686 unde
421 1652 518 1686 idern
536 1651 737 1686 Richardus
759 1652 845 1686 dicit
868 1652 940 1695 (lib.
959 1664 986 1686 ι.
1002 1651 1038 1685 de
1055 1651 1237 1697 Contempl.
1257 1656 1327 1696 cap.
1342 1649 1407 1694 4.),
1424 1648 1521 1695 quod
1551 1661 1569 1680 «
1585 1660 1665 1683 con-

105 1704 294 1750 templatio
317 1714 370 1739 est
391 1706 590 1752 perspicax,
609 1713 643 1739 et
664 1704 752 1739 liber
774 1705 954 1739 contuitus
979 1705 1088 1738 animi
1108 1704 1145 1738 in
1166 1715 1222 1738 res
1243 1703 1527 1750 perspiciendas:
1555 1702 1669 1736 medi-

105 1758 193 1792 tatio
216 1767 337 1792 autem
360 1767 412 1793 est
432 1759 580 1793 intuitus
603 1759 714 1792 animi
742 1758 780 1793 in
806 1758 964 1793 veritatis
993 1758 1225 1804 inquisitione
1253 1764 1466 1803 occupatus:
1495 1755 1667 1801 cogitatio

105 1820 227 1846 autern
249 1820 302 1846 est
323 1812 434 1846 animi
451 1819 632 1858 respectus
655 1812 699 1846 ad
721 1812 975 1857 evagationem
997 1823 1131 1857 pronus
1158 1825 1189 1844 ».

175 1866 235 1899 AD
252 1876 458 1900 SECUNDUM
481 1866 688 1907 dicendum,
708 1867 803 1911 quod
818 1865 1004 1911 speculatio,
1026 1873 1064 1899 ut
1087 1863 1207 1899 Gloss.
1230 1864 1385 1909 August.
1409 1862 1532 1907 (ordin.
1551 1862 1606 1896 lib.
1622 1873 1665 1908 15.

104 1918 140 1952 de
168 1919 289 1953 Trinit.
313 1925 385 1966 cap.
403 1920 450 1964 8.)
477 1919 562 1953 dicit
582 1919 729 1961 ibidem,
748 1919 870 1953 dicitur
891 1930 911 1952 α
935 1919 1076 1965 speculo,
1094 1930 1159 1952 non
1185 1930 1205 1952 α
1222 1917 1352 1964 specula
1368 1930 1377 1951 :
1396 1917 1518 1950 videre
1545 1924 1666 1950 autem

105 1971 239 2018 aliquid
261 1983 323 2018 per
344 1971 544 2018 speculum,
564 1980 617 2006 est
634 1972 755 2006 videre
775 1983 922 2006 causam
937 1983 1000 2018 per
1019 1971 1199 2013 effectum,
1221 1971 1258 2004 in
1280 1981 1351 2016 quo
1371 1971 1446 2016 ejus
1468 1969 1665 2004 similitudo

103 2025 257 2068 relucet;
281 2026 374 2059 unde
397 2025 594 2072 speculatio
615 2026 658 2059 ad
681 2026 954 2059 meditationem
977 2025 1099 2059 reduci
1116 2024 1266 2059 videtur.

176 2080 236 2114 AD
264 2090 434 2114 TERTIUM
457 2080 661 2121 dicendum,
689 2080 785 2125 quod
813 2079 1003 2113 admiratio
1031 2087 1084 2113 est
1110 2078 1248 2124 species
1273 2078 1413 2112 timoris
1440 2087 1665 2122 consequens

105 2133 432 2178 apprehensionem
454 2133 602 2178 alicujus
622 2133 673 2167 rei
695 2134 897 2167 excedentis
919 2140 1082 2166 nostram
1102 2131 1330 2174 facultatem,
1358 2131 1451 2165 unde
1474 2130 1664 2164 admiratio

105 2194 158 2220 est
179 2194 280 2220 actus
302 2197 528 2232 consequens
557 2186 904 2232 contemplationem
933 2185 1095 2220 sublimis
1121 2185 1298 2219 veritatis:
1327 2185 1463 2218 dictum
1490 2191 1543 2218 est
1569 2183 1665 2218 enim

105 2240 184 2284 (art.
207 2252 234 2274 Ι.
258 2240 325 2284 huj.
349 2240 410 2285 q),
433 2240 530 2286 quod
554 2239 814 2286 contemplatio
836 2240 872 2273 in
896 2238 1025 2273 affectu
1048 2239 1271 2273 terminatur.

177 2293 236 2326 AD
260 2303 448 2331 QUARTUM
471 2293 676 2334 dicendum,
703 2293 799 2339 quod
825 2293 940 2327 homo
968 2293 1011 2326 ad
1039 2292 1286 2338 cognitionem
1311 2291 1469 2326 veritatis
1495 2289 1665 2336 pertingit

103 2345 298 2392 dupliciter:
317 2358 381 2380 uno
404 2346 497 2380 modo
520 2357 583 2392 per
606 2357 647 2379 ea
669 2357 759 2391 quae
783 2347 824 2380 ab
853 2346 923 2380 alio
951 2346 1099 2392 accipit:
1123 2354 1157 2379 et
1178 2345 1228 2379 sic
1256 2346 1401 2391 quidem
1423 2352 1597 2390 quantum
1619 2343 1663 2377 ad

104 2410 145 2433 ea
165 2410 256 2445 quae
273 2399 388 2433 homo
405 2411 423 2432 a
439 2400 520 2433 Deo
535 2400 677 2445 accipit,
691 2400 893 2433 necessaria
910 2407 962 2433 est
981 2399 1110 2441 oratio,
1129 2399 1327 2433 secundum
1341 2398 1428 2432 illud
1445 2397 1603 2444 Sapient.
1620 2407 1662 2442 7.:

103 2453 278 2494 Invocavi,
301 2458 329 2487 et
357 2454 449 2487 venit
469 2454 504 2486 in
526 2465 574 2487 mg
594 2454 730 2499 spiritus
748 2455 948 2500 sapientiae:
972 2461 1146 2498 quantum
1171 2464 1259 2487 vero
1283 2453 1326 2486 ad
1353 2464 1395 2486 ea
1417 2463 1507 2498 quae
1535 2450 1665 2496 accipit

104 2505 145 2538 ab
168 2506 329 2547 homine,
351 2506 574 2540 necessarius
594 2514 646 2540 est
660 2507 810 2548 auditus,
826 2506 1026 2540 secundum
1042 2506 1138 2552 quod
1158 2506 1287 2552 accipit
1303 2518 1345 2540 ex
1366 2517 1456 2539 voce
1470 2504 1662 2550 loquentis;

103 2567 137 2592 et
158 2558 278 2600 lectio,
301 2560 501 2592 secundum
523 2560 620 2604 quod
641 2560 771 2605 accipit
797 2571 838 2594 ex
865 2571 920 2601 eo,
943 2559 1039 2605 quod
1066 2570 1129 2605 per
1154 2559 1368 2605 scripturam
1395 2567 1448 2593 est
1472 2558 1660 2592 traditum:

102 2613 167 2647 alio
186 2613 281 2646 modo
302 2613 548 2647 necessarium
570 2621 622 2647 est
643 2614 739 2659 quod
762 2614 928 2648 adhibeat
944 2613 1131 2659 proprium
1145 2613 1323 2656 studium3
1346 2621 1380 2647 et
1397 2613 1448 2647 sic
1471 2611 1662 2657 requiritur

103 2666 301 2700 meditatio.
