1905 3137
544 148 764 184 QUAESTIO
798 149 838 178 V.
872 148 1117 178 ARTICULUS
1152 148 1178 177 Ι.
1569 139 1621 191 69

61 238 253 275 ponuntur,
276 229 455 275 quaedam
477 237 559 263 sunt
580 229 713 263 credita
741 229 782 262 ab
806 240 890 270 unO,
919 240 1009 274 quae
1036 237 1117 263 sunt
1144 228 1331 262 manifeste
1358 228 1446 262 scita
1474 229 1515 262 ab
1539 229 1623 271 alio,

61 282 169 316 etiam
189 283 223 315 in
247 290 339 316 statu
362 283 552 328 praesenti,
575 290 612 316 ut
633 293 739 328 supra
767 282 903 315 dictum
918 290 970 315 est
987 287 1031 327 (q.
1052 295 1077 316 r.
1093 288 1157 316 art.
1176 293 1204 327 5.
1227 287 1257 316 et
1275 294 1304 328 q.
1320 293 1350 316 2.
1366 287 1431 316 art.
1446 294 1478 326 4.
1495 282 1536 316 ιιιί
1551 284 1621 328 2.),·

60 343 93 369 et
115 335 315 369 secundum
344 336 412 369 hoc
437 336 545 370 etiam
571 343 689 381 potest
711 335 791 376 dici,
820 335 917 380 quod
944 335 1094 380 angelus
1123 343 1204 369 ante
1232 335 1561 377 confirmationem,
1589 343 1623 370 et

58 388 173 422 homo
197 397 277 422 ante
300 397 490 434 peccatum
512 389 689 434 quaedam
708 388 751 422 de
771 389 899 422 divinis
920 388 1097 433 mysteriis
1117 388 1307 423 manifesta
1330 389 1539 434 cognitione
1567 399 1625 423 co-

58 449 274 487 gnoverunt,
298 453 388 487 quae
411 453 505 475 nunc
528 453 601 475 non
625 453 817 487 possumus
841 452 1063 487 cognoscere
1085 441 1153 475 nisi
1176 441 1367 475 credendo.

130 495 190 529 An
213 506 361 529 Plinium
384 506 470 541 ergo
494 495 699 536 dicendum,
726 494 822 540 quod
851 495 1015 540 quamvis
1038 494 1132 528 dicta
1155 495 1248 540 Hug.
1272 495 1314 528 de
1339 495 1374 529 S.
1396 495 1490 529 Vict.
1514 495 1625 541 magi-

58 548 178 582 stralia
201 548 282 590 sint,
306 557 339 582 et
360 549 469 582 robur
496 548 717 582 auctoritatis
744 548 919 589 habeant3
941 556 1064 581 tamen
1090 555 1209 594 potest
1236 548 1317 590 dici,
1340 549 1437 594 quod
1465 556 1624 582 contem-

58 600 182 646 platio,
205 612 296 647 quae
318 601 413 635 tollit
439 601 617 635 rationem
646 600 706 645 [al.
733 601 965 645 necessitatem]
996 600 1090 642 fidei,
1113 609 1166 634 est
1192 601 1453 647 contemplatio
1476 601 1623 647 patriae,

59 666 127 700 qua
150 654 430 700 supernaturalis
452 655 582 688 veritas
605 666 667 700 per
694 654 887 688 essentiam
905 654 1064 688 videtur:
1086 654 1180 687 hanc
1204 662 1325 687 autern
1349 654 1626 699 contemplatio-

57 719 140 742 nem
156 719 229 742 non
245 708 370 741 habuit
392 708 541 753 angelus
565 716 645 741 ante
669 707 997 749 confirmationem,
1020 718 1086 741 nec
1106 707 1221 741 homo
1237 715 1318 740 ante
1337 715 1544 752 peccatum:
1561 707 1623 741 sed

5 780 7 782 -
59 772 185 795 eorum
208 761 468 806 contemplatio
492 769 566 794 erat
589 761 705 802 altior,
728 772 836 806 quam
852 768 986 804 nostra,
1010 772 1073 805 per
1092 771 1201 806 quam
1220 760 1336 806 magis
1354 760 1396 794 de
1419 761 1622 806 propinquo

58 815 270 848 accedentes
286 814 328 847 ad
344 814 475 855 Deum,
491 814 592 859 plura
607 813 796 847 manifeste
816 825 1038 859 cognoscere
1050 821 1215 859 poterant
1230 814 1272 847 de
1287 813 1416 847 divinis
1428 813 1623 855 effectibus,

58 876 91 903 et
113 868 303 914 mysteriis,
325 879 434 914 quam
455 879 521 902 nos
543 879 755 914 possumus,
790 867 882 900 unde
909 878 983 901 non
1009 867 1125 900 inerat
1151 867 1200 901 eis
1227 866 1327 908 fides,
1354 878 1423 912 qua
1450 866 1498 900 ita
1520 878 1625 912 quae-

57 930 192 956 reretur
217 922 318 955 Deus
341 921 479 962 absens,
501 921 593 954 sicut
615 932 634 954 a
656 921 759 954 nobis
783 920 981 966 quaeritur3
1005 930 1080 954 erat
1106 920 1204 954 enim
1231 920 1281 954 eis
1308 920 1424 965 magis
1452 931 1622 965 praesens

59 987 122 1021 per
143 974 267 1008 lumen
289 974 497 1020 sapientiae,
521 985 629 1020 quam
657 973 701 1008 sit
721 974 845 1015 nobis;
867 973 950 1007 licet
972 985 1038 1007 nec
1063 973 1112 1007 eis
1140 981 1233 1007 esset
1254 973 1303 1007 ita
1329 984 1509 1019 praesens,
1533 973 1625 1006 sicut

59 1036 112 1062 est
132 1028 244 1062 beatis
268 1039 329 1072 per
350 1027 474 1061 lumen
497 1027 645 1073 gloriae.

129 1081 189 1115 AD
213 1091 420 1115 SECUNDUM
440 1080 645 1122 dicendum,
668 1080 765 1126 quod
786 1080 822 1114 in
845 1088 937 1114 statu
959 1081 1097 1126 primae
1125 1080 1343 1114 conditionis
1370 1080 1542 1121 hominis,
1564 1079 1621 1113 vel

62 1134 179 1180 angeli
202 1145 275 1167 non
298 1142 373 1167 erat
394 1134 592 1167 obscuritas
620 1133 759 1179 culpae,
781 1133 839 1167 vel
865 1144 1022 1179 poenae:
1049 1133 1165 1167 inerat
1189 1141 1312 1167 tamen
1338 1132 1537 1167 intellectui
1562 1133 1626 1166 ho-

61 1188 179 1229 minis,
202 1196 236 1221 et
257 1186 378 1232 angeli
400 1187 577 1232 quaedam
606 1187 804 1220 obscuritas
825 1186 1010 1227 naturalis,
1037 1186 1237 1220 secundum
1265 1186 1361 1232 quod
1389 1187 1508 1220 omnis
1531 1197 1624 1219 crea-

60 1249 138 1275 tura
159 1240 306 1274 tenebra
322 1248 374 1274 est
397 1247 606 1285 comparata
621 1240 863 1274 immensitate
879 1240 989 1273 divini
1002 1239 1168 1273 luminis:
1189 1247 1221 1273 et
1243 1239 1324 1273 talis
1343 1239 1542 1273 obscuritas
1558 1238 1625 1272 suf-

59 1294 133 1328 ficit
155 1294 197 1327 ad
220 1293 303 1327 fidei
324 1293 512 1327 rationem.

132 1347 191 1381 AD
212 1357 382 1381 TERTIUM
397 1346 603 1387 dicendum,
625 1346 722 1392 quod
744 1346 779 1379 in
802 1353 894 1379 statu
909 1346 1046 1391 primae
1071 1346 1289 1380 conditionis
1304 1357 1377 1380 non
1393 1354 1469 1380 erat
1484 1345 1625 1380 auditus

62 1400 103 1434 ab
119 1400 269 1434 homine
286 1399 438 1434 exterius
453 1399 636 1445 loquente,
651 1399 712 1433 sed
729 1411 748 1432 a
762 1399 843 1432 Deo
866 1399 1014 1433 interius
1029 1399 1242 1445 inspirante:
1265 1400 1357 1433 sicut
1373 1407 1407 1433 et
1420 1399 1624 1445 Prophetae

61 1453 262 1495 audiebant,
289 1452 489 1487 secundum
510 1452 598 1486 illud
625 1451 719 1486 Psal.
748 1452 821 1494 84.:
850 1452 1013 1495 Audiam,
1041 1452 1119 1497 quid
1145 1453 1300 1498 loquatur
1322 1454 1354 1487 1'72
1376 1465 1426 1487 ma
1453 1453 1623 1486 Dominus

62 1507 162 1540 Deus.

616 1644 962 1689 ARTICULUS
993 1645 1049 1687 H.
1584 1667 1623 1703 32

440 1752 593 1781 UTRUM
620 1752 665 1781 IN
692 1752 974 1782 DAEM'ONIBUS
1004 1752 1071 1781 SIT
1104 1752 1241 1781 FIDES.

313 1841 353 1884 (3.
375 1840 464 1874 Dist.
488 1840 542 1885 76.
566 1844 629 1873 art.
653 1850 682 1885 7.
705 1845 793 1885 corp.
816 1844 844 1873 et
871 1840 958 1873 Veri.
981 1851 1010 1885 q.
1032 1850 1084 1883 14.
1107 1845 1171 1874 art.
1195 1851 1226 1885 9.
1250 1840 1291 1873 ιιιί
1311 1841 1374 1884 4.).

133 1928 193 1962 ΑΙ)
216 1938 422 1962 SECUNDUM
443 1927 493 1962 sic
509 1927 724 1974 proceditur.
740 1927 904 1969 Videtur,
927 1928 1023 1973 quod
1045 1928 1082 1961 in
1101 1927 1339 1962 daemonibus
1361 1939 1435 1961 non
1458 1929 1501 1962 sit
1518 1928 1623 1963 fides:

61 1981 147 2016 dicit
169 1982 265 2015 enim
287 1981 440 2027 August.
463 1981 498 2014 in
521 1981 580 2015 lib.
603 1982 645 2015 de
667 1981 848 2015 Praedest.
872 1981 992 2015 Sanct.
1022 1982 1109 2028 (cap.
1129 1983 1186 2027 5.),
1214 1982 1310 2027 quod
1324 1982 1406 2028 fides
1427 1984 1569 2017 consistit
1591 1985 1625 2017 ῐιι

63 2034 259 2070 credentium
286 2035 476 2068 voluntate:
499 2035 590 2068 haec
619 2043 739 2069 autem
765 2034 932 2069 voluntas
960 2035 1054 2071 bona
1082 2043 1144 2076 est,
1174 2047 1243 2081 qua
1270 2036 1348 2081 quis
1374 2035 1451 2069 vult
1478 2036 1623 2070 credere

60 2088 158 2130 Deo;
182 2099 264 2122 cum
283 2099 369 2133 ergo
388 2088 424 2121 in
440 2088 676 2122 daemonibus
691 2098 765 2121 non
780 2088 824 2121 sit
840 2087 957 2133 aliqua
971 2088 1138 2122 voluntas
1154 2088 1348 2122 deliberata
1362 2089 1469 2131 bona,
1486 2097 1524 2123 ut
1542 2090 1577 2123 in
1596 2101 1624 2124 1.

62 2141 198 2175 dictum
226 2149 278 2174 est
299 2142 342 2186 (q.
367 2140 422 2185 64.
446 2145 509 2174 art.
528 2153 559 2176 2.
582 2141 696 2186 adj),
719 2141 869 2182 videtur,
898 2141 993 2187 quod
1021 2142 1056 2174 in
1084 2141 1320 2176 daemonibus
1347 2154 1421 2176 non
1449 2142 1493 2176 sit
1522 2142 1622 2176 fides.

133 2204 164 2228 2.
183 2194 419 2228 PRAETEREA.
442 2193 545 2228 Fides
568 2202 621 2228 est
643 2194 826 2240 quoddam
841 2194 978 2228 donum
993 2194 1134 2228 divinae
1149 2195 1297 2240 gratiae,
1313 2195 1514 2229 secundum
1536 2195 1624 2229 illud

64 2247 196 2293 Ephes.
226 2257 275 2280 2.:
305 2247 427 2282 Gratia
453 2248 521 2281 estis
540 2248 663 2282 salvati
678 2254 742 2294 per
758 2247 882 2293 fidem:
905 2247 1026 2282 donum
1049 2249 1135 2282 enim
1161 2249 1228 2282 Da·
1248 2253 1311 2282 est:
1334 2249 1396 2282 sed
1424 2248 1625 2282 daemones

62 2300 156 2334 dona
175 2300 329 2346 gratuita
356 2301 553 2336 amiserunt
578 2311 641 2346 per
667 2308 869 2346 peccatum,
897 2309 934 2334 ut
961 2301 1090 2335 dicitur
1116 2301 1151 2334 in
1180 2301 1281 2335 Glos.
1312 2301 1435 2345 (ordin.
1463 2301 1625 2346 Hieron.)

61 2364 166 2399 super
186 2353 274 2387 illud
291 2353 412 2388 Oseae
438 2365 482 2399 3.:
504 2353 572 2399 Ipsi
594 2355 771 2400 respiciunt
789 2353 830 2387 ιιιῖ
851 2353 922 2388 deos
940 2354 1073 2395 alienos,
1090 2359 1118 2388 et
1132 2354 1275 2400 diligunt
1295 2356 1433 2389 vinacia
1453 2366 1623 2395 uvantum

62 2417 147 2452 ergo
170 2406 256 2440 fides
279 2406 315 2440 in
338 2407 574 2440 daemonibus
595 2414 677 2452 post
697 2414 888 2452 peccatum
910 2418 984 2440 non
1007 2407 1187 2442 remansit.

135 2471 164 2504 3.
186 2459 422 2493 PRAETEREA.
438 2459 632 2494 Infidelitas
654 2459 795 2493 videtur
816 2470 893 2493 esse
916 2460 1060 2505 gravius
1082 2468 1273 2505 peccatum
1295 2460 1387 2494 inter
1409 2467 1569 2506 peccata,
1588 2468 1626 2494 ut

62 2519 159 2557 patet
180 2523 242 2556 per
264 2512 417 2558 August.
439 2513 553 2556 (tract.
576 2513 631 2558 89.
655 2514 688 2546 in
705 2513 835 2557 scam),
859 2524 964 2558 super
985 2512 1073 2546 illud
1090 2513 1193 2557 Joan.
1221 2523 1290 2558 15.:
1313 2514 1348 2547 Si
1370 2525 1434 2546 mm
1455 2514 1623 2555 venissem,

62 2570 90 2600 et
112 2565 236 2599 locutus
253 2566 282 2599 ei
302 2566 527 2611 nonfmsssem,
543 2571 715 2611 peccatum
733 2578 797 2600 non
812 2566 986 2600 haberant:
1009 2579 1096 2600 manc
1111 2571 1218 2600 autem
1234 2567 1472 2600 excusationem
1492 2578 1557 2599 non
1572 2566 1627 2600 ha-

64 2619 137 2652 bent
158 2618 193 2652 da
209 2623 343 2664 peccato
359 2630 436 2652 suo:
460 2618 521 2653 sed
542 2619 578 2652 in
598 2619 812 2664 quibusdam
833 2618 1044 2653 hominibus
1060 2627 1113 2653 est
1126 2627 1317 2665 peccatum
1339 2618 1575 2661 infidelitatisg
1596 2619 1627 2653 si

41 2675 43 2677 '
65 2681 151 2716 ergo
174 2670 262 2704 fides
284 2679 377 2705 esset
397 2671 433 2704 in
456 2672 704 2714 daemonibus,
727 2671 932 2718 aliquorum
947 2672 1140 2705 hominum
1156 2680 1346 2718 peccatum
1367 2679 1460 2705 esset
1481 2672 1625 2717 gravius

65 2732 214 2770 peccato
237 2724 470 2766 daemonum,
493 2725 588 2770 quod
609 2725 749 2759 videtur
776 2734 854 2759 esse
875 2725 1155 2766 inconvenien33
1182 2736 1256 2758 non
1284 2735 1370 2770 ergo
1398 2724 1485 2758 fides
1512 2733 1565 2759 est
1590 2725 1625 2759 in

66 2776 315 2811 daemonibus.

138 2830 212 2865 SED
232 2837 386 2865 CONTRA
409 2838 472 2872 est,
499 2831 596 2876 quod
619 2831 747 2865 dicitur
764 2831 838 2876 Jac.
862 2841 913 2865 2.:
935 2832 1121 2867 Daemones
1143 2830 1289 2872 credunt,
1312 2835 1341 2865 et
1362 2832 1624 2866 contrfflniscunt.

211 2911 238 2938 S.
260 2912 382 2937 Tnomiz
405 2911 508 2936 Summa
535 2911 695 2944 Theologz'ca,
717 2912 782 2940 Vol.
802 2912 855 2939 ΙΙΙ.
1470 2913 1485 2938 6
