1859 3122
506 197 726 232 QUAESTIO
762 196 846 226 LIX.
880 195 1122 226 ARTICULUS
1157 195 1213 224 IV.
1545 193 1625 237 441

71 281 161 315 citur
183 281 226 315 ad
247 279 393 322 furtum,
414 279 471 314 vel
494 280 537 314 ad
561 279 787 322 adulterium,
810 278 867 314 vel
889 279 932 313 ad
953 278 1207 320 homicidium,
1221 276 1279 311 vel
1302 276 1344 310 ad
1361 275 1493 322 aliquid
1509 276 1631 321 hujus-

71 334 182 376 modi,
198 342 235 368 ut
256 345 296 367 ex
312 334 540 379 sequentibus
559 333 692 380 patebit
714 333 757 379 (q.
778 333 833 378 64.
849 338 878 367 ct
891 333 991 379 scq.);
1009 343 1095 377 ergo
1113 331 1331 379 quicumque
1346 330 1431 364 facit
1444 330 1629 376 injustum,

70 396 196 434 peccat
218 386 426 421 mortaliter.

139 440 368 475 Respoxono
391 440 596 482 dicendum,
619 440 726 486 quod,
749 441 841 474 sicut
863 452 967 486 supra
991 439 1127 473 dictum
1151 446 1203 473 est
1223 436 1269 483 (tl.
1289 442 1422 482 24.r11·t.
1447 449 1492 471 [2.
1515 442 1544 472 et
1565 448 1626 471 1-2.

70 507 99 541 q.
123 506 174 540 72.
196 499 260 528 art.
279 495 337 539 j),
362 505 444 527 cum
465 494 507 527 de
527 493 725 527 differentia
744 502 977 539 peccatorum
998 501 1173 538 ageretur,
1188 500 1378 538 peccatum
1400 490 1550 524 mortale
1566 498 1630 531 est,

69 548 165 594 quod
188 547 425 581 contrariatur
448 547 624 588 charitati,
652 558 713 592 per
735 558 843 592 quam
872 554 923 580 est
946 546 1088 580 animae
1116 546 1207 580 vita:
1236 556 1343 579 omne
1373 553 1493 578 autem
1520 555 1633 578 nocu-

70 609 233 635 mentum
261 600 360 635 alteri
385 601 524 634 illatum
552 612 595 634 ex
621 612 659 634 se
685 600 850 634 charitati
877 607 1064 646 repugnat,
1093 611 1184 645 quae
1211 607 1334 632 movet
1361 598 1404 632 ad
1432 598 1629 632 volendum

69 655 205 689 bonum
221 653 382 697 alteriusg
403 662 437 688 et
454 654 535 688 ideo
556 665 638 688 curn
655 653 826 698 injustitia
841 664 982 699 semper
998 653 1169 686 consistat
1182 652 1218 686 in
1233 659 1455 686 nocumento
1473 650 1628 693 alterius,

70 707 300 742 manifestum
323 716 386 749 est,
409 708 504 754 quod
527 707 645 741 facere
669 708 851 752 injustum,
875 718 916 740 ex
939 717 1070 752 genere
1093 717 1158 740 suo
1182 714 1234 740 est
1256 715 1445 750 peccatum
1461 704 1625 739 mortale.

140 762 199 796 AD
221 772 370 796 PRIMUM
385 772 471 807 ergo
492 760 696 802 dicendum,
719 760 816 806 quod
838 759 926 793 illud
948 759 1097 793 verbum
1121 759 1338 805 Philosophi
1359 758 1568 804 intelligitur
1584 758 1627 792 de

69 815 273 861 ignorantia
287 816 386 861 facti,
410 826 518 861 quam
541 816 615 860 ipse
637 821 745 848 vocat
767 814 993 859 ignorantium
1005 813 1268 859 particularium
1287 813 1627 854 circumstantiam(m,

69 880 160 914 quae
182 877 340 902 meretur
361 869 525 909 veniam3
543 879 618 901 non
641 875 761 901 autem
785 867 826 900 de
849 867 1052 912 ignorantia
1070 867 1170 912 juris,
1193 876 1284 912 quae
1307 877 1381 899 non
1400 873 1556 906 excusat,
1570 864 1630 910 qui

70 931 188 956 autem
212 923 384 968 ignorans
404 921 490 955 facit
510 922 694 967 injustum,
710 932 783 955 non
805 920 890 955 facit
908 921 1080 966 injustum
1099 920 1168 954 nisi
1189 931 1251 965 per
1273 919 1452 961 accidens,
1471 927 1509 953 ut
1523 930 1629 965 supra

70 976 206 1010 dictum
229 983 281 1010 est
302 978 381 1019 (art.
403 987 434 1010 2.
456 975 525 1021 huj.
553 974 613 1020 φ).

140 1029 199 1063 An
222 1039 427 1063 SECUNDUM
450 1028 654 1070 dicendum,
676 1027 772 1073 quod
795 1026 855 1061 ille
877 1027 937 1073 qui
958 1027 993 1060 in
1016 1027 1134 1073 parvis
1154 1025 1240 1060 facit
1261 1026 1484 1071 injustitiam,
1507 1025 1627 1060 deficit

70 1094 89 1116 a
111 1081 266 1128 perfecta
287 1082 427 1116 ratione
449 1083 524 1127 ejus
547 1082 642 1128 quod
665 1090 718 1115 est
739 1081 912 1126 injustum
933 1080 1073 1123 facere3
1095 1081 1310 1126 inquantum
1333 1088 1451 1126 potest
1472 1081 1628 1126 reputari

68 1147 142 1170 non
165 1147 241 1170 esse
263 1136 413 1170 omnino
441 1144 566 1169 contra
592 1134 817 1168 voluntatem
845 1135 932 1179 ejus,
961 1135 1019 1180 qui
1046 1134 1117 1168 hoc
1145 1134 1295 1180 patitur:
1323 1142 1407 1180 puta
1434 1133 1461 1167 si
1490 1132 1626 1166 auferat

70 1188 196 1235 aliquis
215 1188 322 1223 alicui
344 1201 457 1222 unum
478 1200 642 1234 pomum,
664 1187 722 1222 vel
744 1187 878 1234 aliquid
899 1187 983 1230 tale,
1007 1187 1049 1221 de
1073 1199 1144 1233 quo
1167 1187 1352 1233 probabile
1376 1195 1428 1221 est
1449 1186 1545 1232 quod
1567 1186 1627 1220 ille

68 1243 150 1277 inde
172 1254 246 1276 non
267 1242 440 1284 laedatur,
461 1253 527 1276 nec
551 1242 584 1276 ei
605 1241 802 1288 displiceat.

139 1296 198 1330 AD
221 1307 392 1331 TERTIUM
420 1295 625 1337 dicendum,
653 1294 748 1340 quod
776 1302 937 1340 peccata,
965 1305 1056 1340 quae
1083 1301 1165 1328 sunt
1197 1301 1322 1327 contra
1351 1292 1439 1327 alias
1466 1293 1628 1334 virtutes,

68 1361 141 1384 non
160 1361 303 1396 semper
317 1349 444 1384 suntin
455 1356 715 1383 nocumentum
732 1347 886 1390 alterius;
898 1347 958 1381 sed
973 1347 1170 1393 important
1184 1346 1489 1381 inordinationem
1506 1357 1629 1392 quam-

70 1404 154 1438 dam
176 1403 270 1438 circa
296 1403 481 1450 passiones
501 1403 698 1445 humanas3
721 1401 815 1436 unde
837 1412 911 1435 non
934 1409 986 1435 est
1007 1401 1134 1435 similis
1156 1401 1259 1435 ratio.

601 1671 955 1721 OUAESTIO
998 1671 1104 1718 LX.

609 1723 645 1733 Ν

355 1796 417 1827 DE
443 1795 646 1836 JUDICIO,
678 1795 728 1825 IN
755 1795 841 1825 SEX
868 1794 1130 1825 ARTICULos
1164 1793 1340 1824 DIVISA.

141 1938 272 1973 Postea
294 1936 598 1972 considerandum
620 1944 673 1970 est
695 1936 737 1970 de
759 1935 906 1982 judicio.

577 2027 621 2061 Et
639 2027 728 2060 circa
751 2026 808 2060 hor
830 2029 1034 2071 quaeruntur
1054 2036 1119 2058 sex.

141 2098 276 2132 Primo.
298 2097 430 2132 Utrum
451 2097 626 2143 judicium
647 2097 692 2130 sit
713 2104 812 2130 actus
834 2096 999 2141 justitiae.

143 2151 323 2186 Secundo.
345 2151 477 2185 Utrum
499 2151 543 2184 sit
564 2149 703 2184 licitum
725 2150 895 2195 judicare.

143 2204 280 2238 Tertio.
303 2204 434 2238 Utrum
455 2215 517 2249 per
538 2203 762 2249 suspiciones
786 2203 829 2237 sit
851 2202 1096 2248 judicandum.

145 2258 297 2299 Quarto.
320 2258 451 2292 Utrum
474 2257 580 2291 dubia
602 2257 672 2291 sint
693 2257 728 2290 in
751 2256 944 2291 meliorem
965 2264 1103 2302 partem
1125 2253 1404 2300 interpretanda.

145 2312 295 2352 Quinto.
312 2311 443 2345 Utrum
457 2311 629 2356 judicium
646 2322 789 2356 semper
803 2310 848 2344 sit
862 2309 1060 2344 secundum
1075 2308 1172 2353 leges
1195 2308 1344 2354 scriptas
1362 2305 1628 2353 proferendum.

143 2365 265 2399 Sexto.
289 2365 420 2399 Utrum
441 2364 615 2410 judicium
637 2375 700 2410 per
722 2363 993 2410 usurpationem
1016 2369 1248 2408 pervertatur.

644 2503 987 2548 ARTICULUS
1022 2503 1055 2546 Ι.
1564 2520 1624 2556 334

396 2612 547 2642 UTRUM
569 2612 779 2654 JUDICIUM
807 2612 873 2641 SIT
901 2611 1042 2641 ACTUS
1062 2610 1299 2652 JUSTITIAE.

368 2700 471 2746 (Infr.
491 2711 520 2745 q.
544 2699 592 2745 63.
616 2704 678 2733 art.
701 2711 733 2743 4.
757 2706 844 2745 [ονρ.
868 2704 896 2733 et
916 2699 981 2733 Istc.
1004 2711 1030 2733 1.
1054 2698 1123 2732 lect.
1147 2697 1179 2731 6.
1196 2696 1332 2742 prinu).

144 2788 203 2822 AD
217 2799 365 2822 PRIMUM
384 2788 433 2822 sic
457 2787 671 2834 proceditur.
693 2787 855 2828 Videtur,
878 2787 973 2832 quod
993 2786 1166 2831 judicium
1188 2796 1260 2818 non
1276 2784 1319 2817 sit
1338 2790 1436 2816 actus
1455 2781 1628 2826 justitiae:

75 2841 160 2874 dicit
181 2842 278 2874 enim
298 2841 434 2874 Philos.
458 2842 492 2874 in
519 2851 546 2874 Ι.
570 2840 685 2874 Ethic.
709 2840 796 2886 (rap.
816 2842 872 2886 3.),
891 2839 986 2885 quod
1007 2838 1249 2884 unusquisque
1268 2837 1358 2870 bene
1373 2835 1517 2880 judicat,
1537 2845 1627 2880 quac

76 2894 281 2939 cognoscit:
305 2902 339 2928 et
359 2894 409 2928 sic
423 2894 596 2940 judicium
613 2894 655 2927 ad
670 2894 743 2927 vim
760 2893 1044 2938 cognoscitivam
1068 2891 1243 2937 pertinere
1263 2889 1416 2922 videtur:
1436 2888 1488 2921 vis
1507 2896 1626 2921 autem
