1859 3122
451 162 671 198 QUAESTIO
706 162 882 192 LXXVIII.
917 161 1160 192 ARTICULUS
1194 161 1237 190 11.
1552 162 1630 204 553

77 244 200 279 locant
218 255 344 291 operas
366 255 459 285 suas,
482 255 569 290 quas
592 255 714 286 manu,
736 243 793 278 vel
819 243 939 289 lingua
964 251 1147 278 exercent:
1172 243 1200 276 si
1222 253 1308 276 vero
1331 253 1461 276 munus
1484 243 1523 277 cil>
1551 244 1635 277 obsc-

77 299 166 344 quio,
189 298 246 332 vel
267 310 287 332 α
309 299 423 343 lingua
448 309 521 331 non
544 298 645 343 quasi
667 310 707 331 ex
730 298 951 343 obligatione
974 298 1023 331 rei
1045 299 1103 342 (ει)
1128 297 1347 338 exhibeatur,
1375 296 1435 330 sed
1464 308 1504 330 ex
1530 296 1634 330 bene-

77 351 246 393 volentia,
269 363 359 397 quae
383 352 446 385 sub
471 352 759 385 aestimationem
783 352 956 397 pecuniae
975 362 1047 385 non
1072 351 1176 391 cadit,
1199 350 1282 384 licet
1308 350 1378 383 hoc
1403 350 1577 395 accipere,
1601 357 1635 383 et

78 405 231 449 exigere,
254 414 287 438 et
309 412 507 450 expectare.

148 459 207 492 AD
226 468 413 497 QUARTUM
436 458 640 499 dicendum,
655 458 750 503 quod
774 459 925 504 pecunia
948 469 1019 491 non
1040 466 1156 503 potest
1175 457 1281 491 vendi
1303 468 1365 502 pro
1389 457 1539 502 pecunia
1563 467 1636 489 am-

78 511 195 557 pliori,
210 522 318 557 quam
334 512 377 545 sit
391 511 568 556 quantitas
591 512 764 557 pecuniae
788 520 985 552 mutuatae,
1001 522 1091 556 quae
1107 511 1323 544 restituenda
1347 518 1414 543 est:
1430 521 1495 544 nec
1512 510 1559 543 ibi
1578 509 1636 543 ali-

78 565 161 611 quid
196 573 248 599 est
270 565 498 609 exigendum,
522 573 581 598 aut
615 565 887 610 expectandum,
919 565 986 598 nisi
1019 563 1271 598 benevolentia
1299 562 1458 604 affectus,
1486 565 1544 608 qui
1571 562 1635 597 sub

77 618 366 652 aestimationem
394 619 566 664 pecuniae
588 629 662 651 non
685 618 796 651 cadit:
822 630 864 652 ex
887 629 957 663 quo
981 626 1098 663 potest
1124 617 1319 663 procedere
1342 625 1540 662 spontanea
1562 628 1637 650 mu-

77 671 209 705 tuatio:
233 680 407 717 repugnat
429 680 550 705 autem
569 672 601 705 ei
620 671 793 716 obligatio
811 671 853 704 ad
869 680 1035 704 mutuum
1054 670 1259 704 faciendum
1279 670 1314 702 in
1333 678 1534 714 posterum:
1555 669 1637 715 quia

78 725 186 759 etiam
213 725 292 759 talis
319 725 493 770 obligatio
520 725 671 772 pecunia
699 724 881 758 aestimari
902 732 1044 769 posset;
1067 732 1101 757 et
1122 723 1203 757 ideo
1226 723 1310 756 licet
1331 723 1438 756 simul
1460 722 1639 757 mutuanti

79 789 191 812 unum
215 779 347 824 aliquid
370 787 536 812 mutuum
558 779 735 824 recipere:
758 788 832 811 non
854 786 975 812 autem
1002 777 1086 811 licet
1107 788 1190 810 eum
1218 776 1378 822 obligare
1405 777 1449 811 ad
1471 785 1637 810 mutuum

78 831 115 865 in
136 840 320 878 posterum
342 831 558 866 faciendum.

150 886 210 920 AD
233 896 412 925 QUINTUM
435 885 638 926 dicendum,
661 884 758 930 quod
779 883 839 918 ille
862 884 923 930 qui
949 891 1089 918 mutuat
1110 883 1314 929 pecuniam,
1341 882 1507 917 transfert
1528 882 1641 916 domi-

79 939 179 973 nium
202 939 374 985 pecuniae
397 939 431 972 in
454 950 549 980 eum,
569 938 626 972 cui
645 946 803 979 mutuat3
827 937 920 971 unde
938 937 1009 979 ille,
1029 937 1087 970 cui
1103 937 1256 983 pecunia
1274 944 1467 977 mutuatur,
1490 936 1552 970 sub
1573 947 1638 970 suo

78 992 240 1037 periculo
262 1001 359 1026 tenet
379 1004 479 1034 earn3
502 1000 535 1026 et
557 1000 696 1026 tenetur
724 1003 806 1025 eam
833 991 1018 1025 restituere
1040 991 1202 1036 integre;
1230 990 1323 1024 unde
1345 1001 1419 1024 non
1441 990 1546 1024 debet
1569 1001 1640 1023 arn-

78 1045 170 1091 plius
193 1046 334 1091 exigere
360 1045 420 1079 ille
447 1045 507 1091 qui
533 1045 727 1079 mutuavit:
750 1045 813 1078 sed
835 1044 894 1078 ille
923 1045 982 1090 qui
1010 1044 1205 1078 committit
1238 1044 1430 1090 pecuniam
1457 1055 1560 1077 suam
1582 1042 1640 1076 vel

80 1099 284 1141 mercatori,
305 1099 363 1133 vel
389 1098 515 1133 artifici
541 1109 606 1144 per
627 1099 779 1133 modum
801 1098 983 1132 societatis
1018 1099 1216 1143 cujusdam,
1243 1108 1317 1131 non
1343 1096 1508 1131 transfert
1530 1096 1643 1130 domi-

79 1154 181 1187 nium
202 1153 375 1198 pecuniae
398 1164 482 1186 suae
497 1153 532 1185 in
547 1152 662 1194 illum,
677 1152 739 1186 sed
759 1160 921 1186 remanet
939 1153 1033 1197 ejus3
1053 1152 1101 1185 ita
1123 1151 1219 1197 quod
1242 1162 1325 1184 cum
1347 1150 1508 1197 periculo
1531 1150 1642 1196 ipsius

81 1215 262 1240 mercator
283 1206 325 1240 de
347 1217 388 1240 ea
407 1206 624 1251 negotiatur,
645 1205 704 1239 vel
726 1204 851 1239 artifex
873 1213 1055 1251 operatur3
1079 1213 1113 1238 et
1133 1205 1215 1238 ideo
1238 1204 1288 1238 sic
1310 1204 1406 1238 licite
1428 1211 1546 1249 potest
1567 1214 1643 1248 par-

80 1268 155 1294 tem
175 1259 264 1293 lucri
286 1259 368 1293 inde
390 1259 632 1305 provenientis
655 1267 832 1304 expetere,
854 1267 1041 1304 tamquam
1064 1261 1106 1292 de
1130 1269 1166 1292 re
1189 1269 1264 1292 sua.

152 1313 211 1347 AD
233 1323 385 1347 SEXTUM
407 1312 611 1354 dicendum,
628 1312 722 1358 quod
738 1312 767 1345 si
783 1312 859 1358 quis
878 1323 942 1358 pro
963 1311 1116 1357 pecunia
1135 1311 1201 1345 sibi
1222 1318 1385 1344 mutuata
1408 1309 1543 1355 obliget
1564 1321 1641 1343 rem

81 1366 251 1412 aliquam,
267 1367 367 1411 cujus
386 1377 470 1400 usus
488 1366 602 1412 pretio
627 1366 810 1400 aestimari
831 1373 960 1411 potest,
977 1365 1081 1398 debet
1099 1375 1203 1398 usum
1225 1363 1320 1398 illius
1339 1364 1390 1397 rei
1408 1363 1467 1397 ille
1487 1363 1547 1408 qui
1569 1374 1643 1396 mu-

81 1420 205 1461 tuavit,
228 1428 438 1466 computare
460 1419 495 1453 in
517 1419 780 1453 restitutionem
804 1420 891 1464 ejus,
907 1419 1003 1464 quod
1026 1418 1219 1452 mutuavit:
1240 1417 1400 1462 alioquin
1423 1417 1452 1450 si
1474 1428 1579 1450 usum
1600 1415 1640 1449 il-

82 1473 150 1507 lius
171 1473 221 1507 rei
243 1473 345 1519 quasi
367 1473 475 1519 gratis
497 1473 563 1507 sibi
589 1472 779 1518 superaddi
800 1471 896 1513 velit,
923 1472 1020 1505 idem
1046 1479 1098 1505 est
1120 1482 1160 1504 ac
1183 1471 1212 1505 si
1239 1471 1431 1515 pecuniam
1459 1470 1639 1515 acciperet

82 1538 147 1573 pro
162 1535 300 1569 mutuo,
316 1527 412 1572 quod
428 1534 479 1560 est
493 1527 712 1560 usurarium:
727 1526 795 1559 nisi
812 1525 904 1559 forte
924 1533 1015 1559 esset
1033 1524 1114 1558 talis
1133 1536 1200 1565 res,
1217 1525 1317 1569 cujus
1333 1535 1416 1557 usus
1431 1524 1506 1557 sine
1526 1523 1640 1569 pretio

83 1580 198 1615 soleat
220 1581 371 1615 concedi
392 1581 483 1614 inter
505 1580 662 1622 amicos;
684 1581 777 1613 sicut
798 1587 895 1624 patet
917 1579 960 1612 de
982 1578 1072 1612 libro
1096 1577 1389 1611 accommodato.

154 1635 213 1668 AD
241 1645 432 1668 SEPTIMUM
455 1633 660 1674 dicendum,
693 1633 789 1678 quod
811 1632 841 1666 si
863 1632 990 1677 aliquis
1018 1631 1134 1665 carius
1155 1631 1241 1664 velit
1274 1631 1428 1664 vendere
1457 1641 1513 1664 res
1549 1641 1643 1671 suas,

85 1699 193 1734 quarn
216 1688 260 1722 sit
280 1689 415 1733 justum
436 1688 602 1733 pretium,
621 1695 659 1720 ut
677 1687 720 1720 de
739 1685 892 1732 pecunia
914 1685 1087 1719 solvenda
1108 1693 1310 1730 emptorem
1333 1692 1514 1730 expectet;
1533 1683 1646 1717 mani-

84 1741 172 1776 feste
195 1753 303 1775 usura
326 1741 578 1775 committitur:
604 1740 687 1785 quia
708 1739 917 1784 hujusmodi
937 1738 1137 1784 expectatio
1159 1738 1262 1784 pretii
1284 1737 1447 1771 solvendi
1468 1737 1577 1771 habet
1595 1748 1648 1770 ra-

87 1795 225 1829 tionem
247 1795 380 1837 mutui3
403 1794 497 1828 unde
520 1793 691 1839 quidquid
713 1792 805 1826 ultra
826 1794 959 1838 justum
988 1792 1142 1836 pretium
1164 1802 1228 1836 pro
1250 1790 1459 1836 hujusmodi
1481 1797 1645 1836 expecta—

85 1849 184 1883 tione
207 1848 369 1894 exigitur,
392 1855 444 1882 est
466 1847 567 1893 quasi
588 1846 741 1892 pretium
770 1847 896 1887 mutui,
928 1845 1023 1890 quod
1051 1845 1203 1890 pertinet
1225 1846 1267 1878 ad
1290 1844 1468 1878 rationem
1496 1854 1644 1877 usurae:

88 1901 252 1936 similiter
273 1901 383 1935 etiam
409 1901 439 1935 si
461 1901 538 1946 quis
561 1908 702 1946 emptor
723 1899 810 1933 velit
834 1910 911 1932 rem
933 1909 1053 1932 emere
1075 1897 1192 1939 vilius,
1215 1909 1322 1943 quam
1351 1898 1395 1931 sit
1416 1898 1549 1942 justum
1570 1908 1646 1942 pre-

87 1955 190 1997 tium,
212 1966 256 1989 eo
279 1954 375 2000 quod
396 1953 589 2000 pecuniam
611 1961 692 1986 ante
714 1951 833 1994 solvit,
856 1963 965 1998 quam
986 1952 1099 1997 possit
1125 1951 1157 1984 ei
1178 1962 1233 1984 res
1254 1951 1357 1993 tradi,
1379 1960 1431 1984 est
1452 1958 1641 1996 peccatum

86 2019 235 2043 usurae:
263 2008 346 2054 quia
368 2008 477 2041 etiam
492 2007 558 2041 ista
573 2006 781 2052 anticipatio
803 2005 993 2039 solutionis
1007 2004 1180 2050 pecuniae
1196 2004 1305 2038 habet
1322 2004 1438 2037 mutui
1454 2003 1646 2044 rationem,

87 2063 189 2107 cujus
208 2061 392 2107 quoddam
413 2061 567 2106 pretium
590 2068 652 2101 est,
675 2059 771 2105 quod
793 2059 1002 2092 diminuitur
1029 2058 1072 2092 de
1097 2059 1191 2103 justo
1214 2058 1329 2104 pretio
1352 2058 1402 2091 rei
1429 2066 1590 2103 emptae:
1614 2058 1643 2090 si

86 2126 172 2149 vero
196 2114 322 2160 aliquis
344 2113 387 2148 de
408 2115 502 2159 justo
524 2113 638 2159 pretio
660 2113 746 2146 velit
767 2112 979 2154 diminuere,
1001 2119 1039 2145 ut
1064 2111 1256 2157 pecuniam
1279 2111 1373 2157 prius
1400 2111 1543 2153 habeat,
1569 2122 1643 2145 non

87 2176 215 2215 peccat
235 2175 386 2214 peccato
408 2178 547 2201 usurae.

629 2295 971 2340 ARTICULUS
1006 2294 1084 2337 ΠΙ.
1577 2314 1645 2350 419

89 2405 241 2435 UTRUM
275 2404 496 2440 QUIDQUID
531 2404 588 2433 DE
621 2404 808 2434 PECUNIA
838 2403 1052 2432 USURARIA
1086 2403 1186 2438 QUIS
1220 2402 1446 2432 LUCRATUS
1474 2401 1645 2439 FUERIT,

617 2469 817 2499 REDDERE
850 2467 1094 2498 TENEATUR.

534 2556 675 2600 (chodl.
699 2569 726 2602 3.
754 2561 817 2590 art.
843 2567 896 2602 19.
918 2561 946 2590 et
967 2562 1076 2602 opusc.
1100 2555 1182 2601 67.).

161 2645 220 2680 AD
248 2655 418 2680 TERTIUM
449 2645 497 2679 sic
522 2645 737 2690 proceditur.
760 2645 910 2679 Videtur
931 2644 1027 2690 quod
1050 2643 1222 2690 quidquid
1245 2644 1286 2677 de
1309 2642 1461 2688 pecunia
1484 2641 1645 2675 usuraria

91 2699 218 2744 aliquis
240 2698 396 2733 lucratus
418 2697 534 2739 fuerit,
556 2698 704 2732 reddere
725 2706 906 2732 teneatur:
931 2698 1016 2731 dicit
1043 2697 1140 2730 enim
1163 2697 1289 2742 Apost.
1313 2696 1355 2728 ad
1378 2695 1484 2728 Rom.
1517 2705 1587 2727 11.:
1609 2694 1646 2728 δι’

91 2752 190 2786 radix
209 2757 333 2793 sancta,
357 2757 384 2786 et
406 2753 515 2792 1·ami;
539 2762 626 2796 ergo
650 2751 777 2785 eadem
799 2753 937 2785 ratione
958 2752 984 2784 si
1006 2750 1104 2784 radix
1127 2750 1257 2795 infecta,
1282 2754 1311 2782 et
1332 2749 1442 2782 mimi:
1465 2748 1524 2781 sed
1547 2747 1646 2780 radix

91 2804 156 2839 fuit
177 2805 357 2848 usuraria3
380 2816 466 2850 ergo
486 2804 656 2850 quidquid
672 2816 713 2838 ex
729 2815 770 2838 ea
785 2804 999 2850 acquisitum
1015 2811 1078 2844 est,
1096 2810 1148 2836 est
1162 2802 1382 2844 usurarium,
1402 2812 1488 2846 ergo
1507 2808 1647 2834 tenetur

93 2857 136 2891 ad
158 2857 420 2892 restitutionem
441 2857 547 2891 illius.
