1905 3137
535 186 754 221 QUAESTIO
788 185 846 214 XI.
880 185 1122 215 ARTICULUS
1157 185 1182 215 1.
1565 183 1641 225 109

161 268 220 302 AD
242 277 390 302 PR1MUM
413 278 500 313 ergo
523 267 728 309 dicendum,
750 267 847 314 quod
869 267 940 301 hoc
963 267 1074 301 modo
1097 266 1227 301 electio
1254 265 1406 312 pertinet
1433 264 1476 298 ad
1498 264 1645 299 infideli-

90 328 212 363 tatem,
234 321 325 355 sicut
347 329 381 355 et
401 321 569 355 voluntas
592 321 635 355 ad
656 321 776 363 sidem,
798 329 835 355 ut
857 332 962 367 supra
985 321 1121 354 dictum
1143 328 1196 354 est
1218 321 1268 364 (in
1290 326 1379 366 corp.
1402 320 1494 364 art).

166 375 225 409 AD
265 385 471 410 SECUNDUM
492 375 696 416 dicendum,
717 375 812 420 quod
839 374 923 408 vitia
949 374 1082 408 habent
1108 374 1265 420 speciem
1292 384 1333 407 ex
1360 372 1429 406 fine
1455 371 1645 418 proxim03

91 428 152 462 scd
175 439 215 462 ex
238 428 307 462 fine
330 436 472 462 remoto
494 429 627 462 habent
649 439 773 472 genus,
796 436 830 462 et
851 439 1018 462 causam:
1042 428 1132 462 sicut
1154 439 1237 461 cum
1265 427 1392 473 aliquis
1419 425 1644 467 moechatur,

91 489 128 515 ut
150 480 296 523 furetur,
319 490 371 516 est
392 482 439 515 ibi
461 482 605 527 quidem
628 482 766 527 species
789 482 980 516 moechiae
1004 493 1044 515 ex
1067 481 1232 527 proximo
1258 480 1319 525 [al.
1336 479 1494 526 proprio]
1514 479 1596 521 fine,
1612 486 1646 512 et

92 535 254 580 objecto;
277 536 338 569 sed
361 548 402 569 ex
425 535 494 569 sine
516 535 644 569 ultimo
668 535 877 576 ostenditur,
900 534 996 581 quod
1019 535 1188 568 moechia
1211 546 1251 568 ex
1274 534 1367 568 furto
1387 534 1510 574 oritur,
1526 541 1560 566 et
1581 532 1644 566 sub

91 598 134 621 co
158 589 373 630 continetur,
395 589 486 622 sicut
504 587 652 622 effectus
675 589 737 622 sub
762 600 880 630 causa,
902 588 960 623 vel
982 589 1075 622 sicut
1095 588 1232 634 species
1252 588 1314 621 sub
1339 598 1482 631 genere,
1499 594 1536 620 ut
1550 593 1647 632 patet

91 653 131 675 cx
155 641 222 683 his,
245 653 335 687 quac
358 653 462 687 supra
486 642 528 675 de
551 642 686 675 actibus
709 642 803 675 dicta
821 650 903 675 sunt
925 642 1006 687 (1-2.
1023 654 1051 687 q.
1071 642 1120 676 18.
1137 646 1199 675 art.
1216 641 1248 675 6.
1263 646 1291 674 at
1306 641 1365 686 7.)‚
1382 641 1417 673 in
1439 639 1645 679 communi;

91 695 183 728 unde
206 703 241 728 et
262 695 427 729 similiter
449 695 483 728 in
506 695 704 741 proposito,
732 695 810 729 sinis
838 696 1021 741 proximus
1050 695 1207 728 haeresis
1237 702 1289 728 est
1316 694 1508 727 adhaerere
1536 692 1645 726 falsae

91 749 288 782 sententiae
310 749 498 794 propriae3
521 757 555 782 et
577 760 619 782 ex
640 749 711 782 hoc
733 749 892 795 speciem
914 749 1045 782 habet:
1068 748 1130 782 sed
1146 760 1188 782 ex
1204 747 1273 781 fine
1288 755 1430 781 remoto
1447 746 1646 780 ostenditur

91 812 198 835 causa
221 802 307 847 ejus,
332 802 470 836 scilicet
491 802 587 848 quod
607 802 718 836 oritur
740 814 781 836 ex
803 802 979 848 superbia,
1000 801 1058 835 vel
1080 801 1284 847 cupiditate.

163 854 222 888 AD
246 865 414 889 TERTIUM
442 855 647 897 dicendum,
670 855 767 901 quod
789 856 880 890 sicut
903 856 1040 890 haeresis
1061 855 1188 889 dicitur
1214 855 1256 888 ab
1284 853 1464 900 eligendo,
1490 853 1538 887 ita
1562 857 1646 887 secta

93 908 221 942 dicitur
242 919 262 942 a
284 909 468 950 sectando,
489 909 581 942 sicut
601 909 726 942 Isidor.
750 909 835 943 dicit
855 909 891 943 in
918 909 976 943 lib.
999 909 1030 942 8.
1054 908 1171 954 Etym.
1194 909 1285 955 (cap.
1306 909 1371 954 3.)‚·
1401 915 1435 941 et
1460 907 1541 940 ideo
1563 906 1646 940 hae-

92 962 190 1003 resis,
213 969 247 996 et
268 970 365 996 secta
387 962 483 996 idem
506 970 605 1005 sunt;
629 970 663 996 et
684 971 875 1008 utrumque
898 963 1050 1009 pertinet
1065 963 1107 996 ad
1130 973 1240 1009 opera
1262 962 1389 1003 carnis,
1411 972 1484 995 non
1500 960 1645 1006 quidem

91 1023 264 1061 quantum
288 1015 331 1048 ad
352 1015 469 1061 ipsum
492 1023 613 1050 actum
635 1015 853 1050 infidelitatis
880 1022 1045 1062 respectu
1071 1016 1226 1062 proximi
1248 1015 1390 1060 objecti,
1417 1014 1478 1048 sed
1506 1013 1644 1048 ratione

92 1079 237 1110 causae;
260 1079 351 1114 quae
374 1076 427 1103 est
446 1069 498 1103 <vel
519 1069 695 1115 appetitus
711 1068 789 1103 finis
807 1069 966 1112 indebiti,
988 1069 1189 1103 secundum
1210 1069 1306 1115 quod
1330 1068 1441 1103 oritur
1464 1079 1507 1101 ex
1528 1078 1647 1113 super-

90 1122 159 1164 bia,
180 1122 238 1156 vel
260 1122 466 1168 cupiditate,
492 1131 531 1157 ut
552 1123 688 1157 dictum
716 1131 768 1157 est
793 1125 844 1168 (in
871 1136 942 1169 arg.
965 1124 1028 1168 2.);
1055 1123 1108 1157 vel
1137 1123 1245 1157 etiam
1273 1122 1392 1168 aliqua
1421 1121 1645 1168 phantastica

91 1175 224 1218 illusio,
246 1187 338 1222 quae
365 1185 417 1211 est
441 1177 655 1223 principium
686 1177 838 1219 errandi,
869 1185 907 1211 ut
936 1177 1044 1211 etiam
1075 1176 1212 1210 Philos.
1244 1176 1329 1210 dicit
1354 1176 1391 1209 in
1424 1185 1456 1218 4.
1486 1174 1644 1219 Metaph.

92 1227 175 1275 (tex.
202 1230 293 1274 24.).·
320 1230 509 1276 phantasia
536 1238 656 1264 autem
684 1230 958 1276 quodammodo
987 1231 1030 1264 ad
1065 1241 1211 1265 carnem
1244 1229 1407 1276 pertinet,
1433 1230 1645 1275 inquantum

92 1290 190 1317 actus
213 1284 288 1329 ejus
312 1295 395 1317 cum
418 1295 556 1330 organo
581 1283 770 1330 corporali.

788 1331 810 1350 U

643 1402 986 1447 ARTICULUS
1020 1403 1075 1446 H.
1601 1412 1645 1456 64

180 1497 332 1527 UTRUM
355 1498 558 1528 HAERESIS
587 1499 653 1528 SIT
680 1499 859 1528 PROPRIE
888 1499 1016 1529 CIRCA
1042 1500 1110 1539 EA,
1140 1499 1258 1534 QUAE
1286 1499 1397 1529 SUNT
1426 1499 1554 1528 FIDEI.

354 1573 402 1617 (4.
424 1574 512 1608 Dist.
534 1585 577 1619 13.
599 1586 629 1619 q.
652 1585 682 1608 2.
705 1580 769 1609 art.
792 1587 820 1609 I.
841 1574 883 1608 ad
905 1575 937 1610 6.
959 1580 989 1609 ct
1009 1586 1039 1610 2.
1062 1575 1140 1610 Cor.
1162 1588 1208 1610 II.
1231 1575 1301 1610 lact.
1324 1576 1383 1619 4.).

164 1654 223 1688 AD
246 1665 457 1689 SECUNDUM
475 1657 523 1690 sic
546 1656 760 1701 proceditur.
783 1656 943 1698 Videtur,
959 1657 1054 1703 quod
1070 1657 1227 1692 haeresis
1242 1669 1316 1692 non
1335 1658 1378 1692 sit
1392 1657 1534 1703 proprie
1550 1657 1644 1691 circa

93 1718 146 1749 ea,
169 1719 260 1753 quae
281 1716 364 1742 sunt
383 1708 483 1742 fidei:
519 1709 610 1743 sicut
637 1709 733 1743 enim
759 1718 841 1743 sunt
861 1710 1039 1752 haereses,
1062 1719 1096 1745 et
1124 1719 1243 1745 sectae
1273 1711 1308 1744 in
1337 1711 1571 1753 Christianis3
1597 1711 1646 1744 ita

93 1761 202 1794 etiam
234 1760 377 1795 fuerunt
405 1761 441 1795 in
467 1761 623 1806 Judaeis,
654 1770 688 1796 et
714 1763 928 1805 Pharisaeis,
963 1764 1054 1798 sicut
1079 1764 1161 1798 Isid.
1185 1764 1270 1797 dicit
1290 1764 1326 1798 in
1348 1764 1407 1798 lib.
1431 1764 1462 1798 8.
1486 1764 1644 1810 Etymol.

94 1813 180 1860 (cap.
200 1826 223 1857 3.
242 1825 275 1858 4.
293 1815 403 1860 eij.):
432 1815 492 1848 sed
515 1826 643 1849 eorum
666 1816 907 1850 dissensiones
929 1828 1002 1850 non
1025 1825 1125 1851 erant
1146 1818 1241 1851 circa
1263 1829 1316 1860 ea,
1331 1829 1423 1864 quae
1444 1826 1526 1851 sunt
1540 1817 1644 1859 fidei3

93 1878 180 1913 ergo
202 1868 359 1902 haeresis
381 1879 455 1902 non
474 1876 526 1902 est
542 1869 636 1902 circa
652 1881 704 1911 ea,
720 1881 810 1915 quae
825 1878 907 1904 sunt
921 1870 1014 1912 fidei,
1029 1871 1121 1904 sicut
1135 1871 1229 1904 circa
1244 1873 1425 1917 propriam
1444 1871 1644 1905 materiam.

164 1931 195 1954 2.
218 1921 453 1956 PRAETEREA.
476 1922 627 1955 Materia
648 1922 730 1956 fidei
751 1931 833 1957 sunt
858 1935 925 1965 res,
952 1935 1043 1970 quae
1071 1924 1281 1958 creduntur:
1303 1925 1364 1958 sed
1386 1925 1545 1959 haeresis
1571 1935 1645 1958 non

93 1973 213 2008 solum
234 1982 286 2008 est
307 1975 403 2008 circa
424 1986 490 2017 res,
512 1975 576 2009 sed
599 1975 707 2009 etiam
723 1976 818 2010 circa
835 1977 955 2019 verba,
983 1985 1016 2011 et
1038 1977 1133 2012 circa
1150 1978 1391 2024 expositiones
1406 1978 1538 2011 Sacrae
1554 1977 1648 2011 Scri-

92 2036 228 2074 ptume,
250 2028 335 2062 dicit
357 2028 455 2062 enim
477 2029 624 2062 Hieron.
647 2029 736 2076 (sup.
752 2030 832 2064 illud
850 2030 925 2065 Gal.
940 2042 981 2075 5.:
998 2031 1164 2072 Haereses,
1181 2031 1337 2073 invidiae,
1353 2031 1442 2075 etin),
1463 2031 1559 2077 quod
1574 2031 1647 2076 qui-

93 2092 246 2127 cumque
269 2080 371 2115 aliter
393 2081 617 2128 Scripturam
638 2082 815 2129 intessigit,
838 2095 945 2129 quarn
969 2095 1094 2118 sensus
1117 2084 1268 2131 Spiritus
1291 2085 1414 2119 Sancti
1428 2085 1610 2131 efflagitat,
1626 2096 1645 2118 a

94 2145 164 2180 quo
187 2134 317 2180 scripta
338 2141 400 2177 est,
423 2134 507 2168 licet
529 2135 570 2168 ab
593 2135 757 2170 Ecclesia
777 2148 851 2171 non
874 2138 1072 2180 recesserit,
1093 2146 1216 2172 tamen
1243 2139 1445 2173 haereticus
1474 2138 1645 2185 appellari

94 2195 228 2233 potest;
251 2194 285 2222 et
303 2187 387 2221 alibi
408 2188 493 2222 dicit
514 2188 586 2233 (cit.
609 2190 644 2222 in
665 2201 698 2234 4.
721 2190 808 2225 δρυῒ.
826 2190 897 2225 dist.
915 2204 958 2237 13.
973 2192 1025 2226 sal
1042 2203 1081 2226 cx
1102 2192 1241 2226 Hieron.
1261 2204 1326 2227 non
1348 2193 1523 2237 occurrit),
1548 2191 1645 2238 quod

96 2252 138 2274 ex
158 2240 274 2275 verbis
292 2236 494 2276 inordinate
515 2242 663 2288 prolatis
684 2242 722 2277 fit
742 2243 918 2287 haeresis3
941 2256 1027 2291 ergo
1050 2245 1208 2280 haeresis
1227 2257 1300 2280 non
1323 2254 1376 2281 est
1393 2246 1535 2292 proprie
1551 2246 1645 2279 circa

94 2294 283 2328 materiam
305 2293 398 2328 fidei.

168 2358 197 2393 3.
219 2347 454 2382 PRAETEREA.
477 2347 596 2387 Etiam
619 2349 714 2383 circa
736 2362 789 2392 ea,
808 2362 898 2397 quae
913 2351 955 2385 ad
970 2351 1079 2386 fidem
1094 2353 1282 2398 pertinent,
1297 2353 1525 2387 inveniuntur
1539 2364 1645 2399 quan-

95 2400 212 2446 doque
234 2401 327 2434 sacri
347 2401 528 2435 Doctores
550 2402 753 2445 dissentire3
776 2404 867 2438 sicut
888 2405 1145 2452 Hieronymus,
1168 2414 1201 2440 et
1222 2407 1446 2452 Augustinus
1461 2407 1555 2440 circa
1575 2417 1647 2440 ces-

95 2454 274 2488 sationem
302 2453 496 2499 legalium:
532 2463 566 2489 et
596 2464 718 2490 tamen
747 2457 818 2491 hoc
842 2466 894 2492 est
915 2459 1048 2504 absque
1069 2459 1156 2493 vitio
1179 2460 1355 2503 haeresis3
1379 2472 1465 2506 ergo
1487 2459 1645 2493 haeresis

96 2518 170 2540 non
192 2515 245 2540 est
265 2509 407 2553 proprie
430 2508 524 2542 circa
546 2510 735 2543 materiam
758 2510 850 2544 fidei.

167 2560 240 2594 SED
265 2571 419 2594 CONTRA
442 2569 506 2603 est,
528 2563 623 2607 quod
646 2563 798 2608 August.
822 2564 907 2598 dicit
929 2573 1053 2598 contra
1080 2565 1315 2601 Manichaeos
1344 2567 1490 2614 (proprie
1513 2566 1567 2600 lib.
1595 2566 1643 2600 18.

95 2613 132 2647 de
161 2612 236 2647 Civ.
259 2614 336 2653 Dei,
368 2619 438 2659 cap.
456 2615 531 2659 51),
555 2617 615 2660 qui
635 2615 672 2649 in
706 2616 868 2651 Ecclesia
899 2617 1033 2652 Christi
1056 2619 1261 2653 morbidum
1292 2619 1423 2666 aliquid
1451 2629 1646 2665 pravumve

98 2666 182 2711 quid
206 2666 358 2711 sapiunt,
373 2667 404 2700 si
425 2668 576 2701 correcti
594 2676 632 2702 ut
645 2680 785 2712 sanum,
800 2678 1008 2717 rectumque
1023 2672 1172 2717 sapiant,
1188 2675 1354 2707 resistunt
1373 2673 1646 2714 contumaciter,

96 2730 233 2764 suaque
256 2718 433 2764 pestifera,
456 2728 490 2753 et
511 2721 694 2755 mortifera
717 2723 887 2769 dogmata
911 2724 1102 2759 emendare
1124 2725 1262 2767 nolunt,
1284 2726 1344 2760 sed
1367 2725 1556 2760 defendere
1573 2737 1647 2772 per-

98 2773 236 2813 sistunt,
257 2772 430 2806 haeretici
452 2781 550 2807 sunt:
573 2775 633 2808 sed
657 2775 835 2821 pestifera,
852 2784 885 2810 et
900 2777 1084 2811 mortifera
1100 2778 1270 2823 dogmata
1285 2790 1358 2813 non
1373 2788 1454 2813 sunt
1468 2779 1539 2821 illa,
1555 2790 1645 2825 quae

97 2832 328 2870 opponuntur
349 2825 578 2870 dogmatibus
600 2827 693 2870 fidei,
716 2840 778 2874 per
799 2841 907 2875 quam
926 2832 1031 2874 justus
1051 2833 1148 2872 'vi-vit,
1170 2839 1207 2864 ut
1229 2832 1356 2865 dicitur
1376 2833 1483 2867 Rom.
1504 2845 1543 2876 1.;
1559 2843 1645 2878 ergo

97 2877 255 2912 haeresis
277 2886 330 2912 est
351 2878 444 2912 circa
468 2890 522 2921 ea,
545 2891 635 2925 quae
658 2889 738 2915 sunt
760 2881 853 2924 fidei,
875 2883 966 2917 sicut
988 2884 1083 2917 circa
1104 2884 1286 2930 propriam
1309 2887 1509 2921 materiam.
