<?xml version="1.0" encoding="UTF-8"?>
<!DOCTYPE html PUBLIC "-//W3C//DTD XHTML 1.0 Transitional//EN"
    "http://www.w3.org/TR/xhtml1/DTD/xhtml1-transitional.dtd">
<html xmlns="http://www.w3.org/1999/xhtml" xml:lang="en" lang="en">
 <head>
  <title>
</title>
<meta http-equiv="Content-Type" content="text/html;charset=utf-8" />
  <meta name='ocr-system' content='tesseract 3.04.00' />
  <meta name='ocr-capabilities' content='ocr_page ocr_carea ocr_par ocr_line ocrx_word'/>
</head>
<body>
  <div class='ocr_page' id='page_1' title='image "./divithomaeaquina03thomuoft_0921.png"; bbox 0 0 1859 3122; ppageno 0'>
   <div class='ocr_carea' id='block_1_1' title="bbox 447 139 1626 184">
    <p class='ocr_par' dir='ltr' id='par_1_1' title="bbox 447 139 1626 184">
     <span class='ocr_line' id='line_1_1' title="bbox 447 139 1626 184; baseline 0 -14"><span class='ocrx_word' id='word_1_1' title='bbox 447 140 666 176; x_wconf 77' lang='lat' dir='ltr'><strong>QUAESTIO</strong></span> <span class='ocrx_word' id='word_1_2' title='bbox 701 139 877 170; x_wconf 80' lang='lat' dir='ltr'><strong>CXXXIX.</strong></span> <span class='ocrx_word' id='word_1_3' title='bbox 912 140 1155 170; x_wconf 79' lang='lat' dir='ltr'><strong>ARTICULUS</strong></span> <span class='ocrx_word' id='word_1_4' title='bbox 1189 140 1232 170; x_wconf 85' lang='grc' dir='ltr'>ΙΙ.</span> <span class='ocrx_word' id='word_1_5' title='bbox 1547 141 1626 184; x_wconf 74' lang='grc'>913</span> 
     </span>
    </p>
   </div>
   <div class='ocr_carea' id='block_1_2' title="bbox 71 221 1636 1443">
    <p class='ocr_par' dir='ltr' id='par_1_2' title="bbox 72 221 1627 324">
     <span class='ocr_line' id='line_1_2' title="bbox 72 221 1627 270; baseline -0.001 -12"><span class='ocrx_word' id='word_1_6' title='bbox 72 223 243 270; x_wconf 88' lang='lat' dir='ltr'>gaudium</span> <span class='ocrx_word' id='word_1_7' title='bbox 270 222 312 257; x_wconf 91' lang='lat' dir='ltr'>de</span> <span class='ocrx_word' id='word_1_8' title='bbox 339 222 431 257; x_wconf 87' lang='lat' dir='ltr'>veris</span> <span class='ocrx_word' id='word_1_9' title='bbox 457 222 573 264; x_wconf 91' lang='lat' dir='ltr'>bonis,</span> <span class='ocrx_word' id='word_1_10' title='bbox 606 233 770 256; x_wconf 86' lang='lat' dir='ltr'>amorem</span> <span class='ocrx_word' id='word_1_11' title='bbox 797 233 816 256; x_wconf 90' lang='lat' dir='ltr'>a</span> <span class='ocrx_word' id='word_1_12' title='bbox 848 221 1009 264; x_wconf 85' lang='lat' dir='ltr'>terrenis,</span> <span class='ocrx_word' id='word_1_13' title='bbox 1039 229 1074 256; x_wconf 85' lang='lat' dir='ltr'>ct</span> <span class='ocrx_word' id='word_1_14' title='bbox 1107 221 1352 268; x_wconf 84' lang='lat' dir='ltr'>corporalibus</span> <span class='ocrx_word' id='word_1_15' title='bbox 1381 229 1541 257; x_wconf 87' lang='lat' dir='ltr'>avertere</span> <span class='ocrx_word' id='word_1_16' title='bbox 1569 233 1627 257; x_wconf 89' lang='lat' dir='ltr'>cu-</span> 
     </span>
     <span class='ocr_line' id='line_1_3' title="bbox 72 278 262 324; baseline -0.005 -13"><span class='ocrx_word' id='word_1_17' title='bbox 72 278 209 324; x_wconf 84' lang='lat' dir='ltr'><strong>pientes</strong></span> <span class='ocrx_word' id='word_1_18' title='bbox 231 290 262 310; x_wconf 86' lang='lat'>».</span> 
     </span>
    </p>

    <p class='ocr_par' dir='ltr' id='par_1_3' title="bbox 71 328 1633 793">
     <span class='ocr_line' id='line_1_4' title="bbox 145 328 1627 375; baseline -0.002 -10"><span class='ocrx_word' id='word_1_19' title='bbox 145 330 372 365; x_wconf 60' lang='lat' dir='ltr'>Rfisponmzo</span> <span class='ocrx_word' id='word_1_20' title='bbox 389 329 594 370; x_wconf 87' lang='lat' dir='ltr'>dicendum,</span> <span class='ocrx_word' id='word_1_21' title='bbox 609 329 704 375; x_wconf 90' lang='lat' dir='ltr'>quod</span> <span class='ocrx_word' id='word_1_22' title='bbox 719 329 810 363; x_wconf 88' lang='lat' dir='ltr'>sicut</span> <span class='ocrx_word' id='word_1_23' title='bbox 830 340 935 375; x_wconf 86' lang='lat' dir='ltr'>supra</span> <span class='ocrx_word' id='word_1_24' title='bbox 951 329 1086 363; x_wconf 89' lang='lat' dir='ltr'>dictum</span> <span class='ocrx_word' id='word_1_25' title='bbox 1102 335 1154 362; x_wconf 87' lang='lat' dir='ltr'>cst</span> <span class='ocrx_word' id='word_1_26' title='bbox 1168 328 1216 374; x_wconf 83' lang='lat' dir='ltr'>(q.</span> <span class='ocrx_word' id='word_1_27' title='bbox 1231 340 1300 364; x_wconf 80' lang='lat'><strong><em>121.</em></strong></span> <span class='ocrx_word' id='word_1_28' title='bbox 1315 334 1379 364; x_wconf 81' lang='lat' dir='ltr'>art.</span> <span class='ocrx_word' id='word_1_29' title='bbox 1394 330 1456 371; x_wconf 90' lang='lat'><em>2.)‚</em></span> <span class='ocrx_word' id='word_1_30' title='bbox 1472 328 1627 373; x_wconf 82' lang='lat' dir='ltr'><strong>August.</strong></span> 
     </span>
     <span class='ocr_line' id='line_1_5' title="bbox 74 382 1629 423; baseline -0.002 -5"><span class='ocrx_word' id='word_1_31' title='bbox 74 384 232 418; x_wconf 84' lang='lat' dir='ltr'>attribuit</span> <span class='ocrx_word' id='word_1_32' title='bbox 261 383 499 417; x_wconf 85' lang='lat' dir='ltr'>beatitudines</span> <span class='ocrx_word' id='word_1_33' title='bbox 529 382 632 416; x_wconf 91' lang='lat' dir='ltr'>donis</span> <span class='ocrx_word' id='word_1_34' title='bbox 660 382 858 416; x_wconf 79' lang='lat' dir='ltr'>secundum</span> <span class='ocrx_word' id='word_1_35' title='bbox 885 382 1048 416; x_wconf 88' lang='lat' dir='ltr'>ordinem</span> <span class='ocrx_word' id='word_1_36' title='bbox 1079 382 1371 423; x_wconf 79' lang='lat' dir='ltr'>enumerationis,</span> <span class='ocrx_word' id='word_1_37' title='bbox 1404 382 1629 416; x_wconf 89' lang='lat' dir='ltr'>considerata</span> 
     </span>
     <span class='ocr_line' id='line_1_6' title="bbox 71 435 1628 482; baseline -0.002 -11"><span class='ocrx_word' id='word_1_38' title='bbox 71 446 194 472; x_wconf 87' lang='lat' dir='ltr'>tamen</span> <span class='ocrx_word' id='word_1_39' title='bbox 217 436 333 482; x_wconf 88' lang='lat' dir='ltr'>aliqua</span> <span class='ocrx_word' id='word_1_40' title='bbox 356 436 624 477; x_wconf 79' lang='lat' dir='ltr'>convenientia3</span> <span class='ocrx_word' id='word_1_41' title='bbox 647 443 681 470; x_wconf 88' lang='lat' dir='ltr'>et</span> <span class='ocrx_word' id='word_1_42' title='bbox 702 436 782 470; x_wconf 88' lang='lat' dir='ltr'>ideo</span> <span class='ocrx_word' id='word_1_43' title='bbox 805 443 969 482; x_wconf 85' lang='lat' dir='ltr'>quartam</span> <span class='ocrx_word' id='word_1_44' title='bbox 991 435 1262 477; x_wconf 81' lang='lat' dir='ltr'>beatitudinem,</span> <span class='ocrx_word' id='word_1_45' title='bbox 1285 435 1424 470; x_wconf 84' lang='lat' dir='ltr'>scilicet</span> <span class='ocrx_word' id='word_1_46' title='bbox 1442 436 1485 469; x_wconf 86' lang='lat' dir='ltr'>de</span> <span class='ocrx_word' id='word_1_47' title='bbox 1501 435 1628 476; x_wconf 86' lang='lat' dir='ltr'>esurie,</span> 
     </span>
     <span class='ocr_line' id='line_1_7' title="bbox 73 488 1631 536; baseline -0.003 -10"><span class='ocrx_word' id='word_1_48' title='bbox 73 500 108 526; x_wconf 90' lang='lat' dir='ltr'>et</span> <span class='ocrx_word' id='word_1_49' title='bbox 133 491 190 526; x_wconf 91' lang='lat' dir='ltr'>siti</span> <span class='ocrx_word' id='word_1_50' title='bbox 214 490 380 536; x_wconf 81' lang='lat' dir='ltr'>justitiae,</span> <span class='ocrx_word' id='word_1_51' title='bbox 408 490 564 524; x_wconf 80' lang='lat' dir='ltr'>attribuit</span> <span class='ocrx_word' id='word_1_52' title='bbox 589 498 716 535; x_wconf 85' lang='lat' dir='ltr'>quarto</span> <span class='ocrx_word' id='word_1_53' title='bbox 743 490 852 531; x_wconf 88' lang='lat' dir='ltr'>dono,</span> <span class='ocrx_word' id='word_1_54' title='bbox 879 488 1015 523; x_wconf 89' lang='lat' dir='ltr'>scilicet</span> <span class='ocrx_word' id='word_1_55' title='bbox 1041 489 1137 523; x_wconf 89' lang='lat' dir='ltr'>dono</span> <span class='ocrx_word' id='word_1_56' title='bbox 1164 488 1402 531; x_wconf 88' lang='lat' dir='ltr'>fortitudinis;</span> <span class='ocrx_word' id='word_1_57' title='bbox 1431 497 1483 523; x_wconf 91' lang='lat' dir='ltr'>est</span> <span class='ocrx_word' id='word_1_58' title='bbox 1508 497 1631 522; x_wconf 87' lang='lat' dir='ltr'>tamen</span> 
     </span>
     <span class='ocr_line' id='line_1_8' title="bbox 72 541 1633 590; baseline -0.002 -11"><span class='ocrx_word' id='word_1_59' title='bbox 72 545 120 579; x_wconf 90' lang='lat' dir='ltr'>ibi</span> <span class='ocrx_word' id='word_1_60' title='bbox 141 544 260 590; x_wconf 89' lang='lat' dir='ltr'>aliqua</span> <span class='ocrx_word' id='word_1_61' title='bbox 282 543 550 577; x_wconf 83' lang='lat' dir='ltr'>convenientia:</span> <span class='ocrx_word' id='word_1_62' title='bbox 573 543 666 589; x_wconf 85' lang='lat' dir='ltr'>quia,</span> <span class='ocrx_word' id='word_1_63' title='bbox 688 543 778 576; x_wconf 89' lang='lat' dir='ltr'>sicut</span> <span class='ocrx_word' id='word_1_64' title='bbox 799 543 935 577; x_wconf 88' lang='lat' dir='ltr'>dictum</span> <span class='ocrx_word' id='word_1_65' title='bbox 950 552 1002 576; x_wconf 87' lang='lat' dir='ltr'>est</span> <span class='ocrx_word' id='word_1_66' title='bbox 1018 542 1248 588; x_wconf 78' lang='lat' dir='ltr'>(art.praec.),</span> <span class='ocrx_word' id='word_1_67' title='bbox 1266 541 1438 576; x_wconf 91' lang='lat' dir='ltr'>fortitudo</span> <span class='ocrx_word' id='word_1_68' title='bbox 1455 543 1491 576; x_wconf 90' lang='lat' dir='ltr'>in</span> <span class='ocrx_word' id='word_1_69' title='bbox 1513 541 1633 576; x_wconf 85' lang='lat' dir='ltr'>arduis</span> 
     </span>
     <span class='ocr_line' id='line_1_9' title="bbox 73 595 1627 642; baseline -0.001 -10"><span class='ocrx_word' id='word_1_70' title='bbox 73 598 256 632; x_wconf 86' lang='lat' dir='ltr'>consistit:</span> <span class='ocrx_word' id='word_1_71' title='bbox 279 605 332 631; x_wconf 88' lang='lat' dir='ltr'>est</span> <span class='ocrx_word' id='word_1_72' title='bbox 353 605 473 631; x_wconf 87' lang='lat' dir='ltr'>autem</span> <span class='ocrx_word' id='word_1_73' title='bbox 495 595 598 630; x_wconf 85' lang='lat' dir='ltr'>valde</span> <span class='ocrx_word' id='word_1_74' title='bbox 621 596 782 638; x_wconf 84' lang='lat' dir='ltr'>arduum,</span> <span class='ocrx_word' id='word_1_75' title='bbox 809 596 905 642; x_wconf 89' lang='lat' dir='ltr'>quod</span> <span class='ocrx_word' id='word_1_76' title='bbox 934 596 1061 642; x_wconf 84' lang='lat' dir='ltr'>aliquis</span> <span class='ocrx_word' id='word_1_77' title='bbox 1090 607 1163 630; x_wconf 90' lang='lat' dir='ltr'>non</span> <span class='ocrx_word' id='word_1_78' title='bbox 1186 595 1306 630; x_wconf 87' lang='lat' dir='ltr'>solum</span> <span class='ocrx_word' id='word_1_79' title='bbox 1335 607 1445 642; x_wconf 91' lang='lat' dir='ltr'>opera</span> <span class='ocrx_word' id='word_1_80' title='bbox 1467 596 1627 630; x_wconf 86' lang='lat' dir='ltr'>virtuosa</span> 
     </span>
     <span class='ocr_line' id='line_1_10' title="bbox 73 649 1627 697; baseline -0.002 -12"><span class='ocrx_word' id='word_1_81' title='bbox 73 650 191 693; x_wconf 83' lang='lat' dir='ltr'>faciat,</span> <span class='ocrx_word' id='word_1_82' title='bbox 209 661 300 697; x_wconf 88' lang='lat' dir='ltr'>quae</span> <span class='ocrx_word' id='word_1_83' title='bbox 322 650 564 684; x_wconf 87' lang='lat' dir='ltr'>communiter</span> <span class='ocrx_word' id='word_1_84' title='bbox 586 650 750 683; x_wconf 89' lang='lat' dir='ltr'>dicuntur</span> <span class='ocrx_word' id='word_1_85' title='bbox 771 660 880 696; x_wconf 87' lang='lat' dir='ltr'>opera</span> <span class='ocrx_word' id='word_1_86' title='bbox 900 650 1071 695; x_wconf 88' lang='lat' dir='ltr'>justitiae;</span> <span class='ocrx_word' id='word_1_87' title='bbox 1094 650 1154 683; x_wconf 90' lang='lat' dir='ltr'>sed</span> <span class='ocrx_word' id='word_1_88' title='bbox 1177 649 1274 695; x_wconf 92' lang='lat' dir='ltr'>quod</span> <span class='ocrx_word' id='word_1_89' title='bbox 1295 649 1405 683; x_wconf 81' lang='lat' dir='ltr'>faciat</span> <span class='ocrx_word' id='word_1_90' title='bbox 1420 661 1462 684; x_wconf 88' lang='lat' dir='ltr'>ea</span> <span class='ocrx_word' id='word_1_91' title='bbox 1481 660 1564 683; x_wconf 89' lang='lat' dir='ltr'>curn</span> <span class='ocrx_word' id='word_1_92' title='bbox 1577 649 1627 682; x_wconf 89' lang='lat' dir='ltr'>in-</span> 
     </span>
     <span class='ocr_line' id='line_1_11' title="bbox 74 701 1630 750; baseline -0.001 -12"><span class='ocrx_word' id='word_1_93' title='bbox 74 703 226 739; x_wconf 87' lang='lat' dir='ltr'>satiabili</span> <span class='ocrx_word' id='word_1_94' title='bbox 245 704 402 750; x_wconf 83' lang='lat' dir='ltr'>quodam</span> <span class='ocrx_word' id='word_1_95' title='bbox 423 702 619 745; x_wconf 90' lang='lat' dir='ltr'>desiderio;</span> <span class='ocrx_word' id='word_1_96' title='bbox 647 702 742 748; x_wconf 88' lang='lat' dir='ltr'>quod</span> <span class='ocrx_word' id='word_1_97' title='bbox 769 710 886 748; x_wconf 88' lang='lat' dir='ltr'>potest</span> <span class='ocrx_word' id='word_1_98' title='bbox 911 702 1105 748; x_wconf 84' lang='lat' dir='ltr'>significari</span> <span class='ocrx_word' id='word_1_99' title='bbox 1130 714 1192 748; x_wconf 80' lang='lat' dir='ltr'>per</span> <span class='ocrx_word' id='word_1_100' title='bbox 1217 701 1366 745; x_wconf 88' lang='lat' dir='ltr'>famem,</span> <span class='ocrx_word' id='word_1_101' title='bbox 1395 711 1430 737; x_wconf 87' lang='lat' dir='ltr'>et</span> <span class='ocrx_word' id='word_1_102' title='bbox 1457 703 1553 737; x_wconf 89' lang='lat' dir='ltr'>sitim</span> <span class='ocrx_word' id='word_1_103' title='bbox 1579 703 1630 748; x_wconf 81' lang='lat' dir='ltr'>ju-</span> 
     </span>
     <span class='ocr_line' id='line_1_12' title="bbox 74 758 201 793; baseline -0.016 0"><span class='ocrx_word' id='word_1_104' title='bbox 74 758 201 793; x_wconf 85' lang='lat' dir='ltr'>stitiae.</span> 
     </span>
    </p>

    <p class='ocr_par' dir='ltr' id='par_1_4' title="bbox 74 808 1634 1014">
     <span class='ocr_line' id='line_1_13' title="bbox 146 808 1632 855; baseline -0.002 -10"><span class='ocrx_word' id='word_1_105' title='bbox 146 811 206 845; x_wconf 85' lang='lat' dir='ltr'>AD</span> <span class='ocrx_word' id='word_1_106' title='bbox 221 820 369 845; x_wconf 83' lang='lat' dir='ltr'><strong>PRIMUM</strong></span> <span class='ocrx_word' id='word_1_107' title='bbox 384 820 471 855; x_wconf 83' lang='lat' dir='ltr'>ergo</span> <span class='ocrx_word' id='word_1_108' title='bbox 486 809 689 850; x_wconf 86' lang='lat' dir='ltr'>dicendum,</span> <span class='ocrx_word' id='word_1_109' title='bbox 704 809 812 855; x_wconf 84' lang='lat' dir='ltr'>quod,</span> <span class='ocrx_word' id='word_1_110' title='bbox 826 809 918 843; x_wconf 90' lang='lat' dir='ltr'>sicut</span> <span class='ocrx_word' id='word_1_111' title='bbox 932 808 1062 855; x_wconf 86' lang='lat' dir='ltr'>Chrys.</span> <span class='ocrx_word' id='word_1_112' title='bbox 1078 809 1163 843; x_wconf 89' lang='lat' dir='ltr'>dicit</span> <span class='ocrx_word' id='word_1_113' title='bbox 1176 820 1282 854; x_wconf 87' lang='lat' dir='ltr'>super</span> <span class='ocrx_word' id='word_1_114' title='bbox 1296 809 1424 843; x_wconf 83' lang='lat' dir='ltr'>Matth.</span> <span class='ocrx_word' id='word_1_115' title='bbox 1439 810 1541 854; x_wconf 78' lang='lat' dir='ltr'>(hom.</span> <span class='ocrx_word' id='word_1_116' title='bbox 1556 809 1632 855; x_wconf 62' lang='lat'>15),</span> 
     </span>
     <span class='ocr_line' id='line_1_14' title="bbox 74 861 1632 910; baseline -0.002 -12"><span class='ocrx_word' id='word_1_117' title='bbox 74 864 207 910; x_wconf 84' lang='lat' dir='ltr'>justitia</span> <span class='ocrx_word' id='word_1_118' title='bbox 228 863 286 897; x_wconf 91' lang='lat' dir='ltr'>hic</span> <span class='ocrx_word' id='word_1_119' title='bbox 310 870 426 909; x_wconf 91' lang='lat' dir='ltr'>potest</span> <span class='ocrx_word' id='word_1_120' title='bbox 447 863 562 908; x_wconf 79' lang='lat' dir='ltr'>accipi</span> <span class='ocrx_word' id='word_1_121' title='bbox 582 874 655 896; x_wconf 88' lang='lat' dir='ltr'>non</span> <span class='ocrx_word' id='word_1_122' title='bbox 674 861 793 896; x_wconf 88' lang='lat' dir='ltr'>solum</span> <span class='ocrx_word' id='word_1_123' title='bbox 815 862 1048 907; x_wconf 85' lang='lat' dir='ltr'>particularis,</span> <span class='ocrx_word' id='word_1_124' title='bbox 1070 862 1130 896; x_wconf 88' lang='lat' dir='ltr'>sed</span> <span class='ocrx_word' id='word_1_125' title='bbox 1153 862 1261 896; x_wconf 90' lang='lat' dir='ltr'>etiam</span> <span class='ocrx_word' id='word_1_126' title='bbox 1288 862 1514 904; x_wconf 83' lang='lat' dir='ltr'>universalis,</span> <span class='ocrx_word' id='word_1_127' title='bbox 1541 873 1632 908; x_wconf 87' lang='lat' dir='ltr'>quae</span> 
     </span>
     <span class='ocr_line' id='line_1_15' title="bbox 75 914 1634 962; baseline -0.001 -11"><span class='ocrx_word' id='word_1_128' title='bbox 75 928 112 951; x_wconf 90' lang='lat' dir='ltr'>se</span> <span class='ocrx_word' id='word_1_129' title='bbox 133 916 242 951; x_wconf 88' lang='lat' dir='ltr'>habet</span> <span class='ocrx_word' id='word_1_130' title='bbox 256 916 299 950; x_wconf 86' lang='lat' dir='ltr'>ad</span> <span class='ocrx_word' id='word_1_131' title='bbox 314 916 479 950; x_wconf 88' lang='lat' dir='ltr'>omnium</span> <span class='ocrx_word' id='word_1_132' title='bbox 499 917 670 950; x_wconf 86' lang='lat' dir='ltr'>virtutum</span> <span class='ocrx_word' id='word_1_133' title='bbox 691 926 812 961; x_wconf 88' lang='lat' dir='ltr'>opera,</span> <span class='ocrx_word' id='word_1_134' title='bbox 834 923 872 949; x_wconf 92' lang='lat' dir='ltr'>ut</span> <span class='ocrx_word' id='word_1_135' title='bbox 892 915 1020 949; x_wconf 88' lang='lat' dir='ltr'>dicitur</span> <span class='ocrx_word' id='word_1_136' title='bbox 1040 915 1077 949; x_wconf 90' lang='lat' dir='ltr'>in</span> <span class='ocrx_word' id='word_1_137' title='bbox 1096 925 1122 959; x_wconf 71' lang='grc' dir='ltr'>ς.</span> <span class='ocrx_word' id='word_1_138' title='bbox 1138 914 1252 949; x_wconf 88' lang='lat' dir='ltr'>Ethic.</span> <span class='ocrx_word' id='word_1_139' title='bbox 1269 915 1360 962; x_wconf 74' lang='lat' dir='ltr'>(cap.</span> <span class='ocrx_word' id='word_1_140' title='bbox 1379 915 1439 960; x_wconf 74' lang='grc'><strong><em>1.),</em></strong></span> <span class='ocrx_word' id='word_1_141' title='bbox 1454 916 1490 949; x_wconf 90' lang='lat' dir='ltr'>in</span> <span class='ocrx_word' id='word_1_142' title='bbox 1506 915 1634 961; x_wconf 90' lang='lat' dir='ltr'>quibus</span> 
     </span>
     <span class='ocr_line' id='line_1_16' title="bbox 76 968 958 1014; baseline -0.003 -10"><span class='ocrx_word' id='word_1_143' title='bbox 76 970 228 1005; x_wconf 91' lang='lat' dir='ltr'>arduum</span> <span class='ocrx_word' id='word_1_144' title='bbox 249 969 401 1004; x_wconf 84' lang='lat' dir='ltr'>intendit</span> <span class='ocrx_word' id='word_1_145' title='bbox 420 968 603 1010; x_wconf 89' lang='lat' dir='ltr'>fortitudo,</span> <span class='ocrx_word' id='word_1_146' title='bbox 625 979 715 1014; x_wconf 87' lang='lat' dir='ltr'>quae</span> <span class='ocrx_word' id='word_1_147' title='bbox 737 976 790 1002; x_wconf 89' lang='lat' dir='ltr'>est</span> <span class='ocrx_word' id='word_1_148' title='bbox 810 968 958 1002; x_wconf 88' lang='lat' dir='ltr'>donum.</span> 
     </span>
    </p>

    <p class='ocr_par' dir='ltr' id='par_1_5' title="bbox 75 1021 1636 1218">
     <span class='ocr_line' id='line_1_17' title="bbox 148 1021 1635 1067; baseline -0.003 -8"><span class='ocrx_word' id='word_1_149' title='bbox 148 1024 208 1058; x_wconf 92' lang='lat' dir='ltr'>AD</span> <span class='ocrx_word' id='word_1_150' title='bbox 231 1033 436 1058; x_wconf 82' lang='lat' dir='ltr'>SECUNDUM</span> <span class='ocrx_word' id='word_1_151' title='bbox 451 1023 653 1063; x_wconf 86' lang='lat' dir='ltr'>dicendum,</span> <span class='ocrx_word' id='word_1_152' title='bbox 676 1021 772 1067; x_wconf 89' lang='lat' dir='ltr'>quod</span> <span class='ocrx_word' id='word_1_153' title='bbox 795 1021 948 1055; x_wconf 77' lang='lat' dir='ltr'>charitas</span> <span class='ocrx_word' id='word_1_154' title='bbox 970 1029 1022 1055; x_wconf 88' lang='lat' dir='ltr'>est</span> <span class='ocrx_word' id='word_1_155' title='bbox 1049 1021 1147 1055; x_wconf 80' lang='lat' dir='ltr'>radix</span> <span class='ocrx_word' id='word_1_156' title='bbox 1180 1021 1346 1055; x_wconf 90' lang='lat' dir='ltr'>omnium</span> <span class='ocrx_word' id='word_1_157' title='bbox 1378 1021 1572 1063; x_wconf 85' lang='lat' dir='ltr'>donorum,</span> <span class='ocrx_word' id='word_1_158' title='bbox 1601 1029 1635 1055; x_wconf 92' lang='lat' dir='ltr'>et</span> 
     </span>
     <span class='ocr_line' id='line_1_18' title="bbox 75 1074 1633 1122; baseline -0.001 -12"><span class='ocrx_word' id='word_1_159' title='bbox 75 1076 259 1118; x_wconf 85' lang='lat' dir='ltr'>virtutum,</span> <span class='ocrx_word' id='word_1_160' title='bbox 281 1084 319 1110; x_wconf 91' lang='lat' dir='ltr'>ut</span> <span class='ocrx_word' id='word_1_161' title='bbox 339 1087 444 1122; x_wconf 80' lang='lat' dir='ltr'>supra</span> <span class='ocrx_word' id='word_1_162' title='bbox 462 1075 598 1109; x_wconf 89' lang='lat' dir='ltr'>dictum</span> <span class='ocrx_word' id='word_1_163' title='bbox 620 1084 672 1108; x_wconf 92' lang='lat' dir='ltr'>est</span> <span class='ocrx_word' id='word_1_164' title='bbox 693 1075 742 1120; x_wconf 83' lang='lat' dir='ltr'>(q.</span> <span class='ocrx_word' id='word_1_165' title='bbox 759 1086 806 1121; x_wconf 83' lang='lat'>23.</span> <span class='ocrx_word' id='word_1_166' title='bbox 829 1079 891 1108; x_wconf 80' lang='lat' dir='ltr'>art.</span> <span class='ocrx_word' id='word_1_167' title='bbox 914 1075 945 1109; x_wconf 77' lang='lat'>8.</span> <span class='ocrx_word' id='word_1_168' title='bbox 969 1074 1010 1108; x_wconf 77' lang='lat' dir='ltr'>ad</span> <span class='ocrx_word' id='word_1_169' title='bbox 1028 1087 1055 1121; x_wconf 80' lang='lat'>3.</span> <span class='ocrx_word' id='word_1_170' title='bbox 1079 1080 1108 1109; x_wconf 73' lang='lat' dir='ltr'>et</span> <span class='ocrx_word' id='word_1_171' title='bbox 1128 1086 1189 1109; x_wconf 79' lang='lat'><strong><em>1—2.</em></strong></span> <span class='ocrx_word' id='word_1_172' title='bbox 1211 1087 1240 1120; x_wconf 81' lang='lat' dir='ltr'>q.</span> <span class='ocrx_word' id='word_1_173' title='bbox 1269 1075 1324 1110; x_wconf 75' lang='lat'>68.</span> <span class='ocrx_word' id='word_1_174' title='bbox 1352 1080 1414 1109; x_wconf 76' lang='lat' dir='ltr'>art.</span> <span class='ocrx_word' id='word_1_175' title='bbox 1441 1086 1474 1119; x_wconf 81' lang='lat'>4.</span> <span class='ocrx_word' id='word_1_176' title='bbox 1502 1074 1543 1108; x_wconf 77' lang='lat' dir='ltr'>ad</span> <span class='ocrx_word' id='word_1_177' title='bbox 1565 1076 1633 1121; x_wconf 80' lang='lat'><em>3.);</em></span> 
     </span>
     <span class='ocr_line' id='line_1_19' title="bbox 78 1127 1636 1175; baseline -0.001 -11"><span class='ocrx_word' id='word_1_178' title='bbox 78 1138 112 1164; x_wconf 89' lang='lat' dir='ltr'>et</span> <span class='ocrx_word' id='word_1_179' title='bbox 132 1130 215 1164; x_wconf 91' lang='lat' dir='ltr'>ideo</span> <span class='ocrx_word' id='word_1_180' title='bbox 238 1129 408 1175; x_wconf 87' lang='lat' dir='ltr'>quidquid</span> <span class='ocrx_word' id='word_1_181' title='bbox 434 1129 586 1174; x_wconf 87' lang='lat' dir='ltr'>pertinet</span> <span class='ocrx_word' id='word_1_182' title='bbox 611 1127 655 1161; x_wconf 89' lang='lat' dir='ltr'>ad</span> <span class='ocrx_word' id='word_1_183' title='bbox 680 1127 940 1169; x_wconf 82' lang='lat' dir='ltr'>fortitudinem,</span> <span class='ocrx_word' id='word_1_184' title='bbox 966 1135 1085 1174; x_wconf 91' lang='lat' dir='ltr'>potest</span> <span class='ocrx_word' id='word_1_185' title='bbox 1111 1128 1220 1162; x_wconf 86' lang='lat' dir='ltr'>etiam</span> <span class='ocrx_word' id='word_1_186' title='bbox 1248 1128 1291 1162; x_wconf 86' lang='lat' dir='ltr'>ad</span> <span class='ocrx_word' id='word_1_187' title='bbox 1319 1127 1535 1162; x_wconf 86' lang='lat' dir='ltr'>charitatem</span> <span class='ocrx_word' id='word_1_188' title='bbox 1561 1139 1636 1174; x_wconf 91' lang='lat' dir='ltr'>per-</span> 
     </span>
     <span class='ocr_line' id='line_1_20' title="bbox 76 1183 202 1218; baseline -0.008 0"><span class='ocrx_word' id='word_1_189' title='bbox 76 1183 202 1218; x_wconf 88' lang='lat' dir='ltr'>tinere.</span> 
     </span>
    </p>

    <p class='ocr_par' dir='ltr' id='par_1_6' title="bbox 78 1233 1635 1443">
     <span class='ocr_line' id='line_1_21' title="bbox 149 1233 1635 1280; baseline -0.001 -10"><span class='ocrx_word' id='word_1_190' title='bbox 149 1237 209 1270; x_wconf 87' lang='lat' dir='ltr'>AD</span> <span class='ocrx_word' id='word_1_191' title='bbox 232 1245 401 1270; x_wconf 76' lang='lat' dir='ltr'>TERTIUM</span> <span class='ocrx_word' id='word_1_192' title='bbox 420 1234 624 1276; x_wconf 83' lang='lat' dir='ltr'>dicendum,</span> <span class='ocrx_word' id='word_1_193' title='bbox 640 1233 736 1280; x_wconf 89' lang='lat' dir='ltr'>quod</span> <span class='ocrx_word' id='word_1_194' title='bbox 751 1235 841 1268; x_wconf 91' lang='lat' dir='ltr'>inter</span> <span class='ocrx_word' id='word_1_195' title='bbox 860 1233 995 1268; x_wconf 88' lang='lat' dir='ltr'>fructus</span> <span class='ocrx_word' id='word_1_196' title='bbox 1010 1242 1195 1280; x_wconf 88' lang='lat' dir='ltr'>ponuntur</span> <span class='ocrx_word' id='word_1_197' title='bbox 1213 1234 1296 1276; x_wconf 80' lang='lat' dir='ltr'>duo,</span> <span class='ocrx_word' id='word_1_198' title='bbox 1311 1246 1402 1280; x_wconf 85' lang='lat' dir='ltr'>quae</span> <span class='ocrx_word' id='word_1_199' title='bbox 1418 1233 1635 1268; x_wconf 80' lang='lat' dir='ltr'>sufficienter</span> 
     </span>
     <span class='ocr_line' id='line_1_22' title="bbox 79 1287 1635 1335; baseline -0.001 -12"><span class='ocrx_word' id='word_1_200' title='bbox 79 1289 361 1335; x_wconf 86' lang='lat' dir='ltr'>correspondent</span> <span class='ocrx_word' id='word_1_201' title='bbox 381 1288 478 1322; x_wconf 92' lang='lat' dir='ltr'>dono</span> <span class='ocrx_word' id='word_1_202' title='bbox 497 1287 732 1330; x_wconf 83' lang='lat' dir='ltr'>fortitudinis3</span> <span class='ocrx_word' id='word_1_203' title='bbox 747 1287 901 1322; x_wconf 87' lang='lat' dir='ltr'>scilicet:</span> <span class='ocrx_word' id='word_1_204' title='bbox 917 1287 1099 1334; x_wconf 88' lang='lat' dir='ltr'>patientia,</span> <span class='ocrx_word' id='word_1_205' title='bbox 1115 1298 1206 1333; x_wconf 89' lang='lat' dir='ltr'>quae</span> <span class='ocrx_word' id='word_1_206' title='bbox 1225 1288 1367 1334; x_wconf 87' lang='lat' dir='ltr'>respicit</span> <span class='ocrx_word' id='word_1_207' title='bbox 1385 1287 1635 1322; x_wconf 81' lang='lat' dir='ltr'>sustinentiam</span> 
     </span>
     <span class='ocr_line' id='line_1_23' title="bbox 78 1341 1635 1388; baseline -0.002 -11"><span class='ocrx_word' id='word_1_208' title='bbox 78 1342 280 1384; x_wconf 88' lang='lat' dir='ltr'>malorum;</span> <span class='ocrx_word' id='word_1_209' title='bbox 303 1350 337 1376; x_wconf 89' lang='lat' dir='ltr'>et</span> <span class='ocrx_word' id='word_1_210' title='bbox 357 1341 624 1388; x_wconf 79' lang='lat' dir='ltr'>longanimitas,</span> <span class='ocrx_word' id='word_1_211' title='bbox 647 1352 738 1387; x_wconf 84' lang='lat' dir='ltr'>quae</span> <span class='ocrx_word' id='word_1_212' title='bbox 759 1341 936 1387; x_wconf 87' lang='lat' dir='ltr'>respicere</span> <span class='ocrx_word' id='word_1_213' title='bbox 958 1349 1076 1387; x_wconf 89' lang='lat' dir='ltr'>potest</span> <span class='ocrx_word' id='word_1_214' title='bbox 1102 1341 1307 1375; x_wconf 80' lang='lat' dir='ltr'>diuturnam</span> <span class='ocrx_word' id='word_1_215' title='bbox 1334 1341 1635 1387; x_wconf 76' lang='lat' dir='ltr'>expectationem,</span> 
     </span>
     <span class='ocr_line' id='line_1_24' title="bbox 79 1395 596 1443; baseline -0.006 -12"><span class='ocrx_word' id='word_1_216' title='bbox 79 1404 114 1431; x_wconf 90' lang='lat' dir='ltr'>et</span> <span class='ocrx_word' id='word_1_217' title='bbox 135 1396 384 1443; x_wconf 85' lang='lat' dir='ltr'>operationem</span> <span class='ocrx_word' id='word_1_218' title='bbox 405 1395 596 1429; x_wconf 90' lang='lat' dir='ltr'>bonorum.</span> 
     </span>
    </p>
   </div>
   <div class='ocr_carea' id='block_1_3' title="bbox 594 1661 1142 1722">
    <p class='ocr_par' dir='ltr' id='par_1_7' title="bbox 594 1661 1142 1722">
     <span class='ocr_line' id='line_1_25' title="bbox 594 1661 1142 1722; baseline 0.002 -14"><span class='ocrx_word' id='word_1_219' title='bbox 594 1661 946 1722; x_wconf 73' lang='lat' dir='ltr'><strong>QUAESTIQ</strong></span> <span class='ocrx_word' id='word_1_220' title='bbox 991 1661 1142 1709; x_wconf 89' lang='lat' dir='ltr'>CXL.</span> 
     </span>
    </p>
   </div>
   <div class='ocr_carea' id='block_1_4' title="bbox 128 1784 1589 1823">
    <p class='ocr_par' dir='ltr' id='par_1_8' title="bbox 128 1784 1589 1823">
     <span class='ocr_line' id='line_1_26' title="bbox 128 1784 1589 1823; baseline -0.001 -7"><span class='ocrx_word' id='word_1_221' title='bbox 128 1785 190 1816; x_wconf 91' lang='lat' dir='ltr'>DE</span> <span class='ocrx_word' id='word_1_222' title='bbox 215 1784 495 1816; x_wconf 85' lang='lat' dir='ltr'>PRAECEPTIS</span> <span class='ocrx_word' id='word_1_223' title='bbox 522 1784 868 1823; x_wconf 81' lang='lat' dir='ltr'><strong>FORTITUDINIS,</strong></span> <span class='ocrx_word' id='word_1_224' title='bbox 898 1784 948 1814; x_wconf 85' lang='lat' dir='ltr'>IN</span> <span class='ocrx_word' id='word_1_225' title='bbox 975 1784 1099 1816; x_wconf 85' lang='lat' dir='ltr'>DUOS</span> <span class='ocrx_word' id='word_1_226' title='bbox 1126 1784 1386 1817; x_wconf 83' lang='lat' dir='ltr'>ARTICULOS</span> <span class='ocrx_word' id='word_1_227' title='bbox 1413 1785 1589 1817; x_wconf 74' lang='lat' dir='ltr'><strong>DIVISA.</strong></span> 
     </span>
    </p>
   </div>
   <div class='ocr_carea' id='block_1_5' title="bbox 151 1922 1230 1969">
    <p class='ocr_par' dir='ltr' id='par_1_9' title="bbox 151 1922 1230 1969">
     <span class='ocr_line' id='line_1_27' title="bbox 151 1922 1230 1969; baseline 0.001 -12"><span class='ocrx_word' id='word_1_228' title='bbox 151 1923 292 1958; x_wconf 90' lang='lat' dir='ltr'>Deinde</span> <span class='ocrx_word' id='word_1_229' title='bbox 318 1922 619 1957; x_wconf 88' lang='lat' dir='ltr'>considerandum</span> <span class='ocrx_word' id='word_1_230' title='bbox 641 1931 694 1957; x_wconf 88' lang='lat' dir='ltr'>est</span> <span class='ocrx_word' id='word_1_231' title='bbox 714 1923 757 1957; x_wconf 90' lang='lat' dir='ltr'>de</span> <span class='ocrx_word' id='word_1_232' title='bbox 779 1923 978 1969; x_wconf 87' lang='lat' dir='ltr'>praeceptis</span> <span class='ocrx_word' id='word_1_233' title='bbox 1000 1922 1230 1958; x_wconf 88' lang='lat' dir='ltr'>fortitudinis.</span> 
     </span>
    </p>
   </div>
   <div class='ocr_carea' id='block_1_6' title="bbox 586 2013 1139 2058">
    <p class='ocr_par' dir='ltr' id='par_1_10' title="bbox 586 2013 1139 2058">
     <span class='ocr_line' id='line_1_28' title="bbox 586 2013 1139 2058; baseline -0.002 -10"><span class='ocrx_word' id='word_1_234' title='bbox 586 2014 631 2048; x_wconf 83' lang='lat' dir='ltr'>Et</span> <span class='ocrx_word' id='word_1_235' title='bbox 651 2014 740 2047; x_wconf 79' lang='lat' dir='ltr'>circa</span> <span class='ocrx_word' id='word_1_236' title='bbox 761 2013 819 2047; x_wconf 80' lang='lat' dir='ltr'>hoc</span> <span class='ocrx_word' id='word_1_237' title='bbox 841 2018 1045 2058; x_wconf 71' lang='lat' dir='ltr'>quaeruntur</span> <span class='ocrx_word' id='word_1_238' title='bbox 1067 2013 1139 2047; x_wconf 82' lang='lat' dir='ltr'>duo.</span> 
     </span>
    </p>
   </div>
   <div class='ocr_carea' id='block_1_7' title="bbox 151 2084 966 2184">
    <p class='ocr_par' dir='ltr' id='par_1_11' title="bbox 151 2084 966 2184">
     <span class='ocr_line' id='line_1_29' title="bbox 151 2084 966 2131; baseline -0.001 -12"><span class='ocrx_word' id='word_1_239' title='bbox 151 2085 286 2119; x_wconf 88' lang='lat' dir='ltr'>Primo.</span> <span class='ocrx_word' id='word_1_240' title='bbox 307 2085 363 2119; x_wconf 91' lang='lat' dir='ltr'>De</span> <span class='ocrx_word' id='word_1_241' title='bbox 385 2085 582 2131; x_wconf 85' lang='lat' dir='ltr'>praeceptis</span> <span class='ocrx_word' id='word_1_242' title='bbox 603 2085 713 2131; x_wconf 87' lang='lat' dir='ltr'>ipsius</span> <span class='ocrx_word' id='word_1_243' title='bbox 734 2084 966 2118; x_wconf 87' lang='lat' dir='ltr'>fortitudinis.</span> 
     </span>
     <span class='ocr_line' id='line_1_30' title="bbox 154 2137 916 2184; baseline -0.001 -12"><span class='ocrx_word' id='word_1_244' title='bbox 154 2137 333 2172; x_wconf 88' lang='lat' dir='ltr'>Secundo.</span> <span class='ocrx_word' id='word_1_245' title='bbox 355 2138 411 2172; x_wconf 87' lang='lat' dir='ltr'>De</span> <span class='ocrx_word' id='word_1_246' title='bbox 432 2138 630 2184; x_wconf 85' lang='lat' dir='ltr'>praeceptis</span> <span class='ocrx_word' id='word_1_247' title='bbox 652 2138 806 2184; x_wconf 87' lang='lat' dir='ltr'>partium</span> <span class='ocrx_word' id='word_1_248' title='bbox 831 2139 916 2183; x_wconf 76' lang='lat' dir='ltr'>ejus.</span> 
     </span>
    </p>
   </div>
   <div class='ocr_carea' id='block_1_8' title="bbox 656 2296 1633 2344">
    <p class='ocr_par' dir='ltr' id='par_1_12' title="bbox 656 2296 1633 2344">
     <span class='ocr_line' id='line_1_31' title="bbox 656 2296 1633 2344; baseline 0.005 -5"><span class='ocrx_word' id='word_1_249' title='bbox 656 2296 998 2341; x_wconf 87' lang='lat' dir='ltr'><strong>ARTICULUS</strong></span> <span class='ocrx_word' id='word_1_250' title='bbox 1034 2298 1066 2341; x_wconf 89' lang='lat' dir='ltr'>I.</span> <span class='ocrx_word' id='word_1_251' title='bbox 1570 2308 1633 2344; x_wconf 80' lang='lat'>681</span> 
     </span>
    </p>
   </div>
   <div class='ocr_carea' id='block_1_9' title="bbox 288 2404 1429 2500">
    <p class='ocr_par' dir='ltr' id='par_1_13' title="bbox 288 2404 1429 2500">
     <span class='ocr_line' id='line_1_32' title="bbox 288 2404 1429 2435; baseline -0.001 -1"><span class='ocrx_word' id='word_1_252' title='bbox 288 2404 440 2434; x_wconf 85' lang='lat' dir='ltr'><strong>UTRUM</strong></span> <span class='ocrx_word' id='word_1_253' title='bbox 473 2404 803 2434; x_wconf 88' lang='lat' dir='ltr'>CONVENIENTER</span> <span class='ocrx_word' id='word_1_254' title='bbox 836 2404 1146 2435; x_wconf 88' lang='lat' dir='ltr'>FORTITUDINIS</span> <span class='ocrx_word' id='word_1_255' title='bbox 1179 2405 1429 2434; x_wconf 74' lang='lat' dir='ltr'>PRAECEPTA</span> 
     </span>
     <span class='ocr_line' id='line_1_33' title="bbox 513 2469 1193 2500; baseline 0.001 -2"><span class='ocrx_word' id='word_1_256' title='bbox 513 2470 556 2499; x_wconf 93' lang='lat' dir='ltr'>IN</span> <span class='ocrx_word' id='word_1_257' title='bbox 588 2469 699 2498; x_wconf 86' lang='lat' dir='ltr'>LEGE</span> <span class='ocrx_word' id='word_1_258' title='bbox 731 2469 882 2498; x_wconf 82' lang='lat' dir='ltr'><strong>DIVINA</strong></span> <span class='ocrx_word' id='word_1_259' title='bbox 914 2469 1193 2500; x_wconf 88' lang='lat' dir='ltr'><strong>TRADANTUR.</strong></span> 
     </span>
    </p>
   </div>
   <div class='ocr_carea' id='block_1_10' title="bbox 83 2555 1638 2867">
    <p class='ocr_par' dir='ltr' id='par_1_14' title="bbox 83 2555 1636 2761">
     <span class='ocr_line' id='line_1_34' title="bbox 153 2555 1636 2602; baseline -0.001 -10"><span class='ocrx_word' id='word_1_260' title='bbox 153 2557 213 2591; x_wconf 88' lang='lat' dir='ltr'>AD</span> <span class='ocrx_word' id='word_1_261' title='bbox 239 2567 387 2592; x_wconf 77' lang='lat' dir='ltr'><strong>PRIMUM</strong></span> <span class='ocrx_word' id='word_1_262' title='bbox 406 2557 455 2590; x_wconf 88' lang='lat' dir='ltr'>sic</span> <span class='ocrx_word' id='word_1_263' title='bbox 477 2555 691 2602; x_wconf 89' lang='lat' dir='ltr'>proceditur.</span> <span class='ocrx_word' id='word_1_264' title='bbox 710 2555 871 2599; x_wconf 82' lang='lat' dir='ltr'>Videtur,</span> <span class='ocrx_word' id='word_1_265' title='bbox 892 2556 987 2602; x_wconf 92' lang='lat' dir='ltr'>quod</span> <span class='ocrx_word' id='word_1_266' title='bbox 1009 2568 1081 2590; x_wconf 87' lang='lat' dir='ltr'>non</span> <span class='ocrx_word' id='word_1_267' title='bbox 1097 2557 1351 2591; x_wconf 88' lang='lat' dir='ltr'>convenienter</span> <span class='ocrx_word' id='word_1_268' title='bbox 1365 2557 1401 2590; x_wconf 89' lang='lat' dir='ltr'>in</span> <span class='ocrx_word' id='word_1_269' title='bbox 1420 2556 1500 2602; x_wconf 84' lang='lat' dir='ltr'>lege</span> <span class='ocrx_word' id='word_1_270' title='bbox 1516 2556 1636 2590; x_wconf 85' lang='lat' dir='ltr'>divina</span> 
     </span>
     <span class='ocr_line' id='line_1_35' title="bbox 83 2608 1636 2656; baseline -0.001 -12"><span class='ocrx_word' id='word_1_271' title='bbox 83 2618 274 2656; x_wconf 87' lang='lat' dir='ltr'>praecepta</span> <span class='ocrx_word' id='word_1_272' title='bbox 294 2609 509 2643; x_wconf 89' lang='lat' dir='ltr'>fortitudinis</span> <span class='ocrx_word' id='word_1_273' title='bbox 530 2608 732 2642; x_wconf 84' lang='lat' dir='ltr'>tradantur:</span> <span class='ocrx_word' id='word_1_274' title='bbox 755 2608 811 2642; x_wconf 84' lang='lat' dir='ltr'>lex</span> <span class='ocrx_word' id='word_1_275' title='bbox 833 2609 929 2643; x_wconf 89' lang='lat' dir='ltr'>enim</span> <span class='ocrx_word' id='word_1_276' title='bbox 950 2621 1046 2643; x_wconf 84' lang='lat' dir='ltr'>nova</span> <span class='ocrx_word' id='word_1_277' title='bbox 1067 2609 1255 2655; x_wconf 87' lang='lat' dir='ltr'>perfectior</span> <span class='ocrx_word' id='word_1_278' title='bbox 1270 2618 1321 2643; x_wconf 84' lang='lat' dir='ltr'>est</span> <span class='ocrx_word' id='word_1_279' title='bbox 1334 2610 1446 2644; x_wconf 85' lang='lat' dir='ltr'>veteri</span> <span class='ocrx_word' id='word_1_280' title='bbox 1461 2609 1557 2655; x_wconf 82' lang='lat' dir='ltr'>lege:</span> <span class='ocrx_word' id='word_1_281' title='bbox 1574 2610 1636 2644; x_wconf 89' lang='lat' dir='ltr'>sed</span> 
     </span>
     <span class='ocr_line' id='line_1_36' title="bbox 83 2661 1636 2708; baseline 0 -12"><span class='ocrx_word' id='word_1_282' title='bbox 83 2663 120 2696; x_wconf 89' lang='lat' dir='ltr'>in</span> <span class='ocrx_word' id='word_1_283' title='bbox 139 2662 251 2696; x_wconf 84' lang='lat' dir='ltr'>veteri</span> <span class='ocrx_word' id='word_1_284' title='bbox 271 2661 352 2708; x_wconf 85' lang='lat' dir='ltr'>lege</span> <span class='ocrx_word' id='word_1_285' title='bbox 373 2670 554 2708; x_wconf 85' lang='lat' dir='ltr'>ponuntur</span> <span class='ocrx_word' id='word_1_286' title='bbox 576 2661 694 2707; x_wconf 81' lang='lat' dir='ltr'>aliqua</span> <span class='ocrx_word' id='word_1_287' title='bbox 714 2670 903 2707; x_wconf 80' lang='lat' dir='ltr'>praecepta</span> <span class='ocrx_word' id='word_1_288' title='bbox 923 2661 1151 2704; x_wconf 85' lang='lat' dir='ltr'>fortitudinis,</span> <span class='ocrx_word' id='word_1_289' title='bbox 1167 2670 1204 2696; x_wconf 91' lang='lat' dir='ltr'>ut</span> <span class='ocrx_word' id='word_1_290' title='bbox 1221 2670 1318 2707; x_wconf 86' lang='lat' dir='ltr'>patet</span> <span class='ocrx_word' id='word_1_291' title='bbox 1335 2663 1442 2696; x_wconf 84' lang='lat' dir='ltr'>Deut.</span> <span class='ocrx_word' id='word_1_292' title='bbox 1459 2673 1512 2697; x_wconf 88' lang='lat'>20.</span> <span class='ocrx_word' id='word_1_293' title='bbox 1526 2675 1534 2704; x_wconf 81' lang='lat'>3</span> <span class='ocrx_word' id='word_1_294' title='bbox 1550 2674 1636 2708; x_wconf 85' lang='lat' dir='ltr'>ergo</span> 
     </span>
     <span class='ocr_line' id='line_1_37' title="bbox 85 2714 1288 2761; baseline 0.001 -12"><span class='ocrx_word' id='word_1_295' title='bbox 85 2723 118 2750; x_wconf 89' lang='lat' dir='ltr'>et</span> <span class='ocrx_word' id='word_1_296' title='bbox 139 2716 175 2749; x_wconf 90' lang='lat' dir='ltr'>in</span> <span class='ocrx_word' id='word_1_297' title='bbox 195 2726 291 2749; x_wconf 89' lang='lat' dir='ltr'>nova</span> <span class='ocrx_word' id='word_1_298' title='bbox 308 2715 388 2761; x_wconf 84' lang='lat' dir='ltr'>lege</span> <span class='ocrx_word' id='word_1_299' title='bbox 411 2715 529 2760; x_wconf 86' lang='lat' dir='ltr'>aliqua</span> <span class='ocrx_word' id='word_1_300' title='bbox 550 2722 739 2760; x_wconf 82' lang='lat' dir='ltr'>praecepta</span> <span class='ocrx_word' id='word_1_301' title='bbox 760 2714 976 2749; x_wconf 85' lang='lat' dir='ltr'>fortitudinis</span> <span class='ocrx_word' id='word_1_302' title='bbox 998 2715 1114 2748; x_wconf 90' lang='lat' dir='ltr'>danda</span> <span class='ocrx_word' id='word_1_303' title='bbox 1134 2714 1288 2751; x_wconf 87' lang='lat' dir='ltr'>fuerunt.</span> 
     </span>
    </p>

    <p class='ocr_par' dir='ltr' id='par_1_15' title="bbox 89 2766 1638 2867">
     <span class='ocr_line' id='line_1_38' title="bbox 155 2766 1638 2816; baseline 0.002 -15"><span class='ocrx_word' id='word_1_304' title='bbox 155 2777 186 2801; x_wconf 88' lang='lat'>2.</span> <span class='ocrx_word' id='word_1_305' title='bbox 208 2768 442 2803; x_wconf 78' lang='lat' dir='ltr'>PRAETEREA.</span> <span class='ocrx_word' id='word_1_306' title='bbox 464 2768 659 2813; x_wconf 86' lang='lat' dir='ltr'>Praecepta</span> <span class='ocrx_word' id='word_1_307' title='bbox 681 2766 891 2802; x_wconf 85' lang='lat' dir='ltr'>affirmativa</span> <span class='ocrx_word' id='word_1_308' title='bbox 912 2768 1076 2802; x_wconf 84' lang='lat' dir='ltr'>videntur</span> <span class='ocrx_word' id='word_1_309' title='bbox 1098 2780 1174 2802; x_wconf 84' lang='lat' dir='ltr'>esse</span> <span class='ocrx_word' id='word_1_310' title='bbox 1196 2769 1337 2814; x_wconf 85' lang='lat' dir='ltr'>potiora</span> <span class='ocrx_word' id='word_1_311' title='bbox 1358 2769 1559 2816; x_wconf 83' lang='lat' dir='ltr'>praeceptis</span> <span class='ocrx_word' id='word_1_312' title='bbox 1577 2780 1638 2804; x_wconf 83' lang='lat' dir='ltr'>ne-</span> 
     </span>
     <span class='ocr_line' id='line_1_39' title="bbox 89 2819 1637 2867; baseline 0.001 -12"><span class='ocrx_word' id='word_1_313' title='bbox 89 2821 233 2867; x_wconf 88' lang='lat' dir='ltr'>gativis;</span> <span class='ocrx_word' id='word_1_314' title='bbox 255 2821 338 2867; x_wconf 89' lang='lat' dir='ltr'>quia</span> <span class='ocrx_word' id='word_1_315' title='bbox 365 2820 576 2854; x_wconf 85' lang='lat' dir='ltr'>affirmativa</span> <span class='ocrx_word' id='word_1_316' title='bbox 601 2819 789 2855; x_wconf 87' lang='lat' dir='ltr'>includunt</span> <span class='ocrx_word' id='word_1_317' title='bbox 814 2821 992 2867; x_wconf 81' lang='lat' dir='ltr'>negativa,</span> <span class='ocrx_word' id='word_1_318' title='bbox 1019 2822 1080 2855; x_wconf 89' lang='lat' dir='ltr'>sed</span> <span class='ocrx_word' id='word_1_319' title='bbox 1106 2833 1179 2855; x_wconf 89' lang='lat' dir='ltr'>non</span> <span class='ocrx_word' id='word_1_320' title='bbox 1202 2832 1220 2856; x_wconf 92' lang='lat' dir='ltr'>e</span> <span class='ocrx_word' id='word_1_321' title='bbox 1242 2833 1435 2865; x_wconf 89' lang='lat' dir='ltr'>converso;</span> <span class='ocrx_word' id='word_1_322' title='bbox 1464 2823 1637 2857; x_wconf 85' lang='lat' dir='ltr'>inconve-</span> 
     </span>
    </p>
   </div>
  </div>
 </body>
</html>
