1859 3122
211 162 294 204 912
607 163 826 198 QUAESTIO
861 164 1038 195 CXXXIX.
1070 165 1312 195 ARTICULUS
1344 166 1372 195 Ι.

209 242 306 276 ficiat
328 254 347 276 a
368 242 466 276 bono
496 250 644 288 propter
675 242 923 278 difficultatem
948 244 1006 278 vel
1039 244 1189 291 alicujus
1222 245 1323 279 ardui
1355 246 1472 293 operis
1503 247 1688 294 implendi,
1709 248 1767 283 vel

210 295 360 340 alicujus
388 295 506 340 gravis
536 295 623 329 mali
648 295 866 342 perferendi:
895 306 929 331 et
954 298 1154 332 secundum
1187 298 1258 333 1106
1284 298 1455 334 fortitudo
1480 301 1624 346 ponitur
1656 301 1767 336 virtus

210 348 387 394 specialis,
410 348 467 382 vel
490 348 680 394 generalis,
702 356 739 383 ut
761 361 867 394 supra
894 350 1029 385 dictum
1056 359 1109 385 est
1134 352 1182 397 (q.
1207 364 1271 398 123.
1298 358 1363 387 art.
1388 355 1458 399 2.):
1486 354 1548 388 sed
1574 354 1722 389 ulterius
1747 366 1767 388 a

212 401 344 446 Spiritu
361 401 496 435 Sancto
514 411 681 436 movetur
695 403 836 437 animus
850 403 1009 437 hominis
1024 403 1067 438 ad
1081 404 1164 447 hoc,
1176 406 1271 451 quod
1281 407 1464 451 perveniat
1479 407 1522 440 ad
1532 406 1641 441 finem
1652 408 1768 453 cujus-

209 453 296 488 libet
318 454 435 499 operis
457 455 631 497 inchoati,
654 463 689 490 et
710 455 838 490 evadat
859 468 1107 503 quaecumque
1129 458 1286 503 pericula
1307 458 1551 502 imminentia;
1574 460 1670 506 quod
1692 461 1764 507 qui-

211 507 293 540 dem
315 507 455 541 excedit
473 516 642 541 naturam
660 508 878 542 humanam:
899 510 1114 556 quandoque
1133 511 1229 544 enim
1243 522 1317 545 non
1331 512 1451 547 subest
1467 513 1635 559 potestati
1652 513 1768 548 homi-

208 560 274 602 nis,
294 569 331 594 ut
351 569 594 607 consequatur
612 561 721 596 finem
740 562 794 596 sui
809 563 937 609 operis,
955 563 1013 597 vel
1027 564 1154 598 evadat
1174 564 1282 607 mala,
1296 577 1359 600 seu
1373 566 1542 612 pericula,
1558 578 1641 600 cum
1660 578 1768 613 quan-

210 613 328 659 doque
344 615 574 660 opprimatur
587 615 629 649 ab
642 615 691 650 eis
701 615 737 649 in
749 624 876 650 morte:
887 616 948 650 sed
962 617 1032 650 hoc
1049 625 1217 663 operatur
1227 618 1376 664 Spiritus
1389 619 1541 654 Sanctus
1555 620 1591 653 in
1604 620 1765 662 homine,

210 678 291 701 cum
314 667 479 712 perducit
503 679 587 702 eum
611 669 653 702 ad
675 669 787 702 vitam
808 677 1002 712 aeternam,
1017 681 1108 716 quae
1130 679 1182 705 est
1202 671 1281 705 finis
1301 672 1464 706 omnium
1485 673 1665 707 bonorum
1685 684 1768 719 ope-

209 731 300 761 rum,
320 728 354 754 et
373 721 497 754 evasio
523 721 689 755 omnium
711 722 974 768 periculorum3
989 731 1024 757 et
1037 723 1141 769 hujus
1156 725 1206 758 rei
1223 724 1375 759 infundit
1388 726 1582 771 quamdam
1596 726 1766 760 fiduciam

209 774 321 807 menti
344 774 494 820 Spiritus
520 775 684 817 Sanctus,
719 776 938 810 contrarium
971 777 1141 810 timorem
1175 777 1388 820 excludens3
1410 786 1444 812 et
1470 779 1667 813 secundum
1694 779 1764 814 hoc

208 826 380 861 fortitudo
404 828 542 861 donum
568 828 720 874 Spiritus
747 829 871 863 Sancti
896 830 1055 875 ponitur:
1079 831 1214 864 dictum
1236 840 1288 865 est
1309 833 1405 866 enim
1427 843 1532 878 supra
1555 832 1631 876 (1-2.
1658 844 1689 879 q.
1710 833 1765 869 68.

207 886 272 916 art.
298 891 326 914 Ι.
349 886 377 915 ct
394 882 454 926 2),
488 882 584 927 quod
606 882 701 916 dona
722 882 917 928 respiciunt
938 883 1139 917 motionem
1162 885 1304 918 animae
1327 896 1346 918 a
1368 885 1501 930 Spiritu
1524 885 1670 920 Sancto.

279 934 338 967 AD
365 945 517 969 PRIMUM
541 946 626 981 ergo
650 935 854 977 dicendum,
874 937 968 982 quod
996 935 1179 979 fortitudo,
1201 949 1292 983 quae
1315 946 1366 972 est
1385 938 1508 980 virtus,
1537 938 1674 984 perficit
1695 939 1768 973 ani-

208 998 309 1020 mum
333 987 375 1020 ad
398 988 649 1022 sustinendum
672 1000 921 1035 quaecumque
955 989 1130 1035 pericula:
1154 991 1215 1025 sed
1236 1002 1310 1025 non
1332 990 1461 1026 sufficit
1486 991 1569 1026 dare
1595 991 1765 1026 fiduciam

207 1041 381 1074 evadendi
406 1052 660 1087 quaecumque
689 1042 860 1088 pericula,
893 1043 954 1076 sed
975 1043 1045 1077 hoc
1072 1044 1225 1088 pertinet
1250 1044 1294 1078 ad
1314 1043 1572 1087 fortitudinem,
1594 1056 1685 1091 quae
1712 1053 1764 1079 est

209 1094 345 1127 donum
369 1094 521 1139 Spiritus
545 1094 678 1129 Sancti.

279 1147 338 1180 AD
358 1158 571 1182 SECUNDUM
586 1148 791 1191 dicendum,
814 1148 909 1195 quod
932 1149 1026 1183 dona
1048 1160 1121 1183 non
1142 1150 1275 1184 habent
1297 1150 1445 1185 eosdem
1467 1159 1566 1185 actus
1587 1151 1623 1184 in
1641 1151 1765 1197 patria,

207 1211 297 1245 quos
318 1200 452 1234 habent
469 1201 507 1234 in
521 1201 597 1244 via3
614 1202 674 1235 sed
689 1201 737 1235 ibi
750 1202 884 1236 habent
905 1210 1004 1236 actus
1026 1202 1119 1236 circa
1141 1202 1413 1248 perfruitionem
1430 1204 1527 1246 finis;
1550 1204 1644 1238 unde
1666 1212 1765 1239 actus

205 1252 422 1287 fortitudinis
444 1254 491 1286 ibi
518 1262 569 1288 est
591 1254 722 1299 perfrui
744 1254 848 1301 plena
870 1255 1059 1289 securitate
1081 1267 1099 1289 a
1122 1255 1314 1298 laboribus,
1337 1265 1371 1290 et
1391 1256 1507 1294 malis.

274 1303 337 1340 'AD
354 1317 523 1341 TERTmM
545 1307 752 1349 dicendum,
775 1308 870 1354 quod
892 1308 1029 1342 donum
1050 1307 1266 1343 fortitudinis
1287 1310 1432 1355 respicit
1448 1310 1617 1344 virtutem
1632 1309 1767 1345 fortitu-

207 1359 311 1401 dinis,
333 1371 406 1393 non
429 1360 550 1393 solum
572 1361 770 1394 secundum
794 1361 889 1406 quod
912 1361 1074 1395 consistit
1096 1362 1130 1395 in
1152 1362 1360 1397 sustinendo
1382 1363 1550 1409 pericula,
1572 1363 1633 1398 sed
1656 1364 1763 1398 etiam

207 1412 407 1446 secundum
430 1413 525 1458 quod
549 1413 712 1448 consistit
732 1414 768 1447 in
790 1425 1020 1460 quocumque
1039 1414 1150 1448 arduo
1167 1426 1274 1460 opere
1289 1415 1472 1458 faciend03
1487 1424 1521 1450 et
1531 1416 1613 1450 ideo
1629 1417 1765 1451 donum

207 1464 424 1499 fortitudinis
447 1465 611 1511 dirigitur
633 1478 652 1500 a
674 1466 771 1501 dono
794 1467 946 1509 consilii,
969 1468 1064 1513 quod
1089 1468 1229 1502 videtur
1253 1469 1443 1515 praecipue
1471 1480 1548 1504 esse
1574 1469 1617 1503 de
1643 1469 1766 1504 melio-

209 1518 304 1552 ribus
325 1518 441 1552 bonis.

772 1637 1114 1682 ARTICULUS
1144 1639 1199 1681 II.
1697 1649 1765 1685 680

520 1746 672 1775 UTRUM
705 1746 883 1781 QUARTA
915 1746 1187 1786 BEATITUDO,
1220 1746 1417 1776 SCILICET
1437 1748 1446 1775 :

335 1811 517 1850 BEATI,
554 1811 649 1846 QUI
681 1811 963 1851 ESURIUNT,
997 1812 1051 1840 ET
1086 1811 1311 1841 SITIUNT
1339 1811 1646 1853 JUSTITIAM,

584 1876 871 1907 RESPONDEAT
905 1876 1030 1907 DONO
1065 1876 1386 1906 FORTITUDINIS.

230 1964 334 2009 (Insr.
362 1976 391 2010 q.
420 1965 486 2010 183.
514 1970 544 1999 et
574 1974 636 1999 1-2.
664 1977 693 2010 q.
721 1965 778 2011 69.
805 1970 870 2000 art.
893 1977 922 2011 3.
950 1965 991 1999 ad
1013 1977 1041 2012 3.
1067 1970 1096 2000 et
1117 1977 1144 2012 3.
1172 1965 1261 2000 Dist.
1285 1976 1338 2011 34.
1365 1976 1394 2010 q.
1421 1977 1449 1999 1.
1475 1969 1539 1998 art.
1565 1974 1598 2008 4.
1624 1968 1655 1998 et
1679 1962 1739 2008 6.).

278 2053 338 2086 AD
369 2063 578 2087 SECUNDUM
606 2053 655 2087 sic
683 2054 897 2100 proceditur.
929 2053 1091 2096 Videtur,
1118 2055 1214 2101 quod
1241 2062 1365 2100 quarta
1391 2054 1585 2096 beatitudo,
1612 2053 1762 2088 scilicet:

205 2107 309 2147 Beati,
333 2108 389 2151 qui
410 2108 566 2148 esm‘imzt,
590 2112 618 2141 et
635 2109 934 2153 sitizcntjustitz'am,
950 2119 1023 2141 non
1038 2109 1252 2153 respondeat
1266 2108 1362 2141 dono
1377 2107 1610 2141 fortitudinis:
1627 2107 1763 2141 donum

207 2159 306 2194 enim
332 2159 552 2194 fortitudinis
574 2171 647 2194 non
670 2161 863 2205 respondet
883 2161 1003 2194 virtuti
1024 2161 1188 2206 justitiae,
1211 2161 1272 2195 sed
1299 2161 1418 2206 potius
1445 2161 1581 2194 donum
1607 2160 1764 2206 pietatis:

205 2213 267 2248 sed
291 2213 436 2255 esurire,
461 2220 494 2247 et
517 2213 614 2247 sitire
636 2213 809 2259 justitiam
831 2214 984 2260 pertinet
1006 2214 1048 2247 ad
1071 2222 1191 2248 actum
1213 2214 1386 2259 justitiae3
1402 2224 1488 2259 ergo
1502 2213 1683 2247 beatitudo
1697 2213 1763 2247 ista

205 2267 321 2312 magis
343 2266 495 2312 pertinet
510 2266 552 2300 ad
569 2274 689 2300 actum
702 2267 875 2312 justitiae3
891 2278 976 2312 ergo
991 2267 1174 2301 beatitudo
1193 2267 1259 2301 ista
1273 2267 1388 2312 magis
1403 2267 1555 2312 pertinet
1569 2266 1611 2300 ad
1627 2266 1763 2300 donum

206 2320 357 2367 pietatis,
385 2331 494 2366 quam
514 2319 557 2353 ad
579 2319 716 2353 donum
735 2319 962 2353 fortitudinis.

277 2385 307 2408 2.
330 2373 565 2407 PRAETEREA.
588 2372 742 2415 Esuries‚
765 2381 798 2407 et
816 2373 889 2407 sitis
911 2373 1064 2418 justitiae
1084 2373 1253 2418 importat
1267 2373 1483 2407 desiderium
1496 2373 1601 2408 boni:
1616 2372 1677 2407 sed
1691 2372 1762 2407 hoc

205 2427 347 2474 proprie
359 2426 513 2472 pertinet
528 2426 571 2460 ad
587 2426 810 2468 charitatem,
826 2426 882 2460 cui
897 2437 969 2459 non
981 2427 1172 2472 respondet
1183 2427 1318 2460 donum
1330 2426 1557 2467 fortitudinis,
1572 2426 1632 2460 sed
1648 2426 1763 2472 magis

206 2481 344 2515 donum
367 2480 576 2526 sapientiae,
599 2488 636 2513 ut
655 2491 759 2526 supra
782 2479 916 2513 dictum
940 2488 992 2513 est
1015 2480 1059 2525 (q.
1081 2482 1169 2525 45.);
1197 2491 1284 2524 ergo
1310 2480 1377 2514 ista
1403 2479 1586 2514 beatitudo
1613 2490 1687 2513 non
1713 2489 1763 2513 re-

204 2534 359 2580 spondet
380 2534 478 2567 dono
500 2532 728 2574 fortitudinis,
750 2533 810 2566 sed
833 2533 929 2566 dono
951 2533 1156 2578 sapientiae.

278 2599 306 2633 3.
330 2587 566 2621 PRAETEREA.
589 2586 738 2620 Fructus
762 2594 1028 2631 consequuntur
1043 2586 1085 2619 ad
1101 2586 1355 2629 beatitudinesg
1375 2585 1457 2632 quia
1471 2585 1514 2619 de
1528 2586 1666 2619 ratione
1683 2584 1763 2619 bea-

204 2641 364 2675 titudinis
387 2648 439 2674 est
461 2640 671 2674 delectatio:
693 2647 730 2673 ut
753 2639 878 2673 dicitur
900 2639 934 2671 in
959 2650 985 2672 1.
1009 2639 1123 2672 Ethic.
1147 2641 1234 2685 (cap.
1257 2639 1328 2683 8.):
1352 2639 1413 2673 sed
1432 2639 1469 2672 in
1490 2638 1661 2672 fructibus
1687 2648 1761 2672 non

204 2694 344 2728 videtur
355 2693 489 2738 aliquid
504 2693 601 2739 poni,
617 2693 713 2738 quod
732 2693 907 2738 pertineat
926 2692 967 2725 ad
984 2691 1249 2734 fortitudinem3
1265 2703 1350 2738 ergo
1364 2703 1430 2725 nec
1445 2691 1627 2726 beatitudo
1643 2690 1761 2737 aliqua

204 2747 237 2781 ei
258 2746 461 2792 respondet.

276 2800 349 2834 SED
362 2810 515 2834 CONTRA
531 2807 595 2841 est,
607 2799 703 2846 quod
715 2799 962 2844 August.dicit
974 2798 1007 2831 in
1019 2798 1076 2831 lib.
1094 2809 1119 2832 1.
1135 2799 1178 2832 de
1194 2799 1269 2832 Ser.
1285 2798 1394 2831 Dom.
1410 2798 1445 2831 in
1461 2806 1584 2832 monte
1595 2797 1759 2843 (cap.4.):

207 2866 223 2885 «
246 2853 432 2888 Fortitudo
455 2853 622 2899 congruit
644 2853 889 2894 esurientibus,
912 2860 945 2886 et
966 2851 1182 2886 sitientibus:
1206 2851 1370 2886 laborant
1396 2851 1491 2885 enim
1518 2851 1760 2885 desiderantes
