1859 3122
525 160 747 197 QUAESTIO
782 160 912 191 varr.
947 161 1192 191 ART1cutus
1225 161 1253 191 1.
1581 164 1665 207 497

109 256 126 276 «
141 243 286 278 Falcem
308 242 429 287 judicii
452 243 593 277 mittere
615 254 689 277 non
711 251 813 289 potes
834 242 871 276 in
890 254 971 277 earn
993 251 1166 288 segetem,
1188 254 1280 289 quae
1303 242 1404 278 alteri
1425 242 1566 278 videtur
1592 255 1668 279 esse

107 297 304 331 commissa
320 310 351 330 n.

177 350 405 385 RESPONDEO
429 350 634 392 dicendum,
657 350 752 396 quod
780 350 955 384 sententia
976 350 1103 395 judicis
1126 358 1179 384 est
1199 350 1300 396 quasi
1319 350 1497 396 quaedam
1520 351 1671 397 particu-

105 403 188 438 laris
211 403 267 438 lex
289 404 324 437 in
347 403 467 450 aliquo
490 403 695 450 particulari
717 403 836 445 sacto,
860 412 894 438 et
915 404 997 438 ideo
1019 404 1111 438 sicut
1132 403 1188 437 lex
1211 403 1389 449 generalis
1411 404 1516 438 debet
1534 405 1666 439 habere

105 457 179 491 vim
203 459 416 499 coactivam,
448 465 485 491 ut
514 465 610 503 patet
640 469 703 503 per
730 457 866 490 Philos.
895 457 931 490 in
966 467 1017 491 10.
1045 457 1161 490 Ethic.
1195 456 1284 503 (cap.
1307 458 1395 502 ult),
1423 458 1471 492 ita
1498 458 1607 492 etiam
1637 468 1671 493 ct

105 510 281 545 sententia
298 511 425 555 judicis
447 511 552 544 debet
570 510 701 544 habere
714 511 787 543 vim
803 510 1018 552 coactivam,
1033 522 1096 556 per
1111 521 1220 556 quam
1236 511 1502 556 constringatur
1520 520 1669 558 utraque

105 575 186 610 pars
209 564 251 597 ad
273 564 488 598 servandam
510 564 725 598 sententiam
747 563 886 608 judicis,
915 563 1074 609 alioquin
1102 563 1275 608 judicium
1302 575 1376 597 non
1404 573 1497 599 esset
1523 564 1668 600 efficax:

105 625 323 664 potestatem
346 625 466 651 autem
489 617 692 651 coactivam
714 628 787 650 non
809 617 917 650 habet
938 616 1034 651 licite
1055 617 1092 650 in
1114 617 1218 650 rebus
1240 617 1421 659 humanis,
1443 618 1511 652 nisi
1529 618 1589 653 ille
1608 619 1668 665 qui

104 670 263 716 fungitur
276 670 419 715 publica
433 678 628 717 potestate:
649 678 683 704 et
701 670 761 716 qui
780 681 822 704 ea
840 669 1047 715 funguntur,
1063 670 1266 716 superiores
1280 679 1489 716 reputantur
1504 680 1669 718 respectu

106 735 245 765 eorum,
267 724 302 757 in
325 735 415 770 quos
438 724 529 758 sicut
550 724 586 757 in
608 723 768 758 subditos
791 731 1007 769 potestatem
1031 723 1222 768 accipiunt,
1249 724 1324 758 sive
1350 724 1507 759 habeant
1529 726 1668 759 ordina-

106 777 207 819 riam,
229 777 303 811 sive
331 789 392 823 per
414 777 736 818 commissionem3
764 784 797 810 et
824 776 906 810 ideo
935 776 1167 810 manifestum
1195 786 1258 819 est,
1281 777 1377 822 quod
1404 777 1524 812 nullus
1552 787 1670 824 potest

105 830 264 876 judicare
287 830 454 877 aliquem,
476 831 544 864 nisi
565 832 609 864 sit
632 829 752 876 aliquo
775 830 887 864 modo
910 830 1070 864 subditus
1093 831 1180 876 ejus,
1199 830 1257 864 vel
1275 842 1337 876 per
1356 832 1668 875 commissionem,

105 883 164 918 vel
185 895 247 929 per
269 892 483 930 potestatem
507 883 738 918 ordinariam.

176 938 236 972 AD
258 948 407 973 PRIMUM
429 948 516 983 ergo
539 937 745 979 dicendum,
767 937 863 983 quod
885 936 1019 971 Daniel
1046 937 1184 983 accepit
1210 945 1427 983 potestatem
1449 938 1492 972 ad
1514 939 1671 984 judican-

105 991 191 1025 dum
213 991 294 1025 illos
315 991 486 1032 seniores,
508 991 610 1036 quasi
631 991 868 1024 commissam
891 1001 933 1024 ex
954 991 1124 1024 instinctu
1147 991 1288 1025 divino:
1312 991 1408 1037 quod
1428 991 1589 1037 signatur
1607 1005 1670 1038 per

103 1045 175 1078 hoc
197 1045 293 1091 quod
316 1045 450 1078 ibidem
473 1044 610 1085 dicitur,
634 1044 730 1089 quod
752 1045 921 1078 suscitavit
943 1045 1110 1078 Dominus
1130 1046 1284 1090 spiritum
1302 1046 1402 1090 pueri
1417 1046 1574 1090 junioris.

176 1098 235 1131 AD
261 1108 468 1132 SECUNDUM
495 1097 700 1139 dicendum,
723 1098 819 1143 quod
846 1098 883 1131 in
910 1097 1014 1131 rebus
1036 1098 1205 1131 humanis
1234 1097 1343 1144 aliqui
1370 1099 1513 1144 propria
1540 1107 1667 1145 sponte

104 1159 254 1197 possunt
271 1162 308 1185 se
329 1151 503 1195 subjicere
525 1150 680 1185 aliorum
698 1150 844 1195 judicio,
868 1151 1033 1197 quamvis
1059 1162 1133 1184 non
1155 1151 1225 1185 sint
1247 1151 1296 1185 eis
1319 1152 1546 1198 superiores;
1575 1153 1667 1186 sicut

104 1212 202 1250 patet
221 1204 257 1237 in
278 1204 346 1245 his,
368 1204 429 1250 qui
451 1204 753 1250 compromittunt
770 1205 805 1238 in
826 1204 966 1250 aliquos
986 1204 1149 1247 arbitros,
1169 1213 1203 1239 et
1221 1205 1303 1239 inde
1323 1213 1386 1247 est,
1406 1207 1503 1251 quod
1522 1217 1669 1240 necesse

105 1265 158 1291 est
179 1257 362 1291 arbitrium
384 1268 502 1303 poena
522 1257 650 1291 vallari
666 1270 672 1291 :
696 1258 779 1303 quia
801 1258 933 1299 arbitri,
950 1258 1010 1304 qui
1027 1269 1102 1292 non
1117 1266 1199 1292 sunt
1213 1260 1428 1305 superiores,
1443 1271 1517 1293 non
1536 1260 1670 1294 habent

104 1311 148 1345 de
168 1323 206 1345 se
227 1311 372 1357 plenam
394 1319 611 1357 potestatem
633 1312 848 1353 coercendi3
871 1312 921 1345 sic
944 1323 1031 1357 ergo
1054 1320 1088 1346 et
1111 1311 1277 1346 Christus
1297 1313 1440 1358 propria
1459 1322 1588 1359 sponte
1606 1314 1670 1347 hu-

105 1375 214 1398 mano
242 1364 375 1409 judicio
402 1376 439 1399 se
467 1364 642 1399 subdidit:
671 1365 763 1399 sicut
790 1365 898 1399 etiam
920 1373 955 1399 et
976 1365 1051 1399 Leo
1078 1365 1177 1411 Papa
1198 1376 1235 1400 se
1267 1366 1401 1411 judicio
1432 1367 1665 1413 Imperatoris

103 1417 258 1452 subdidit
278 1418 391 1464 (cap.:
414 1418 482 1452 Nos
500 1420 541 1460 si,
563 1430 594 1453 2.
616 1430 646 1463 q.
669 1419 728 1464 7.).

176 1472 237 1505 AD
259 1481 430 1506 TERTIUM
452 1471 657 1514 dicendum,
679 1472 775 1517 quod
797 1472 1009 1518 Episcopus,
1036 1472 1073 1506 in
1102 1473 1202 1517 cujus
1230 1473 1389 1507 dioecesi
1411 1473 1539 1519 aliquis
1562 1474 1672 1508 delin-

106 1524 193 1570 quit,
215 1524 367 1558 efficitur
387 1525 551 1571 superior
569 1526 643 1570 ejus
664 1525 803 1559 ratione
826 1525 957 1567 delicti,
978 1526 1087 1559 etiam
1116 1526 1146 1559 si
1176 1527 1220 1560 sit
1249 1534 1455 1572 exemptus3
1482 1528 1550 1561 nisi
1575 1527 1667 1561 forte

107 1577 293 1623 delinquat
318 1578 355 1611 in
382 1589 418 1611 re
448 1577 567 1624 aliqua
593 1587 770 1624 exempta,
798 1587 883 1624 puta
909 1579 945 1612 in
973 1579 1283 1613 administratione
1312 1580 1493 1614 bonorum
1521 1580 1670 1626 alicujus

106 1631 317 1665 monasterii
338 1632 516 1677 exempti:
539 1632 601 1666 sed
623 1632 652 1666 si
674 1632 801 1678 aliquis
825 1641 1012 1678 exemptus
1036 1633 1241 1667 committat
1266 1632 1414 1675 furtum,
1435 1633 1493 1668 vel
1514 1634 1668 1668 homici—

105 1684 217 1726 dium,
238 1684 296 1718 vel
318 1684 451 1731 aliquid
472 1685 692 1730 hujusmodi,
714 1693 831 1732 potest
852 1696 914 1731 per
937 1685 1173 1720 Ordinarium
1193 1687 1284 1732 juste
1307 1687 1554 1722 condemnari.

668 1847 1013 1892 ARTICULUS
1048 1848 1105 1890 H.
1604 1863 1668 1908 ,78

106 1959 259 1989 UTRUM
281 1959 426 2001 JUDICI
449 1960 608 1990 LICEAT
630 1961 844 2002 JUDICARE
873 1961 1051 1991 CONTRA
1072 1961 1338 2002 VERITATEM,
1362 1963 1487 1998 QUAM
1513 1963 1666 2003 NOVlT,

308 2024 504 2055 PROPTER
524 2026 580 2054 EA
601 2026 718 2061 QUAE
741 2026 785 2056 IN
808 2026 1097 2056 CONTRARIUM
1116 2027 1460 2058 PROPONUNTUR.

224 2118 339 2165 (Schr.
358 2131 389 2165 q.
411 2119 466 2164 64.
486 2124 549 2154 art.
573 2120 605 2154 6.
627 2120 670 2154 ad
687 2132 715 2166 3.
735 2125 762 2155 et
779 2131 812 2165 4.
834 2121 922 2155 Dist.
945 2132 998 2166 27.
1021 2132 1050 2166 q.
1073 2133 1100 2155 Ι.
1120 2125 1183 2155 art.
1206 2132 1237 2156 2.
1261 2133 1292 2168 q.
1311 2132 1343 2166 4.
1363 2121 1406 2156 ad
1425 2133 1456 2157 2.
1476 2126 1504 2156 et
1520 2133 1548 2168 3.

625 2178 652 2208 et
675 2174 796 2218 chodl.
814 2185 843 2220 5.
865 2179 930 2209 art.
952 2186 996 2220 15.
1019 2173 1062 2208 ad
1084 2175 1141 2219 1.).

177 2273 237 2307 AD
264 2283 470 2308 SECUNDUM
495 2274 546 2309 sic
571 2275 790 2323 proceditur.⁴
813 2276 974 2318 Videtur,
1002 2275 1099 2322 quod
1128 2275 1238 2321 judici
1265 2287 1340 2310 non
1371 2275 1479 2311 liceat
1506 2277 1666 2322 judicare

106 2334 231 2360 contra
250 2327 450 2369 veritatem,
473 2339 583 2374 quarn
603 2329 716 2370 novit,
736 2338 882 2375 propter
904 2340 945 2363 ea
967 2340 1059 2375 quae
1080 2329 1117 2363 in
1140 2329 1362 2363 contrarium
1394 2337 1667 2376 proponuntur:

107 2379 235 2413 dicitur
257 2380 353 2414 enirn
374 2380 481 2415 Deut.
508 2391 579 2426 17.:
609 2382 720 2416 Venias
741 2382 781 2416 ad
801 2382 987 2417 Sacerdotes
1008 2383 1154 2417 Levitici
1169 2384 1306 2428 generis,
1322 2387 1350 2417 et
1372 2383 1414 2416 ad
1430 2383 1595 2426 judicem,
1612 2384 1668 2428 qui

99 2433 206 2478 suerit
226 2433 282 2467 illo
305 2439 458 2479 tempore,
482 2446 675 2480 quaeresque
696 2436 736 2470 ab
758 2437 812 2477 eis,
841 2437 897 2481 qui
922 2435 1116 2470 indicabunt
1143 2437 1204 2470 tibi
1228 2435 1352 2481 judicii
1377 2437 1574 2469 veritatem:
1605 2435 1667 2469 sed

107 2487 322 2532 quandoque
344 2486 462 2533 aliqua
480 2497 729 2534 proponuntur
748 2497 873 2523 contra
893 2489 1102 2531 veritatem3
1121 2489 1212 2523 sicut
1231 2500 1314 2522 cum
1334 2488 1466 2534 aliquid
1482 2499 1544 2533 per
1558 2487 1668 2522 falsos

106 2547 214 2574 testes
242 2540 435 2586 probatur3
465 2551 551 2587 ergo
578 2552 653 2575 non
679 2541 764 2576 licet
792 2542 902 2586 judici
928 2542 1088 2587 judicare
1117 2541 1317 2576 secundum
1345 2552 1398 2583 ea,
1425 2552 1515 2586 quae
1538 2552 1668 2587 propo-

107 2600 250 2634 nuntur,
272 2601 306 2627 et
327 2593 523 2639 probantur
544 2602 670 2629 contra
690 2595 892 2636 veritatem,
914 2607 1024 2641 quam
1045 2595 1121 2638 ipse
1139 2595 1251 2629 novit.

179 2656 210 2679 2.
231 2646 467 2681 PRAETEREA.
494 2648 617 2682 Homo
638 2648 676 2681 in
697 2648 890 2692 judicando
910 2649 1012 2682 debet
1032 2649 1153 2682 divino
1172 2647 1306 2692 judicio
1327 2646 1566 2680 conformari:
1586 2649 1669 2693 quia

108 2699 176 2732 Dei
191 2700 356 2744 judicium
382 2707 434 2742 est,
458 2710 496 2736 ut
517 2703 644 2736 dicitur
665 2703 772 2736 Deut.
797 2714 843 2736 1.:
866 2703 928 2737 sed
946 2703 1114 2748 judicium
1135 2703 1201 2736 Det·
1218 2706 1261 2736 est
1280 2701 1455 2735 secundnm
1473 2703 1661 2744 veritatem,

109 2759 148 2785 ut
168 2751 296 2786 dicitur
316 2753 423 2788 Rom.
446 2765 498 2796 2.;
523 2763 557 2789 et
574 2756 641 2790 Isa.
665 2767 716 2789 11.
735 2756 951 2801 praedicitur
972 2756 1015 2789 de
1035 2755 1202 2789 Christo:
1218 2755 1295 2788 Non
1312 2754 1486 2788 secundum
1506 2756 1667 2790 visionem

110 2804 279 2838 oculorum
294 2806 470 2850 judicabit,
492 2820 592 2853 neque
612 2808 786 2843 secundum
808 2809 958 2842 auditum
979 2809 1114 2842 aurium
1137 2812 1272 2852 arguam
1299 2807 1350 2840 sad
1366 2807 1532 2852 judicabit
1559 2809 1593 2841 in
1614 2810 1668 2853 ju-

109 2858 196 2891 stitia
212 2863 384 2904 pauperes,
407 2865 437 2894 et
458 2865 571 2905 arguet
586 2862 619 2894 in
637 2863 798 2906 asquimt:
812 2868 877 2907 pro
897 2862 1070 2895 mansuetis
1085 2866 1214 2900 mma,-
1238 2870 1325 2905 ergo
1347 2859 1451 2905 Judex
1473 2871 1547 2894 non
1562 2861 1667 2896 debet
