1859 3122
470 146 690 182 QUAESTIO
727 145 886 176 CXLVII.
920 145 1165 175 ARTICULUS
1199 144 1226 174 Ι.
1543 146 1625 189 949

67 229 186 264 minus
207 236 327 262 sumat
347 228 390 262 de
413 228 507 270 cibo,
529 239 638 274 quarn
660 227 727 262 sibi
749 234 971 272 competeret
989 226 1191 261 secundum
1213 234 1345 260 statum
1373 237 1628 269 communem3

68 283 160 318 sicut
177 289 322 328 propter
338 281 584 316 infirmitatem
598 281 796 322 vitandam,
819 288 880 314 aut
893 280 936 314 ad
953 279 1071 326 aliqua
1087 290 1197 325 opera
1213 279 1416 326 corporalia
1431 280 1628 326 expeditius

68 336 228 382 agenda;
251 343 284 369 et
306 334 421 369 multo
444 335 561 380 magis
583 335 673 368 ratio
695 342 793 368 recta
815 334 886 368 hoc
909 333 1051 368 ordinat
1073 333 1115 367 ad
1138 332 1335 379 spiritualia
1358 333 1455 367 mala
1472 333 1629 376 vitanda,

69 398 103 425 et
123 389 218 423 bona
249 388 516 435 prosequenda:
546 399 619 422 non
649 396 771 422 tamen
800 387 890 421 ratio
921 394 1018 422 recta
1048 394 1187 420 tantum
1210 386 1252 420 de
1276 386 1356 420 cibo
1379 386 1565 428 subtrahit,
1592 395 1630 421 ut

67 452 196 477 natura
219 442 426 476 conservari
448 452 521 475 non
544 442 674 488 possit:
696 441 790 487 quia,
813 449 850 474 ut
872 440 1020 474 Hieron.
1044 440 1130 474 dicit
1147 439 1269 485 (habet.
1292 446 1388 486 cap.:
1416 441 1491 474 Non
1515 439 1631 475 medio-

69 497 180 537 criter,
199 495 235 529 dc
260 495 554 536 Consecratwnib„
578 495 665 529 Dist.
677 496 734 541 5.),
754 507 771 526 «
790 505 863 528 non
886 493 1014 536 differt,
1029 501 1150 527 utrum
1168 504 1316 538 magno,
1338 492 1397 527 vel
1414 504 1525 539 parvo
1543 501 1632 527 tem-

69 559 157 595 pore
179 556 213 582 te
235 548 436 590 interimas;
460 548 543 594 quia
565 548 608 582 de
628 548 752 594 rapina
773 546 1031 581 holocaustum
1054 546 1169 588 offert,
1185 547 1246 592 qui
1260 546 1318 580 vel
1333 546 1498 580 ciborum
1519 546 1632 580 nimia

70 610 242 648 egestate,
263 601 321 635 vel
343 601 598 643 manducandi,
620 601 678 635 vel
699 601 820 635 somni
848 601 996 646 penuria
1026 599 1266 634 immoderate
1293 611 1423 646 corpus
1446 599 1572 645 affligit
1593 611 1630 633 »:

71 654 236 690 similiter
259 655 368 689 etiam
384 656 474 688 ratio
502 664 598 689 recta
620 665 693 688 non
716 662 856 688 tantum
879 654 922 688 de
945 653 1025 688 cibo
1047 653 1234 695 subtrahit,
1258 661 1298 687 ut
1321 653 1437 688 homo
1464 653 1632 687 reddatur

69 708 250 754 impotens
273 709 316 742 ad
339 709 456 742 debita
479 719 588 754 opera
610 708 833 754 peragenda3
857 707 950 741 unde
965 707 1051 741 dicit
1065 707 1213 741 Hieron.
1234 707 1311 750 (loc.
1327 708 1411 752 cit),
1428 707 1524 752 quod
1544 719 1561 738 ‹<
1580 717 1632 740 ra-

69 761 215 796 tionalis
229 762 343 796 homo
359 762 572 807 dignitatem
592 762 732 803 amittit,
749 761 808 807 qui
822 760 881 796 vel
895 761 1070 806 jejunium
1090 761 1267 803 charitati,
1281 760 1340 795 vel
1352 760 1493 806 vigilias
1507 771 1632 795 sensus

70 815 267 861 integritati
287 814 440 860 praefert
461 829 493 848 )).

142 868 201 902 AD
225 879 394 903 TERTHJM
423 868 629 910 dicendum,
651 869 748 914 quod
769 867 944 913 jejunium
967 874 1128 909 naturae,
1148 878 1219 913 quo
1239 867 1317 913 quis
1338 867 1633 913 diciturjejunus‚

73 929 266 968 antequam
289 922 469 963 comedat,
492 921 656 955 consistit
676 921 712 954 in
735 932 823 966 pura
843 920 1057 966 negatione3
1080 920 1174 954 unde
1196 931 1271 954 non
1288 928 1406 966 potest
1427 921 1514 966 poni
1532 929 1632 955 actus

70 975 229 1017 virtutis;
251 974 313 1009 sed
336 974 456 1009 solum
482 974 570 1009 illud
591 974 776 1020 jejunium,
800 985 871 1019 quo
900 974 977 1019 quis
1005 985 1046 1007 ex
1068 973 1273 1007 rationabili
1294 975 1481 1020 proposito
1504 986 1524 1008 a
1546 974 1633 1009 cibis

74 1028 276 1074 aliqualiter
298 1028 468 1070 abstinet3
491 1027 585 1062 unde
611 1027 770 1073 primum
792 1027 878 1060 dicit
898 1027 1073 1072 jejunium
1091 1027 1234 1072 jejunii;
1255 1027 1456 1061 secundum
1476 1038 1562 1061 vero
1589 1028 1635 1074 je-

71 1083 212 1128 junium
234 1082 437 1127 jejunantis,
459 1082 560 1127 quasi
582 1091 624 1114 ex
645 1080 833 1126 proposito
856 1079 990 1126 aliquid
1009 1080 1159 1126 agentis.

645 1238 992 1284 ARTICULUS
1024 1238 1082 1281 II.
1566 1259 1631 1295 707

352 1359 504 1389 UTRUM
527 1359 734 1401 JEJUNIUM
760 1359 827 1388 SIT
854 1359 996 1388 ACTUS
1024 1358 1356 1388 ABSTINENTIAE.

122 1456 172 1501 (4.
195 1456 282 1490 Dist.
304 1467 348 1502 15.
364 1467 394 1501 q.
408 1467 436 1502 3.
453 1460 518 1490 art.
540 1467 568 1490 1.
588 1467 618 1501 q.
637 1461 740 1501 3-pe7‘
754 1459 810 1489 tot.
825 1459 854 1489 et
871 1466 941 1500 q.5.
963 1453 1006 1488 ad
1025 1465 1057 1489 2.
1071 1459 1101 1489 et
1123 1453 1245 1498 Quodl.
1261 1465 1290 1500 3.
1312 1458 1377 1488 art.
1399 1464 1449 1488 12.
1467 1452 1510 1487 ad
1527 1452 1586 1499 3.).

146 1557 206 1591 AD
221 1565 429 1590 SECUNDUM
450 1555 499 1589 sic
527 1555 743 1601 proceditur.
766 1554 927 1598 Videtur,
946 1554 1043 1600 quod
1063 1554 1239 1600 jejunium
1260 1564 1335 1587 non
1353 1553 1397 1587 sit
1416 1560 1515 1586 actus
1535 1551 1638 1586 absti-

76 1610 239 1645 nentiae:
262 1609 345 1655 quia
367 1620 473 1654 super
494 1608 580 1643 illud
602 1609 729 1642 Matth.
753 1619 822 1654 17.:
844 1608 919 1642 Hoc
931 1620 1031 1654 genus
1044 1608 1307 1649 daemoniormn,
1329 1614 1396 1641 etc.
1411 1606 1496 1640 dicit
1516 1605 1636 1640 Gloss.

76 1663 202 1709 (ordin.
221 1662 326 1697 Eudae
341 1662 436 1708 lib.3.
455 1663 666 1707 comment.):
684 1662 894 1707 «Jejuniurn
912 1673 986 1696 non
1000 1661 1120 1695 solum
1140 1669 1192 1695 est
1207 1661 1248 1694 ab
1266 1660 1367 1702 escis,
1382 1660 1443 1694 sed
1463 1671 1483 1693 a
1499 1659 1636 1693 cunctis

75 1716 254 1751 illecebris
277 1715 454 1749 abstinere
473 1727 510 1748 »ι
538 1716 600 1749 sed
628 1715 699 1749 hoc
726 1715 880 1761 pertinet
902 1715 945 1749 ad
967 1726 1117 1749 ornnem
1137 1714 1328 1756 virtutem3
1350 1724 1436 1759 ergo
1462 1712 1638 1759 jejunium

78 1781 153 1804 non
175 1777 229 1804 est
249 1777 350 1803 actus
372 1768 576 1814 specialiter
598 1769 844 1803 abstinentiae.

143 1833 175 1857 2.
197 1823 433 1857 PRAETEREA.
451 1821 603 1868 Gregor.
627 1822 714 1856 dicit
727 1822 763 1855 in
778 1821 915 1855 Homil.
937 1821 1163 1867 Quadrages.
1178 1821 1224 1867 (q.
1243 1821 1297 1856 16.
1312 1822 1346 1855 in
1360 1821 1490 1866 Evang.
1505 1832 1525 1855 α
1539 1820 1636 1866 med.)

78 1876 174 1923 quod
196 1875 371 1921 jejunium
394 1875 706 1921 quadragesimale
729 1883 782 1909 est
803 1875 944 1909 decima
965 1877 1075 1909 totius
1098 1875 1200 1908 anni:
1223 1874 1285 1908 sed
1308 1875 1391 1908 dare
1413 1874 1573 1908 decimas
1587 1881 1640 1907 est

79 1937 178 1963 actus
199 1928 396 1975 religionis,
418 1936 457 1962 ut
478 1940 584 1974 supra
604 1929 769 1962 habitum
791 1936 845 1963 est
865 1929 912 1974 (q.
927 1929 980 1974 87.
1004 1933 1068 1963 art.
1082 1928 1152 1973 1.);
1169 1939 1256 1973 ergo
1277 1928 1453 1974 jejunium
1473 1936 1525 1962 est
1540 1935 1639 1961 actus

78 1982 277 2029 religionis,
301 1990 335 2016 et
355 1993 430 2016 non
453 1982 699 2016 abstinentiae.

153 2047 182 2082 3.
204 2036 440 2070 PRAETEREA.
463 2035 693 2070 Abstinentia
715 2043 768 2070 est
787 2046 869 2081 pars
890 2035 1163 2081 temperantiae,
1184 2043 1223 2068 ut
1243 2035 1380 2068 dictum
1399 2042 1452 2068 est
1470 2035 1639 2080 (q.prczec.

79 2094 109 2124 et
121 2101 150 2134 q.
173 2089 280 2135 143.):
302 2089 541 2134 temperantia
556 2097 676 2122 autem
691 2097 817 2123 contra
831 2088 1081 2123 fortitudinem
1095 2088 1275 2131 dividitur,
1295 2089 1339 2122 ad
1357 2100 1466 2135 quam
1488 2087 1640 2133 pertinet

80 2141 265 2176 molestias
287 2143 483 2176 sustinere:
507 2142 603 2188 quod
626 2142 783 2176 maxime
797 2142 938 2176 videtur
953 2153 1030 2176 esse
1043 2142 1080 2176 in
1093 2142 1248 2188 jejuni03
1268 2153 1354 2188 ergo
1376 2142 1551 2188 jejunium
1566 2152 1640 2175 non

81 2204 134 2230 est
156 2203 256 2229 actus
279 2194 526 2229 abstinentiae.

153 2248 228 2282 SED
251 2258 406 2282 CONTRA
429 2256 492 2290 est,
515 2248 611 2294 quod
632 2248 714 2282 Isid.
737 2248 824 2282 dicit
845 2249 919 2294 (lib.
947 2249 980 2284 6.
1002 2249 1147 2294 Etymol.
1165 2255 1234 2296 cap.
1256 2249 1338 2294 18),
1355 2248 1451 2294 quod
1465 2247 1640 2294 jejunium

82 2311 135 2337 est
155 2301 377 2347 parsimonia
398 2301 526 2343 victus,
549 2301 834 2347 abstinentiaque
857 2302 1033 2336 ciborum.

152 2355 383 2390 RESPONDEO
406 2354 610 2396 dicendum,
633 2355 729 2400 quod
757 2355 885 2389 eadem
912 2364 966 2390 est
990 2355 1142 2389 materia
1163 2355 1318 2397 habitus,
1346 2362 1381 2388 et
1402 2362 1519 2397 actus;
1546 2353 1641 2387 unde

83 2408 202 2443 omnis
224 2416 324 2442 actus
353 2407 545 2447 virtuosus,
575 2408 635 2454 qui
665 2416 718 2442 est
745 2409 840 2442 circa
865 2408 1024 2455 aliquam
1054 2409 1256 2450 materiam,
1283 2409 1326 2442 ad
1348 2407 1449 2441 illam
1470 2407 1641 2441 virtutem

82 2461 246 2508 pertinet,
269 2472 359 2507 quae
382 2461 543 2494 medium
564 2461 600 2494 in
622 2460 683 2494 illa
705 2462 855 2495 materia
874 2462 1077 2497 constituit:
1103 2462 1279 2507 jejunium
1303 2469 1422 2495 autem
1450 2460 1642 2494 attenditur

82 2515 119 2548 in
142 2515 241 2557 cibis,
262 2514 299 2547 in
318 2514 444 2559 quibus
466 2514 627 2547 medium
647 2514 829 2549 adinvenit
851 2515 1083 2558 abstinentia,
1100 2516 1194 2549 unde
1213 2513 1443 2548 manifestum
1463 2521 1525 2556 est,
1545 2512 1641 2559 quod

83 2567 257 2614 jejunium
281 2575 333 2601 est
355 2567 591 2601 abstinentiae
614 2574 724 2601 actus.

154 2621 214 2655 AD
236 2631 385 2655 PRIMUM
415 2631 501 2665 ergo
533 2620 738 2662 dicendum,
768 2621 864 2667 quod
885 2622 1065 2667 jejunium
1091 2621 1233 2667 proprie
1255 2621 1391 2654 dictum
1419 2620 1582 2654 consistit
1606 2620 1643 2653 in

85 2674 296 2708 abstinendo
320 2685 339 2707 a
363 2673 468 2707 cibis:
498 2674 572 2716 sed,
594 2674 843 2719 metaphorice
866 2675 1014 2717 dictum,
1043 2675 1207 2708 consistit
1232 2674 1268 2707 in
1291 2673 1502 2708 abstinendo
1522 2685 1541 2707 a
1567 2673 1643 2719 qui-

84 2726 238 2761 buslibet
259 2727 410 2769 nocivis,
433 2738 523 2772 quae
542 2727 699 2761 maxime
721 2735 804 2761 sunt
823 2737 989 2773 peccata:
1013 2727 1071 2761 vel
1097 2735 1216 2773 potest
1243 2727 1323 2768 dici,
1346 2726 1441 2773 quod
1464 2727 1572 2760 etiam
1598 2727 1644 2771 je-

85 2781 225 2826 junium
247 2780 390 2825 proprie
410 2779 546 2814 dictum
569 2788 621 2814 est
643 2780 854 2814 abstinentia
877 2781 918 2814 ab
940 2781 1107 2815 omnibus
1129 2780 1325 2822 illecebris3
1349 2780 1431 2826 quia
1453 2791 1516 2825 per
1537 2790 1644 2825 quae—

86 2833 172 2868 libet
184 2833 270 2868 vitia
285 2834 452 2878 adjuncta
467 2833 596 2867 desinit
611 2844 687 2867 esse
707 2842 806 2868 actus
823 2834 1016 2876 virtuosus,
1032 2842 1069 2868 ut
1083 2834 1219 2868 dictum
1235 2842 1288 2868 est
1305 2834 1386 2878 (art.
1397 2839 1508 2879 praec.
1527 2833 1569 2867 ad
1585 2833 1642 2877 1.).

233 2915 261 2942 S.
281 2915 404 2941 Tuosne
425 2915 528 2941 Summa
554 2914 715 2948 Theologica.
735 2915 802 2944 Vol.
821 2915 874 2944 111.
1469 2915 1499 2941 61
