1859 3122
503 228 721 265 QUAESTIO
754 228 868 258 XLIV.
903 228 1147 259 ARTICULUS
1181 229 1270 258 VIII.
1582 229 1661 272 343

641 400 984 446 ARTICULUS
1007 401 1128 444 VIII.
1601 414 1666 456 248

301 510 451 540 urium
480 510 601 539 oRno
632 509 894 540 ci-xARITATIS
923 509 1070 540 cmm*
1101 510 1178 539 SUB
1205 510 1473 540 PRAECEPTO.

223 598 305 642 (1-2.
328 610 358 644 q.
377 610 451 634 100.
467 603 530 634 art.
550 610 582 644 9.
605 603 632 633 et
650 610 677 644 3.
699 598 784 632 Dist.
807 609 861 644 29.
884 603 947 632 art.
969 610 996 633 Ι.
1019 597 1061 632 ad
1079 609 1105 643 5.
1129 602 1157 632 et
1185 597 1271 632 Veri.
1294 609 1323 643 q.
1342 607 1393 641 14.
1416 602 1480 632 art.
1503 608 1552 632 12.

682 657 711 686 et
739 651 822 686 Virt.
845 663 874 696 q.
896 663 928 686 2.
946 656 1007 685 art.
1032 651 1091 697 7.).

194 741 254 776 AD
270 751 459 776 OCTAVUM
482 741 531 776 sic
554 741 771 788 proceditur.
787 740 949 783 Videtur,
965 740 1060 787 quod
1080 739 1169 774 ordo
1186 739 1368 774 charitatis
1390 750 1463 773 non
1480 740 1584 773 cadat
1602 740 1666 773 sub

107 803 323 841 praecepto:
351 795 571 841 quicumque
598 795 695 829 enirn
720 795 980 840 transgreditur
1006 802 1251 840 praeceptum,
1278 793 1446 838 injuriam
1473 792 1575 827 facit:
1604 794 1666 828 sed

107 848 137 882 si
160 848 287 894 aliquis
310 848 435 893 diligat
458 848 614 895 aliquem
641 856 816 895 quantum
843 848 958 890 debet,
985 856 1019 882 et
1049 847 1200 882 alterurn
1224 858 1490 893 quemcumque
1521 847 1599 892 plus
1621 847 1669 881 di-

107 901 205 947 ligat,
224 901 312 935 nulli
331 901 416 936 facit
429 902 617 947 injuriam3
637 913 722 947 ergo
738 913 812 936 non
827 901 1086 947 transgreditur
1100 909 1351 947 praeceptum,
1371 900 1460 934 ordo
1481 912 1567 945 ergo
1588 901 1668 934 clia-

107 955 218 990 ritatis
239 966 313 989 non
333 956 427 990 cadit
446 956 510 990 sub
532 963 735 1002 praecepto.

178 1019 208 1042 2.
232 1009 467 1044 PRAETEREA.
487 1009 537 1043 Ea
552 1020 643 1055 quae
658 1008 790 1043 cadunt
811 1009 875 1043 sub
898 1016 1104 1055 praecepto,
1127 1006 1345 1042 sufficienter
1359 1007 1463 1042 nobis
1476 1007 1665 1042 traduntur

106 1062 142 1096 in
166 1061 277 1097 Sacra
299 1063 504 1109 Scriptura:
530 1063 591 1097 sed
615 1062 704 1097 ordo
727 1063 923 1105 charitatis,
945 1063 1005 1109 qui
1027 1074 1133 1109 supra
1154 1062 1292 1108 positus
1314 1070 1378 1103 est,
1399 1073 1580 1108 nusquam
1602 1069 1668 1095 tra-

107 1115 199 1150 ditur
220 1116 324 1150 nobis
346 1116 381 1150 in
405 1116 516 1150 Sacra
539 1116 742 1162 Scriptura3
765 1127 852 1162 ergo
874 1128 949 1151 non
971 1116 1065 1150 cadit
1085 1116 1148 1150 sub
1171 1122 1376 1162 praecepto.

180 1181 209 1216 3.
231 1170 468 1204 PRAETEREA.
494 1169 596 1205 Ordo
623 1169 894 1204 distinctionem
921 1169 1118 1216 quamdam
1147 1169 1339 1215 importat:
1372 1168 1434 1203 sed
1462 1168 1667 1203 indistincte

105 1223 321 1269 praecipitur
336 1222 481 1257 dilectio
497 1223 664 1269 proximi,
679 1235 763 1257 cum
778 1224 923 1258 dicitur:
945 1224 1275 1270 Diligetproximum
1291 1228 1395 1265 tuum,
1410 1224 1491 1258 sicut
1506 1224 1664 1272 teipsunm

107 1287 194 1322 ergo
218 1277 307 1311 ordo
330 1276 513 1311 charitatis
534 1288 608 1311 non
632 1277 726 1311 cadit
747 1278 810 1311 sub
833 1286 1038 1324 praecepto.

179 1330 253 1365 SED
276 1341 443 1365 CONTRA.
465 1330 557 1364 Illud
580 1330 677 1376 quod
692 1330 791 1365 Deus
809 1331 845 1364 in
860 1331 964 1365 nobis
978 1331 1064 1365 facit
1077 1341 1140 1377 per
1156 1330 1321 1375 gratiam,
1343 1329 1485 1364 instruit
1502 1341 1564 1373 per
1577 1329 1667 1375 legis

108 1392 312 1430 praecepta,
339 1383 539 1418 secundum
565 1383 653 1418 illud
680 1384 777 1418 Hier.
808 1395 881 1430 31.:
903 1385 1002 1418 Dabo
1033 1384 1131 1429 legem
1158 1395 1265 1418 meam
1299 1385 1331 1417 1'12
1360 1383 1511 1418 cordibus
1531 1395 1666 1418 eorum:

107 1437 170 1470 sed
191 1437 291 1471 Deus
313 1445 438 1472 causat
457 1437 493 1471 in
515 1437 619 1471 nobis
641 1437 805 1472 ordinem
826 1437 1022 1479 charitatis,
1044 1437 1245 1472 secundum
1262 1436 1350 1470 illud
1370 1437 1511 1471 Cantic.
1532 1447 1583 1472 2.:
1605 1437 1668 1472 Or-

107 1489 238 1525 dinavit
260 1492 291 1524 1'11
314 1503 362 1525 mc
385 1491 601 1531 charitatem,-
625 1502 712 1536 ergo
736 1491 825 1525 ordo
849 1491 1032 1525 charitatis
1054 1491 1117 1525 sub
1140 1498 1332 1536 praecepto
1355 1489 1444 1535 legis
1467 1489 1571 1524 cadit.

178 1543 407 1578 RESPONDEO
424 1544 630 1586 dicendum,
646 1544 742 1590 quod
758 1544 850 1578 sicut
864 1544 1000 1578 dictum
1020 1552 1072 1578 est
1089 1543 1168 1587 (art.
1191 1554 1223 1588 4.
1247 1544 1313 1589 lmj.
1337 1555 1366 1589 q.
1389 1543 1431 1577 ad
1451 1544 1508 1588 L),
1525 1544 1666 1585 modus,

109 1597 170 1642 qui
191 1597 343 1642 pertinet
365 1597 407 1631 ad
435 1599 613 1631 rationem
637 1597 786 1631 virtuosi
812 1605 924 1639 actus,
947 1597 1042 1631 cadit
1066 1597 1128 1631 sub
1152 1605 1358 1643 praecepto,
1380 1597 1477 1642 quod
1499 1597 1602 1631 datur
1623 1597 1666 1631 de

109 1658 190 1684 actu
213 1650 367 1685 virtutis:
391 1651 480 1684 ordo
503 1658 623 1684 autem
643 1650 837 1692 charitatis,
855 1651 1007 1696 pertinet
1027 1650 1071 1684 ad
1089 1651 1205 1696 ipsam
1225 1650 1403 1684 rationem
1419 1650 1569 1692 virtutis,
1583 1662 1666 1684 cum

107 1703 304 1750 accipiatur
325 1704 524 1738 secundum
540 1704 814 1750 proportionem
832 1704 1034 1738 dilectionis
1058 1704 1101 1737 ad
1123 1703 1307 1749 diligibile,
1329 1712 1367 1738 ut
1386 1715 1427 1737 ex
1442 1715 1549 1750 supra
1563 1704 1666 1738 dictis

107 1765 205 1803 patet
227 1757 272 1803 (q.
300 1769 348 1803 25.
376 1763 440 1792 art.
466 1767 517 1792 12.
536 1763 566 1792 et
586 1770 616 1804 q.
637 1758 692 1792 26.
715 1763 778 1792 art.
801 1770 828 1792 Ι.
851 1763 880 1792 et
901 1758 967 1802 2.);
996 1757 1089 1792 unde
1112 1757 1343 1791 manifestum
1367 1765 1430 1800 est,
1452 1758 1548 1804 quod
1576 1758 1665 1792 ordo

107 1811 289 1845 charitatis
311 1811 417 1845 debet
438 1811 565 1845 cadere
587 1811 650 1845 sub
673 1819 876 1857 praecepto.

175 1865 235 1899 AD
269 1875 417 1899 PRIMUM
452 1875 539 1909 ergo
574 1864 780 1906 dicendum,
813 1864 910 1910 quod
936 1864 1051 1898 homo
1078 1863 1156 1910 plus
1183 1862 1355 1898 satisfacit
1381 1864 1425 1906 ei,
1452 1875 1560 1910 quem
1587 1863 1666 1910 plus

106 1917 240 1964 diligit:
264 1926 299 1952 et
318 1918 367 1952 ita
388 1918 417 1952 si
439 1918 558 1952 minus
581 1917 746 1963 diligeret
768 1917 896 1964 aliquis
923 1929 1018 1959 eum,
1045 1928 1153 1963 quem
1175 1916 1254 1963 plus
1282 1917 1385 1951 debet
1406 1917 1566 1963 diligere,
1587 1917 1666 1964 plus

104 1971 214 2006 vellet
238 1971 443 2006 satisfacere
477 1971 540 2013 illi,
575 1971 633 2005 cui
661 1971 780 2006 minus
813 1971 1018 2006 satisfacere
1052 1971 1176 2013 debet3
1199 1979 1234 2005 et
1253 1971 1304 2005 sic
1326 1970 1423 2006 fieret
1449 1972 1577 2018 injuria
1602 1971 1665 2014 illi,

105 2036 214 2072 quern
234 2024 314 2071 plus
336 2025 482 2059 deberet
499 2024 660 2070 diligere.

176 2079 235 2113 AD
263 2089 469 2113 SECUNDUM
496 2079 701 2121 dicendum,
724 2079 820 2125 quod
842 2078 932 2113 ordo
955 2086 1109 2125 quatuor
1130 2078 1396 2123 diligendorum
1424 2090 1464 2113 ex
1491 2079 1664 2114 charitate

105 2133 142 2166 in
164 2132 274 2167 Sacra
297 2132 481 2178 Scriptura
503 2132 731 2178 exprimitur:
750 2144 837 2166 nam
859 2144 943 2166 cum
962 2132 1164 2174 mandatur,
1183 2132 1279 2178 quod
1301 2132 1422 2166 Deum
1441 2145 1479 2167 ex
1493 2138 1556 2167 toto
1571 2133 1664 2168 corde

105 2185 310 2232 diligamus,
332 2185 435 2220 datur
462 2185 626 2230 intelligi,
661 2186 758 2231 quod
779 2186 899 2220 Deum
922 2196 1027 2231 super
1050 2185 1173 2219 omnia
1195 2185 1367 2220 debemus
1389 2185 1555 2231 diligere:
1580 2198 1663 2221 cum

107 2247 228 2274 autern
249 2239 451 2281 mandatur,
473 2238 570 2284 quod
591 2239 719 2285 aliquis
741 2239 866 2284 diligat
882 2239 1106 2285 proximum:
1121 2240 1202 2273 sicut
1226 2240 1376 2286 seipsum,
1400 2239 1596 2285 praefertur
1617 2240 1665 2273 di-

105 2293 214 2326 lectio
241 2292 296 2327 sui
316 2292 425 2338 ipsius
452 2291 637 2326 dilectioni
662 2293 835 2338 proximi:
858 2292 1024 2326 similiter
1038 2292 1147 2326 etiam
1162 2304 1245 2326 cum
1267 2292 1457 2326 mandatur
1482 2293 1619 2338 1.Joan.
1634 2305 1661 2339 3.

106 2345 203 2392 quod
229 2346 377 2380 debemus
391 2352 454 2391 pro
467 2346 636 2391 fratribus
662 2347 811 2380 animam
828 2352 961 2391 ponere,
985 2345 1076 2379 idest
1096 2346 1208 2380 vitam
1231 2345 1470 2391 corporalem,
1493 2347 1594 2380 datur
1615 2347 1664 2380 in-

105 2399 230 2445 telligi,
252 2399 347 2444 quod
370 2399 575 2444 proximum
596 2398 674 2445 plus
694 2399 865 2433 debemus
888 2398 1047 2444 diligere,
1069 2411 1178 2445 quam
1201 2411 1330 2445 corpus
1346 2400 1547 2445 proprium:
1571 2400 1664 2433 simi-

105 2452 185 2487 liter
207 2452 316 2486 etiam
343 2464 426 2485 cum
452 2452 642 2486 mandatur
665 2452 708 2486 ad
732 2452 812 2487 Gal.
835 2451 896 2486 ult.
917 2452 1012 2498 quod
1036 2454 1179 2486 maxime
1206 2459 1379 2499 operamur
1397 2454 1516 2487 bonum
1540 2453 1581 2486 αιῖ
1607 2453 1662 2486 do-

106 2507 250 2540 mesticos
267 2505 360 2552 fidei,
375 2513 410 2539 et
435 2516 462 2539 1.
486 2505 583 2539 Tim.
610 2517 637 2550 5.
659 2506 891 2552 vituperatur,
913 2507 970 2551 qui
986 2518 1053 2540 non
1071 2507 1166 2541 habet
1183 2518 1296 2540 aarum
1315 2518 1460 2547 suorum,
1477 2512 1506 2540 et
1521 2508 1662 2540 maxima

105 2560 367 2600 domesticorum,
391 2559 492 2593 datur
518 2559 681 2604 intelligi,
712 2559 808 2605 quod
837 2560 930 2594 inter
962 2560 1159 2606 proximos,
1183 2559 1364 2601 meliores,
1393 2568 1427 2593 et
1449 2560 1563 2604 magis
1585 2570 1663 2605 pro-

105 2613 259 2659 pinquos
281 2612 397 2657 magis
419 2612 591 2646 debemus
613 2612 771 2658 diligere.

177 2666 236 2700 AD
260 2676 430 2700 TERTIUM
458 2666 663 2708 dicendum,
694 2666 790 2712 quod
825 2677 867 2700 ex
899 2666 978 2712 ipso
1009 2666 1105 2712 quod
1140 2666 1290 2700 dicitur:
1321 2666 1444 2709 Diliges
1467 2666 1661 2711 proximum

107 2724 211 2760 tuum,
234 2719 336 2752 datur
359 2727 621 2764 consequenter
641 2718 804 2765 intelligi,
832 2719 928 2765 quod
966 2718 1017 2753 illi
1052 2719 1111 2765 qui
1148 2727 1229 2753 sunt
1256 2719 1371 2763 magis
1393 2718 1559 2764 proximi,
1581 2726 1662 2752 sunt

107 2773 222 2818 magis
240 2772 422 2818 diligendi.
724 2775 728 2779 ’
