<?xml version="1.0" encoding="UTF-8"?>
<!DOCTYPE html PUBLIC "-//W3C//DTD XHTML 1.0 Transitional//EN"
    "http://www.w3.org/TR/xhtml1/DTD/xhtml1-transitional.dtd">
<html xmlns="http://www.w3.org/1999/xhtml" xml:lang="en" lang="en">
 <head>
  <title>
</title>
<meta http-equiv="Content-Type" content="text/html;charset=utf-8" />
  <meta name='ocr-system' content='tesseract 3.04.00' />
  <meta name='ocr-capabilities' content='ocr_page ocr_carea ocr_par ocr_line ocrx_word'/>
</head>
<body>
  <div class='ocr_page' id='page_1' title='image "./divithomaeaquina03thomuoft_0037.png"; bbox 0 0 1920 3142; ppageno 0'>
   <div class='ocr_carea' id='block_1_1' title="bbox 573 136 1665 182">
    <p class='ocr_par' dir='ltr' id='par_1_1' title="bbox 573 136 1665 182">
     <span class='ocr_line' id='line_1_1' title="bbox 573 136 1665 182; baseline 0.003 -17"><span class='ocrx_word' id='word_1_1' title='bbox 573 136 796 172; x_wconf 83' lang='lat' dir='ltr'>QUAESTIO</span> <span class='ocrx_word' id='word_1_2' title='bbox 831 136 857 165; x_wconf 90' lang='grc' dir='ltr'>Ι.</span> <span class='ocrx_word' id='word_1_3' title='bbox 892 137 1135 167; x_wconf 87' lang='lat' dir='ltr'>ARTICULUS</span> <span class='ocrx_word' id='word_1_4' title='bbox 1169 138 1208 167; x_wconf 82' lang='lat' dir='ltr'>V.</span> <span class='ocrx_word' id='word_1_5' title='bbox 1618 140 1665 182; x_wconf 76' lang='lat'>31</span> 
     </span>
    </p>
   </div>
   <div class='ocr_carea' id='block_1_2' title="bbox 102 218 1672 1441">
    <p class='ocr_par' dir='ltr' id='par_1_2' title="bbox 108 218 1672 479">
     <span class='ocr_line' id='line_1_2' title="bbox 111 218 1671 266; baseline 0.001 -14"><span class='ocrx_word' id='word_1_6' title='bbox 111 218 309 265; x_wconf 87' lang='lat' dir='ltr'>procedunt</span> <span class='ocrx_word' id='word_1_7' title='bbox 331 230 372 253; x_wconf 82' lang='lat' dir='ltr'>ex</span> <span class='ocrx_word' id='word_1_8' title='bbox 394 219 576 265; x_wconf 70' lang='lat' dir='ltr'>principiis</span> <span class='ocrx_word' id='word_1_9' title='bbox 592 218 684 260; x_wconf 83' lang='lat' dir='ltr'>fidei,</span> <span class='ocrx_word' id='word_1_10' title='bbox 706 218 843 253; x_wconf 82' lang='lat' dir='ltr'>scilicet</span> <span class='ocrx_word' id='word_1_11' title='bbox 858 230 898 253; x_wconf 87' lang='lat' dir='ltr'>ex</span> <span class='ocrx_word' id='word_1_12' title='bbox 915 220 1185 254; x_wconf 82' lang='lat' dir='ltr'>auctoritatibus</span> <span class='ocrx_word' id='word_1_13' title='bbox 1205 219 1337 254; x_wconf 81' lang='lat' dir='ltr'>Sacrae</span> <span class='ocrx_word' id='word_1_14' title='bbox 1353 219 1570 266; x_wconf 83' lang='lat' dir='ltr'>Scripturae‚</span> <span class='ocrx_word' id='word_1_15' title='bbox 1581 220 1671 254; x_wconf 89' lang='lat' dir='ltr'>sicut</span> 
     </span>
     <span class='ocr_line' id='line_1_3' title="bbox 110 272 1672 319; baseline 0 -13"><span class='ocrx_word' id='word_1_16' title='bbox 110 273 194 306; x_wconf 89' lang='lat' dir='ltr'>dicit</span> <span class='ocrx_word' id='word_1_17' title='bbox 215 272 324 305; x_wconf 92' lang='lat' dir='ltr'>Dion.</span> <span class='ocrx_word' id='word_1_18' title='bbox 349 282 378 305; x_wconf 84' lang='lat'>2.</span> <span class='ocrx_word' id='word_1_19' title='bbox 402 283 477 318; x_wconf 76' lang='lat' dir='ltr'>cap.</span> <span class='ocrx_word' id='word_1_20' title='bbox 501 273 542 306; x_wconf 84' lang='lat' dir='ltr'>dc</span> <span class='ocrx_word' id='word_1_21' title='bbox 566 272 646 305; x_wconf 84' lang='lat' dir='ltr'>Div.</span> <span class='ocrx_word' id='word_1_22' title='bbox 681 272 789 305; x_wconf 89' lang='lat' dir='ltr'>Nom.</span> <span class='ocrx_word' id='word_1_23' title='bbox 813 274 916 318; x_wconf 75' lang='lat' dir='ltr'>(part.</span> <span class='ocrx_word' id='word_1_24' title='bbox 944 285 970 307; x_wconf 77' lang='grc' dir='ltr'>Ι.</span> <span class='ocrx_word' id='word_1_25' title='bbox 1002 272 1070 307; x_wconf 68' lang='lat' dir='ltr'>lect.</span> <span class='ocrx_word' id='word_1_26' title='bbox 1098 274 1160 316; x_wconf 84' lang='lat' dir='ltr'>I.).·</span> <span class='ocrx_word' id='word_1_27' title='bbox 1193 285 1235 306; x_wconf 77' lang='lat' dir='ltr'>ex</span> <span class='ocrx_word' id='word_1_28' title='bbox 1257 273 1312 307; x_wconf 87' lang='lat' dir='ltr'>his</span> <span class='ocrx_word' id='word_1_29' title='bbox 1347 281 1467 307; x_wconf 82' lang='lat' dir='ltr'>autem</span> <span class='ocrx_word' id='word_1_30' title='bbox 1490 273 1672 319; x_wconf 78' lang='lat' dir='ltr'>principiis</span> 
     </span>
     <span class='ocr_line' id='line_1_4' title="bbox 109 325 1670 372; baseline 0.001 -13"><span class='ocrx_word' id='word_1_31' title='bbox 109 326 156 360; x_wconf 75' lang='lat' dir='ltr'>ita</span> <span class='ocrx_word' id='word_1_32' title='bbox 179 326 347 371; x_wconf 83' lang='lat' dir='ltr'>probatur</span> <span class='ocrx_word' id='word_1_33' title='bbox 374 325 505 372; x_wconf 78' lang='lat' dir='ltr'>aliquid</span> <span class='ocrx_word' id='word_1_34' title='bbox 529 325 619 371; x_wconf 84' lang='lat' dir='ltr'>apud</span> <span class='ocrx_word' id='word_1_35' title='bbox 644 325 777 367; x_wconf 80' lang='lat' dir='ltr'>fideles,</span> <span class='ocrx_word' id='word_1_36' title='bbox 808 326 899 359; x_wconf 90' lang='lat' dir='ltr'>sicut</span> <span class='ocrx_word' id='word_1_37' title='bbox 933 326 1041 359; x_wconf 81' lang='lat' dir='ltr'>etiam</span> <span class='ocrx_word' id='word_1_38' title='bbox 1071 338 1112 360; x_wconf 76' lang='lat' dir='ltr'>cx</span> <span class='ocrx_word' id='word_1_39' title='bbox 1140 326 1322 372; x_wconf 81' lang='lat' dir='ltr'>principiis</span> <span class='ocrx_word' id='word_1_40' title='bbox 1344 326 1553 360; x_wconf 78' lang='lat' dir='ltr'>naturaliter</span> <span class='ocrx_word' id='word_1_41' title='bbox 1575 327 1670 360; x_wconf 87' lang='lat' dir='ltr'>notis</span> 
     </span>
     <span class='ocr_line' id='line_1_5' title="bbox 108 378 1670 426; baseline 0.001 -14"><span class='ocrx_word' id='word_1_42' title='bbox 108 379 277 425; x_wconf 80' lang='lat' dir='ltr'>probatur</span> <span class='ocrx_word' id='word_1_43' title='bbox 299 379 431 425; x_wconf 76' lang='lat' dir='ltr'>aliquid</span> <span class='ocrx_word' id='word_1_44' title='bbox 455 379 547 425; x_wconf 83' lang='lat' dir='ltr'>apud</span> <span class='ocrx_word' id='word_1_45' title='bbox 571 389 717 420; x_wconf 89' lang='lat' dir='ltr'>omnes;</span> <span class='ocrx_word' id='word_1_46' title='bbox 741 379 834 412; x_wconf 89' lang='lat' dir='ltr'>unde</span> <span class='ocrx_word' id='word_1_47' title='bbox 857 379 965 413; x_wconf 82' lang='lat' dir='ltr'>etiam</span> <span class='ocrx_word' id='word_1_48' title='bbox 986 378 1194 424; x_wconf 79' lang='lat' dir='ltr'>Theologia</span> <span class='ocrx_word' id='word_1_49' title='bbox 1210 380 1359 414; x_wconf 81' lang='lat' dir='ltr'>scicntia</span> <span class='ocrx_word' id='word_1_50' title='bbox 1376 388 1438 422; x_wconf 83' lang='lat' dir='ltr'>cst,</span> <span class='ocrx_word' id='word_1_51' title='bbox 1462 388 1499 414; x_wconf 90' lang='lat' dir='ltr'>ut</span> <span class='ocrx_word' id='word_1_52' title='bbox 1520 381 1555 414; x_wconf 92' lang='lat' dir='ltr'>in</span> <span class='ocrx_word' id='word_1_53' title='bbox 1578 380 1670 426; x_wconf 92' lang='lat' dir='ltr'>prin-</span> 
     </span>
     <span class='ocr_line' id='line_1_6' title="bbox 109 433 1468 479; baseline 0 -13"><span class='ocrx_word' id='word_1_54' title='bbox 109 433 202 479; x_wconf 93' lang='lat' dir='ltr'>cipio</span> <span class='ocrx_word' id='word_1_55' title='bbox 226 433 342 479; x_wconf 85' lang='lat' dir='ltr'>operis</span> <span class='ocrx_word' id='word_1_56' title='bbox 365 433 499 466; x_wconf 88' lang='lat' dir='ltr'>dictum</span> <span class='ocrx_word' id='word_1_57' title='bbox 523 440 574 466; x_wconf 84' lang='lat' dir='ltr'>est</span> <span class='ocrx_word' id='word_1_58' title='bbox 597 437 702 478; x_wconf 74' lang='lat' dir='ltr'>(part.</span> <span class='ocrx_word' id='word_1_59' title='bbox 724 445 750 466; x_wconf 71' lang='grc' dir='ltr'>Ι.</span> <span class='ocrx_word' id='word_1_60' title='bbox 766 444 794 477; x_wconf 79' lang='lat' dir='ltr'>q.</span> <span class='ocrx_word' id='word_1_61' title='bbox 823 445 849 467; x_wconf 75' lang='grc' dir='ltr'>Ι.</span> <span class='ocrx_word' id='word_1_62' title='bbox 869 438 921 466; x_wconf 72' lang='grc' dir='ltr'>ανί</span> <span class='ocrx_word' id='word_1_63' title='bbox 948 433 1004 476; x_wconf 72' lang='lat' dir='ltr'>L).</span> <span class='ocrx_word' id='word_1_64' title='bbox 1464 462 1468 466; x_wconf 92' lang='lat'>.</span> 
     </span>
    </p>

    <p class='ocr_par' dir='ltr' id='par_1_3' title="bbox 107 485 1670 692">
     <span class='ocr_line' id='line_1_7' title="bbox 179 485 1669 533; baseline 0.001 -14"><span class='ocrx_word' id='word_1_65' title='bbox 179 486 237 520; x_wconf 82' lang='grc' dir='ltr'>Αι)</span> <span class='ocrx_word' id='word_1_66' title='bbox 266 497 435 520; x_wconf 57' lang='grc' dir='ltr'>Τωὶτιωι</span> <span class='ocrx_word' id='word_1_67' title='bbox 451 485 655 527; x_wconf 83' lang='lat' dir='ltr'>dicendum,</span> <span class='ocrx_word' id='word_1_68' title='bbox 671 485 766 531; x_wconf 86' lang='lat' dir='ltr'>quod</span> <span class='ocrx_word' id='word_1_69' title='bbox 779 497 820 519; x_wconf 72' lang='lat' dir='ltr'>ca</span> <span class='ocrx_word' id='word_1_70' title='bbox 839 497 930 532; x_wconf 76' lang='lat' dir='ltr'>quae</span> <span class='ocrx_word' id='word_1_71' title='bbox 946 486 1227 520; x_wconf 77' lang='lat' dir='ltr'>demonstrative</span> <span class='ocrx_word' id='word_1_72' title='bbox 1243 487 1383 531; x_wconf 66' lang='lat' dir='ltr'>probari</span> <span class='ocrx_word' id='word_1_73' title='bbox 1400 495 1559 533; x_wconf 76' lang='lat' dir='ltr'>possunt,</span> <span class='ocrx_word' id='word_1_74' title='bbox 1577 487 1669 521; x_wconf 80' lang='lat' dir='ltr'>inter</span> 
     </span>
     <span class='ocr_line' id='line_1_8' title="bbox 107 539 1670 586; baseline 0.001 -14"><span class='ocrx_word' id='word_1_75' title='bbox 107 539 284 573; x_wconf 77' lang='lat' dir='ltr'>credenda</span> <span class='ocrx_word' id='word_1_76' title='bbox 307 547 560 579; x_wconf 72' lang='lat' dir='ltr'>numerantur3</span> <span class='ocrx_word' id='word_1_77' title='bbox 582 550 656 572; x_wconf 87' lang='lat' dir='ltr'>non</span> <span class='ocrx_word' id='word_1_78' title='bbox 685 539 767 584; x_wconf 83' lang='lat' dir='ltr'>quia</span> <span class='ocrx_word' id='word_1_79' title='bbox 790 539 833 573; x_wconf 81' lang='lat' dir='ltr'>de</span> <span class='ocrx_word' id='word_1_80' title='bbox 856 539 940 585; x_wconf 90' lang='lat' dir='ltr'>ipsis</span> <span class='ocrx_word' id='word_1_81' title='bbox 977 539 1187 585; x_wconf 85' lang='lat' dir='ltr'>simpliciter</span> <span class='ocrx_word' id='word_1_82' title='bbox 1214 541 1257 575; x_wconf 84' lang='lat' dir='ltr'>sit</span> <span class='ocrx_word' id='word_1_83' title='bbox 1291 540 1378 575; x_wconf 74' lang='lat' dir='ltr'>sides</span> <span class='ocrx_word' id='word_1_84' title='bbox 1407 541 1499 586; x_wconf 77' lang='lat' dir='ltr'>apud</span> <span class='ocrx_word' id='word_1_85' title='bbox 1523 552 1670 582; x_wconf 77' lang='lat' dir='ltr'>omnes3</span> 
     </span>
     <span class='ocr_line' id='line_1_9' title="bbox 107 593 1669 640; baseline 0.001 -14"><span class='ocrx_word' id='word_1_86' title='bbox 107 593 168 626; x_wconf 83' lang='lat' dir='ltr'>scd</span> <span class='ocrx_word' id='word_1_87' title='bbox 191 593 272 639; x_wconf 80' lang='lat' dir='ltr'>quia</span> <span class='ocrx_word' id='word_1_88' title='bbox 295 593 573 638; x_wconf 69' lang='lat' dir='ltr'>praeexiguntur</span> <span class='ocrx_word' id='word_1_89' title='bbox 595 593 637 626; x_wconf 79' lang='lat' dir='ltr'>ad</span> <span class='ocrx_word' id='word_1_90' title='bbox 661 604 701 626; x_wconf 74' lang='lat' dir='ltr'>ea</span> <span class='ocrx_word' id='word_1_91' title='bbox 725 604 815 638; x_wconf 75' lang='lat' dir='ltr'>quae</span> <span class='ocrx_word' id='word_1_92' title='bbox 839 601 919 627; x_wconf 84' lang='lat' dir='ltr'>sunt</span> <span class='ocrx_word' id='word_1_93' title='bbox 946 593 1083 635; x_wconf 83' lang='lat' dir='ltr'>fidei‚et</span> <span class='ocrx_word' id='word_1_94' title='bbox 1098 602 1240 639; x_wconf 83' lang='lat' dir='ltr'>oportet</span> <span class='ocrx_word' id='word_1_95' title='bbox 1263 605 1304 627; x_wconf 83' lang='lat' dir='ltr'>ea</span> <span class='ocrx_word' id='word_1_96' title='bbox 1327 594 1455 628; x_wconf 77' lang='lat' dir='ltr'>saltem</span> <span class='ocrx_word' id='word_1_97' title='bbox 1478 606 1540 640; x_wconf 82' lang='lat' dir='ltr'>per</span> <span class='ocrx_word' id='word_1_98' title='bbox 1562 594 1669 628; x_wconf 83' lang='lat' dir='ltr'>fidem</span> 
     </span>
     <span class='ocr_line' id='line_1_10' title="bbox 107 646 1364 692; baseline 0 -12"><span class='ocrx_word' id='word_1_99' title='bbox 107 646 347 692; x_wconf 81' lang='lat' dir='ltr'>praesupponi</span> <span class='ocrx_word' id='word_1_100' title='bbox 367 646 408 679; x_wconf 80' lang='lat' dir='ltr'>ab</span> <span class='ocrx_word' id='word_1_101' title='bbox 432 646 498 687; x_wconf 82' lang='lat' dir='ltr'>his,</span> <span class='ocrx_word' id='word_1_102' title='bbox 521 646 581 691; x_wconf 89' lang='lat' dir='ltr'>qui</span> <span class='ocrx_word' id='word_1_103' title='bbox 603 657 729 680; x_wconf 84' lang='lat' dir='ltr'>eorum</span> <span class='ocrx_word' id='word_1_104' title='bbox 753 646 1102 680; x_wconf 75' lang='lat' dir='ltr'>demonstrationem</span> <span class='ocrx_word' id='word_1_105' title='bbox 1125 658 1198 680; x_wconf 88' lang='lat' dir='ltr'>non</span> <span class='ocrx_word' id='word_1_106' title='bbox 1222 647 1364 681; x_wconf 75' lang='lat' dir='ltr'>liabent.</span> 
     </span>
    </p>

    <p class='ocr_par' dir='ltr' id='par_1_4' title="bbox 102 699 1670 1441">
     <span class='ocr_line' id='line_1_11' title="bbox 178 699 1670 745; baseline 0 -11"><span class='ocrx_word' id='word_1_107' title='bbox 178 700 237 733; x_wconf 87' lang='lat' dir='ltr'>AD</span> <span class='ocrx_word' id='word_1_108' title='bbox 264 709 451 738; x_wconf 81' lang='lat' dir='ltr'><strong>QUARTUM</strong></span> <span class='ocrx_word' id='word_1_109' title='bbox 475 699 678 742; x_wconf 81' lang='lat' dir='ltr'>dicendum,</span> <span class='ocrx_word' id='word_1_110' title='bbox 705 700 813 745; x_wconf 84' lang='lat' dir='ltr'>quod,</span> <span class='ocrx_word' id='word_1_111' title='bbox 836 700 928 734; x_wconf 86' lang='lat' dir='ltr'>sicut</span> <span class='ocrx_word' id='word_1_112' title='bbox 949 699 1040 733; x_wconf 87' lang='lat' dir='ltr'>Phil.</span> <span class='ocrx_word' id='word_1_113' title='bbox 1064 700 1197 734; x_wconf 81' lang='lat' dir='ltr'>ibidem</span> <span class='ocrx_word' id='word_1_114' title='bbox 1221 701 1316 742; x_wconf 88' lang='lat' dir='ltr'>dicit,</span> <span class='ocrx_word' id='word_1_115' title='bbox 1340 712 1358 734; x_wconf 83' lang='lat' dir='ltr'>a</span> <span class='ocrx_word' id='word_1_116' title='bbox 1381 701 1529 735; x_wconf 80' lang='lat' dir='ltr'>diversis</span> <span class='ocrx_word' id='word_1_117' title='bbox 1550 700 1670 734; x_wconf 90' lang='lat' dir='ltr'>homi-</span> 
     </span>
     <span class='ocr_line' id='line_1_12' title="bbox 106 752 1670 801; baseline 0.001 -15"><span class='ocrx_word' id='word_1_118' title='bbox 106 752 209 787; x_wconf 88' lang='lat' dir='ltr'>nibus</span> <span class='ocrx_word' id='word_1_119' title='bbox 227 753 270 787; x_wconf 88' lang='lat' dir='ltr'>de</span> <span class='ocrx_word' id='word_1_120' title='bbox 297 753 427 787; x_wconf 82' lang='lat' dir='ltr'>eodem</span> <span class='ocrx_word' id='word_1_121' title='bbox 450 753 600 787; x_wconf 87' lang='lat' dir='ltr'>omnino</span> <span class='ocrx_word' id='word_1_122' title='bbox 623 760 740 798; x_wconf 89' lang='lat' dir='ltr'>potest</span> <span class='ocrx_word' id='word_1_123' title='bbox 762 753 885 787; x_wconf 80' lang='lat' dir='ltr'>haberi</span> <span class='ocrx_word' id='word_1_124' title='bbox 907 753 1068 795; x_wconf 82' lang='lat' dir='ltr'>scientia,</span> <span class='ocrx_word' id='word_1_125' title='bbox 1092 761 1125 787; x_wconf 85' lang='lat' dir='ltr'>et</span> <span class='ocrx_word' id='word_1_126' title='bbox 1147 754 1283 801; x_wconf 85' lang='lat' dir='ltr'>opinio,</span> <span class='ocrx_word' id='word_1_127' title='bbox 1306 754 1398 788; x_wconf 86' lang='lat' dir='ltr'>sicut</span> <span class='ocrx_word' id='word_1_128' title='bbox 1427 762 1461 788; x_wconf 83' lang='lat' dir='ltr'>et</span> <span class='ocrx_word' id='word_1_129' title='bbox 1495 766 1600 800; x_wconf 78' lang='lat' dir='ltr'>supra</span> <span class='ocrx_word' id='word_1_130' title='bbox 1622 754 1670 787; x_wconf 90' lang='lat' dir='ltr'>di-</span> 
     </span>
     <span class='ocr_line' id='line_1_13' title="bbox 107 806 1667 854; baseline 0.001 -14"><span class='ocrx_word' id='word_1_131' title='bbox 107 814 204 841; x_wconf 86' lang='lat' dir='ltr'>ctum</span> <span class='ocrx_word' id='word_1_132' title='bbox 228 815 280 841; x_wconf 89' lang='lat' dir='ltr'>est</span> <span class='ocrx_word' id='word_1_133' title='bbox 301 808 352 852; x_wconf 79' lang='lat' dir='ltr'>(in</span> <span class='ocrx_word' id='word_1_134' title='bbox 380 807 483 853; x_wconf 70' lang='lat' dir='ltr'>emp.)</span> <span class='ocrx_word' id='word_1_135' title='bbox 506 807 548 840; x_wconf 88' lang='lat' dir='ltr'>de</span> <span class='ocrx_word' id='word_1_136' title='bbox 571 807 732 849; x_wconf 80' lang='lat' dir='ltr'>scientia,</span> <span class='ocrx_word' id='word_1_137' title='bbox 756 815 790 841; x_wconf 84' lang='lat' dir='ltr'>et</span> <span class='ocrx_word' id='word_1_138' title='bbox 811 806 896 841; x_wconf 86' lang='lat' dir='ltr'>fide:</span> <span class='ocrx_word' id='word_1_139' title='bbox 928 808 989 841; x_wconf 88' lang='lat' dir='ltr'>sed</span> <span class='ocrx_word' id='word_1_140' title='bbox 1013 807 1054 840; x_wconf 81' lang='lat' dir='ltr'>ab</span> <span class='ocrx_word' id='word_1_141' title='bbox 1087 819 1159 841; x_wconf 92' lang='lat' dir='ltr'>uno</span> <span class='ocrx_word' id='word_1_142' title='bbox 1187 816 1221 842; x_wconf 87' lang='lat' dir='ltr'>et</span> <span class='ocrx_word' id='word_1_143' title='bbox 1243 808 1372 842; x_wconf 89' lang='lat' dir='ltr'>eodem</span> <span class='ocrx_word' id='word_1_144' title='bbox 1399 815 1517 854; x_wconf 90' lang='lat' dir='ltr'>potest</span> <span class='ocrx_word' id='word_1_145' title='bbox 1546 808 1667 841; x_wconf 84' lang='lat' dir='ltr'>haberi</span> 
     </span>
     <span class='ocr_line' id='line_1_14' title="bbox 105 860 1668 907; baseline 0.001 -13"><span class='ocrx_word' id='word_1_146' title='bbox 105 860 265 902; x_wconf 83' lang='lat' dir='ltr'>scientia,</span> <span class='ocrx_word' id='word_1_147' title='bbox 289 868 322 894; x_wconf 91' lang='lat' dir='ltr'>et</span> <span class='ocrx_word' id='word_1_148' title='bbox 344 861 466 906; x_wconf 89' lang='lat' dir='ltr'>opinio</span> <span class='ocrx_word' id='word_1_149' title='bbox 490 860 532 894; x_wconf 84' lang='lat' dir='ltr'>de</span> <span class='ocrx_word' id='word_1_150' title='bbox 565 860 695 894; x_wconf 89' lang='lat' dir='ltr'>eodem</span> <span class='ocrx_word' id='word_1_151' title='bbox 718 860 918 894; x_wconf 83' lang='lat' dir='ltr'>secundum</span> <span class='ocrx_word' id='word_1_152' title='bbox 948 860 1044 906; x_wconf 87' lang='lat' dir='ltr'>quid,</span> <span class='ocrx_word' id='word_1_153' title='bbox 1072 860 1209 895; x_wconf 89' lang='lat' dir='ltr'>scilicet</span> <span class='ocrx_word' id='word_1_154' title='bbox 1240 861 1282 895; x_wconf 89' lang='lat' dir='ltr'>de</span> <span class='ocrx_word' id='word_1_155' title='bbox 1305 861 1480 907; x_wconf 71' lang='lat' dir='ltr'>subiecto,</span> <span class='ocrx_word' id='word_1_156' title='bbox 1511 861 1572 895; x_wconf 88' lang='lat' dir='ltr'>sed</span> <span class='ocrx_word' id='word_1_157' title='bbox 1594 872 1668 895; x_wconf 91' lang='lat' dir='ltr'>non</span> 
     </span>
     <span class='ocr_line' id='line_1_15' title="bbox 105 914 1667 960; baseline 0.001 -13"><span class='ocrx_word' id='word_1_158' title='bbox 105 914 304 948; x_wconf 88' lang='lat' dir='ltr'>secundum</span> <span class='ocrx_word' id='word_1_159' title='bbox 326 914 441 948; x_wconf 88' lang='lat' dir='ltr'>idem:</span> <span class='ocrx_word' id='word_1_160' title='bbox 464 921 582 959; x_wconf 80' lang='lat' dir='ltr'>potest</span> <span class='ocrx_word' id='word_1_161' title='bbox 603 914 700 947; x_wconf 87' lang='lat' dir='ltr'>enim</span> <span class='ocrx_word' id='word_1_162' title='bbox 727 925 815 955; x_wconf 85' lang='lat' dir='ltr'>esse,</span> <span class='ocrx_word' id='word_1_163' title='bbox 839 914 935 959; x_wconf 88' lang='lat' dir='ltr'>quod</span> <span class='ocrx_word' id='word_1_164' title='bbox 957 914 1000 947; x_wconf 86' lang='lat' dir='ltr'>de</span> <span class='ocrx_word' id='word_1_165' title='bbox 1023 926 1093 948; x_wconf 77' lang='lat' dir='ltr'>una</span> <span class='ocrx_word' id='word_1_166' title='bbox 1115 923 1148 948; x_wconf 88' lang='lat' dir='ltr'>et</span> <span class='ocrx_word' id='word_1_167' title='bbox 1168 914 1293 948; x_wconf 82' lang='lat' dir='ltr'>eadem</span> <span class='ocrx_word' id='word_1_168' title='bbox 1322 925 1359 948; x_wconf 92' lang='lat' dir='ltr'>re</span> <span class='ocrx_word' id='word_1_169' title='bbox 1383 914 1510 960; x_wconf 84' lang='lat' dir='ltr'>aliquis</span> <span class='ocrx_word' id='word_1_170' title='bbox 1534 914 1667 960; x_wconf 83' lang='lat' dir='ltr'>aliquid</span> 
     </span>
     <span class='ocr_line' id='line_1_16' title="bbox 105 967 1670 1014; baseline 0.001 -13"><span class='ocrx_word' id='word_1_171' title='bbox 105 968 204 1009; x_wconf 83' lang='lat' dir='ltr'>sciat,</span> <span class='ocrx_word' id='word_1_172' title='bbox 220 975 254 1001; x_wconf 88' lang='lat' dir='ltr'>et</span> <span class='ocrx_word' id='word_1_173' title='bbox 275 967 408 1013; x_wconf 82' lang='lat' dir='ltr'>aliquid</span> <span class='ocrx_word' id='word_1_174' title='bbox 432 967 527 1000; x_wconf 80' lang='lat' dir='ltr'>aliud</span> <span class='ocrx_word' id='word_1_175' title='bbox 550 967 731 1013; x_wconf 82' lang='lat' dir='ltr'>opinetur3</span> <span class='ocrx_word' id='word_1_176' title='bbox 748 975 783 1001; x_wconf 92' lang='lat' dir='ltr'>et</span> <span class='ocrx_word' id='word_1_177' title='bbox 804 967 968 1002; x_wconf 87' lang='lat' dir='ltr'>similiter</span> <span class='ocrx_word' id='word_1_178' title='bbox 989 967 1032 1002; x_wconf 86' lang='lat' dir='ltr'>de</span> <span class='ocrx_word' id='word_1_179' title='bbox 1055 968 1135 1001; x_wconf 86' lang='lat' dir='ltr'>Deo</span> <span class='ocrx_word' id='word_1_180' title='bbox 1158 976 1276 1014; x_wconf 88' lang='lat' dir='ltr'>potest</span> <span class='ocrx_word' id='word_1_181' title='bbox 1298 967 1425 1014; x_wconf 83' lang='lat' dir='ltr'>aliquis</span> <span class='ocrx_word' id='word_1_182' title='bbox 1448 968 1670 1002; x_wconf 87' lang='lat' dir='ltr'>demonstra—</span> 
     </span>
     <span class='ocr_line' id='line_1_17' title="bbox 103 1020 1664 1066; baseline 0.001 -12"><span class='ocrx_word' id='word_1_183' title='bbox 103 1020 174 1055; x_wconf 89' lang='lat' dir='ltr'>tive</span> <span class='ocrx_word' id='word_1_184' title='bbox 196 1021 286 1055; x_wconf 87' lang='lat' dir='ltr'>scire</span> <span class='ocrx_word' id='word_1_185' title='bbox 309 1020 405 1066; x_wconf 90' lang='lat' dir='ltr'>quod</span> <span class='ocrx_word' id='word_1_186' title='bbox 426 1021 470 1054; x_wconf 91' lang='lat' dir='ltr'>sit</span> <span class='ocrx_word' id='word_1_187' title='bbox 488 1032 591 1061; x_wconf 81' lang='lat' dir='ltr'>unus,</span> <span class='ocrx_word' id='word_1_188' title='bbox 615 1028 647 1054; x_wconf 85' lang='lat' dir='ltr'>et</span> <span class='ocrx_word' id='word_1_189' title='bbox 670 1021 815 1055; x_wconf 90' lang='lat' dir='ltr'>credere</span> <span class='ocrx_word' id='word_1_190' title='bbox 838 1021 934 1066; x_wconf 88' lang='lat' dir='ltr'>quod</span> <span class='ocrx_word' id='word_1_191' title='bbox 957 1021 1000 1055; x_wconf 90' lang='lat' dir='ltr'>sit</span> <span class='ocrx_word' id='word_1_192' title='bbox 1021 1021 1145 1055; x_wconf 86' lang='lat' dir='ltr'>trinus.</span> <span class='ocrx_word' id='word_1_193' title='bbox 1163 1021 1233 1055; x_wconf 86' lang='lat' dir='ltr'>Sed</span> <span class='ocrx_word' id='word_1_194' title='bbox 1253 1021 1296 1055; x_wconf 85' lang='lat' dir='ltr'>de</span> <span class='ocrx_word' id='word_1_195' title='bbox 1320 1021 1450 1055; x_wconf 87' lang='lat' dir='ltr'>eodem</span> <span class='ocrx_word' id='word_1_196' title='bbox 1466 1022 1664 1055; x_wconf 87' lang='lat' dir='ltr'>secundum</span> 
     </span>
     <span class='ocr_line' id='line_1_18' title="bbox 102 1073 1664 1121; baseline 0.001 -13"><span class='ocrx_word' id='word_1_197' title='bbox 102 1073 199 1108; x_wconf 83' lang='lat' dir='ltr'>idem</span> <span class='ocrx_word' id='word_1_198' title='bbox 221 1085 294 1108; x_wconf 91' lang='lat' dir='ltr'>non</span> <span class='ocrx_word' id='word_1_199' title='bbox 316 1082 434 1119; x_wconf 81' lang='lat' dir='ltr'>potest</span> <span class='ocrx_word' id='word_1_200' title='bbox 457 1085 533 1108; x_wconf 85' lang='lat' dir='ltr'>esse</span> <span class='ocrx_word' id='word_1_201' title='bbox 556 1073 664 1108; x_wconf 89' lang='lat' dir='ltr'>simul</span> <span class='ocrx_word' id='word_1_202' title='bbox 689 1074 725 1108; x_wconf 87' lang='lat' dir='ltr'>in</span> <span class='ocrx_word' id='word_1_203' title='bbox 756 1085 828 1108; x_wconf 87' lang='lat' dir='ltr'>uno</span> <span class='ocrx_word' id='word_1_204' title='bbox 849 1074 998 1108; x_wconf 89' lang='lat' dir='ltr'>homine</span> <span class='ocrx_word' id='word_1_205' title='bbox 1021 1075 1171 1108; x_wconf 77' lang='lat' dir='ltr'>scientia</span> <span class='ocrx_word' id='word_1_206' title='bbox 1196 1086 1263 1108; x_wconf 88' lang='lat' dir='ltr'>nec</span> <span class='ocrx_word' id='word_1_207' title='bbox 1287 1086 1367 1109; x_wconf 83' lang='lat' dir='ltr'>cun]</span> <span class='ocrx_word' id='word_1_208' title='bbox 1393 1075 1575 1121; x_wconf 86' lang='lat' dir='ltr'>opinione,</span> <span class='ocrx_word' id='word_1_209' title='bbox 1598 1086 1664 1109; x_wconf 89' lang='lat' dir='ltr'>nec</span> 
     </span>
     <span class='ocr_line' id='line_1_19' title="bbox 104 1127 1665 1174; baseline 0 -12"><span class='ocrx_word' id='word_1_210' title='bbox 104 1139 185 1162; x_wconf 90' lang='lat' dir='ltr'>cum</span> <span class='ocrx_word' id='word_1_211' title='bbox 208 1127 293 1162; x_wconf 87' lang='lat' dir='ltr'>fide:</span> <span class='ocrx_word' id='word_1_212' title='bbox 318 1127 387 1161; x_wconf 80' lang='lat' dir='ltr'>alia</span> <span class='ocrx_word' id='word_1_213' title='bbox 404 1135 527 1161; x_wconf 80' lang='lat' dir='ltr'>tamen</span> <span class='ocrx_word' id='word_1_214' title='bbox 546 1135 580 1161; x_wconf 91' lang='lat' dir='ltr'>et</span> <span class='ocrx_word' id='word_1_215' title='bbox 602 1127 671 1161; x_wconf 82' lang='lat' dir='ltr'>alia</span> <span class='ocrx_word' id='word_1_216' title='bbox 693 1129 843 1161; x_wconf 82' lang='lat' dir='ltr'>ratione.</span> <span class='ocrx_word' id='word_1_217' title='bbox 862 1127 1021 1162; x_wconf 73' lang='lat' dir='ltr'>Scientia</span> <span class='ocrx_word' id='word_1_218' title='bbox 1043 1128 1140 1162; x_wconf 91' lang='lat' dir='ltr'>enim</span> <span class='ocrx_word' id='word_1_219' title='bbox 1163 1139 1247 1161; x_wconf 91' lang='lat' dir='ltr'>cum</span> <span class='ocrx_word' id='word_1_220' title='bbox 1270 1128 1442 1174; x_wconf 89' lang='lat' dir='ltr'>opinione</span> <span class='ocrx_word' id='word_1_221' title='bbox 1457 1128 1566 1162; x_wconf 87' lang='lat' dir='ltr'>simul</span> <span class='ocrx_word' id='word_1_222' title='bbox 1588 1140 1665 1163; x_wconf 90' lang='lat' dir='ltr'>esse</span> 
     </span>
     <span class='ocr_line' id='line_1_20' title="bbox 102 1180 1664 1228; baseline 0.001 -13"><span class='ocrx_word' id='word_1_223' title='bbox 102 1192 176 1215; x_wconf 89' lang='lat' dir='ltr'>non</span> <span class='ocrx_word' id='word_1_224' title='bbox 203 1188 321 1227; x_wconf 87' lang='lat' dir='ltr'>potest</span> <span class='ocrx_word' id='word_1_225' title='bbox 343 1180 553 1226; x_wconf 89' lang='lat' dir='ltr'>simpliciter</span> <span class='ocrx_word' id='word_1_226' title='bbox 575 1181 617 1215; x_wconf 87' lang='lat' dir='ltr'>de</span> <span class='ocrx_word' id='word_1_227' title='bbox 641 1181 882 1227; x_wconf 78' lang='lat' dir='ltr'>eodemzquia</span> <span class='ocrx_word' id='word_1_228' title='bbox 905 1181 947 1215; x_wconf 90' lang='lat' dir='ltr'>de</span> <span class='ocrx_word' id='word_1_229' title='bbox 970 1181 1108 1215; x_wconf 82' lang='lat' dir='ltr'>ratione</span> <span class='ocrx_word' id='word_1_230' title='bbox 1124 1181 1294 1215; x_wconf 78' lang='lat' dir='ltr'>scientiae</span> <span class='ocrx_word' id='word_1_231' title='bbox 1317 1190 1379 1223; x_wconf 82' lang='lat' dir='ltr'>est,</span> <span class='ocrx_word' id='word_1_232' title='bbox 1403 1182 1499 1228; x_wconf 86' lang='lat' dir='ltr'>quod</span> <span class='ocrx_word' id='word_1_233' title='bbox 1515 1182 1549 1215; x_wconf 91' lang='lat' dir='ltr'>id</span> <span class='ocrx_word' id='word_1_234' title='bbox 1568 1182 1664 1228; x_wconf 87' lang='lat' dir='ltr'>quod</span> 
     </span>
     <span class='ocr_line' id='line_1_21' title="bbox 102 1234 1669 1281; baseline 0.001 -13"><span class='ocrx_word' id='word_1_235' title='bbox 102 1234 222 1276; x_wconf 86' lang='lat' dir='ltr'>scitur,</span> <span class='ocrx_word' id='word_1_236' title='bbox 245 1234 467 1268; x_wconf 80' lang='lat' dir='ltr'>existimetur</span> <span class='ocrx_word' id='word_1_237' title='bbox 485 1246 562 1269; x_wconf 88' lang='lat' dir='ltr'>esse</span> <span class='ocrx_word' id='word_1_238' title='bbox 584 1234 806 1280; x_wconf 86' lang='lat' dir='ltr'>impossibile</span> <span class='ocrx_word' id='word_1_239' title='bbox 835 1234 937 1268; x_wconf 82' lang='lat' dir='ltr'>aliter</span> <span class='ocrx_word' id='word_1_240' title='bbox 963 1246 1001 1269; x_wconf 87' lang='lat' dir='ltr'>se</span> <span class='ocrx_word' id='word_1_241' title='bbox 1028 1235 1176 1270; x_wconf 78' lang='lat' dir='ltr'>habere:</span> <span class='ocrx_word' id='word_1_242' title='bbox 1200 1235 1262 1269; x_wconf 89' lang='lat' dir='ltr'>sed</span> <span class='ocrx_word' id='word_1_243' title='bbox 1284 1235 1331 1277; x_wconf 81' lang='lat' dir='ltr'>id,</span> <span class='ocrx_word' id='word_1_244' title='bbox 1359 1235 1455 1281; x_wconf 88' lang='lat' dir='ltr'>quod</span> <span class='ocrx_word' id='word_1_245' title='bbox 1482 1235 1550 1270; x_wconf 86' lang='lat' dir='ltr'>fide</span> <span class='ocrx_word' id='word_1_246' title='bbox 1572 1244 1669 1270; x_wconf 89' lang='lat' dir='ltr'>tene-</span> 
     </span>
     <span class='ocr_line' id='line_1_22' title="bbox 102 1287 1665 1335; baseline 0.001 -14"><span class='ocrx_word' id='word_1_247' title='bbox 102 1296 169 1330; x_wconf 85' lang='lat' dir='ltr'>tur,</span> <span class='ocrx_word' id='word_1_248' title='bbox 187 1296 333 1334; x_wconf 91' lang='lat' dir='ltr'>propter</span> <span class='ocrx_word' id='word_1_249' title='bbox 347 1287 430 1322; x_wconf 83' lang='lat' dir='ltr'>fidei</span> <span class='ocrx_word' id='word_1_250' title='bbox 452 1288 703 1322; x_wconf 83' lang='lat' dir='ltr'>certitudinem</span> <span class='ocrx_word' id='word_1_251' title='bbox 723 1288 946 1322; x_wconf 76' lang='lat' dir='ltr'>existimatur</span> <span class='ocrx_word' id='word_1_252' title='bbox 965 1288 1073 1322; x_wconf 83' lang='lat' dir='ltr'>etiam</span> <span class='ocrx_word' id='word_1_253' title='bbox 1092 1288 1315 1335; x_wconf 80' lang='lat' dir='ltr'>impossibile</span> <span class='ocrx_word' id='word_1_254' title='bbox 1335 1289 1436 1323; x_wconf 77' lang='lat' dir='ltr'>aliter</span> <span class='ocrx_word' id='word_1_255' title='bbox 1455 1301 1492 1323; x_wconf 89' lang='lat' dir='ltr'>se</span> <span class='ocrx_word' id='word_1_256' title='bbox 1514 1290 1665 1324; x_wconf 81' lang='lat' dir='ltr'>habere:</span> 
     </span>
     <span class='ocr_line' id='line_1_23' title="bbox 103 1341 1666 1387; baseline 0.001 -12"><span class='ocrx_word' id='word_1_257' title='bbox 103 1341 165 1375; x_wconf 90' lang='lat' dir='ltr'>sed</span> <span class='ocrx_word' id='word_1_258' title='bbox 188 1353 230 1376; x_wconf 86' lang='lat' dir='ltr'>ea</span> <span class='ocrx_word' id='word_1_259' title='bbox 257 1343 395 1375; x_wconf 81' lang='lat' dir='ltr'>ratione</span> <span class='ocrx_word' id='word_1_260' title='bbox 417 1353 491 1375; x_wconf 93' lang='lat' dir='ltr'>non</span> <span class='ocrx_word' id='word_1_261' title='bbox 518 1349 635 1387; x_wconf 90' lang='lat' dir='ltr'>potest</span> <span class='ocrx_word' id='word_1_262' title='bbox 669 1341 777 1376; x_wconf 90' lang='lat' dir='ltr'>simul</span> <span class='ocrx_word' id='word_1_263' title='bbox 808 1341 917 1384; x_wconf 87' lang='lat' dir='ltr'>idem,</span> <span class='ocrx_word' id='word_1_264' title='bbox 948 1350 982 1376; x_wconf 91' lang='lat' dir='ltr'>et</span> <span class='ocrx_word' id='word_1_265' title='bbox 1016 1343 1215 1376; x_wconf 89' lang='lat' dir='ltr'>secundum</span> <span class='ocrx_word' id='word_1_266' title='bbox 1242 1342 1338 1376; x_wconf 85' lang='lat' dir='ltr'>idem</span> <span class='ocrx_word' id='word_1_267' title='bbox 1366 1354 1443 1376; x_wconf 87' lang='lat' dir='ltr'>esse</span> <span class='ocrx_word' id='word_1_268' title='bbox 1468 1343 1609 1385; x_wconf 85' lang='lat' dir='ltr'>scitum,</span> <span class='ocrx_word' id='word_1_269' title='bbox 1633 1351 1666 1377; x_wconf 84' lang='lat' dir='ltr'>et</span> 
     </span>
     <span class='ocr_line' id='line_1_24' title="bbox 104 1395 1665 1441; baseline 0.001 -13"><span class='ocrx_word' id='word_1_270' title='bbox 104 1395 290 1437; x_wconf 89' lang='lat' dir='ltr'>creditum,</span> <span class='ocrx_word' id='word_1_271' title='bbox 318 1395 400 1441; x_wconf 79' lang='lat' dir='ltr'>quia</span> <span class='ocrx_word' id='word_1_272' title='bbox 419 1396 549 1429; x_wconf 89' lang='lat' dir='ltr'>scitum</span> <span class='ocrx_word' id='word_1_273' title='bbox 572 1403 625 1429; x_wconf 85' lang='lat' dir='ltr'>est</span> <span class='ocrx_word' id='word_1_274' title='bbox 656 1395 786 1438; x_wconf 78' lang='lat' dir='ltr'>visum,</span> <span class='ocrx_word' id='word_1_275' title='bbox 814 1403 848 1430; x_wconf 91' lang='lat' dir='ltr'>et</span> <span class='ocrx_word' id='word_1_276' title='bbox 870 1395 1046 1430; x_wconf 88' lang='lat' dir='ltr'>creditum</span> <span class='ocrx_word' id='word_1_277' title='bbox 1069 1404 1122 1430; x_wconf 90' lang='lat' dir='ltr'>est</span> <span class='ocrx_word' id='word_1_278' title='bbox 1142 1407 1216 1430; x_wconf 89' lang='lat' dir='ltr'>non</span> <span class='ocrx_word' id='word_1_279' title='bbox 1238 1396 1367 1438; x_wconf 87' lang='lat' dir='ltr'>visum,</span> <span class='ocrx_word' id='word_1_280' title='bbox 1390 1404 1428 1430; x_wconf 89' lang='lat' dir='ltr'>ut</span> <span class='ocrx_word' id='word_1_281' title='bbox 1455 1397 1590 1431; x_wconf 91' lang='lat' dir='ltr'>dictum</span> <span class='ocrx_word' id='word_1_282' title='bbox 1613 1405 1665 1430; x_wconf 90' lang='lat' dir='ltr'>est</span> 
     </span>
    </p>
   </div>
   <div class='ocr_carea' id='block_1_3' title="bbox 106 1449 388 1496">
    <p class='ocr_par' dir='ltr' id='par_1_5' title="bbox 106 1449 388 1496">
     <span class='ocr_line' id='line_1_25' title="bbox 106 1449 388 1496; baseline 0.004 -14"><span class='ocrx_word' id='word_1_283' title='bbox 106 1449 156 1492; x_wconf 78' lang='grc' dir='ltr'>(ῐη</span> <span class='ocrx_word' id='word_1_284' title='bbox 179 1455 269 1496; x_wconf 76' lang='lat' dir='ltr'>corp.</span> <span class='ocrx_word' id='word_1_285' title='bbox 293 1450 388 1494; x_wconf 63' lang='lat' dir='ltr'>art).</span> 
     </span>
    </p>
   </div>
   <div class='ocr_carea' id='block_1_4' title="bbox 132 1567 1664 1702">
    <p class='ocr_par' dir='ltr' id='par_1_6' title="bbox 132 1567 1664 1702">
     <span class='ocr_line' id='line_1_26' title="bbox 655 1567 1664 1615; baseline 0.005 -5"><span class='ocrx_word' id='word_1_286' title='bbox 655 1567 1000 1612; x_wconf 83' lang='lat' dir='ltr'>ARTICULUS</span> <span class='ocrx_word' id='word_1_287' title='bbox 1033 1568 1110 1611; x_wconf 87' lang='lat' dir='ltr'>VI.</span> <span class='ocrx_word' id='word_1_288' title='bbox 1644 1580 1664 1615; x_wconf 79' lang='grc'>6</span> 
     </span>
     <span class='ocr_line' id='line_1_27' title="bbox 132 1663 1622 1702; baseline 0.003 -9"><span class='ocrx_word' id='word_1_289' title='bbox 132 1663 285 1693; x_wconf 86' lang='lat' dir='ltr'>UTRUM</span> <span class='ocrx_word' id='word_1_290' title='bbox 308 1663 554 1693; x_wconf 80' lang='lat' dir='ltr'><strong>CREDIBILIA</strong></span> <span class='ocrx_word' id='word_1_291' title='bbox 581 1664 678 1694; x_wconf 84' lang='lat' dir='ltr'>SINT</span> <span class='ocrx_word' id='word_1_292' title='bbox 706 1665 783 1694; x_wconf 84' lang='lat' dir='ltr'>PER</span> <span class='ocrx_word' id='word_1_293' title='bbox 805 1665 974 1694; x_wconf 77' lang='lat' dir='ltr'>CERTos</span> <span class='ocrx_word' id='word_1_294' title='bbox 1003 1665 1622 1702; x_wconf 37' lang='lat' dir='ltr'>ARricuLos-DtsTmGUENDA.</span> 
     </span>
    </p>
   </div>
   <div class='ocr_carea' id='block_1_5' title="bbox 364 1739 1400 1788">
    <p class='ocr_par' dir='ltr' id='par_1_7' title="bbox 364 1739 1400 1788">
     <span class='ocr_line' id='line_1_28' title="bbox 364 1739 1400 1788; baseline 0.005 -16"><span class='ocrx_word' id='word_1_295' title='bbox 364 1739 467 1783; x_wconf 69' lang='lat' dir='ltr'>(Dist.</span> <span class='ocrx_word' id='word_1_296' title='bbox 490 1751 537 1785; x_wconf 79' lang='lat'>25.</span> <span class='ocrx_word' id='word_1_297' title='bbox 559 1751 588 1785; x_wconf 83' lang='lat' dir='ltr'>q.</span> <span class='ocrx_word' id='word_1_298' title='bbox 611 1752 638 1774; x_wconf 85' lang='lat' dir='ltr'>I.</span> <span class='ocrx_word' id='word_1_299' title='bbox 657 1745 720 1774; x_wconf 76' lang='lat' dir='ltr'>art.</span> <span class='ocrx_word' id='word_1_300' title='bbox 742 1752 770 1775; x_wconf 78' lang='grc' dir='ltr'>Ι.</span> <span class='ocrx_word' id='word_1_301' title='bbox 793 1745 822 1775; x_wconf 73' lang='lat' dir='ltr'>et</span> <span class='ocrx_word' id='word_1_302' title='bbox 847 1745 909 1775; x_wconf 76' lang='lat' dir='ltr'>art.</span> <span class='ocrx_word' id='word_1_303' title='bbox 936 1752 967 1775; x_wconf 87' lang='lat'>2.</span> <span class='ocrx_word' id='word_1_304' title='bbox 990 1746 1017 1776; x_wconf 74' lang='lat' dir='ltr'>ct</span> <span class='ocrx_word' id='word_1_305' title='bbox 1038 1754 1064 1776; x_wconf 86' lang='lat' dir='ltr'>I.</span> <span class='ocrx_word' id='word_1_306' title='bbox 1096 1742 1173 1776; x_wconf 72' lang='lat' dir='ltr'>Cor.</span> <span class='ocrx_word' id='word_1_307' title='bbox 1202 1743 1400 1788; x_wconf 74' lang='lat' dir='ltr'>15.p1·[nc.).</span> 
     </span>
    </p>
   </div>
   <div class='ocr_carea' id='block_1_6' title="bbox 96 1822 1662 2885">
    <p class='ocr_par' dir='ltr' id='par_1_8' title="bbox 98 1822 1662 2082">
     <span class='ocr_line' id='line_1_29' title="bbox 171 1822 1662 1872; baseline 0.003 -15"><span class='ocrx_word' id='word_1_308' title='bbox 171 1822 231 1857; x_wconf 87' lang='lat' dir='ltr'>AD</span> <span class='ocrx_word' id='word_1_309' title='bbox 253 1832 405 1857; x_wconf 74' lang='lat' dir='ltr'>SEXTUM</span> <span class='ocrx_word' id='word_1_310' title='bbox 433 1822 482 1856; x_wconf 88' lang='lat' dir='ltr'>sic</span> <span class='ocrx_word' id='word_1_311' title='bbox 509 1823 724 1868; x_wconf 82' lang='lat' dir='ltr'>proceditur.</span> <span class='ocrx_word' id='word_1_312' title='bbox 747 1823 908 1866; x_wconf 85' lang='lat' dir='ltr'>Videtur,</span> <span class='ocrx_word' id='word_1_313' title='bbox 939 1825 1035 1870; x_wconf 90' lang='lat' dir='ltr'>quod</span> <span class='ocrx_word' id='word_1_314' title='bbox 1064 1825 1248 1859; x_wconf 77' lang='lat' dir='ltr'>credibilia</span> <span class='ocrx_word' id='word_1_315' title='bbox 1270 1837 1343 1859; x_wconf 89' lang='lat' dir='ltr'>non</span> <span class='ocrx_word' id='word_1_316' title='bbox 1366 1826 1436 1860; x_wconf 90' lang='lat' dir='ltr'>sint</span> <span class='ocrx_word' id='word_1_317' title='bbox 1462 1837 1524 1872; x_wconf 88' lang='lat' dir='ltr'>per</span> <span class='ocrx_word' id='word_1_318' title='bbox 1546 1835 1662 1861; x_wconf 87' lang='lat' dir='ltr'>certos</span> 
     </span>
     <span class='ocr_line' id='line_1_30' title="bbox 101 1874 1662 1926; baseline 0.003 -17"><span class='ocrx_word' id='word_1_319' title='bbox 101 1874 270 1910; x_wconf 80' lang='lat' dir='ltr'>articulos</span> <span class='ocrx_word' id='word_1_320' title='bbox 292 1875 562 1920; x_wconf 73' lang='lat' dir='ltr'>distinguenda3</span> <span class='ocrx_word' id='word_1_321' title='bbox 586 1887 714 1910; x_wconf 90' lang='lat' dir='ltr'>eorum</span> <span class='ocrx_word' id='word_1_322' title='bbox 742 1877 838 1911; x_wconf 89' lang='lat' dir='ltr'>enim</span> <span class='ocrx_word' id='word_1_323' title='bbox 861 1878 1038 1920; x_wconf 87' lang='lat' dir='ltr'>omnium,</span> <span class='ocrx_word' id='word_1_324' title='bbox 1061 1890 1152 1924; x_wconf 78' lang='lat' dir='ltr'>quae</span> <span class='ocrx_word' id='word_1_325' title='bbox 1172 1879 1207 1912; x_wconf 90' lang='lat' dir='ltr'>in</span> <span class='ocrx_word' id='word_1_326' title='bbox 1231 1879 1341 1913; x_wconf 78' lang='lat' dir='ltr'>Sacra</span> <span class='ocrx_word' id='word_1_327' title='bbox 1364 1879 1559 1926; x_wconf 79' lang='lat' dir='ltr'>Scriptura,</span> <span class='ocrx_word' id='word_1_328' title='bbox 1579 1891 1662 1914; x_wconf 90' lang='lat' dir='ltr'>con-</span> 
     </span>
     <span class='ocr_line' id='line_1_31' title="bbox 99 1928 1661 1979; baseline 0.003 -17"><span class='ocrx_word' id='word_1_329' title='bbox 99 1928 266 1971; x_wconf 88' lang='lat' dir='ltr'>tinentur,</span> <span class='ocrx_word' id='word_1_330' title='bbox 289 1937 342 1963; x_wconf 89' lang='lat' dir='ltr'>est</span> <span class='ocrx_word' id='word_1_331' title='bbox 362 1929 450 1963; x_wconf 81' lang='lat' dir='ltr'>fides</span> <span class='ocrx_word' id='word_1_332' title='bbox 472 1929 656 1964; x_wconf 78' lang='lat' dir='ltr'>habenda:</span> <span class='ocrx_word' id='word_1_333' title='bbox 683 1930 744 1964; x_wconf 88' lang='lat' dir='ltr'>sed</span> <span class='ocrx_word' id='word_1_334' title='bbox 767 1930 827 1964; x_wconf 77' lang='lat' dir='ltr'>illa</span> <span class='ocrx_word' id='word_1_335' title='bbox 848 1942 922 1965; x_wconf 90' lang='lat' dir='ltr'>non</span> <span class='ocrx_word' id='word_1_336' title='bbox 949 1940 1100 1976; x_wconf 88' lang='lat' dir='ltr'>possunt</span> <span class='ocrx_word' id='word_1_337' title='bbox 1125 1932 1248 1966; x_wconf 88' lang='lat' dir='ltr'>reduci</span> <span class='ocrx_word' id='word_1_338' title='bbox 1270 1933 1312 1966; x_wconf 81' lang='lat' dir='ltr'>ad</span> <span class='ocrx_word' id='word_1_339' title='bbox 1341 1932 1497 1979; x_wconf 83' lang='lat' dir='ltr'>aliquem</span> <span class='ocrx_word' id='word_1_340' title='bbox 1521 1941 1661 1967; x_wconf 89' lang='lat' dir='ltr'>certum</span> 
     </span>
     <span class='ocr_line' id='line_1_32' title="bbox 98 1983 1661 2032; baseline 0.003 -17"><span class='ocrx_word' id='word_1_341' title='bbox 98 1993 292 2016; x_wconf 88' lang='lat' dir='ltr'>numerum</span> <span class='ocrx_word' id='word_1_342' title='bbox 309 1990 455 2028; x_wconf 86' lang='lat' dir='ltr'>propter</span> <span class='ocrx_word' id='word_1_343' title='bbox 475 1983 531 2017; x_wconf 87' lang='lat' dir='ltr'>sui</span> <span class='ocrx_word' id='word_1_344' title='bbox 552 1983 838 2026; x_wconf 82' lang='lat' dir='ltr'>multitudinem3</span> <span class='ocrx_word' id='word_1_345' title='bbox 870 1996 956 2030; x_wconf 91' lang='lat' dir='ltr'>ergo</span> <span class='ocrx_word' id='word_1_346' title='bbox 979 1985 1200 2032; x_wconf 86' lang='lat' dir='ltr'>superfluum</span> <span class='ocrx_word' id='word_1_347' title='bbox 1222 1986 1362 2020; x_wconf 81' lang='lat' dir='ltr'>videtur</span> <span class='ocrx_word' id='word_1_348' title='bbox 1386 1987 1556 2020; x_wconf 80' lang='lat' dir='ltr'>articulos</span> <span class='ocrx_word' id='word_1_349' title='bbox 1579 1987 1661 2021; x_wconf 79' lang='lat' dir='ltr'>fidei</span> 
     </span>
     <span class='ocr_line' id='line_1_33' title="bbox 100 2035 327 2082; baseline 0 -12"><span class='ocrx_word' id='word_1_350' title='bbox 100 2035 327 2082; x_wconf 83' lang='lat' dir='ltr'>distinguere.</span> 
     </span>
    </p>

    <p class='ocr_par' dir='ltr' id='par_1_9' title="bbox 98 2089 1662 2351">
     <span class='ocr_line' id='line_1_34' title="bbox 170 2089 1659 2139; baseline 0.003 -16"><span class='ocrx_word' id='word_1_351' title='bbox 170 2099 201 2123; x_wconf 89' lang='lat'>2.</span> <span class='ocrx_word' id='word_1_352' title='bbox 223 2089 458 2124; x_wconf 77' lang='lat' dir='ltr'>PRAETEREA.</span> <span class='ocrx_word' id='word_1_353' title='bbox 481 2089 676 2124; x_wconf 77' lang='lat' dir='ltr'>Materialis</span> <span class='ocrx_word' id='word_1_354' title='bbox 699 2090 891 2133; x_wconf 84' lang='lat' dir='ltr'>distinctio,</span> <span class='ocrx_word' id='word_1_355' title='bbox 915 2103 998 2126; x_wconf 88' lang='lat' dir='ltr'>cum</span> <span class='ocrx_word' id='word_1_356' title='bbox 1020 2092 1056 2126; x_wconf 91' lang='lat' dir='ltr'>in</span> <span class='ocrx_word' id='word_1_357' title='bbox 1077 2092 1258 2126; x_wconf 85' lang='lat' dir='ltr'>infinitum</span> <span class='ocrx_word' id='word_1_358' title='bbox 1286 2092 1361 2127; x_wconf 85' lang='lat' dir='ltr'>fieri</span> <span class='ocrx_word' id='word_1_359' title='bbox 1388 2094 1510 2139; x_wconf 90' lang='lat' dir='ltr'>possit,</span> <span class='ocrx_word' id='word_1_360' title='bbox 1539 2102 1591 2127; x_wconf 88' lang='lat' dir='ltr'>est</span> <span class='ocrx_word' id='word_1_361' title='bbox 1618 2093 1659 2126; x_wconf 79' lang='lat' dir='ltr'>ab</span> 
     </span>
     <span class='ocr_line' id='line_1_35' title="bbox 100 2143 1660 2191; baseline 0.003 -16"><span class='ocrx_word' id='word_1_362' title='bbox 100 2150 173 2176; x_wconf 82' lang='lat' dir='ltr'>arte</span> <span class='ocrx_word' id='word_1_363' title='bbox 194 2143 529 2188; x_wconf 78' lang='lat' dir='ltr'>praetermittenda,</span> <span class='ocrx_word' id='word_1_364' title='bbox 551 2143 612 2177; x_wconf 84' lang='lat' dir='ltr'>sed</span> <span class='ocrx_word' id='word_1_365' title='bbox 634 2143 796 2178; x_wconf 81' lang='lat' dir='ltr'>formalis</span> <span class='ocrx_word' id='word_1_366' title='bbox 819 2145 909 2178; x_wconf 78' lang='lat' dir='ltr'>ratio</span> <span class='ocrx_word' id='word_1_367' title='bbox 938 2145 1069 2191; x_wconf 88' lang='lat' dir='ltr'>objecti</span> <span class='ocrx_word' id='word_1_368' title='bbox 1092 2146 1271 2180; x_wconf 87' lang='lat' dir='ltr'>credibilis</span> <span class='ocrx_word' id='word_1_369' title='bbox 1298 2154 1350 2180; x_wconf 90' lang='lat' dir='ltr'>est</span> <span class='ocrx_word' id='word_1_370' title='bbox 1372 2158 1453 2188; x_wconf 84' lang='lat' dir='ltr'>una,</span> <span class='ocrx_word' id='word_1_371' title='bbox 1482 2155 1516 2181; x_wconf 88' lang='lat' dir='ltr'>et</span> <span class='ocrx_word' id='word_1_372' title='bbox 1537 2147 1660 2180; x_wconf 84' lang='lat' dir='ltr'>indivi-</span> 
     </span>
     <span class='ocr_line' id='line_1_36' title="bbox 99 2195 1662 2245; baseline 0.003 -16"><span class='ocrx_word' id='word_1_373' title='bbox 99 2195 221 2238; x_wconf 83' lang='lat' dir='ltr'>sibilis,</span> <span class='ocrx_word' id='word_1_374' title='bbox 248 2204 286 2230; x_wconf 92' lang='lat' dir='ltr'>ut</span> <span class='ocrx_word' id='word_1_375' title='bbox 303 2207 410 2242; x_wconf 77' lang='lat' dir='ltr'>supra</span> <span class='ocrx_word' id='word_1_376' title='bbox 432 2196 568 2230; x_wconf 87' lang='lat' dir='ltr'>dictum</span> <span class='ocrx_word' id='word_1_377' title='bbox 591 2205 643 2230; x_wconf 84' lang='lat' dir='ltr'>est</span> <span class='ocrx_word' id='word_1_378' title='bbox 679 2197 758 2241; x_wconf 71' lang='lat' dir='ltr'>(art.</span> <span class='ocrx_word' id='word_1_379' title='bbox 781 2210 807 2232; x_wconf 78' lang='grc' dir='ltr'>Ι.</span> <span class='ocrx_word' id='word_1_380' title='bbox 831 2198 900 2243; x_wconf 67' lang='lat' dir='ltr'>huj.</span> <span class='ocrx_word' id='word_1_381' title='bbox 931 2200 990 2244; x_wconf 60' lang='grc'>9.),</span> <span class='ocrx_word' id='word_1_382' title='bbox 1014 2199 1152 2233; x_wconf 88' lang='lat' dir='ltr'>scilicet</span> <span class='ocrx_word' id='word_1_383' title='bbox 1172 2199 1303 2233; x_wconf 74' lang='lat' dir='ltr'>veritas</span> <span class='ocrx_word' id='word_1_384' title='bbox 1326 2200 1460 2245; x_wconf 75' lang='lat' dir='ltr'>prima:</span> <span class='ocrx_word' id='word_1_385' title='bbox 1483 2209 1517 2234; x_wconf 86' lang='lat' dir='ltr'>et</span> <span class='ocrx_word' id='word_1_386' title='bbox 1539 2200 1588 2234; x_wconf 84' lang='lat' dir='ltr'>sic</span> <span class='ocrx_word' id='word_1_387' title='bbox 1612 2211 1662 2234; x_wconf 90' lang='lat' dir='ltr'>se-</span> 
     </span>
     <span class='ocr_line' id='line_1_37' title="bbox 99 2249 1661 2299; baseline 0.003 -17"><span class='ocrx_word' id='word_1_388' title='bbox 99 2250 255 2283; x_wconf 87' lang='lat' dir='ltr'>cundum</span> <span class='ocrx_word' id='word_1_389' title='bbox 277 2250 456 2283; x_wconf 81' lang='lat' dir='ltr'>rationem</span> <span class='ocrx_word' id='word_1_390' title='bbox 482 2249 675 2284; x_wconf 75' lang='lat' dir='ltr'>formalem</span> <span class='ocrx_word' id='word_1_391' title='bbox 698 2251 880 2285; x_wconf 78' lang='lat' dir='ltr'>credibilia</span> <span class='ocrx_word' id='word_1_392' title='bbox 907 2252 1077 2298; x_wconf 81' lang='lat' dir='ltr'>distingui</span> <span class='ocrx_word' id='word_1_393' title='bbox 1097 2264 1169 2286; x_wconf 89' lang='lat' dir='ltr'>non</span> <span class='ocrx_word' id='word_1_394' title='bbox 1199 2262 1368 2298; x_wconf 81' lang='lat' dir='ltr'>possunt3</span> <span class='ocrx_word' id='word_1_395' title='bbox 1397 2265 1483 2299; x_wconf 86' lang='lat' dir='ltr'>ergo</span> <span class='ocrx_word' id='word_1_396' title='bbox 1510 2261 1661 2299; x_wconf 80' lang='lat' dir='ltr'>praeter-</span> 
     </span>
     <span class='ocr_line' id='line_1_38' title="bbox 98 2303 1300 2351; baseline 0.003 -15"><span class='ocrx_word' id='word_1_397' title='bbox 98 2303 273 2337; x_wconf 85' lang='lat' dir='ltr'>mittendo</span> <span class='ocrx_word' id='word_1_398' title='bbox 293 2311 346 2337; x_wconf 91' lang='lat' dir='ltr'>est</span> <span class='ocrx_word' id='word_1_399' title='bbox 368 2303 591 2337; x_wconf 86' lang='lat' dir='ltr'>credibilium</span> <span class='ocrx_word' id='word_1_400' title='bbox 613 2304 809 2338; x_wconf 78' lang='lat' dir='ltr'>materialis</span> <span class='ocrx_word' id='word_1_401' title='bbox 831 2305 1011 2339; x_wconf 89' lang='lat' dir='ltr'>distinctio</span> <span class='ocrx_word' id='word_1_402' title='bbox 1034 2317 1097 2351; x_wconf 89' lang='lat' dir='ltr'>per</span> <span class='ocrx_word' id='word_1_403' title='bbox 1119 2306 1300 2340; x_wconf 80' lang='lat' dir='ltr'>articulos.</span> 
     </span>
    </p>

    <p class='ocr_par' dir='ltr' id='par_1_10' title="bbox 96 2356 1660 2564">
     <span class='ocr_line' id='line_1_39' title="bbox 170 2356 1658 2403; baseline 0.003 -13"><span class='ocrx_word' id='word_1_404' title='bbox 170 2367 200 2401; x_wconf 78' lang='lat'>3.</span> <span class='ocrx_word' id='word_1_405' title='bbox 222 2356 457 2391; x_wconf 79' lang='lat' dir='ltr'>PRAETEREA.</span> <span class='ocrx_word' id='word_1_406' title='bbox 481 2356 582 2391; x_wconf 86' lang='lat' dir='ltr'>Sicut</span> <span class='ocrx_word' id='word_1_407' title='bbox 604 2368 623 2390; x_wconf 81' lang='lat' dir='ltr'>a</span> <span class='ocrx_word' id='word_1_408' title='bbox 638 2357 851 2403; x_wconf 75' lang='lat' dir='ltr'>quibusdam</span> <span class='ocrx_word' id='word_1_409' title='bbox 868 2358 1007 2400; x_wconf 84' lang='lat' dir='ltr'>dicitur,</span> <span class='ocrx_word' id='word_1_410' title='bbox 1024 2359 1192 2393; x_wconf 77' lang='lat' dir='ltr'>articulus</span> <span class='ocrx_word' id='word_1_411' title='bbox 1212 2367 1264 2393; x_wconf 86' lang='lat' dir='ltr'>est</span> <span class='ocrx_word' id='word_1_412' title='bbox 1282 2360 1506 2393; x_wconf 83' lang='lat' dir='ltr'>indivisibilis</span> <span class='ocrx_word' id='word_1_413' title='bbox 1527 2360 1658 2394; x_wconf 73' lang='lat' dir='ltr'>veritas</span> 
     </span>
     <span class='ocr_line' id='line_1_40' title="bbox 99 2409 1660 2458; baseline 0.003 -16"><span class='ocrx_word' id='word_1_414' title='bbox 99 2409 142 2443; x_wconf 86' lang='lat' dir='ltr'>de</span> <span class='ocrx_word' id='word_1_415' title='bbox 163 2409 256 2451; x_wconf 84' lang='lat' dir='ltr'>Deo,</span> <span class='ocrx_word' id='word_1_416' title='bbox 279 2417 418 2443; x_wconf 73' lang='lat' dir='ltr'>arctans</span> <span class='ocrx_word' id='word_1_417' title='bbox 440 2421 506 2444; x_wconf 88' lang='lat' dir='ltr'>nos</span> <span class='ocrx_word' id='word_1_418' title='bbox 529 2410 572 2443; x_wconf 78' lang='lat' dir='ltr'>ad</span> <span class='ocrx_word' id='word_1_419' title='bbox 595 2411 832 2444; x_wconf 86' lang='lat' dir='ltr'>credendum:</span> <span class='ocrx_word' id='word_1_420' title='bbox 856 2411 917 2445; x_wconf 87' lang='lat' dir='ltr'>sed</span> <span class='ocrx_word' id='word_1_421' title='bbox 941 2412 1085 2446; x_wconf 89' lang='lat' dir='ltr'>credere</span> <span class='ocrx_word' id='word_1_422' title='bbox 1105 2420 1157 2446; x_wconf 88' lang='lat' dir='ltr'>est</span> <span class='ocrx_word' id='word_1_423' title='bbox 1178 2412 1443 2454; x_wconf 70' lang='lat' dir='ltr'>voluntarium3</span> <span class='ocrx_word' id='word_1_424' title='bbox 1461 2414 1554 2458; x_wconf 78' lang='lat' dir='ltr'>quia,</span> <span class='ocrx_word' id='word_1_425' title='bbox 1569 2413 1660 2447; x_wconf 88' lang='lat' dir='ltr'>sicut</span> 
     </span>
     <span class='ocr_line' id='line_1_41' title="bbox 98 2463 1658 2512; baseline 0.003 -17"><span class='ocrx_word' id='word_1_426' title='bbox 98 2463 250 2508; x_wconf 81' lang='lat' dir='ltr'>August.</span> <span class='ocrx_word' id='word_1_427' title='bbox 273 2463 358 2496; x_wconf 87' lang='lat' dir='ltr'>dicit</span> <span class='ocrx_word' id='word_1_428' title='bbox 382 2463 491 2506; x_wconf 71' lang='lat' dir='ltr'>(tract.</span> <span class='ocrx_word' id='word_1_429' title='bbox 514 2475 568 2507; x_wconf 73' lang='lat'>24.</span> <span class='ocrx_word' id='word_1_430' title='bbox 591 2465 624 2497; x_wconf 75' lang='lat' dir='ltr'>in</span> <span class='ocrx_word' id='word_1_431' title='bbox 642 2464 767 2507; x_wconf 59' lang='lat' dir='ltr'>soem),</span> <span class='ocrx_word' id='word_1_432' title='bbox 795 2465 902 2499; x_wconf 69' lang='lat' dir='ltr'>mallus</span> <span class='ocrx_word' id='word_1_433' title='bbox 923 2466 1024 2499; x_wconf 61' lang='lat' dir='ltr'>creci&#39;it</span> <span class='ocrx_word' id='word_1_434' title='bbox 1046 2468 1108 2500; x_wconf 72' lang='lat' dir='ltr'>nisi</span> <span class='ocrx_word' id='word_1_435' title='bbox 1129 2467 1251 2505; x_wconf 60' lang='lat' dir='ltr'>volans,-</span> <span class='ocrx_word' id='word_1_436' title='bbox 1281 2477 1367 2511; x_wconf 85' lang='lat' dir='ltr'>ergo</span> <span class='ocrx_word' id='word_1_437' title='bbox 1390 2467 1540 2509; x_wconf 77' lang='lat' dir='ltr'>videtur,</span> <span class='ocrx_word' id='word_1_438' title='bbox 1563 2467 1658 2512; x_wconf 89' lang='lat' dir='ltr'>quod</span> 
     </span>
     <span class='ocr_line' id='line_1_42' title="bbox 96 2515 1172 2564; baseline 0.005 -16"><span class='ocrx_word' id='word_1_439' title='bbox 96 2515 392 2550; x_wconf 86' lang='lat' dir='ltr'>inconvenienter</span> <span class='ocrx_word' id='word_1_440' title='bbox 413 2516 677 2562; x_wconf 75' lang='lat' dir='ltr'>distinguantur</span> <span class='ocrx_word' id='word_1_441' title='bbox 700 2518 884 2551; x_wconf 78' lang='lat' dir='ltr'>credibilia</span> <span class='ocrx_word' id='word_1_442' title='bbox 906 2530 969 2564; x_wconf 90' lang='lat' dir='ltr'>per</span> <span class='ocrx_word' id='word_1_443' title='bbox 991 2519 1172 2553; x_wconf 72' lang='lat' dir='ltr'>articulos.</span> 
     </span>
    </p>

    <p class='ocr_par' dir='ltr' id='par_1_11' title="bbox 96 2569 1660 2778">
     <span class='ocr_line' id='line_1_43' title="bbox 170 2569 1660 2619; baseline 0.003 -16"><span class='ocrx_word' id='word_1_444' title='bbox 170 2569 244 2603; x_wconf 80' lang='lat' dir='ltr'>SED</span> <span class='ocrx_word' id='word_1_445' title='bbox 261 2580 415 2604; x_wconf 76' lang='lat' dir='ltr'>CONTRA</span> <span class='ocrx_word' id='word_1_446' title='bbox 438 2578 500 2612; x_wconf 86' lang='lat' dir='ltr'>est,</span> <span class='ocrx_word' id='word_1_447' title='bbox 524 2571 619 2616; x_wconf 88' lang='lat' dir='ltr'>quod</span> <span class='ocrx_word' id='word_1_448' title='bbox 642 2571 799 2605; x_wconf 89' lang='lat' dir='ltr'>Isidorus</span> <span class='ocrx_word' id='word_1_449' title='bbox 822 2572 924 2605; x_wconf 88' lang='lat' dir='ltr'>dicit:</span> <span class='ocrx_word' id='word_1_450' title='bbox 948 2573 1120 2607; x_wconf 72' lang='lat' dir='ltr'>Articulns</span> <span class='ocrx_word' id='word_1_451' title='bbox 1147 2579 1190 2607; x_wconf 65' lang='lat' dir='ltr'>cst</span> <span class='ocrx_word' id='word_1_452' title='bbox 1212 2575 1379 2619; x_wconf 60' lang='lat' dir='ltr'>perceptio</span> <span class='ocrx_word' id='word_1_453' title='bbox 1415 2573 1547 2607; x_wconf 58' lang='lat' dir='ltr'>divinae</span> <span class='ocrx_word' id='word_1_454' title='bbox 1572 2575 1660 2608; x_wconf 57' lang='lat' dir='ltr'>veri-</span> 
     </span>
     <span class='ocr_line' id='line_1_44' title="bbox 97 2623 1660 2672; baseline 0.003 -16"><span class='ocrx_word' id='word_1_455' title='bbox 97 2624 170 2656; x_wconf 72' lang='lat' dir='ltr'>tatis</span> <span class='ocrx_word' id='word_1_456' title='bbox 197 2623 321 2656; x_wconf 68' lang='lat' dir='ltr'>tmdms</span> <span class='ocrx_word' id='word_1_457' title='bbox 347 2625 381 2656; x_wconf 76' lang='lat' dir='ltr'>in</span> <span class='ocrx_word' id='word_1_458' title='bbox 403 2625 529 2669; x_wconf 76' lang='lat' dir='ltr'>ipsam:</span> <span class='ocrx_word' id='word_1_459' title='bbox 552 2624 613 2657; x_wconf 89' lang='lat' dir='ltr'>sed</span> <span class='ocrx_word' id='word_1_460' title='bbox 644 2625 827 2670; x_wconf 88' lang='lat' dir='ltr'>perceptio</span> <span class='ocrx_word' id='word_1_461' title='bbox 858 2625 999 2659; x_wconf 81' lang='lat' dir='ltr'>divinae</span> <span class='ocrx_word' id='word_1_462' title='bbox 1022 2626 1179 2660; x_wconf 78' lang='lat' dir='ltr'>veritatis</span> <span class='ocrx_word' id='word_1_463' title='bbox 1214 2627 1387 2672; x_wconf 84' lang='lat' dir='ltr'>competit</span> <span class='ocrx_word' id='word_1_464' title='bbox 1413 2626 1516 2660; x_wconf 86' lang='lat' dir='ltr'>nobis</span> <span class='ocrx_word' id='word_1_465' title='bbox 1538 2638 1660 2660; x_wconf 87' lang='lat' dir='ltr'>secun-</span> 
     </span>
     <span class='ocr_line' id='line_1_45' title="bbox 96 2675 1657 2723; baseline 0.003 -15"><span class='ocrx_word' id='word_1_466' title='bbox 96 2675 182 2709; x_wconf 86' lang='lat' dir='ltr'>dum</span> <span class='ocrx_word' id='word_1_467' title='bbox 217 2676 485 2711; x_wconf 81' lang='lat' dir='ltr'>distinctionem</span> <span class='ocrx_word' id='word_1_468' title='bbox 520 2677 734 2722; x_wconf 73' lang='lat' dir='ltr'>quamdam:</span> <span class='ocrx_word' id='word_1_469' title='bbox 770 2689 860 2723; x_wconf 77' lang='lat' dir='ltr'>quae</span> <span class='ocrx_word' id='word_1_470' title='bbox 897 2679 992 2712; x_wconf 81' lang='lat' dir='ltr'>enim</span> <span class='ocrx_word' id='word_1_471' title='bbox 1019 2679 1054 2712; x_wconf 88' lang='lat' dir='ltr'>in</span> <span class='ocrx_word' id='word_1_472' title='bbox 1088 2680 1168 2712; x_wconf 85' lang='lat' dir='ltr'>Deo</span> <span class='ocrx_word' id='word_1_473' title='bbox 1200 2691 1311 2712; x_wconf 88' lang='lat' dir='ltr'>unum</span> <span class='ocrx_word' id='word_1_474' title='bbox 1339 2687 1430 2720; x_wconf 87' lang='lat' dir='ltr'>sunt,</span> <span class='ocrx_word' id='word_1_475' title='bbox 1462 2680 1497 2712; x_wconf 90' lang='lat' dir='ltr'>in</span> <span class='ocrx_word' id='word_1_476' title='bbox 1533 2689 1657 2714; x_wconf 90' lang='lat' dir='ltr'>nostro</span> 
     </span>
     <span class='ocr_line' id='line_1_46' title="bbox 96 2728 1550 2778; baseline 0.003 -17"><span class='ocrx_word' id='word_1_477' title='bbox 96 2728 279 2763; x_wconf 89' lang='lat' dir='ltr'>intellectu</span> <span class='ocrx_word' id='word_1_478' title='bbox 302 2728 603 2775; x_wconf 80' lang='lat' dir='ltr'>multiplicantur3</span> <span class='ocrx_word' id='word_1_479' title='bbox 627 2741 712 2775; x_wconf 89' lang='lat' dir='ltr'>ergo</span> <span class='ocrx_word' id='word_1_480' title='bbox 736 2731 919 2765; x_wconf 78' lang='lat' dir='ltr'>credibilia</span> <span class='ocrx_word' id='word_1_481' title='bbox 942 2732 1072 2765; x_wconf 83' lang='lat' dir='ltr'>debent</span> <span class='ocrx_word' id='word_1_482' title='bbox 1094 2743 1155 2777; x_wconf 88' lang='lat' dir='ltr'>per</span> <span class='ocrx_word' id='word_1_483' title='bbox 1178 2731 1348 2765; x_wconf 78' lang='lat' dir='ltr'>articulos</span> <span class='ocrx_word' id='word_1_484' title='bbox 1370 2732 1550 2778; x_wconf 83' lang='lat' dir='ltr'>distingui.</span> 
     </span>
    </p>

    <p class='ocr_par' dir='ltr' id='par_1_12' title="bbox 96 2781 1660 2885">
     <span class='ocr_line' id='line_1_47' title="bbox 166 2781 1660 2829; baseline 0.003 -14"><span class='ocrx_word' id='word_1_485' title='bbox 166 2781 394 2817; x_wconf 76' lang='lat' dir='ltr'>RESPONDEO</span> <span class='ocrx_word' id='word_1_486' title='bbox 418 2782 622 2825; x_wconf 85' lang='lat' dir='ltr'>dicendum,</span> <span class='ocrx_word' id='word_1_487' title='bbox 646 2784 741 2829; x_wconf 89' lang='lat' dir='ltr'>quod</span> <span class='ocrx_word' id='word_1_488' title='bbox 769 2795 903 2818; x_wconf 87' lang='lat' dir='ltr'>nomen</span> <span class='ocrx_word' id='word_1_489' title='bbox 927 2785 1065 2818; x_wconf 80' lang='lat' dir='ltr'>articuli</span> <span class='ocrx_word' id='word_1_490' title='bbox 1088 2796 1130 2818; x_wconf 82' lang='lat' dir='ltr'>ex</span> <span class='ocrx_word' id='word_1_491' title='bbox 1158 2796 1288 2829; x_wconf 79' lang='lat' dir='ltr'>graeco</span> <span class='ocrx_word' id='word_1_492' title='bbox 1311 2785 1450 2819; x_wconf 84' lang='lat' dir='ltr'>videtur</span> <span class='ocrx_word' id='word_1_493' title='bbox 1473 2797 1549 2820; x_wconf 90' lang='lat' dir='ltr'>esse</span> <span class='ocrx_word' id='word_1_494' title='bbox 1572 2786 1660 2820; x_wconf 91' lang='lat' dir='ltr'>deri-</span> 
     </span>
     <span class='ocr_line' id='line_1_48' title="bbox 96 2835 1658 2885; baseline 0.004 -17"><span class='ocrx_word' id='word_1_495' title='bbox 96 2843 238 2869; x_wconf 85' lang='lat' dir='ltr'>vatum:</span> <span class='ocrx_word' id='word_1_496' title='bbox 264 2835 400 2883; x_wconf 73' lang='grc' dir='ltr'><em>ἄρθρου</em></span> <span class='ocrx_word' id='word_1_497' title='bbox 434 2836 529 2870; x_wconf 89' lang='lat' dir='ltr'>enim</span> <span class='ocrx_word' id='word_1_498' title='bbox 552 2836 587 2870; x_wconf 92' lang='lat' dir='ltr'>in</span> <span class='ocrx_word' id='word_1_499' title='bbox 620 2848 764 2881; x_wconf 82' lang='lat' dir='ltr'>graeco,</span> <span class='ocrx_word' id='word_1_500' title='bbox 791 2837 887 2883; x_wconf 90' lang='lat' dir='ltr'>quod</span> <span class='ocrx_word' id='word_1_501' title='bbox 921 2839 955 2871; x_wconf 91' lang='lat' dir='ltr'>in</span> <span class='ocrx_word' id='word_1_502' title='bbox 983 2838 1094 2872; x_wconf 80' lang='lat' dir='ltr'>latino</span> <span class='ocrx_word' id='word_1_503' title='bbox 1130 2839 1288 2873; x_wconf 71' lang='lat' dir='ltr'>articulus</span> <span class='ocrx_word' id='word_1_504' title='bbox 1319 2839 1457 2881; x_wconf 89' lang='lat' dir='ltr'>dicitur,</span> <span class='ocrx_word' id='word_1_505' title='bbox 1480 2840 1658 2885; x_wconf 82' lang='lat' dir='ltr'>significat</span> 
     </span>
    </p>
   </div>
  </div>
 </body>
</html>
