1859 3122
192 172 300 213 1268
565 183 788 217 QUAESTIO
823 183 1028 213 CLXXXIX.
1061 184 1305 214 ARTICULUS
1336 185 1364 215 Ι.

257 263 378 297 Nono.
400 262 531 297 Utrum
554 262 681 308 aliquis
705 263 834 298 debeat
855 263 944 298 alios
961 263 1133 299 inducere
1151 264 1196 298 ad
1217 265 1405 311 religionis
1427 265 1643 311 ingressum.

256 315 424 349 Decimo.
446 315 579 348 Utrum
601 315 800 361 requiratur
821 327 954 362 magna
969 316 1179 351 deliberatio
1201 328 1284 351 cum
1299 318 1591 363 consanguineis,
1607 326 1642 353 et
1659 318 1746 354 ami-

187 368 237 402 cis
258 369 302 402 ad
320 367 505 414 religionis
525 368 742 413 ingressum.

759 498 1105 543 ARTICULUS
1137 500 1171 542 1.
1677 512 1746 559 908

304 606 456 636 UTRUM
490 607 575 636 ILLI
609 607 687 642 QUI
712 608 804 637 NON
833 609 944 637 SUNT
978 608 1021 638 IN
1048 608 1312 638 PRAECEPTIS
1345 607 1625 649 EXERCITATI,

599 673 800 702 DEBEANT
833 673 1012 702 INGREDI
1045 673 1328 704 RELIGIONEM.

409 759 547 803 (Quodl.
571 771 603 803 4.
626 763 688 793 art.
707 771 738 794 2.
758 764 787 794 et
808 766 914 806 opusc.
936 771 986 806 17.
1009 767 1079 806 cap.
1098 771 1129 795 2.
1151 772 1248 806 usque
1270 760 1312 794 ad
1333 772 1384 796 10.
1408 760 1516 805 incl).

255 847 313 880 AD
335 856 484 880 PRIMUM
500 848 549 880 sic
565 847 780 892 proceditur.
802 847 963 889 Videtur,
984 847 1080 893 quod
1095 859 1169 881 non
1185 847 1338 881 debeant
1355 847 1573 893 religionem
1591 847 1741 893 ingredi,

182 899 250 933 nisi
273 898 322 933 illi
338 899 399 945 qui
419 907 503 933 sunt
517 900 550 933 in
573 900 774 946 praeceptis
796 901 999 935 exercitati:
1018 901 1199 935 Dominus
1222 901 1319 934 enim
1342 900 1535 935 consilium
1555 899 1746 946 perfectio-

181 953 236 986 nis
259 952 353 986 dedit
384 952 618 995 adolescenti,
645 953 706 999 qui
736 953 870 987 dixerat
898 964 935 988 se
963 962 1156 1000 praecepta
1178 966 1197 988 a
1217 955 1404 1000 juventute
1431 964 1611 989 servasse:
1634 954 1697 989 sed
1724 965 1745 989 a

184 1004 331 1040 Christo
353 1006 506 1052 sumpsit
531 1006 673 1040 initium
701 1005 822 1041 omnis
849 1006 996 1053 religio3
1020 1018 1106 1053 ergo
1129 1007 1279 1049 videtur,
1302 1007 1399 1053 quod
1425 1018 1500 1041 non
1527 1007 1597 1042 sint
1623 1008 1667 1042 ad
1693 1017 1746 1043 re-

187 1058 362 1104 ligionem
391 1060 614 1102 admittendi,
635 1060 703 1094 nisi
725 1060 785 1106 qui
807 1068 889 1094 sunt
909 1061 945 1094 in
966 1061 1166 1107 praeceptis
1188 1060 1389 1095 exercitati.

254 1123 284 1146 2.
306 1113 542 1148 PRAETEREA.
567 1113 676 1159 Greg.
696 1113 781 1147 dicit
802 1125 908 1159 super
928 1114 1058 1148 Ezech.
1082 1114 1187 1158 (hom.
1214 1125 1258 1160 15.
1281 1118 1308 1148 et
1329 1125 1382 1149 22.
1406 1114 1530 1148 Moral.
1554 1120 1625 1160 cap.
1647 1114 1718 1159 14.)
1732 1125 1743 1147 .·

185 1166 334 1200 «Nemo
348 1175 494 1213 repente
509 1166 546 1200 fit
561 1178 745 1209 summus3
761 1168 821 1201 sed
832 1167 868 1200 in
879 1167 974 1201 bona
986 1167 1262 1201 conversatione
1278 1178 1297 1200 a
1315 1167 1475 1201 minimis
1490 1166 1568 1213 quis
1582 1167 1742 1210 inchoat,

183 1227 220 1254 ut
243 1221 285 1254 ad
307 1232 442 1266 magna
463 1221 648 1266 perveniat
668 1233 708 1263 »3
731 1221 792 1254 sed
816 1232 949 1266 magna
971 1228 1052 1254 sunt
1074 1220 1239 1262 consilia,
1261 1231 1352 1266 quae
1369 1220 1550 1266 pertinent
1572 1220 1615 1254 ad
1632 1219 1744 1267 perfe-

183 1273 344 1308 ctionem
365 1274 479 1315 vitae;
501 1275 643 1307 minora
665 1282 786 1307 autem
808 1282 999 1319 praecepta
1020 1281 1112 1316 sunt,
1135 1284 1227 1319 quae
1250 1273 1429 1319 pertinent
1444 1273 1487 1306 ad
1503 1284 1740 1308 communem

182 1326 375 1371 justitiam3
391 1337 478 1372 ergo
493 1327 643 1368 videtur,
665 1326 761 1372 quod
777 1337 849 1360 non
865 1326 1017 1360 debeant
1031 1326 1141 1371 aliqui
1155 1326 1198 1360 ad
1217 1326 1485 1360 observantiam
1506 1326 1744 1360 consiliorum

184 1378 400 1424 religionem
421 1379 565 1420 intrare,
587 1379 656 1412 nisi
677 1379 772 1424 prius
794 1379 925 1413 fuerint
945 1381 980 1412 in
1001 1379 1201 1425 praeceptis
1224 1379 1417 1412 exercitati.

256 1444 284 1478 3.
299 1432 535 1466 PRAETEREA.
553 1431 653 1465 Sicut
675 1432 818 1466 ordines
833 1432 925 1466 sacri
938 1432 1072 1466 habent
1094 1431 1293 1477 quamdam
1308 1431 1559 1466 excellentiam
1570 1431 1607 1465 in
1621 1431 1743 1466 Eccle-

181 1485 244 1528 sia,
270 1485 318 1519 ita
345 1493 379 1519 et
404 1485 590 1531 religionis
617 1493 747 1520 status:
775 1485 849 1527 sed,
877 1485 968 1519 sicut
995 1484 1106 1530 Greg.
1134 1484 1257 1519 scribit
1278 1483 1420 1530 Siagrio
1446 1483 1638 1518 Gallorum
1663 1484 1743 1531 Epi-

181 1549 294 1584 scopo
312 1538 385 1582 (lib.
401 1550 430 1585 7.
446 1540 582 1584 Registr.
597 1540 683 1585 epist.
706 1539 804 1583 112),
829 1546 864 1573 et
877 1539 1029 1573 habetur
1049 1538 1085 1572 in
1099 1538 1243 1572 Decret.
1263 1538 1355 1572 Dist.
1371 1538 1427 1580 48.
1442 1539 1530 1585 (cap.
1552 1538 1643 1573 Sicut
1660 1538 1744 1573 Neo-

175 1592 308 1637 βψω),
337 1605 354 1623 «
374 1592 536 1626 ordinate
559 1592 601 1625 ad
625 1592 768 1626 ordines
797 1591 1066 1626 ascendendum
1089 1599 1158 1625 est:
1187 1602 1273 1624 nam
1297 1602 1420 1625 casum
1446 1591 1589 1637 appetit,
1614 1591 1674 1637 qui
1699 1592 1741 1626 ad

181 1646 314 1679 summi
335 1645 407 1680 loci
427 1645 581 1691 fastigia,
602 1645 811 1691 postpositis
833 1645 1012 1691 gradibus,
1035 1656 1098 1690 per
1119 1644 1269 1690 abrupta
1287 1644 1425 1690 quaerit
1447 1655 1659 1678 ascensum:
1678 1644 1743 1678 sci-

180 1709 261 1732 mus
283 1707 416 1740 autem,
443 1698 538 1744 quod
567 1698 744 1732 aedificati
771 1698 924 1744 parietes
951 1709 1024 1732 non
1050 1698 1146 1743 prius
1172 1698 1358 1743 tignorum
1384 1698 1526 1742 pondus
1549 1697 1741 1744 accipiunt,

180 1752 247 1785 nisi
270 1763 289 1785 a
310 1753 479 1786 novitatis
501 1763 585 1786 suae
607 1752 761 1786 humore
783 1752 981 1794 siccentur3
1004 1763 1049 1785 ne
1064 1752 1091 1785 si
1109 1759 1189 1785 ante
1211 1751 1385 1796 pondera,
1401 1762 1510 1797 quam
1532 1749 1742 1793 solidentur,

183 1804 371 1850 accipiant,
395 1813 562 1839 cunctam
585 1805 691 1839 simul
712 1804 885 1839 fabricam
907 1805 1091 1850 deponant
1109 1817 1150 1847 »3
1172 1815 1260 1850 ergo
1281 1804 1436 1846 videtur,
1459 1804 1555 1850 quod
1581 1815 1656 1838 non
1683 1804 1743 1838 de-

180 1858 285 1892 beant
308 1857 417 1904 aliqui
439 1858 481 1892 ad
504 1858 719 1904 religionem
741 1858 902 1899 transire,
925 1858 993 1892 nisi
1013 1858 1049 1891 in
1071 1857 1270 1904 praeceptis
1293 1857 1363 1891 sint
1386 1857 1580 1891 exercitati.

250 1921 283 1954 4.
305 1911 540 1946 PRAETEREA.
556 1911 672 1958 Super
684 1911 772 1945 illud
794 1911 930 1945 Psalmi
956 1921 1036 1956 130:
1062 1911 1156 1945 Sicut
1168 1911 1355 1945 ablactatus
1371 1915 1527 1957 estsuper
1540 1915 1645 1945 matre
1663 1922 1738 1952 sua,

183 1964 267 1998 dicit
291 1964 410 2000 Gloss.
434 1965 562 2010 (ord.):
589 1978 606 1996 α
628 1965 668 1998 In
690 1973 791 1998 utero
811 1965 934 1998 matris
948 1963 1132 1998 Ecclesiae
1149 1964 1266 2010 primo
1289 1963 1527 2009 concipimur,
1554 1963 1640 1997 dum
1659 1962 1742 1998 fidei

180 2017 391 2052 rudimentis
412 2018 633 2059 instruimur,
655 2018 737 2051 inde
759 2017 859 2064 quasi
886 2018 920 2050 in
937 2026 1038 2051 utero
1059 2017 1220 2062 ejusdem
1238 2016 1378 2058 alimur,
1394 2016 1428 2050 in
1444 2016 1573 2051 iisdem
1591 2016 1743 2061 primor-

180 2070 246 2104 diis
268 2070 515 2115 proficientes:
539 2071 666 2105 deinde
687 2071 723 2104 in
745 2070 865 2104 lucem
889 2071 1085 2113 educimur,
1113 2071 1199 2104 dum
1221 2081 1283 2117 per
1303 2071 1526 2116 baptismum
1552 2080 1739 2116 regenera-

181 2135 277 2157 mur:
302 2124 430 2158 deinde
453 2125 551 2170 quasi
575 2124 739 2158 manibus
759 2123 943 2158 Ecclesiae
966 2132 1163 2170 portamur,
1179 2132 1213 2158 et
1230 2124 1323 2158 lacte
1340 2123 1530 2165 nutrimur,
1553 2123 1639 2157 dum
1657 2131 1739 2169 post

178 2177 400 2222 baptismum
422 2178 456 2210 in
478 2177 581 2211 bonis
615 2177 782 2222 operibus
809 2176 1058 2219 informamur,
1090 2185 1123 2211 et
1150 2176 1242 2210 lacte
1269 2176 1445 2223 simplicis
1469 2176 1652 2210 doctrinae
1674 2187 1740 2210 nu-

179 2230 306 2264 trimur
335 2230 569 2276 proficiendo,
604 2230 718 2264 donec
746 2231 820 2275 jam
847 2229 1090 2275 grandiusculi
1123 2241 1142 2263 a
1172 2229 1265 2264 lacte
1295 2230 1418 2263 matris
1449 2229 1666 2263 accedamus
1693 2228 1737 2263 ad

179 2294 344 2316 mensam
366 2283 493 2326 Patris,
527 2283 618 2318 idest
647 2295 666 2316 a
693 2283 847 2328 simplici
874 2283 1048 2325 doctrina,
1076 2283 1135 2316 ubi
1161 2283 1386 2330 praedicatur
1419 2283 1562 2317 Verbum
1589 2293 1666 2316 caro
1685 2282 1742 2328 fa-

179 2342 279 2378 ctum,
310 2337 526 2371 accedamus
556 2336 599 2370 ad
629 2337 770 2371 Varzvmn
806 2338 838 2370 in
859 2338 1028 2382 prinsipio
1067 2336 1155 2383 apud
1181 2337 1290 2370 Deum
1317 2348 1354 2378 »3
1382 2343 1416 2369 et
1448 2343 1574 2382 postea
1603 2334 1739 2370 subdit:

182 2403 198 2420 «
223 2389 320 2430 Quia
341 2401 454 2435 nuper
468 2390 636 2435 baptizati
656 2389 691 2423 in
709 2389 866 2423 Sabbato
883 2389 1017 2423 Sancto
1037 2389 1138 2435 quasi
1154 2389 1319 2423 manibus
1338 2388 1523 2423 Ecclesiae
1542 2395 1737 2434 gestantur,

179 2451 212 2476 et
234 2442 327 2477 lacte
349 2444 552 2477 nutriuntur
573 2454 684 2489 usque
708 2443 751 2476 ad
778 2443 1039 2485 pentecostem
1067 2454 1138 2489 quo
1165 2451 1328 2488 tempore
1351 2442 1448 2476 nulla
1476 2440 1635 2476 difficilia
1654 2441 1740 2476 indi-

179 2504 318 2538 cuntur,
340 2507 413 2530 non
436 2497 625 2542 jejunatur,
652 2507 726 2530 non
753 2496 872 2530 media
898 2504 1006 2529 nocte
1033 2496 1206 2541 surgitur:
1242 2503 1367 2541 postea
1396 2495 1529 2540 Spiritu
1556 2494 1738 2530 Paraclito

179 2549 393 2591 confirmati,
419 2550 521 2595 quasi
544 2549 722 2590 ablactati,
744 2549 918 2595 incipiunt
938 2549 1109 2594 jejunare,
1130 2557 1164 2583 et
1186 2548 1255 2582 alia
1271 2547 1429 2582 difficilia
1450 2559 1613 2583 servare:
1632 2547 1737 2582 multi

178 2613 264 2636 vero
287 2602 382 2636 hunc
406 2602 570 2637 ordinem
593 2610 849 2648 perverterunt,
876 2610 913 2636 ut
933 2602 1117 2645 haeretici,
1132 2610 1166 2636 et
1187 2602 1420 2643 schismatici,
1439 2613 1476 2636 se
1501 2609 1582 2635 ante
1595 2609 1738 2646 tempus

180 2666 197 2688 a
213 2654 304 2689 lacte
320 2663 543 2701 separantes:
558 2655 652 2689 unde
669 2655 921 2701 extinguuntur
937 2667 968 2688 »z
982 2655 1042 2689 sed
1057 2655 1153 2689 hunc
1171 2656 1335 2689 ordinem
1348 2663 1562 2700 pervertere,
1573 2654 1739 2688 videntur

178 2708 230 2741 illi
251 2708 310 2754 qui
332 2708 547 2753 religionem
567 2708 710 2750 intrant,
733 2708 790 2742 vel
812 2707 902 2742 alios
928 2709 971 2742 ad
999 2708 1203 2742 intrandum
1230 2708 1417 2749 inducunt,
1446 2715 1639 2753 antequam
1666 2707 1736 2741 sint

180 2762 214 2794 in
236 2760 390 2795 faciliori
411 2761 637 2795 observantia
659 2769 935 2806 praeceptorum
951 2761 1150 2803 exercitati3
1175 2772 1261 2807 ergo
1276 2759 1426 2803 videtur,
1457 2760 1552 2806 quod
1569 2760 1639 2794 sint
1655 2759 1739 2794 hae-

179 2814 290 2856 retici,
313 2813 369 2848 vel
391 2814 623 2849 schismatici.

255 2872 281 2905 5.
304 2861 540 2896 PRAETEREA.
569 2862 599 2895 A
622 2861 799 2908 prioribus
822 2861 864 2895 ad
887 2861 1086 2907 posteriora
1108 2869 1159 2895 cst
1179 2861 1455 2895 transeundum:
1471 2860 1532 2895 sed
1548 2867 1736 2907 praecepta
