1905 3137
516 154 736 191 QUAEsno
771 154 812 182 x.
848 151 1090 182 Alimentus
1122 151 1162 181 v.
1575 148 1628 189 97

76 243 187 284 rialia‚
209 241 270 276 sed
292 239 491 275 secundum
514 237 686 284 principia
708 234 894 277 formalia;
921 246 1007 279 ergo
1035 233 1252 268 infidelitatis
1273 242 1347 265 non
1369 238 1450 264 sunt
1471 229 1630 263 diversae

76 296 225 343 species,
248 293 447 328 secundum
469 291 712 326 diversitatem
736 300 874 330 eorum,
897 288 932 321 in
955 287 1081 333 quibus
1104 286 1264 320 infideles
1287 292 1415 319 errant.

149 359 179 383 2.
207 348 442 382 PRAETEREA.
469 345 618 379 Infinitis
645 343 762 376 modis
789 349 906 388 potest
932 340 1059 386 aliquis
1086 351 1105 374 a
1132 340 1278 373 veritate
1306 337 1388 371 fidei
1413 336 1576 377 deviare;
1603 335 1633 369 si

78 413 164 448 ergo
187 401 385 436 secundum
405 398 627 433 diversitates
646 407 807 430 errorum
827 395 988 428 diversae
1008 394 1145 439 species
1165 391 1382 426 infidelitatis
1397 390 1633 435 assignentur,

75 456 215 490 videtur
228 453 340 500 sequi,
359 452 455 499 quod
474 453 543 486 sint
561 449 718 485 infinitae
737 448 955 482 infidelitatis
974 447 1127 492 species:
1148 454 1182 480 et
1198 446 1246 480 ita
1268 443 1477 491 hujusmodi
1497 442 1635 489 species

78 520 151 543 non
174 516 255 543 sunt
277 504 570 540 considerandae.

151 573 180 607 3.
202 561 438 595 PRAETEREA.
469 559 569 592 Idem
596 567 669 590 non
697 555 876 589 invenitur
901 554 937 588 in
964 553 1112 588 diversis
1139 552 1344 599 speciebus:
1372 551 1432 585 sed
1459 548 1637 594 contingit

78 614 236 661 aliquem
263 624 339 648 esse
366 611 548 646 infidelem
575 621 616 644 ex
643 620 698 650 eo,
726 608 820 654 quod
849 615 943 642 errat
969 607 1064 641 circa
1092 607 1249 648 diversa3
1272 616 1357 649 ergo
1381 603 1565 637 diversitas
1588 613 1637 636 er-

79 679 203 702 rorum
225 677 298 701 non
320 665 405 699 facit
426 665 583 699 diversas
609 662 746 709 specics
773 661 1011 703 infidelitatis3
1038 660 1088 694 sic
1111 670 1197 705 ergo
1220 657 1438 692 infidelitatis
1459 667 1533 690 non
1555 663 1636 689 sunt

79 722 198 768 plures
219 719 368 766 species.

151 773 225 808 SED
240 782 395 808 CONTRA
406 779 468 812 est,
479 769 575 816 quod
591 769 784 815 unicuique
792 768 913 802 virtuti
928 775 1158 814 opponuntur
1172 765 1291 813 plures
1306 764 1443 810 species
1454 762 1635 796 vitiorum:

82 829 200 862 bonum
223 827 309 860 enim
332 825 488 870 contingit
509 835 572 858 uno
595 822 701 864 modo,
723 823 849 856 malum
867 834 945 856 varo
963 821 1204 868 multipliciter,
1224 826 1261 853 ut
1279 826 1375 864 patet
1394 828 1455 863 per
1476 816 1585 850 Dion.
1604 825 1636 856 4.

81 882 125 915 de
146 880 227 914 Div.
250 879 360 913 Nom.
385 878 495 924 (part.
517 888 549 921 4.
569 877 638 911 lact.
657 877 726 921 22.)
747 884 780 909 et
801 886 863 922 per
884 874 1020 909 Philos.
1044 875 1079 908 in
1102 884 1133 907 2.
1156 873 1236 907 Eth.
1259 873 1349 918 (cap.
1373 871 1444 916 6.);
1468 869 1529 904 sed
1551 868 1638 902 fides

82 941 133 968 est
155 944 225 966 una
246 932 380 974 virtus;
403 941 488 976 ergo
512 930 545 964 ei
566 936 797 976 opponuntur
818 928 936 974 plures
958 927 1177 962 infidelitatis
1199 925 1347 972 species.

151 986 380 1021 REspon—:o
399 983 603 1024 dicendum,
626 982 722 1028 quod
742 981 921 1027 quaelibet
934 982 1045 1015 virtus
1061 979 1225 1015 consistit
1238 979 1274 1012 in
1288 978 1371 1019 hoc,
1387 976 1483 1023 quod
1499 974 1640 1020 attingit

80 1039 245 1086 regulam
267 1038 426 1084 aliquam
448 1036 677 1082 cognitionis,
699 1035 756 1069 vel
779 1035 998 1081 operationis
1025 1035 1218 1074 humanae,
1245 1040 1281 1066 ut
1304 1042 1409 1078 supra
1430 1030 1566 1063 dictum
1589 1036 1641 1062 est

81 1094 163 1138 (1-2.
178 1104 263 1138 q.55.
279 1096 342 1125 art.
357 1102 389 1135 4.
405 1095 432 1124 ct
446 1102 476 1136 q.
491 1090 546 1134 64.
563 1094 626 1123 art.
645 1090 712 1134 1.);
737 1089 910 1134 attingere
931 1096 1050 1121 autem
1070 1086 1234 1132 regulam
1253 1093 1305 1119 est
1323 1095 1395 1118 uno
1415 1083 1526 1117 modo
1546 1082 1641 1115 circa

81 1158 190 1180 unam
218 1144 425 1178 materiam:
453 1143 514 1177 sed
542 1154 561 1176 a
587 1142 711 1187 regula
738 1142 880 1176 deviare
908 1141 1085 1186 contingit
1111 1138 1380 1185 multipliciter3
1408 1145 1442 1171 et
1467 1136 1548 1170 ideo
1579 1135 1641 1168 uni

81 1199 201 1233 virtuti
230 1197 343 1232 multa
368 1197 455 1230 vitia
482 1203 728 1242 opponuntur:
757 1195 943 1229 diversitas
971 1203 1091 1228 autem
1118 1193 1300 1233 vitiorum,
1327 1202 1418 1237 quae
1447 1189 1639 1234 unicuique

81 1252 202 1286 virtuti
220 1258 462 1297 opponuntur,
477 1257 595 1296 potest
610 1248 830 1282 considerari
844 1248 1038 1294 dupliciter:
1061 1258 1124 1281 nno
1139 1245 1234 1280 modo
1249 1244 1448 1279 secundum
1463 1243 1641 1276 diversam

82 1305 331 1340 habitudinem
365 1304 408 1338 ad
441 1303 633 1344 virtutem3
661 1310 695 1336 et
720 1302 921 1336 secundum
956 1301 1027 1335 hoc
1063 1300 1322 1334 determinatae
1350 1305 1432 1332 sunt
1464 1295 1641 1342 quaedam

83 1359 220 1406 species
234 1358 416 1399 vitiorum,
432 1367 523 1402 quae
539 1364 770 1401 opponuntur
784 1355 920 1389 virtuti:
937 1355 1029 1388 sicut
1042 1354 1162 1388 virtuti
1177 1352 1308 1386 morali
1323 1350 1516 1397 opponitur
1530 1360 1642 1383 unum

83 1412 209 1446 vitium
231 1410 431 1446 secundum
453 1420 641 1444 excessum
663 1409 706 1442 ad
728 1409 909 1450 virtutem,
926 1416 960 1442 et
975 1407 1086 1441 alium
1104 1407 1231 1441 vitium
1245 1405 1443 1439 secundum
1463 1402 1642 1437 defectum

86 1476 105 1499 a
125 1465 272 1499 virtute:
300 1464 364 1498 alio
390 1462 485 1497 modo
512 1470 631 1508 potest
656 1462 875 1496 considerari
902 1461 1086 1495 diversitas
1112 1460 1282 1493 vitiorum
1309 1457 1561 1503 oppositorum
1582 1456 1644 1489 uni

86 1518 207 1552 virtuti
227 1517 429 1551 secundum
451 1516 721 1561 corruptionem
749 1515 984 1556 diversorum,
1012 1525 1103 1560 quae
1131 1514 1173 1547 ad
1199 1514 1368 1546 virtutem
1394 1510 1642 1556 requiruntur:

87 1579 122 1605 et
142 1570 342 1604 secundum
363 1570 434 1603 hoc
456 1568 518 1601 uni
538 1568 670 1609 virtuti,
692 1576 776 1614 puta
803 1569 1073 1613 temperantiae,
1095 1566 1153 1600 vel
1174 1565 1384 1606 fortitudini,
1413 1571 1644 1610 opponuntur

85 1623 223 1658 infinita
242 1623 340 1664 vitia,
362 1621 563 1656 secundum
584 1622 680 1666 quod
701 1621 847 1655 infinitis
862 1621 980 1654 modis
995 1620 1172 1665 contingit
1187 1619 1342 1653 diversas
1358 1617 1644 1651 circumstantias

86 1677 224 1711 virtutis
253 1675 447 1721 corrumpi,
474 1682 512 1708 ut
538 1685 557 1708 a
582 1674 794 1708 rectitudine
820 1674 958 1708 virtutis
984 1673 1194 1715 recedatur3
1222 1673 1316 1706 unde
1344 1679 1379 1706 et
1411 1670 1646 1717 Pythagorici

86 1729 224 1764 malum
242 1737 440 1775 posuerunt
460 1727 650 1762 infinitum.
667 1727 727 1761 Sic
743 1739 829 1773 ergo
849 1727 1053 1768 dicendum,
1069 1727 1165 1772 quod
1183 1728 1211 1760 si
1228 1725 1420 1760 infidelitas
1443 1724 1645 1758 attendatur

86 1783 286 1818 secundum
295 1782 608 1827 comparationem
620 1781 663 1814 ad
671 1781 791 1823 fidem,
802 1781 962 1815 diversae
973 1789 1055 1815 sunt
1064 1779 1281 1814 infidelitatis
1292 1778 1440 1825 species,
1450 1786 1484 1812 et
1493 1788 1645 1811 numero

87 1836 362 1871 determinatae:
391 1846 474 1868 cum
501 1834 598 1868 enim
624 1842 814 1880 peccatum
839 1833 1058 1868 infidelitatis
1086 1833 1257 1867 consistat
1281 1833 1317 1866 in
1344 1831 1530 1866 renitendo
1552 1830 1646 1872 fidei,

88 1890 159 1923 hoc
182 1896 299 1935 potest
321 1888 532 1934 contingere
558 1887 753 1934 dupliciter:
781 1887 863 1933 quia
890 1892 947 1921 ant
970 1886 1132 1921 renititur
1153 1886 1235 1920 fidei
1256 1885 1419 1919 nondum
1441 1893 1645 1930 susceptae:

89 1950 124 1977 et
141 1942 222 1977 talis
239 1941 429 1976 infidelitas
447 1949 500 1975 est
513 1941 757 1987 Paganorum,
772 1941 846 1975 sive
863 1940 1035 1975 Gentium
1050 1952 1057 1973 :
1073 1945 1131 1974 aut
1144 1940 1307 1974 renititur
1320 1939 1402 1972 fidei
1418 1938 1646 1972 Christianae

88 2004 294 2042 susceptae:
318 2003 352 2029 et
372 1995 443 2029 hoc
465 1993 523 2028 vel
543 1994 579 2028 in
600 1994 732 2040 figura;
755 2002 790 2028 et
809 1996 859 2028 sic
883 2003 936 2028 est
956 1993 1144 2028 infidelitas
1161 1993 1399 2039 Judaeorum:
1425 1991 1483 2026 vel
1509 1992 1545 2025 in
1572 1992 1648 2037 ipsa

90 2049 379 2083 manifestatione
400 2047 577 2090 veritatis;
600 2055 635 2081 et
656 2047 705 2081 sic
729 2056 781 2082 est
801 2047 991 2081 infidelitas
1009 2047 1300 2089 haereticorum3
1323 2046 1417 2080 unde
1433 2046 1470 2079 in
1489 2044 1648 2091 generali

90 2110 240 2149 possunt
265 2101 440 2147 assignari
464 2108 534 2135 tres
561 2101 765 2146 praedictae
791 2102 928 2147 species
955 2100 1184 2134 infidelitatis.
1213 2100 1252 2134 Si
1277 2111 1362 2133 vero
1386 2099 1648 2144 distinguantur

90 2155 307 2189 infidelitatis
329 2154 466 2200 species
488 2154 687 2188 secundum
714 2165 874 2188 errorem
900 2155 935 2187 in
963 2154 1122 2195 diversis,
1150 2164 1240 2199 quae
1264 2153 1307 2186 ad
1328 2152 1435 2187 fidem
1459 2152 1648 2198 pertinent,

91 2217 176 2242 tunc
197 2219 271 2242 non
293 2215 376 2242 suut
397 2207 655 2241 determinatae
673 2206 890 2241 infidelitatis
913 2207 1072 2252 species:
1095 2214 1244 2252 possunt
1266 2206 1363 2240 enim
1385 2216 1521 2240 errores
1544 2205 1579 2238 in
1601 2205 1650 2238 in-

92 2262 233 2296 finitum
255 2260 497 2307 multiplicari,
520 2268 558 2294 ut
579 2268 676 2306 patet
696 2271 758 2306 per
779 2260 875 2306 Aug.
897 2260 933 2293 in
954 2260 1013 2293 lib.
1036 2260 1078 2294 de
1101 2260 1317 2294 Haeresibus
1341 2259 1434 2303 (circ.
1449 2259 1543 2305 fin).

164 2316 224 2349 ΑΙ)
246 2324 395 2349 PRIMUM
417 2324 504 2359 ergo
531 2313 736 2355 dicendum,
764 2314 859 2359 quod
885 2313 1048 2347 formalis
1074 2314 1165 2347 ratio
1192 2313 1342 2358 alicujus
1368 2312 1507 2359 peccati
1533 2319 1650 2358 potest

94 2368 209 2414 accipi
230 2368 430 2414 dupliciter:
456 2378 520 2401 uno
547 2366 642 2400 modo
668 2367 867 2400 secundum
893 2367 1132 2401 intentionem
1158 2367 1363 2413 peccantis:
1392 2374 1427 2400 et
1451 2365 1649 2399 secundum

93 2422 164 2455 hoc
185 2421 233 2463 id,
256 2420 299 2454 ad
313 2419 409 2466 quod
425 2420 645 2454 convertitur
663 2431 829 2466 peccans,
845 2428 897 2454 est
913 2419 1066 2454 formale
1083 2420 1265 2465 objectum
1284 2419 1423 2465 peccati
1438 2432 1444 2454 :
1468 2426 1502 2452 et
1519 2429 1561 2451 ex
1579 2417 1649 2451 hoc

95 2473 380 2508 diversificantur
402 2474 477 2518 ejus
499 2473 659 2518 species:
682 2473 748 2507 alio
770 2473 864 2507 modo
887 2473 1086 2507 secundum
1111 2473 1289 2507 rationem
1311 2471 1419 2505 mali:
1443 2479 1477 2505 et
1494 2470 1543 2504 sic
1563 2469 1650 2503 illud

93 2528 243 2568 bonurn,
265 2537 285 2560 a
306 2537 376 2572 quo
402 2526 592 2567 receditur,
625 2533 677 2560 est
710 2525 863 2560 formale
891 2526 1073 2572 objectum
1106 2526 1266 2571 peccati:
1301 2525 1362 2559 sed
1390 2536 1431 2558 ex
1455 2525 1524 2558 hac
1551 2531 1650 2569 parte

95 2588 287 2627 peccatum
307 2590 382 2613 non
402 2579 511 2612 habet
529 2580 698 2624 speciem,
717 2579 832 2613 immo
851 2587 904 2613 est
920 2579 1072 2625 privatio
1091 2579 1275 2625 (speciei),
1295 2579 1344 2612 sic
1361 2589 1445 2623 ergo
1460 2577 1651 2610 dicendum

97 2641 161 2675 est,
183 2632 280 2678 quod
301 2631 520 2665 infidelitatis
543 2633 724 2677 objectum
751 2640 804 2666 est
829 2633 958 2666 veritas
980 2633 1107 2678 prima,
1134 2632 1225 2666 sicut
1251 2643 1270 2665 a
1297 2641 1367 2676 qua
1399 2629 1556 2672 recedit,
1590 2629 1650 2662 sed

95 2685 248 2720 formale
271 2686 345 2730 ejus
373 2685 567 2730 obiectum,
594 2685 685 2719 sicut
712 2686 755 2719 ad
777 2686 873 2731 quod
897 2686 1127 2727 convertitur,
1151 2693 1203 2718 est
1223 2683 1399 2718 sententia
1420 2682 1520 2724 falsa,
1543 2693 1651 2728 quam

95 2739 272 2784 sequitur:
295 2745 330 2771 et
351 2748 392 2771 ex
412 2737 481 2771 hac
502 2745 602 2783 parte
624 2739 698 2783 ejus
717 2739 852 2784 species
871 2738 1172 2779 diversificantur3
1196 2736 1289 2770 unde
1311 2736 1402 2769 sicut
1424 2736 1577 2769 charitas
1600 2742 1653 2768 est

97 2803 179 2833 una,
201 2802 293 2837 quae
314 2791 478 2825 inhaeret
494 2802 638 2825 summo
653 2791 770 2833 bono3
793 2799 874 2825 sunt
889 2799 1009 2825 autem
1027 2791 1166 2824 diversa
1184 2790 1269 2823 vitia
1291 2789 1455 2823 charitati
1477 2788 1652 2834 opposita,

99 2855 189 2891 quae
209 2855 272 2890 per
294 2844 571 2878 conversionem
590 2844 633 2878 ad
652 2844 791 2878 diversa
811 2844 906 2878 bona
924 2843 1137 2889 temporalia
1159 2842 1330 2876 recedunt
1352 2842 1393 2876 ab
1416 2853 1488 2876 uno
1507 2853 1651 2877 summo
