1859 3122
219 142 303 185 374
635 142 853 178 QUAESTIO
884 142 1000 173 XLIX.
1033 143 1277 174 ARTICULUS
1309 144 1338 174 Ι.

708 367 1062 428 QUAESTIO
1102 369 1284 416 XLIX.

261 489 324 521 DE
350 489 568 523 SINGULIS
594 491 898 523 PRUDENTIAE
920 492 1145 524 PARTIBUS
1172 492 1313 532 QUASI
1341 493 1702 533 INTEGRALIBUS,

642 561 693 592 IN
721 562 842 593 OCTO
869 563 1129 595 ARTICULOS
1155 564 1329 596 DIVISA.

278 702 419 737 Deinde
453 703 755 738 considerandum
789 712 842 739 est
863 704 906 738 de
938 704 1089 750 singulis
1116 705 1325 750 prudentiae
1358 705 1515 752 partibus
1549 706 1652 753 quasi
1682 706 1770 742 inte-

209 754 377 800 gralibus.

714 841 758 875 Et
780 842 869 875 circa
891 841 948 876 huc
971 846 1173 887 quaerantur
1195 846 1275 876 octo.

279 915 414 949 Primo.
437 916 493 949 De
515 916 704 950 memoria.

279 969 460 1004 Secundo.
480 971 536 1004 De
559 970 756 1013 intellectu,
778 971 836 1005 vel
858 971 1103 1018 intelligentia.

280 1022 417 1057 Tertio.
440 1024 496 1057 De
518 1024 712 1058 docilitate.

279 1076 431 1117 Quarto.
460 1078 514 1111 De
534 1077 693 1112 solertia.

280 1130 430 1170 Quinto.
453 1131 509 1164 De
531 1131 681 1165 ratione.

279 1183 399 1217 Sexto.
422 1184 477 1218 De
499 1184 734 1230 providentia.

275 1236 451 1282 Septimo.
475 1237 530 1272 De
554 1238 888 1284 circumspectione.

279 1289 435 1326 Octavo.
461 1290 517 1325 De
540 1291 718 1325 cautione.

785 1433 1130 1478 ARTICULUS
1159 1435 1192 1478 1.
1698 1460 1762 1496 275

513 1542 666 1572 UTRUM
699 1543 898 1572 MEMORIA
932 1543 999 1572 SIT
1032 1543 1134 1572 PARS
1168 1543 1458 1574 PRUDENTIAE.

629 1631 747 1678 (Su-pr.
771 1644 799 1678 q.
819 1644 867 1678 43.
883 1637 910 1666 et
932 1633 1020 1666 Dist.
1039 1644 1083 1678 33.
1106 1644 1135 1678 q.
1155 1644 1182 1678 3.
1206 1637 1270 1666 art.
1293 1631 1350 1676 1.).

275 1717 334 1752 AD
349 1728 498 1753 PRIMUM
513 1719 561 1753 sic
578 1719 795 1765 proceditur.
810 1719 972 1762 Videtur,
989 1720 1085 1765 quod
1105 1720 1282 1754 memoria
1297 1731 1371 1754 non
1385 1720 1430 1754 sit
1443 1731 1524 1766 pars
1539 1721 1765 1767 prudentiae:

204 1771 381 1804 memoria
404 1772 512 1814 enim,
536 1780 573 1806 ut
595 1773 680 1806 dicit
699 1772 834 1807 Philos.
857 1774 931 1817 (lib.
954 1773 989 1807 da
1012 1774 1112 1807 an.
1135 1778 1165 1808 et
1184 1775 1358 1808 Raminisc.
1382 1780 1454 1820 cap.
1473 1775 1517 1819 Ι.)
1538 1782 1590 1808 est
1610 1775 1646 1808 in
1668 1783 1766 1821 parte

203 1824 344 1858 animae
367 1825 555 1859 sensitiva:
586 1826 774 1872 prudentia
797 1835 917 1861 autem
940 1835 993 1861 est
1013 1827 1049 1860 in
1084 1827 1345 1870 ratiocinativa,
1367 1835 1405 1863 ut
1426 1835 1524 1874 patet
1557 1828 1593 1862 in
1622 1827 1653 1862 6.
1684 1829 1765 1863 Eth.

201 1877 292 1923 (cap.
307 1879 376 1922 5.);
400 1889 486 1923 ergo
510 1879 688 1913 memoria
707 1891 780 1913 non
804 1888 856 1914 est
877 1891 957 1925 pars
980 1880 1199 1926 prudentiae.

273 1940 303 1963 2.
327 1930 561 1966 PRAETEREA.
581 1932 775 1967 Prudentia
796 1944 858 1979 per
880 1933 1091 1967 exercitium
1113 1934 1318 1979 acquiritur,
1341 1942 1375 1968 et
1393 1933 1591 1979 perficitur:
1611 1934 1673 1969 sed
1696 1947 1767 1970 me-

202 1983 317 2017 moria
340 1984 431 2018 inest
452 1985 555 2019 nobis
579 1997 597 2019 a
623 1994 769 2028 natura;
794 1997 879 2032 ergo
902 1987 1079 2020 memoria
1099 1998 1172 2020 non
1196 1995 1248 2021 est
1269 1998 1349 2032 pars
1371 1987 1591 2033 prudentiae.

276 2048 304 2082 3.
324 2037 559 2072 PRAETEREA.
582 2039 761 2073 Memoria
777 2048 829 2074 est
842 2040 1130 2086 praeteritorum,
1146 2040 1333 2085 prudentia
1349 2048 1470 2074 autem
1493 2049 1546 2075 est
1562 2041 1764 2076 futurorum

201 2090 450 2135 operabilium,
471 2092 512 2126 de
529 2092 654 2137 quibus
674 2101 726 2127 est
741 2093 947 2135 consilium,
962 2100 1000 2127 ut
1019 2093 1147 2128 dicitur
1168 2094 1204 2127 in
1227 2092 1258 2128 6.
1281 2093 1361 2128 Eth.
1379 2093 1467 2140 (cap.
1490 2096 1565 2139 2.);
1589 2106 1676 2140 ergo
1695 2107 1766 2130 me-

200 2144 317 2177 moria
338 2155 412 2178 non
435 2152 487 2179 est
509 2157 588 2191 pars
607 2146 828 2192 prudentiae.

273 2197 346 2232 SED
370 2208 524 2233 CONTRA
548 2207 610 2240 est,
638 2200 733 2245 quod
758 2199 899 2234 Tullius
922 2199 958 2233 in
981 2210 1011 2233 2.
1034 2200 1140 2234 Rhet.
1163 2200 1216 2245 (du
1247 2200 1402 2245 [nr-ant),
1425 2201 1527 2246 ponit
1548 2202 1764 2236 memoriam

199 2250 292 2285 inter
312 2259 429 2296 partes
451 2252 671 2297 prudentiae.

271 2304 499 2339 RESPONDEO
523 2305 727 2348 dicendum,
750 2306 846 2352 quod
868 2306 1055 2352 prudentia
1089 2314 1142 2341 est
1164 2307 1258 2340 circa
1281 2307 1528 2352 contingentia
1555 2308 1763 2354 operabilia,

200 2357 292 2391 sicut
312 2357 448 2391 dictum
472 2366 523 2392 est
547 2358 591 2404 (q.
614 2370 668 2404 47.
691 2365 754 2394 art.
775 2361 841 2405 3.).·
866 2360 900 2393 in
921 2360 975 2393 his
998 2368 1119 2393 autem
1138 2371 1211 2393 non
1233 2368 1351 2405 potest
1369 2361 1483 2394 homo
1503 2361 1607 2406 dirigi
1625 2373 1688 2407 per
1710 2373 1763 2404 ea,

200 2422 290 2457 quate
312 2418 393 2445 sunt
415 2411 636 2456 simpliciter,
660 2420 693 2446 et
715 2424 756 2446 ex
778 2413 993 2448 necessitate
1015 2424 1110 2454 vera,
1134 2413 1194 2447 sed
1219 2424 1260 2447 ex
1281 2414 1347 2454 liis,
1371 2425 1461 2459 quae
1484 2422 1521 2448 ut
1542 2414 1577 2447 in
1605 2414 1763 2460 pluribus

200 2464 382 2498 accidunt:
408 2473 550 2511 oportet
577 2465 674 2498 enim
708 2466 881 2512 principia
914 2466 1207 2510 conclusionibus
1242 2478 1318 2501 esse
1354 2467 1638 2513 proportionata,
1666 2476 1700 2502 et
1725 2480 1764 2503 at·

201 2519 319 2552 talibus
341 2519 422 2553 talia
458 2518 656 2559 concludere,
690 2526 726 2552 ut
753 2519 880 2553 dicitur
902 2520 936 2553 in
960 2518 990 2554 6.
1016 2520 1130 2554 Ethic.
1160 2523 1247 2567 (rap.
1274 2533 1301 2555 Ι.
1328 2526 1358 2555 ct
1375 2522 1444 2567 3.).·
1472 2521 1556 2566 quid
1581 2529 1701 2555 autern
1728 2522 1765 2555 in

199 2571 358 2617 pluribus
372 2572 416 2606 sit
430 2583 567 2613 verum,
583 2580 725 2617 oportet
743 2584 805 2617 per
820 2573 1107 2618 experimentum
1123 2574 1370 2615 considerare;
1388 2574 1481 2608 unde
1497 2574 1580 2608 etin
1600 2585 1630 2608 2.
1647 2574 1762 2609 Ethic.

200 2626 252 2670 (in
270 2627 380 2671 princ.
409 2626 480 2670 lib.)
505 2625 640 2659 Philos.
657 2625 752 2666 dicit,
783 2627 878 2671 quod
905 2627 1047 2661 «virtus
1069 2627 1320 2661 intellectualis
1350 2628 1458 2662 habet
1480 2628 1763 2673 generationem,

201 2685 235 2711 et
257 2686 493 2723 augmentum
527 2690 568 2712 ex
591 2678 848 2724 experimento,
876 2687 909 2712 et
935 2687 1098 2725 tempore
1114 2691 1155 2712 n:
1185 2681 1469 2725 experimentum
1496 2688 1617 2714 autem
1644 2689 1696 2715 est
1721 2693 1763 2715 ex

200 2730 358 2776 pluribus
381 2732 579 2773 memoriis,
602 2739 639 2765 ut
660 2739 756 2777 patet
777 2732 812 2765 in
840 2742 866 2765 1.
889 2732 973 2766 Met.
1005 2732 1092 2779 (cup.
1116 2735 1182 2778 1.);
1211 2734 1304 2768 unde
1328 2745 1552 2780 consequens
1580 2742 1643 2775 est,
1666 2734 1762 2780 quod

201 2784 243 2817 ad
267 2784 492 2830 prudentiam
514 2785 703 2831 requiritur
724 2784 880 2831 plurium
897 2787 1114 2820 memoriam
1128 2787 1279 2829 habere3
1301 2788 1395 2822 unde
1419 2787 1676 2822 convenienter
1692 2799 1763 2822 me·

202 2839 316 2872 moria
338 2838 482 2885 ponitur
504 2850 584 2885 pars
606 2839 826 2885 prudentiae.
