1859 3122
226 135 313 188 756
344 180 347 184 ,
646 145 867 181 QUAESTIO
902 147 1021 176 cvm.
1056 147 1300 178 ARTICULUS
1333 149 1360 178 1.

805 333 1148 378 ARTICULUS
1183 336 1216 379 1.
1718 348 1782 394 564

648 451 798 481 UTRUM
824 452 1086 483 VINDICATIO
1115 454 1182 483 SIT
1210 454 1370 484 LICITA.

370 552 471 597 (Infr.
499 564 528 598 q.
554 553 622 598 158.
645 558 755 600 a1·t.3.
778 559 807 588 et
824 559 917 600 part.
936 566 964 600 3.
987 566 1017 600 q.
1039 566 1082 600 15.
1105 560 1170 589 art.
1193 566 1225 601 9.
1248 559 1276 590 et
1298 554 1381 589 Mal.
1404 567 1434 601 q.
1456 566 1505 590 12.
1529 560 1593 590 art.
1615 567 1641 590 Ι.

814 612 841 641 et
863 609 957 643 Rom.
980 619 1028 642 12.
1052 608 1121 643 lect.
1140 609 1198 654 3.).

300 707 359 741 AD
381 717 530 741 PRIMUM
552 707 602 741 sic
625 708 842 754 proceditur.
864 707 1026 751 Videtur,
1053 709 1148 755 quod
1175 709 1371 743 vindicatio
1398 720 1472 743 non
1501 709 1546 743 sit
1574 709 1688 744 licita:
1715 710 1787 756 qui-

228 771 383 806 cumque
411 760 507 794 enim
535 769 682 807 usurpat
708 761 785 804 sibi,
812 761 909 807 quod
934 762 1004 796 Dei
1030 770 1094 804 est,
1122 770 1266 808 peccat:
1293 762 1355 796 sed
1381 762 1539 796 vindicta
1565 762 1719 808 pertinet
1743 762 1787 797 ad

227 814 366 848 Deum:
394 814 479 847 dicit
505 814 612 857 enim,
640 815 746 849 Deut.
778 826 843 861 32„
870 816 1070 850 secundum
1098 815 1206 850 aliam
1225 815 1366 850 literam
1387 815 1576 860 (Chaldaic.
1593 816 1739 862 paraph.
1760 820 1788 851 et

227 869 323 903 Rom.
349 868 433 913 12.).·
456 867 543 901 Mihi
562 867 761 911 vindictam,
777 874 807 904 et
823 881 877 915 ego
896 871 1078 904 retribuam
1087 881 1100 910 ;
1124 880 1212 915 ergo
1235 869 1353 903 omnis
1368 869 1564 903 vindicatio
1585 876 1638 903 est
1650 868 1786 903 illicita.

299 931 330 955 2.
353 921 588 956 PRAETEREA.
611 922 675 956 Ille
698 922 740 956 de
759 934 831 968 quo
853 923 1011 957 vindicta
1032 923 1196 964 sumitur,
1218 934 1291 957 non
1309 922 1501 957 toleratur:
1521 923 1583 956 sed
1602 921 1689 956 mali
1705 930 1790 957 sunt

227 974 421 1010 tolerandi:
456 975 539 1021 quia
568 987 675 1022 super
703 975 791 1010 illud
819 976 925 1010 Cant.
954 987 1005 1011 2.:
1036 977 1128 1012 Sicut
1157 977 1265 1011 lilium
1294 977 1380 1011 inter
1405 977 1529 1022 spinas,
1556 975 1641 1010 dicit
1667 974 1788 1010 Gloss.

228 1029 348 1074 (Grag.
370 1029 456 1062 hom.
475 1029 525 1074 38.
544 1030 579 1062 in
600 1030 761 1075 E>vang.):
784 1029 900 1064 «Non
918 1029 984 1064 fuit
1000 1030 1129 1072 bonus,
1144 1019 1337 1076 qui'malos
1356 1028 1511 1064 tolerare
1527 1040 1602 1063 non
1620 1029 1737 1076 potuit
1749 1041 1788 1072 »3

229 1093 316 1128 ergo
338 1081 495 1116 vindicta
519 1093 593 1116 non
616 1090 668 1116 est
689 1083 865 1117 sumenda
888 1083 930 1117 de
952 1083 1069 1117 malis.

301 1147 330 1181 3.
352 1135 588 1170 PRAETEREA.
610 1135 779 1170 Vindicta
800 1147 863 1182 per
884 1147 1020 1183 poenas
1043 1136 1092 1178 fit,
1111 1147 1153 1170 ex
1171 1136 1300 1182 quibus
1319 1144 1485 1170 causatur
1501 1135 1612 1171 timor
1630 1134 1788 1170 servilis:

228 1189 290 1224 sed
311 1188 368 1223 lex
388 1200 483 1223 nova
504 1200 579 1223 non
601 1196 653 1223 est
673 1189 729 1223 lex
751 1189 904 1232 timoris,
927 1190 987 1224 sed
1012 1190 1158 1232 amoris,
1180 1198 1217 1224 ut
1239 1189 1333 1236 Aug.
1357 1189 1442 1223 dicit
1463 1197 1589 1224 contra
1608 1188 1792 1223 Adaman-

227 1242 318 1277 tium
340 1242 430 1289 (cap.
451 1242 541 1288 17.);
565 1253 651 1288 ergo
675 1242 719 1276 ad
740 1243 859 1277 minus
880 1243 916 1276 in
937 1254 1035 1277 novo
1057 1251 1275 1278 testamento
1290 1242 1389 1277 nulla
1403 1242 1561 1276 vindicta
1579 1242 1657 1277 fieri
1675 1242 1790 1276 debet.

301 1306 334 1338 4.
356 1295 592 1330 PRAETEREA.
614 1295 679 1330 Ille
702 1296 830 1330 dicitur
851 1296 1035 1331 vindicare
1057 1308 1106 1338 se,
1129 1297 1190 1342 qui
1206 1296 1353 1342 injurias
1379 1307 1461 1330 suas
1487 1295 1690 1330 ulciscitur:
1717 1294 1791 1337 sed,

234 1356 273 1383 ut
285 1348 436 1390 videtur,
447 1359 521 1382 non
535 1348 619 1382 licet
633 1349 741 1383 etiam
752 1349 862 1394 judici
875 1349 910 1382 in
925 1360 963 1383 se
978 1349 1225 1395 delinquentes
1236 1349 1382 1395 punire:
1397 1349 1483 1383 dicit
1493 1349 1590 1383 enim
1602 1348 1792 1393 Chrysost.

235 1413 340 1448 super
366 1402 493 1435 Matth.
520 1402 622 1446 (hom.
646 1414 675 1448 5.
702 1403 737 1435 in
763 1408 815 1448 op.
838 1403 1008 1448 imperf.):
1039 1415 1057 1434 «
1078 1402 1272 1436 Discamus
1299 1401 1465 1448 exemplo
1488 1402 1625 1436 Christi
1650 1409 1791 1436 nostras

231 1455 377 1500 injurias
400 1455 680 1501 magnanimiter
701 1456 887 1497 sustinere,
908 1455 979 1489 Dei
1001 1463 1122 1489 autem
1148 1455 1295 1501 injurias
1320 1466 1388 1489 nec
1414 1466 1527 1501 usque
1555 1454 1598 1489 ad
1626 1454 1788 1489 auditum

232 1507 379 1543 sufferre
397 1520 438 1550 »ς
462 1519 548 1554 ergo
570 1508 765 1542 vindicatio
787 1509 928 1542 videtur
950 1520 1026 1542 esse
1047 1508 1184 1542 illicita.

307 1572 335 1606 5.
357 1561 592 1596 PRAETEREA.
607 1561 803 1596 Peccatum
819 1561 1055 1596 multitudinis
1071 1562 1187 1607 magis
1209 1570 1262 1596 est
1279 1562 1463 1603 nocivum,
1479 1573 1588 1608 quam
1602 1569 1793 1608 peccatum

232 1615 337 1649 unius
358 1623 515 1649 tanturn:
539 1615 667 1649 dicitur
689 1615 797 1657 enim,
816 1614 926 1649 Eccli.
950 1614 1023 1649 26.:
1048 1616 1078 1650 A
1102 1617 1206 1650 tribus
1228 1617 1338 1650 timuit
1359 1627 1416 1650 cor
1433 1627 1588 1650 meum...
1607 1615 1793 1650 delaturam

233 1669 388 1710 civitatis,
409 1674 438 1703 et
459 1669 677 1703 collectionem
694 1668 823 1714 populi,
847 1673 876 1702 ct
897 1669 1100 1703 calumniam
1118 1669 1326 1703 mendacem:
1350 1669 1411 1702 sed
1433 1668 1476 1703 de
1498 1676 1648 1715 peccato
1675 1668 1792 1703 multi-

231 1722 364 1756 tudinis
386 1733 459 1756 non
481 1730 534 1756 est
553 1722 712 1756 vindicta
734 1722 927 1756 sumenda:
951 1722 1035 1768 quia
1056 1734 1162 1769 super
1183 1722 1270 1756 illud
1292 1722 1419 1757 Matth.
1438 1733 1508 1768 13.:
1529 1723 1632 1757 Sinite
1653 1727 1790 1768 utraque

232 1788 380 1817 crescere,
399 1788 437 1809 m
450 1776 541 1821 sorta
559 1775 727 1810 eradicetis
746 1777 904 1817 tritic‘zcm,
928 1776 1014 1810 dicit
1036 1775 1155 1810 Gloss.
1184 1777 1281 1822 (Lyr.
1304 1781 1333 1811 et
1354 1776 1459 1810 interl.
1487 1776 1666 1823 implicite)
1693 1776 1791 1822 quod

235 1843 252 1861 «
269 1829 459 1863 multitudo
481 1840 556 1863 non
570 1837 623 1863 est
638 1829 1000 1871 excommunicanda,
1014 1841 1080 1863 nec
1096 1830 1309 1876 princeps»;
1329 1841 1417 1876 ergo
1432 1841 1498 1864 nec
1516 1829 1584 1864 alia
1597 1829 1794 1864 vindicatio

235 1891 288 1917 est
308 1883 417 1917 licita.

307 1935 381 1969 SED
404 1945 569 1970 CONTRA.
592 1934 692 1969 Nihil
715 1943 766 1969 est
788 1935 1050 1981 expectandum
1073 1947 1091 1969 a
1114 1936 1207 1978 Deo,
1228 1936 1297 1970 nisi
1323 1936 1419 1982 quod
1434 1943 1487 1970 est
1511 1935 1659 1978 bonum,
1675 1943 1710 1970 et
1724 1934 1797 1970 lici-

235 1997 329 2023 tum:
352 1988 414 2023 sed
436 1988 595 2022 vindicta
614 1989 656 2022 de
678 1989 842 2023 hostibus
865 1997 917 2023 est
939 1989 1161 2035 expectanda
1183 2001 1202 2023 a
1223 1990 1322 2024 Deo:
1345 1989 1474 2024 dicitur
1492 1989 1600 2031 enim,
1615 1989 1702 2023 Luc.
1723 1990 1795 2023 18.:

237 2044 327 2077 Deus
349 2042 721 2087 nonfaciclvindictam
744 2042 918 2076 electorum
938 2054 1071 2076 suornm
1088 2043 1304 2077 clamantimn
1326 2043 1367 2077 ad
1380 2055 1410 2077 se
1424 2043 1484 2084 dia,
1504 2055 1542 2077 ac
1558 2043 1675 2078 nocte?
1696 2042 1797 2089 quasi

242 2096 395 2130 diceret:
415 2095 521 2129 Immo
534 2096 661 2140 facicm
690 2106 776 2140 ergo
798 2095 992 2129 vindicatio
1015 2107 1087 2129 non
1111 2104 1164 2130 est
1185 2108 1247 2142 per
1268 2108 1305 2130 se
1327 2096 1435 2138 mala,
1457 2104 1491 2130 et
1510 2095 1645 2130 illicita.

309 2149 538 2182 RESPONDEO
566 2148 771 2190 dicendum,
799 2149 895 2194 quod
921 2149 1116 2183 vindicatio
1144 2149 1181 2183 fit
1210 2161 1273 2195 per
1303 2149 1448 2195 aliquod
1477 2149 1631 2195 poenale
1658 2148 1797 2183 malum

238 2201 414 2236 inflictum
430 2201 611 2246 peccanti;
629 2210 680 2236 cst
695 2213 781 2246 ergo
797 2201 831 2234 in
847 2201 1090 2236 vindicatione
1109 2203 1390 2236 considerandus
1405 2202 1796 2247 vindicantisjanimus:

239 2256 268 2290 si
291 2255 388 2289 enirn
410 2255 484 2299 ejus
506 2254 657 2288 intentio
680 2254 812 2288 feratur
831 2255 1073 2301 principaliter
1099 2256 1135 2289 in
1162 2256 1299 2289 malum
1326 2255 1431 2297 illius,
1449 2256 1492 2289 de
1508 2267 1579 2302 quo
1601 2255 1798 2290 vindictam

242 2309 363 2350 sumit⁷
387 2316 421 2342 et
441 2308 489 2341 ibi
516 2308 686 2354 quiescat,
710 2315 761 2342 est
783 2310 933 2342 omnino
956 2308 1140 2351 illicitum3
1164 2309 1246 2355 quia
1269 2308 1439 2343 delectari
1465 2309 1501 2342 in
1528 2308 1627 2343 malo
1654 2308 1798 2343 alterius

240 2364 392 2409 pertinet
423 2361 465 2395 ad
497 2361 633 2403 odium,
664 2361 760 2407 quod
788 2361 953 2396 charitati
979 2370 1165 2408 repugnat,
1188 2374 1258 2408 qua
1280 2373 1407 2396 omnes
1429 2362 1598 2396 homines
1624 2362 1797 2396 debemus

241 2416 407 2461 diligere:
437 2426 503 2448 nec
535 2414 661 2460 aliquis
696 2422 896 2457 excusatur,
928 2415 956 2449 si
987 2415 1125 2449 malum
1155 2416 1315 2450 intendat
1335 2415 1450 2460 illius,
1479 2415 1539 2461 qui
1572 2415 1638 2450 sibi
1670 2416 1798 2461 injuste

241 2469 361 2503 intulit
395 2468 553 2510 malum3
588 2468 679 2502 sicut
712 2479 785 2501 non
820 2477 1008 2505 excusatur
1039 2469 1165 2515 aliquis
1196 2480 1258 2514 per
1284 2469 1355 2503 hoc
1387 2469 1483 2514 quod
1514 2469 1589 2503 odit
1613 2480 1651 2504 se
1681 2469 1801 2503 odien-

241 2530 334 2556 tem:
359 2533 432 2555 non
456 2522 552 2556 enim
575 2521 679 2555 debet
697 2521 811 2561 homo
831 2522 864 2555 in
886 2522 995 2555 aliun-1
1015 2534 1164 2568 peccare
1180 2531 1325 2568 propter
1346 2523 1429 2564 hoc,
1447 2523 1542 2568 quod
1561 2522 1620 2557 ille
1639 2523 1802 2569 peccavit
1830 2547 1832 2550 -

245 2577 341 2622 prius
364 2576 397 2608 in
422 2575 558 2620 ipsum:
581 2575 651 2608 hoc
668 2575 764 2608 enim
781 2583 833 2608 est
848 2575 942 2609 vinci
957 2587 975 2608 a
993 2575 1102 2618 malo,
1126 2576 1223 2622 quod
1240 2577 1367 2622 Apost.
1382 2576 1547 2622 prohibet
1563 2576 1606 2610 ad
1620 2576 1726 2610 Rom.
1750 2586 1800 2610 12.

245 2629 384 2663 dicens:
412 2629 492 2663 Noli
518 2630 609 2663 vinci
635 2640 654 2662 α
680 2629 780 2670 malo,
807 2629 857 2662 scd
883 2630 976 2662 vinci*
1004 2631 1036 2662 im
1065 2631 1146 2663 imno
1175 2630 1322 2664 nudam:
1350 2630 1377 2663 si
1405 2641 1491 2663 vero
1518 2630 1669 2664 intentio
1691 2630 1801 2664 vindi-

245 2683 357 2716 cantis
377 2682 508 2716 seratur
530 2682 775 2728 principaliter
798 2683 839 2715 ad
863 2682 1006 2727 aliquod
1031 2683 1139 2725 bono,
1159 2683 1202 2717 ad
1222 2683 1318 2728 quod
1342 2683 1543 2729 pervenitur
1565 2694 1627 2729 per
1644 2694 1800 2729 poenam

245 2737 428 2782 peccantis
451 2737 552 2780 (puta
577 2736 619 2769 ad
643 2735 935 2769 emendationem
951 2737 1145 2781 peccantis,
1162 2737 1219 2770 vel
1235 2737 1362 2770 saltem
1379 2737 1421 2770 ad
1438 2737 1697 2770 cohibitionem
1713 2737 1798 2782 ejus,

246 2797 280 2822 et
302 2790 459 2834 quietem
482 2789 648 2830 aliorum,
672 2797 705 2823 et
727 2789 770 2822 ad
791 2789 945 2834 justitiae
966 2790 1293 2831 conservationem,
1317 2798 1350 2824 et
1371 2790 1440 2823 Dei
1454 2789 1662 2835 honorem),
1682 2797 1800 2836 potest

247 2853 323 2876 esse
342 2842 537 2876 vindicatio
560 2842 669 2884 licita,
693 2841 769 2876 aliis
797 2842 924 2876 debitis
947 2842 1223 2876 circumstantiis
1246 2843 1405 2877 servatis.
