1859 3122
193 169 274 212 952
576 167 796 202 QUAESTIO
830 167 992 196 CXLVII.
1025 167 1270 197 ARTICULUS
1303 167 1360 196 lv.

191 249 354 284 cessitate
377 250 536 294 Jejunare
558 256 704 294 propter
725 247 905 282 defectum
927 246 1207 289 alimentorum3
1235 258 1321 293 ergo
1344 247 1459 282 multo
1481 249 1597 294 magis
1618 249 1750 289 debent

191 314 233 338 ex
254 302 397 349 propria
418 301 605 335 voluntate
631 301 804 346 jejunare.

263 356 336 390 SED
359 365 512 389 CONTRA
527 354 678 395 videtur,
693 353 789 399 quod
803 353 923 388 nullus
937 355 1050 400 justus
1065 361 1230 388 teneatur
1247 354 1426 400 jejunare:
1445 362 1636 401 praecepta
1653 354 1751 389 enim

191 408 375 443 Ecclesiae
396 419 470 441 non
493 407 654 451 obligant
673 414 799 441 contra
818 407 1021 440 doctrinam
1038 406 1191 441 Christi:
1212 406 1274 441 sed
1292 407 1475 441 Dominus
1494 407 1590 449 dixit,
1606 408 1690 442 Luc.
1710 418 1752 452 5.,

192 462 287 508 quod
310 473 374 494 non
391 465 526 507 possunt
535 460 605 506 filii
621 461 730 506 sponsi
743 462 908 505 jejunare,
928 460 1087 505 quamdin
1109 472 1183 494 cnm
1209 461 1287 506 ipsis
1312 465 1356 494 est
1380 466 1533 506 sponsus:
1556 469 1608 495 est
1630 468 1752 495 autem

193 526 276 548 cum
294 513 461 548 omnibus
478 513 579 558 justis
597 512 829 559 spiritualiter
847 524 909 547 eos
927 513 1147 555 inhabitans,
1163 512 1256 546 unde
1271 512 1453 546 Dominus
1468 513 1564 554 dicit,
1578 513 1754 548 Matthaei

191 567 272 602 ult.:
295 568 378 602 Esse
396 578 449 612 ego
468 568 636 601 vobiscum
653 578 723 600 snm
743 578 838 612 usqne
857 566 899 600 ad
917 567 1232 600 consummationem
1252 566 1373 600 saeculi
1382 578 1394 607 ,·
1416 577 1502 612 ergo
1523 567 1607 612 justi
1627 578 1669 600 ex
1686 574 1753 601 sta-

191 629 269 656 tuto
292 619 477 654 Ecclesiae
499 631 572 653 non
596 618 801 664 obligantur
823 619 866 653 ad
887 619 1137 666 jejunandum.

263 674 492 708 RESPONDEO
516 672 722 714 dicendum,
745 672 853 718 quod,
876 672 968 706 sicut
989 683 1095 718 supra
1116 672 1253 706 dictum
1275 679 1327 706 est
1349 672 1433 717 (1-2.
1452 684 1482 718 q.
1502 684 1558 718 90.
1585 677 1651 707 art.
1672 683 1703 707 2.
1724 677 1756 707 et

192 739 222 773 t]-
242 728 297 773 98.
317 734 380 761 art.
400 738 431 761 2.
450 731 478 760 cl
499 726 563 770 6.),
582 733 713 759 statuta
733 725 944 760 communia
966 733 1225 771 proponuntur,
1248 725 1448 759 secundum
1475 725 1571 771 quod
1599 724 1754 759 multitu-

193 780 267 814 dini
285 779 525 821 conveniunt,
549 787 583 812 et
600 778 682 812 ideo
702 778 888 824 legislator
906 779 941 812 in
960 779 1010 812 eis
1029 778 1224 812 statuendis
1243 778 1393 812 attendit
1410 778 1457 820 id,
1476 778 1572 824 quod
1593 789 1756 812 commu-

192 834 284 867 niter
305 833 467 875 habetur,
490 842 523 868 et
544 834 580 867 in
602 833 761 879 pluribus
781 833 928 867 accidit:
951 833 981 867 si
1000 833 1083 879 quid
1099 839 1220 867 autem
1235 844 1277 867 ex
1291 831 1438 879 speciali
1452 844 1560 867 causa
1577 833 1614 866 in
1633 831 1755 879 aliquo

192 886 405 928 inveniatur,
428 887 524 932 quod
546 886 794 920 observantiae
817 886 939 920 statuti
959 893 1146 931 repugnet,
1169 897 1243 920 non
1264 885 1415 919 intendit
1437 885 1546 919 talem
1567 884 1755 930 legislator

193 940 237 974 ad
259 941 380 974 statuti
402 940 670 974 observantiam
693 939 873 985 obligare:
896 939 932 973 in
954 950 1026 985 quo
1048 947 1170 973 tamen
1188 947 1240 974 est
1254 938 1421 973 discretio
1438 939 1653 980 adhibenda,
1667 949 1754 972 nam

193 994 223 1028 si
249 1005 355 1028 causa
389 994 433 1028 sit
462 994 619 1035 evidens,
646 1005 710 1039 per
736 993 895 1039 seipsum
922 992 1019 1027 licite
1046 1000 1165 1038 potest
1193 992 1308 1026 homo
1339 992 1461 1026 statuti
1487 991 1755 1026 observantiam

193 1047 396 1094 praeterire,
418 1047 628 1092 praesertim
650 1046 910 1080 consuetudine
931 1046 1204 1087 interveniente,
1225 1045 1283 1079 vel
1302 1045 1332 1079 si
1349 1056 1424 1078 non
1450 1053 1572 1091 posset
1592 1045 1635 1078 de
1658 1043 1756 1078 facili
1782 1048 1786 1051 “

193 1112 356 1135 recursus
379 1101 422 1134 ad
444 1100 667 1146 superiorem
687 1099 828 1134 haberi:
850 1099 879 1133 si
899 1110 986 1133 vero
1011 1110 1117 1133 causa
1140 1100 1183 1132 sit
1205 1098 1322 1139 dubia,
1346 1098 1450 1132 debet
1476 1098 1603 1143 aliquis
1631 1097 1675 1131 ad
1701 1108 1756 1132 su-

193 1154 374 1200 periorem
396 1164 590 1194 recurrere,
609 1153 670 1199 qui
691 1152 800 1186 habet
821 1160 1039 1198 potestatem
1059 1152 1095 1185 in
1117 1151 1247 1185 talibus
1270 1151 1524 1197 dispensandi3
1548 1159 1582 1185 et
1602 1151 1673 1184 hoc
1702 1158 1755 1185 est

194 1207 458 1241 observandum
480 1206 515 1239 in
538 1206 679 1251 jejuniis
707 1206 748 1240 ab
776 1205 938 1240 Ecclesia
964 1205 1146 1246 institutis,
1169 1204 1212 1238 ad
1235 1215 1326 1250 quae
1354 1215 1482 1238 omnes
1510 1203 1754 1238 communiter

194 1259 410 1305 obligantur,
431 1259 500 1293 nisi
521 1259 557 1292 in
580 1259 629 1293 eis
650 1258 756 1292 fuerit
778 1258 924 1304 aliquod
948 1257 1102 1303 speciale
1125 1257 1438 1303 impedimentum.

265 1313 325 1347 AD
347 1323 496 1347 PR1MUM
518 1323 604 1357 ergo
627 1311 832 1353 dicendum,
855 1311 950 1357 quod
968 1318 1161 1356 praecepta
1184 1311 1255 1344 Dei
1273 1318 1356 1344 sunt
1377 1318 1567 1356 praecepta
1588 1310 1674 1354 juris
1695 1320 1756 1343 na-

193 1366 328 1408 turalis,
351 1377 441 1411 quae
464 1365 664 1399 secundum
686 1376 723 1398 se
747 1372 829 1398 sunt
850 1364 892 1397 de
914 1363 1127 1397 necessitate
1155 1363 1297 1397 salutis:
1325 1363 1387 1397 sed
1413 1371 1543 1397 statuta
1568 1362 1755 1397 Ecclesiae

194 1428 275 1454 sunt
297 1419 338 1453 de
360 1419 428 1460 his,
450 1429 541 1464 quae
563 1429 637 1451 non
655 1429 718 1462 per
740 1428 777 1451 se
799 1424 881 1451 sunt
907 1417 951 1450 de
976 1416 1191 1450 necessitate
1213 1416 1348 1457 salutis,
1370 1416 1432 1450 sed
1454 1415 1573 1449 solum
1596 1427 1638 1449 ex
1659 1415 1756 1450 insti-

192 1473 331 1508 tutione
364 1471 571 1513 Ecclesiae3
598 1478 632 1505 et
657 1471 738 1504 ideo
766 1478 916 1516 possunt
942 1481 1018 1504 esse
1047 1469 1166 1515 aliqua
1191 1469 1464 1515 impedimenta,
1490 1476 1636 1514 propter
1663 1479 1757 1515 quae

193 1526 302 1572 aliqui
325 1526 367 1559 ad
389 1524 613 1559 observanda
638 1524 772 1570 jejunia
793 1523 1005 1569 hujusmodi
1026 1534 1101 1556 non
1122 1530 1303 1557 tenentur.

266 1580 324 1613 AD
339 1589 545 1613 SECUNDUM
562 1577 767 1619 dicendum,
789 1577 886 1622 quod
907 1577 944 1610 in
966 1576 1084 1623 pueris
1111 1575 1268 1610 maxime
1297 1583 1350 1609 est
1375 1574 1520 1609 evidens
1547 1585 1655 1608 causa
1681 1585 1756 1609 non

193 1633 399 1680 jejunandi3
421 1640 497 1666 tum
521 1639 666 1678 propter
688 1630 908 1664 debilitatem
929 1638 1092 1670 naturae,
1119 1640 1161 1663 ex
1188 1640 1257 1674 qua
1279 1628 1446 1674 provenit
1471 1628 1568 1674 quod
1593 1628 1758 1674 indigent

193 1685 371 1732 frequenti
394 1685 487 1727 cibo,
506 1693 541 1719 et
561 1696 635 1718 non
653 1684 768 1718 multo
788 1683 896 1718 simul
916 1691 1119 1729 assumpto,
1141 1691 1218 1717 tum
1237 1683 1346 1717 etiam
1364 1682 1447 1728 quia
1465 1682 1627 1728 indigent
1641 1681 1757 1716 multo

193 1740 415 1774 nutrimento
437 1746 582 1784 propter
603 1737 855 1772 necessitatem
878 1737 1077 1782 augmenti,
1101 1736 1197 1782 quod
1221 1735 1258 1770 fit
1281 1736 1323 1770 de
1346 1735 1489 1770 residuo
1513 1735 1694 1777 alimenti3
1723 1743 1758 1770 et

193 1793 276 1827 ideo
299 1792 470 1838 quamdiu
492 1799 573 1825 sunt
594 1791 630 1824 in
652 1799 744 1825 statu
763 1790 959 1836 augmenti,
975 1790 1071 1835 quod
1095 1797 1147 1823 est
1168 1797 1206 1823 ut
1223 1789 1259 1822 in
1278 1788 1438 1835 pluribus
1452 1800 1564 1834 usque
1584 1789 1627 1822 ad
1646 1787 1756 1822 finem

193 1847 287 1881 tertii
305 1845 492 1891 septennii,
510 1856 584 1879 non
602 1852 767 1879 tenentur
786 1844 828 1878 ad
860 1843 1103 1878 ecclesiastica
1120 1843 1254 1889 Jejunia
1273 1842 1513 1877 observanda:
1536 1842 1757 1876 conveniens

193 1908 316 1934 tamen
343 1907 406 1941 est,
428 1907 466 1932 ut
487 1899 596 1932 etiam
623 1898 659 1931 in
686 1898 756 1932 hoc
784 1906 948 1943 tempore
977 1908 1013 1930 se
1042 1896 1084 1930 ad
1111 1895 1345 1941 ieiunandum
1372 1903 1574 1937 exerceant,
1596 1894 1675 1940 plus
1696 1894 1756 1930 vel

194 1954 314 1987 minus
336 1952 533 1986 secundum
556 1951 706 1985 modum
728 1962 812 1985 suae
836 1950 978 1984 aetatis:
999 1949 1215 1996 quandoque
1234 1957 1356 1983 tamen
1375 1960 1508 1994 magna
1524 1947 1756 1982 tribulatione

194 2007 420 2047 imminente,
442 2005 477 2038 in
500 2006 644 2049 signum
665 2004 907 2050 poenitentiae
930 2003 1092 2037 arctioris
1115 2003 1224 2037 etiam
1242 2002 1361 2048 pueris
1380 2002 1513 2047 jejunia
1531 2001 1754 2035 indicuntur:

196 2061 287 2095 sicut
309 2060 417 2094 etiam
437 2058 479 2092 de
500 2057 668 2103 jumentis
687 2057 817 2103 legitur
830 2057 945 2102 Jonae
966 2068 1015 2101 3.:
1034 2057 1205 2098 Homines,
1224 2061 1252 2090 et
1267 2058 1417 2100 jumenta
1438 2067 1507 2089 non
1523 2059 1649 2100 gustent
1667 2052 1758 2100 quid-

196 2125 307 2160 quam,
327 2125 382 2147 nec
401 2124 520 2157 nquam
541 2113 664 2145 bibant.

266 2167 326 2201 AD
347 2176 517 2200 TERTIUM
544 2164 747 2205 dicendum,
770 2163 866 2209 quod
894 2164 990 2197 circa
1017 2163 1239 2209 peregrinos,
1266 2170 1301 2196 et
1328 2161 1512 2208 operarios
1540 2160 1757 2206 distinguen-

197 2221 283 2255 dum
304 2220 461 2253 videtur:
490 2218 572 2264 quia
594 2218 622 2252 si
644 2217 898 2263 peregrinatio,
921 2224 954 2251 et
977 2217 1095 2261 operis
1122 2216 1223 2250 labor
1249 2215 1444 2250 commode
1472 2213 1605 2248 differri
1631 2213 1756 2259 possit,

197 2283 256 2308 aut
277 2273 428 2307 diminui
447 2273 579 2317 absque
602 2271 818 2304 detrimento
842 2270 1041 2316 corporalis
1064 2269 1201 2311 salutis,
1225 2277 1258 2303 et
1280 2268 1464 2303 exterioris
1486 2275 1608 2309 status,
1628 2267 1689 2313 qui
1707 2277 1757 2300 re-

196 2327 346 2374 quiritur
368 2327 411 2360 ad
434 2324 747 2360 conservationem
771 2323 979 2369 corporalis,
1003 2322 1061 2357 vel
1083 2322 1276 2368 spiritualis
1294 2322 1401 2363 vitae,
1419 2332 1493 2355 non
1512 2328 1594 2355 sunt
1611 2328 1755 2366 propter

195 2382 267 2416 hoc
290 2380 475 2414 Ecclesiae
496 2378 628 2423 jejunia
649 2377 982 2424 praetermittenda:
1006 2377 1035 2411 si
1057 2385 1181 2410 autem
1202 2375 1391 2409 immineat
1412 2374 1607 2409 necessitas
1634 2373 1756 2407 statim

196 2433 458 2481 peregrinandi,
482 2440 516 2466 et
537 2442 688 2477 magnas
714 2431 848 2464 diaetas
875 2429 1040 2471 faciendi,
1067 2430 1123 2463 vel
1152 2430 1261 2463 etiam
1290 2428 1444 2462 multum
1472 2427 1670 2469 laborandi,
1697 2426 1756 2460 vel

196 2496 341 2534 propter
363 2485 678 2520 conservationem
700 2484 793 2517 vitae
817 2483 1026 2528 corporalis,
1054 2483 1110 2516 vel
1133 2490 1278 2528 propter
1298 2481 1429 2527 aliquid
1448 2480 1693 2514 necessarium
1713 2479 1755 2513 ad

195 2541 307 2575 vitam
329 2539 564 2586 spiritualem,
583 2546 617 2572 et
637 2536 746 2571 simul
765 2548 847 2570 cum
866 2536 936 2569 hoc
955 2547 1029 2569 non
1050 2538 1189 2581 possint
1206 2535 1392 2569 Ecclesiae
1411 2534 1542 2579 jejunia
1562 2532 1757 2575 observari,

196 2606 269 2628 non
293 2593 471 2638 obligatur
492 2592 606 2625 homo
630 2591 672 2625 ad
695 2589 947 2636 jejunandum:
971 2590 1053 2634 quia
1073 2601 1147 2623 non
1169 2589 1310 2623 videtur
1331 2587 1441 2622 fuisse
1462 2587 1614 2621 intentio
1633 2585 1755 2620 Eccle-

197 2648 270 2682 siae
293 2646 478 2680 statuentis
501 2645 644 2690 jejunia,
667 2652 704 2678 ut
721 2655 783 2690 per
805 2643 875 2676 hoc
896 2642 1087 2688 impediret
1108 2643 1195 2676 alias
1218 2642 1306 2688 pias,
1333 2649 1367 2675 et
1393 2641 1508 2684 magis
1534 2639 1753 2674 necessarias

199 2712 343 2742 causas,
378 2699 517 2733 videtur
538 2707 659 2732 tamen
683 2697 717 2730 ir1
744 2696 875 2730 talibus
898 2695 1156 2730 recurrendum
1186 2706 1263 2729 esse
1291 2695 1334 2728 ad
1357 2694 1550 2740 superioris
1578 2693 1755 2738 dispensa-

197 2754 353 2795 tionemg
377 2753 443 2786 nisi
466 2751 556 2786 sorte
579 2751 638 2784 ubi
661 2758 713 2785 est
734 2752 782 2784 ita
800 2757 1036 2783 consuetum:
1059 2749 1141 2794 quia
1157 2760 1198 2782 ex
1217 2748 1288 2782 hoc
1308 2748 1385 2793 ipso
1409 2747 1504 2792 quod
1527 2745 1676 2792 praelati
1690 2745 1755 2779 dis-

199 2806 379 2847 simulant,
401 2806 566 2839 videntur
588 2815 757 2838 annuere.

271 2861 328 2894 AD
351 2869 539 2898 QUARTUM
561 2858 766 2898 dicendum,
789 2855 884 2902 quod
906 2866 1081 2901 pauperes
1109 2854 1168 2900 qui
1190 2861 1341 2900 possunt
1367 2852 1584 2888 sufficienter
1609 2851 1754 2894 habere,

1853 2692 1859 2758 {i
