1859 3122
218 176 303 219 424
642 172 861 208 QUAESTIO
895 172 1011 202 LVIII.
1046 171 1289 202 ARTICULUS
1322 171 1350 202 1.

289 255 347 290 AD
374 264 523 289 PRIMUM
546 265 632 299 ergo
655 253 860 296 dicendum,
882 253 978 300 quod
999 253 1154 288 voluntas
1173 253 1232 287 hic
1254 253 1419 287 nominat
1445 261 1578 297 actum,
1606 265 1682 289 non
1707 265 1769 301 po-

217 310 385 343 tentiam:
409 316 461 342 est
483 316 601 342 autern
626 315 850 349 consuetum,
873 307 970 353 quod
997 306 1090 353 apud
1119 314 1283 341 auctores
1309 306 1451 341 habitus
1477 318 1539 353 per
1566 315 1664 342 actus
1686 307 1768 342 defi-

217 362 375 396 niantur:
398 362 489 396 sicut
511 361 605 407 Aug.
629 361 714 396 dicit
735 372 841 407 super
857 361 959 406 Joan.
983 361 1101 406 (tract.
1123 371 1176 407 79.
1194 361 1297 407 paulo
1313 371 1332 395 α
1352 362 1480 407 princ.)
1503 361 1598 407 quod
1616 361 1697 408 fides
1723 367 1768 396 est

219 415 345 450 credere
368 414 453 460 quod
471 426 536 448 non
556 414 654 449 vides.

289 469 348 503 AD
371 479 577 503 SECUNDUM
598 468 802 510 dicendum,
825 468 921 514 quod
942 478 1059 514 neque
1082 467 1190 501 etiam
1211 467 1344 513 justitia
1377 475 1430 502 est
1459 467 1694 502 essentialiter
1719 479 1770 502 re-

221 522 368 564 ctitudo,
390 522 452 556 sed
475 521 665 555 causaliter
685 529 836 564 tantum,
859 529 912 556 est
930 521 1026 555 enirn
1047 521 1202 562 habitus,
1223 520 1424 555 secundum
1446 532 1554 567 quem
1576 520 1702 567 aliquis
1720 533 1771 556 re-

220 583 275 609 cte
297 583 476 621 operatur,
500 583 533 608 et
554 574 639 608 vult.

290 629 349 662 AD
365 638 535 663 TERTIUM
558 627 762 670 dicendum,
784 627 880 674 quod
901 627 1067 661 voluntas
1090 634 1209 673 potest
1230 626 1300 660 dici
1315 634 1484 674 perpetua
1497 626 1690 674 dupliciter:
1704 641 1769 663 uno

219 681 314 716 modo
337 693 378 715 ex
396 689 494 728 parte
516 681 626 727 ipsius
648 690 759 723 actus,
781 681 841 727 qui
862 689 1034 727 perpetuo
1057 680 1177 715 durat:
1201 687 1234 714 et
1248 681 1297 714 sic
1320 679 1430 714 solius
1451 681 1521 714 Dei
1538 680 1704 716 voluntas
1718 689 1772 716 est

219 743 408 781 perpetua:
432 735 496 768 alio
516 735 609 769 modo
632 746 674 768 ex
696 742 794 781 parte
817 735 959 779 objecti,
975 734 1057 780 quia
1078 733 1216 767 scilicet
1234 733 1361 779 aliquis
1374 728 1450 767 vulf
1464 742 1635 780 perpetuo
1652 734 1770 769 facere

220 788 366 834 aliquid,
389 796 423 822 et
442 788 513 822 hoc
536 788 725 834 requiritur
740 788 782 822 ad
797 788 974 822 rationem
996 787 1169 832 justitiae3
1191 798 1265 821 non
1277 786 1375 821 enim
1388 786 1518 821 sufficit
1531 787 1575 821 ad
1593 787 1770 822 rationem

219 842 385 888 justitiae,
409 842 502 887 quod
527 840 653 887 aliquis
668 841 754 875 velit
769 842 811 875 ad
826 841 954 875 horam
970 841 1005 874 in
1021 840 1141 886 aliquo
1160 840 1308 886 negotio
1328 851 1470 874 servare
1483 840 1666 886 justitiam,
1689 841 1772 887 quia

219 895 278 929 vix
295 895 473 928 invenitur
495 894 634 940 aliquis,
657 895 717 940 qui
737 894 824 929 velit
845 894 881 928 in
905 894 1070 928 omnibus
1091 894 1220 939 injuste
1236 905 1342 940 agere
1358 905 1365 927 :
1384 894 1446 928 sed
1461 894 1661 940 requiritur,
1675 895 1772 940 quod

220 948 334 982 horno
356 948 487 981 habeat
507 947 732 982 voluntatem
754 956 940 994 perpetuo,
962 955 995 982 et
1017 948 1053 981 in
1075 947 1242 982 omnibus
1264 947 1436 993 justitiam
1458 948 1706 982 conservandi.

291 1001 351 1035 AD
366 1011 553 1040 QUARTUM
576 1000 782 1043 dicendum,
815 1001 912 1047 quod
945 1001 1028 1047 quia
1052 1005 1250 1047 perpetuum
1279 1012 1353 1034 non
1381 1000 1553 1047 accipitur
1573 1000 1771 1035 secundum

222 1054 449 1088 durationem
474 1062 685 1100 perpetuam
713 1062 812 1089 actus
833 1053 1039 1095 voluntatis,
1061 1065 1136 1087 non
1162 1053 1339 1100 superflue
1362 1053 1501 1088 additur
1521 1062 1713 1098 constans;
1735 1063 1773 1089 ut

223 1108 315 1142 sicut
335 1119 397 1154 per
418 1108 502 1150 hoc,
537 1107 633 1153 quod
655 1108 781 1142 dicitur
806 1113 964 1154 perpetua
984 1108 1148 1148 voluntas,
1175 1107 1382 1153 designatur
1403 1107 1499 1154 quod
1521 1107 1647 1154 aliquis
1673 1116 1774 1154 gerat
1830 1127 1839 1142 ‹..

221 1162 258 1195 in
279 1161 465 1208 proposito
487 1169 659 1207 perpetuo
682 1161 855 1206 justitiam
875 1161 1128 1203 conservandi3
1150 1160 1198 1194 ita
1221 1161 1328 1194 etiarn
1350 1172 1413 1207 per
1434 1161 1505 1195 hoc
1528 1160 1623 1207 quod
1645 1161 1773 1196 dicitur

223 1220 385 1257 constans,
409 1214 615 1260 designetur
637 1215 733 1260 quod
754 1214 790 1248 in
812 1215 882 1248 hoc
910 1214 1094 1260 proposito
1117 1213 1266 1248 firmiter
1287 1221 1501 1260 perseveret.

292 1268 352 1302 AD
375 1278 554 1306 QUINTL‘M
577 1267 782 1309 dicendum,
804 1267 900 1313 quod
922 1268 1027 1312 judex
1050 1267 1164 1302 reddit
1196 1267 1292 1313 quod
1313 1278 1419 1301 suum
1450 1275 1502 1301 est
1530 1279 1593 1314 per
1621 1267 1772 1302 modum

222 1321 443 1367 imperantis,
465 1329 499 1355 et
521 1321 716 1366 dirigentis,
736 1321 817 1366 quia
840 1321 945 1366 judex
968 1328 1020 1355 est
1036 1323 1162 1366 justum
1185 1322 1384 1362 animatmn,
1408 1328 1442 1355 et
1462 1320 1628 1367 princeps
1650 1328 1702 1355 est
1723 1333 1774 1355 cze-

221 1380 283 1409 stos
299 1376 392 1420 justi,
415 1382 453 1408 ut
475 1374 602 1408 dicitur
619 1374 654 1407 in
674 1386 701 1419 5.
717 1374 875 1408 Ethicor.
897 1373 983 1420 (cap.
998 1385 1030 1418 4.
1046 1379 1075 1408 et
1089 1374 1153 1419 6.):
1169 1373 1230 1408 sed
1245 1374 1375 1408 subditi
1394 1374 1546 1408 reddunt
1559 1373 1655 1420 quod
1668 1385 1773 1408 suum

223 1436 276 1462 est
297 1427 489 1473 unicuique
511 1438 573 1473 per
595 1427 746 1460 modum
769 1427 1000 1461 executionis.

294 1481 353 1514 AD
381 1491 531 1515 SEXTUM
559 1480 763 1522 dicendum,
785 1480 881 1525 quod
911 1480 1003 1514 sicut
1026 1480 1063 1513 in
1090 1479 1282 1514 dilectione
1311 1479 1381 1514 Dei
1407 1479 1598 1514 includitur
1626 1479 1772 1515 dilectio

223 1533 390 1580 proximi,
412 1542 449 1567 ut
469 1545 575 1579 supra
594 1534 730 1567 dictum
746 1541 798 1567 est
817 1535 862 1579 (q.
881 1545 927 1579 25.
943 1538 1005 1567 art.
1020 1533 1085 1577 1.);
1103 1533 1150 1567 ita
1165 1533 1275 1567 etiam
1292 1533 1328 1566 in
1342 1533 1525 1579 hoc-quod
1539 1533 1653 1568 homo
1668 1534 1776 1569 servit

222 1587 316 1629 Deo,
337 1586 530 1621 includitur
552 1587 646 1633 quod
669 1587 860 1633 unicuique
882 1586 1008 1620 reddat
1029 1586 1125 1632 quod
1147 1586 1262 1621 debet.

776 1726 1119 1772 ARTICULUS
1148 1727 1204 1770 Π.
1711 1750 1775 1787 319

487 1835 640 1864 UTRUM
666 1835 865 1877 JUSTITIA
897 1835 1058 1865 SEMPER
1091 1836 1158 1865 SlT
1191 1835 1248 1864 AD
1281 1836 1500 1866 ALTERUM.

256 1922 376 1968 (Supr.
395 1934 424 1968 q.
442 1933 493 1968 57.
516 1927 579 1958 αι’ἰ.
600 1933 632 1966 4.
655 1927 683 1957 et
702 1923 783 1966 infr.
802 1928 865 1957 art.
884 1923 915 1958 8.
938 1929 1025 1969 corp.
1048 1928 1078 1959 et
1098 1923 1140 1958 ad
1157 1936 1184 1959 ι.
1206 1929 1235 1959 et
1263 1925 1346 1960 Virt.
1369 1936 1398 1970 q.
1421 1936 1452 1959 2.
1474 1929 1537 1959 art.
1560 1935 1590 1971 7.
1612 1923 1654 1959 ad
1673 1924 1750 1969 12.)-

296 2011 355 2045 AD
382 2021 588 2045 SECUNDUM
609 2011 659 2045 sic
681 2011 897 2057 proceditur.
915 2011 1076 2054 Videtur,
1105 2012 1201 2058 quod
1230 2012 1362 2058 justitia
1391 2024 1465 2047 non
1494 2024 1637 2059 semper
1662 2013 1707 2048 sit
1731 2013 1776 2047 ad

224 2063 394 2098 alterum:
418 2064 504 2098 dicit
525 2065 622 2098 enim
644 2065 770 2111 Apost.
795 2065 837 2099 ad
859 2065 966 2099 Rom.
993 2077 1021 2111 3.
1052 2065 1147 2111 quod
1172 2067 1304 2111 justitia
1333 2067 1400 2101 Dei
1428 2072 1472 2102 cst
1495 2073 1558 2113 per
1577 2066 1680 2113 fidem
1700 2067 1776 2112 Jesu
1842 2099 1843 2103 ,

227 2117 369 2152 Christi:
392 2117 453 2150 sed
476 2117 562 2151 fides
585 2129 659 2152 non
681 2118 808 2152 dicitur
825 2130 888 2164 per
910 2119 1222 2165 comparationem
1244 2120 1348 2154 unius
1369 2120 1528 2155 hominis
1547 2120 1590 2155 ad
1606 2120 1775 2164 alterum3
1846 2160 1847 2174 χ

225 2181 310 2216 ergo
332 2181 448 2216 neque
470 2170 614 2216 justitia.

296 2234 327 2258 2.
349 2224 584 2258 PRAETEREA.
608 2224 815 2259 Secundum
838 2225 990 2271 August.
1013 2226 1047 2259 in
1066 2225 1124 2259 lib.
1153 2226 1195 2260 de
1224 2226 1316 2261 Mor.
1346 2226 1443 2261 Eccl.
1477 2226 1564 2274 (cap.
1593 2227 1652 2273 15.)
1686 2239 1704 2258 «
1731 2226 1775 2261 ad

223 2277 396 2324 justitiam
418 2278 581 2323 pertinet,
603 2278 648 2311 ob
671 2278 741 2312 hoc
764 2278 859 2324 quod
887 2280 995 2312 servit
1015 2279 1108 2320 Deo,
1130 2279 1221 2314 bene
1239 2279 1416 2326 imperare
1431 2280 1591 2322 caeteris,
1609 2291 1701 2326 quae
1713 2279 1777 2314 ho·
1830 2307 1834 2315 ,

225 2331 314 2364 mini
335 2338 416 2364 sunt
434 2330 592 2376 subjecta
611 2341 649 2362 »ε
673 2331 733 2365 sed
756 2331 931 2377 appetitus
953 2332 1142 2366 sensitivus
1164 2341 1216 2367 est
1236 2333 1378 2367 homini
1398 2334 1590 2379 subjectus,
1616 2341 1654 2368 ut
1679 2341 1776 2380 patet

226 2387 261 2419 in
285 2385 414 2420 Genes.
436 2395 468 2428 4.
492 2385 550 2418 ubi
572 2385 719 2419 dicitur:
739 2386 854 2420 subter
873 2391 898 2420 le
919 2388 981 2421 crit
995 2389 1153 2433 appetitus
1170 2390 1247 2434 rjus,
1264 2388 1401 2423 scilicet
1415 2389 1571 2436 peccati:
1587 2393 1614 2423 et
1628 2393 1661 2423 tu
1676 2389 1777 2422 domi-
1835 2416 1842 2426 ,,

225 2440 352 2473 naboris
373 2439 478 2479 illius;
503 2450 588 2484 ergo
613 2439 655 2472 ad
682 2439 853 2484 justitiam
880 2440 1032 2484 pertinet
1062 2441 1240 2475 dominari
1267 2442 1412 2488 proprio
1443 2442 1634 2489 appetitui:
1665 2450 1699 2476 et
1724 2442 1774 2476 sic

225 2493 289 2526 erit
310 2492 441 2537 justitia
465 2493 507 2526 ad
529 2493 696 2538 seipsum.

300 2557 326 2591 3.
342 2546 576 2580 PRAETEREA.
592 2545 730 2590 Justitia
744 2546 812 2579 Dei
828 2554 880 2581 est
895 2554 1054 2580 aeterna:
1071 2547 1131 2581 sed
1146 2548 1236 2582 nihil
1251 2548 1345 2582 aliud
1362 2557 1414 2583 est
1428 2550 1508 2583 Deo
1524 2557 1774 2591 coaeternum;

225 2610 311 2644 ergo
334 2599 376 2632 de
398 2599 535 2633 ratione
557 2599 711 2644 justitiae
732 2610 805 2632 non
828 2607 880 2633 est
901 2600 995 2644 quod
1020 2600 1063 2634 sit
1085 2601 1127 2634 ad
1151 2601 1312 2636 alterurn.

296 2662 327 2694 4.
347 2652 581 2686 PRAETEREA.
605 2652 706 2686 Sicut
727 2653 964 2698 operationes,
986 2665 1076 2698 quae
1099 2662 1180 2688 sunt
1206 2655 1249 2688 ad
1276 2655 1438 2698 alterum,
1466 2656 1626 2701 indigent
1651 2655 1775 2690 rectifi-

227 2707 310 2747 cari,
334 2705 379 2739 ita
403 2706 510 2739 etiam
534 2706 761 2751 operationes
783 2717 873 2751 quae
896 2715 976 2740 sunt
1004 2707 1046 2740 ad
1074 2708 1248 2753 seipsum:
1277 2709 1338 2742 sed
1365 2721 1427 2755 per
1452 2710 1624 2754 justitiam
1650 2709 1775 2743 rectifi—

227 2767 351 2793 cantur
372 2761 612 2805 operationes,
633 2760 832 2794 secundum
851 2759 937 2793 illud
960 2760 1128 2794 Proverb.
1156 2763 1369 2806 11.:]n5tiliaez
1382 2764 1539 2809 simplicis
1553 2763 1669 2809 diriget
1680 2764 1773 2797 viam

225 2815 313 2858 ajam
338 2824 423 2858 ergo
446 2814 578 2859 justitia
599 2824 673 2847 non
696 2821 747 2847 est
769 2813 888 2847 solum
911 2813 1004 2848 circa
1027 2825 1068 2848 ea
1090 2826 1180 2860 quae
1202 2824 1283 2850 sunt
1310 2816 1354 2850 ad
1384 2816 1548 2858 alterum,
1577 2817 1638 2850 sed
1664 2816 1771 2851 etiam

227 2866 321 2900 circa
342 2877 383 2900 ea
405 2878 496 2912 quae
517 2875 598 2901 sunt
619 2867 662 2900 ad
681 2866 848 2913 seipsum.
