1905 3137
496 163 715 200 QUAESTIO
749 162 839 192 VIII.
873 162 1116 192 ARTICULUS
1148 161 1205 192 VI.
1565 149 1615 204 85

66 249 116 283 eis
138 247 327 289 assentire3
348 247 390 280 ad
413 247 548 280 donum
572 257 657 280 vero
685 245 886 280 intellectus
915 245 1067 291 pertinet
1094 252 1214 279 mente
1240 251 1425 290 penetrare
1454 255 1506 285 ea,
1529 255 1621 289 quae

65 303 240 336 dicuntur.

136 356 194 389 An
219 364 387 388 TERTIUM
412 353 615 394 dicendum,
638 352 733 397 quod
756 352 891 386 donum
909 350 1111 385 intellectus
1130 352 1282 397 pertinet
1300 350 1343 384 ad
1359 359 1546 396 utramque
1566 362 1622 384 co-

68 408 280 454 gnitionem,
311 407 447 441 scilicet
477 405 747 452 speculativam,
771 413 804 439 et
834 405 1042 450 practicam,
1069 416 1142 437 non
1165 412 1339 449 quantum
1373 404 1416 438 ad
1437 404 1622 450 judicium,

66 462 126 496 sed
150 469 324 508 quantum
348 460 391 494 ad
414 459 752 506 apprehensionem,
775 466 812 492 ut
830 458 1016 503 capiantur
1038 468 1090 499 ea,
1113 469 1203 503 quae
1226 458 1402 492 dicuntur.

606 603 948 649 ARTICULUS
982 604 1082 647 vn.
1576 625 1617 660 4,

136 727 288 757 UTRUM
315 726 437 756 DONO
466 725 768 755 INTELLECTUS
796 725 1081 754 RESPONDEAT
1118 724 1257 753 SEXTA
1284 724 1555 764 BEATITUDO,

404 790 623 820 SCILICET:
653 790 779 819 BEATI
807 791 965 820 MUNDO
996 790 1158 829 CORDE,
1184 790 1287 819 ETC.

353 890 433 935 (1-2.
456 902 486 936 q.
509 900 564 936 94.
587 894 651 924 art.
670 901 698 936 3.
720 894 748 924 et
765 901 793 935 3.
812 890 900 924 Dist.
919 900 971 935 34.
992 901 1022 935 q.
1044 902 1071 924 1.
1094 894 1157 924 art.
1176 900 1210 933 4.
1231 894 1261 924 ct
1282 888 1343 934 6.).

139 994 198 1028 AD
217 1002 409 1027 SEPTIMUM
431 991 481 1025 sic
503 990 719 1038 proceditur.
742 990 903 1032 Videtur,
927 990 1023 1037 quod
1046 991 1142 1025 dono
1161 990 1365 1025 intellectus
1387 1001 1462 1024 non
1483 1001 1627 1036 respon-

69 1047 150 1082 deat
171 1046 354 1080 beatitudo
377 1053 486 1087 sexta,
508 1044 663 1079 scilicet:
686 1045 779 1079 Beati
800 1044 920 1078 mutulo
944 1044 1048 1086 corde,
1072 1045 1227 1090 quoniam
1248 1046 1309 1090 ipsi
1330 1045 1438 1079 Duum
1453 1044 1627 1079 videbunt:

69 1100 244 1135 munditia
263 1099 360 1133 enim
383 1098 501 1132 cordis
523 1098 680 1132 maxime
702 1098 842 1131 videtur
864 1098 1041 1143 pertinere
1065 1098 1108 1131 ad
1131 1097 1316 1131 affectum:
1340 1098 1402 1132 sed
1425 1098 1561 1132 donum
1582 1098 1631 1132 in-

68 1153 232 1188 tellectus
266 1163 339 1186 non
370 1152 523 1198 pertinet
553 1151 595 1185 ad
619 1151 800 1193 affectum,
835 1151 897 1185 sed
920 1153 1036 1196 magis
1067 1151 1109 1184 ad
1131 1151 1207 1184 vim
1233 1150 1512 1193 intellectivam3
1542 1163 1629 1197 ergo

70 1208 250 1255 praedicta
271 1206 455 1240 beatitudo
477 1217 550 1239 non
572 1205 766 1251 respondet
787 1205 884 1238 dono
907 1204 1121 1239 intellectus.

141 1271 170 1295 2.
194 1261 429 1295 PRAETEREA.
453 1259 533 1293 Act.
562 1269 612 1303 15.
636 1258 778 1292 dicitur:
802 1258 881 1293 Fide
902 1259 1092 1304 purificans
1114 1258 1213 1292 corda
1240 1270 1351 1292 eorum
1367 1271 1376 1292 .·
1399 1258 1461 1292 sed
1487 1269 1550 1304 per
1572 1270 1631 1303 pu-

71 1315 310 1350 rificationem
326 1313 443 1347 cordis
459 1312 652 1358 acquiritur
666 1312 841 1345 munditia
858 1312 996 1353 cordis3
1017 1322 1103 1357 ergo
1118 1311 1301 1357 praedicta
1314 1311 1498 1346 beatitudo
1514 1312 1629 1358 magis

73 1368 226 1416 pertinet
247 1367 290 1401 ad
311 1367 479 1400 virtutem
501 1365 594 1407 fidei,
615 1377 723 1411 quam
747 1366 790 1399 ad
813 1365 948 1399 donum
971 1365 1186 1399 intellectus.

148 1433 177 1467 3.
198 1421 434 1455 PRAETEREA.
452 1420 562 1453 Dona
577 1418 728 1464 Spiritus
748 1418 872 1452 Sancti
890 1417 1078 1464 perficiunt
1095 1418 1285 1452 hominem
1303 1418 1339 1451 in
1357 1418 1535 1463 praesenti
1548 1419 1630 1453 vita:

77 1474 140 1510 sed
162 1474 252 1508 visio
274 1473 344 1507 Dei
364 1483 439 1506 non
460 1472 613 1518 pertinet
635 1472 678 1505 ad
700 1472 811 1505 vitam
833 1479 1076 1518 praesentem:
1100 1472 1176 1517 ipsa
1203 1471 1300 1505 enim
1321 1471 1446 1506 beatos
1472 1472 1567 1514 facit,
1594 1481 1632 1506 ut

75 1538 181 1574 supra
202 1527 366 1560 habitum
389 1533 440 1560 est
458 1526 537 1570 (1-2.
555 1537 585 1570 q.
604 1537 631 1571 3.
654 1529 716 1558 art.
739 1521 786 1569 8.)
799 1537 811 1565 ,·
829 1536 914 1570 ergo
931 1533 1029 1558 sexta
1050 1525 1234 1559 beatitudo
1250 1525 1437 1559 continens
1452 1526 1631 1560 visionem

73 1581 144 1615 Dei
164 1591 238 1613 non
259 1579 411 1624 pertinet
433 1578 476 1612 ad
499 1578 635 1612 donum
657 1577 870 1612 intellectus.

145 1633 219 1668 SED
234 1642 389 1667 CONTRA
400 1640 462 1673 est,
475 1631 571 1677 quod
584 1631 734 1677 August.
751 1631 836 1665 dicit
846 1631 881 1664 in
893 1630 951 1664 lib.
972 1642 999 1665 1.
1012 1630 1054 1665 de
1067 1631 1142 1665 Ser.
1158 1632 1268 1665 Dorn.
1283 1632 1319 1665 in
1334 1640 1458 1666 monte
1471 1634 1556 1679 (cap.
1567 1633 1631 1677 4.)‚

74 1695 172 1721 sexta
194 1686 354 1732 operatio
387 1685 538 1731 Spiritus
562 1684 697 1726 Sancti,
720 1695 810 1730 quae
833 1693 885 1718 est
911 1683 1125 1726 intellectus,
1153 1685 1322 1719 convenit
1343 1686 1486 1721 mundis
1513 1687 1632 1729 corde,

73 1740 134 1786 qui
154 1747 307 1785 purgato
330 1738 438 1772 oculo
460 1746 610 1784 possunt
630 1737 762 1779 videre,
786 1738 882 1783 quod
905 1737 1033 1772 oculus
1054 1749 1128 1772 non
1149 1738 1247 1772 vidit.

143 1792 372 1827 RESPONDEO
403 1791 608 1832 dicendum,
636 1790 732 1836 quod
767 1791 803 1823 in
831 1799 927 1825 sexta
954 1791 1185 1833 beatitudine,
1215 1791 1307 1826 sicut
1333 1800 1367 1826 et
1392 1792 1428 1826 in
1456 1793 1544 1834 aliis,
1571 1793 1633 1827 duo

74 1846 320 1880 continentur:
345 1857 446 1878 unum
461 1856 524 1890 per
545 1844 696 1878 modum
713 1844 842 1886 meriti,
864 1844 1002 1878 scilicet
1017 1845 1191 1879 munditia
1215 1846 1351 1889 cordis;
1373 1847 1462 1881 alind
1483 1859 1546 1893 per
1560 1859 1635 1882 mo-

73 1899 159 1933 dum
180 1898 342 1945 praemii,
364 1897 502 1932 scilicet
527 1897 618 1931 visio
641 1897 723 1939 Dei,
744 1905 782 1931 ut
803 1908 908 1943 supra
931 1898 1067 1932 dictum
1086 1906 1138 1932 est
1159 1899 1237 1941 (1-2.
1260 1911 1288 1945 q.
1306 1900 1361 1945 69.
1378 1906 1440 1934 art.
1460 1913 1490 1935 2.
1513 1906 1540 1935 et
1560 1901 1633 1946 4.),·

74 1960 109 1987 et
136 1960 327 1997 utrumque
356 1950 509 1997 pertinet
538 1950 659 1996 aliquo
686 1950 797 1984 modo
827 1951 870 1984 ad
901 1951 1038 1985 donum
1066 1951 1279 1986 intellectus.
1310 1952 1371 1987 Est
1401 1954 1497 1987 enim
1519 1954 1636 2000 duplex

74 2005 267 2039 munditia:
301 2016 370 2038 una
396 2003 542 2050 quidem
564 2003 786 2049 preambula,
809 2012 843 2037 et
865 2004 1075 2050 dispositiva
1098 2005 1140 2038 ad
1162 2005 1232 2039 Dei
1253 2006 1443 2048 visionem,
1466 2019 1556 2053 quae
1583 2016 1637 2042 est

75 2058 261 2104 depuratio
273 2056 420 2092 affectus
434 2057 474 2090 ab
486 2057 699 2091 inordinatis
713 2056 982 2099 affectionibus;
1001 2066 1035 2092 et
1053 2058 1143 2092 haec
1163 2059 1310 2104 quidem
1324 2061 1499 2094 munditia
1518 2061 1636 2095 cordis

74 2112 113 2146 fit
133 2123 195 2158 per
215 2112 375 2152 virtutes,
398 2118 432 2144 et
454 2110 560 2151 dona,
583 2121 674 2156 quae
698 2111 876 2156 pertinent
900 2111 942 2144 ad
964 2111 1038 2144 vim
1061 2112 1310 2157 appetitivam:
1335 2113 1401 2147 αἷῐιι
1423 2125 1508 2148 vero
1536 2126 1636 2148 mun-

76 2165 160 2198 ditia
182 2164 298 2198 cordis
323 2171 386 2205 est,
409 2174 499 2209 quae
522 2171 574 2197 est
595 2163 697 2209 quasi
719 2163 938 2209 completiva
959 2173 1126 2210 respectu
1147 2165 1297 2200 visionis
1316 2166 1473 2200 divinae:
1498 2175 1532 2202 et
1545 2168 1635 2202 haec

77 2218 222 2264 quidem
249 2224 300 2251 est
334 2216 511 2250 munditia
536 2216 667 2250 mentis
696 2216 888 2262 depuratae
917 2228 935 2250 a
961 2217 1283 2263 phantasmatibus,
1311 2227 1345 2253 et
1370 2221 1572 2263 erroribus;
1599 2229 1637 2255 ut

77 2270 215 2306 scilicet
236 2281 277 2304 ea
299 2281 390 2316 quae
417 2269 460 2304 de
483 2270 563 2303 Deo
590 2278 850 2316 proponuntur,
873 2282 947 2304 non
969 2271 1190 2317 accipiantur
1215 2283 1278 2318 per
1299 2273 1450 2306 modum
1473 2285 1638 2320 corpora-

77 2324 165 2358 lium
188 2323 494 2370 phantasmatum,
524 2334 591 2356 nec
615 2323 814 2357 secundum
840 2323 1041 2358 haereticas
1068 2325 1335 2370 perversitates:
1364 2334 1398 2360 et
1423 2326 1516 2360 hanc
1539 2339 1638 2360 mun-

78 2377 203 2412 ditiam
216 2376 302 2410 facit
316 2377 453 2411 donum
467 2375 686 2410 intellectus:
703 2376 867 2410 similiter
882 2377 990 2411 etiam
1005 2378 1123 2424 duplex
1138 2386 1191 2412 est
1204 2379 1273 2412 Dei
1287 2379 1394 2414 visio:
1411 2392 1476 2413 nna
1491 2380 1637 2426 quidem

77 2430 246 2477 perfecta,
268 2441 331 2476 per
352 2441 461 2476 quam
482 2429 622 2463 videtur
642 2429 714 2463 Dei
736 2430 906 2465 essentia:
929 2431 998 2464 alia
1019 2442 1105 2465 vero
1127 2431 1350 2478 imperfecta,
1364 2444 1427 2478 per
1445 2445 1554 2479 quam
1572 2434 1638 2467 etsi

19 2483 22 2521 ζ
77 2495 151 2518 non
164 2483 350 2517 videamus
372 2482 415 2516 de
436 2483 517 2516 Deo
540 2482 624 2528 quid
646 2490 709 2524 est,
731 2483 896 2517 videmus
918 2492 1041 2518 tamen
1062 2485 1145 2530 quid
1161 2496 1234 2518 non
1255 2493 1324 2527 est3
1345 2494 1378 2520 et
1395 2494 1495 2520 tanto
1515 2486 1549 2519 in
1568 2486 1637 2520 hac

77 2537 150 2571 vita
170 2537 292 2570 Deum
313 2535 504 2582 perfectius
524 2536 792 2581 cognoscimus,
808 2545 944 2582 quanto
964 2538 1078 2583 magis
1097 2537 1332 2584 intelligimus
1352 2549 1434 2572 eum
1453 2539 1637 2581 excedere,

79 2590 249 2636 quidquid
271 2588 455 2623 intellectu
478 2589 802 2634 conprehenditur3
830 2598 864 2624 et
885 2598 1034 2636 utraque
1056 2591 1127 2625 Dei
1147 2591 1239 2625 visio
1262 2592 1414 2637 pertinet
1435 2592 1478 2626 ad
1500 2593 1637 2626 donum

79 2642 304 2677 intellectus:
335 2643 451 2687 prima
473 2642 617 2688 quidem
641 2642 684 2676 ad
712 2642 849 2676 donum
876 2643 1079 2678 intellectus
1107 2653 1412 2686 consummatum,
1439 2646 1638 2680 secundum

23 2738 24 2744 ¹
81 2696 177 2742 quod
199 2696 264 2730 erit
284 2695 320 2728 in
342 2695 455 2740 patria
471 2708 477 2729 :
501 2695 659 2729 secunda
673 2707 759 2730 vero
775 2696 818 2730 ad
833 2696 970 2730 donum
984 2697 1186 2732 intellectus
1200 2698 1425 2741 inchoatum,
1439 2700 1638 2734 secundum

23 2754 25 2789 ξ
81 2748 177 2796 quod
198 2749 351 2782 habetur
372 2748 408 2781 in
430 2748 498 2781 via.

24 2795 25 2803 ¹
148 2802 193 2836 Et
212 2813 275 2848 per
295 2802 366 2835 hoc
394 2809 490 2847 patet
514 2803 701 2848 responsio
728 2813 778 2837 AD
806 2813 992 2849 OBJECTA:
1020 2815 1104 2837 nam
1125 2805 1256 2849 primae
1277 2804 1358 2839 duae
1385 2805 1540 2840 rationes
1562 2818 1640 2852 pro-

85 2855 215 2890 cedunt
235 2854 278 2889 de
300 2854 415 2900 prima
436 2854 630 2889 munditia:
659 2857 755 2890 tertia
775 2867 862 2890 vero
885 2857 927 2891 de
950 2856 1106 2902 perfecta
1128 2857 1197 2891 Dei
1218 2857 1375 2893 visione:
1398 2858 1493 2894 dona
1516 2868 1637 2893 autem

227 2936 255 2962 S.
277 2936 398 2962 Tuomffl
421 2935 523 2961 Summa
551 2935 710 2971 Theologica.
733 2937 796 2963 Vol.
820 2937 872 2963 111.
1484 2949 1498 2974 7
