1859 3122
495 179 716 215 QUAESTIO
751 180 866 209 CXVI.
900 179 1144 210 ARTICULUS
1178 179 1220 208 11.
1555 180 1634 222 793

83 261 257 308 decipiunt,
272 265 300 296 et
313 262 405 295 viam
422 273 589 307 gressuum
604 266 735 296 tuorum
753 261 922 308 dissipant;
940 271 1027 307 ergo
1043 259 1200 295 adulatio
1216 267 1268 294 cst
1282 259 1425 306 gravius
1439 267 1641 306 peccatum,

83 326 192 361 quam
213 313 378 359 litigium.

154 379 185 402 2.
207 368 442 403 PRAETEREA.
464 369 504 403 In
527 368 732 403 adulatione
760 369 900 403 videtur
922 379 998 403 esse
1021 367 1198 414 quaedam
1227 366 1415 402 dolositas:
1438 366 1520 412 quia
1543 366 1638 400 aliud

83 421 246 456 adulator
272 421 358 456 dicit
384 433 457 464 ore,
484 422 579 456 aliud
605 422 713 457 habet
733 423 769 456 in
792 422 916 457 corde:
944 422 1140 467 litigiosum
1168 429 1287 455 autem
1311 429 1409 455 caret
1430 420 1534 463 dolo;
1557 420 1641 466 quia

83 475 270 510 manifeste
293 476 522 510 contradicit:
545 475 606 510 ille
625 484 757 518 autem,
777 477 934 522 quicum
950 475 1034 510 dolo
1050 482 1186 522 peccat,
1201 475 1339 520 turpior
1361 482 1424 516 est,
1446 482 1484 508 ut
1504 473 1639 508 Philos.

82 530 168 564 dicit
184 530 220 564 in
239 541 269 575 7.
288 529 404 564 Ethic.
429 530 514 576 (cap.
531 530 595 576 6.),·
612 542 698 575 ergo
714 530 857 576 gravius
879 538 1070 576 peccatum
1085 538 1137 564 est
1153 528 1323 571 adulatio,
1343 540 1451 575 quarn
1473 528 1639 574 litigium.

156 595 184 630 3.
211 583 446 619 PRAETEREA.
469 583 697 618 Verecundia
720 592 772 618 est
793 583 902 617 timor
925 583 967 617 de
989 583 1094 628 turpi,
1122 591 1159 618 ut
1185 591 1282 629 patet
1303 594 1365 628 per
1386 581 1521 616 Philos.
1549 582 1584 615 in
1606 592 1639 624 4.

83 636 197 671 Ethic.
222 636 306 683 (cap.
326 637 414 682 ztll.).·
438 637 498 671 sed
524 638 639 682 magis
661 637 925 671 verecundatur
946 637 1059 670 homo
1083 649 1159 671 csse
1183 635 1358 678 adulator,
1381 647 1490 682 quam
1512 635 1641 681 litigio-

83 703 161 734 sus;
184 702 270 737 ergo
293 691 447 737 litigium
470 700 522 726 est
543 692 660 725 minus
688 699 890 736 peccatum,
913 702 1022 737 quam
1045 690 1213 724 adulatio.

155 745 228 780 SED
244 756 398 780 CONTRA
413 753 476 787 est,
491 745 587 791 quod
606 753 706 779 tanto
722 744 866 791 aliquod
882 753 1072 790 peccatum
1091 744 1228 778 videtur
1244 755 1320 778 esse
1337 743 1491 790 gravius,
1507 750 1640 789 quanto

83 798 257 845 spirituali
272 799 383 843 *statui
405 799 519 845 magis
542 806 732 845 repugnat:
756 799 817 833 sed
839 798 994 844 litigium
1018 798 1133 843 magis
1156 809 1355 844 repugnare
1375 797 1514 831 videtur
1535 797 1642 831 statui

83 852 275 898 spirituali:
291 853 419 887 dicitur
433 853 541 898 enirn,
564 863 591 886 1.
609 852 652 887 ad
669 851 832 886 Timoth.
860 864 901 898 3.,
917 851 1014 898 quod
1031 857 1154 898 oportet
1171 853 1371 898 Episcopum
1386 863 1449 885 non
1465 851 1642 897 litigiosum

83 918 156 947 css-x
180 915 214 941 et
236 917 266 940 2.
290 907 333 940 ad
357 905 519 940 Timoth.
544 916 593 940 2.:
615 906 756 941 Servum
778 905 904 940 domini
922 918 987 939 non
1002 910 1128 951 oportet
1148 905 1292 951 litigara;
1314 916 1400 951 ergo
1422 904 1577 950 litigium
1595 904 1643 938 vi-

84 960 186 994 detur
207 972 283 995 esse
306 960 448 1006 gravius
470 968 671 1006 peccatum,
693 971 802 1006 quam
825 959 994 993 adulatio.

154 1013 383 1049 RESPONm—:o
405 1013 610 1055 dicendum,
634 1013 730 1059 quod
753 1013 796 1047 de
819 1021 971 1058 utroque
1000 1012 1152 1046 istorum
1178 1020 1414 1057 peccatorum
1441 1011 1540 1057 loqui
1560 1022 1640 1057 pos-

84 1079 208 1102 sumus
229 1067 423 1114 dupliciter:
447 1079 512 1102 uno
539 1066 634 1101 modo
662 1066 925 1101 considerando
953 1066 1112 1112 speciem
1139 1065 1323 1112 utriusque
1350 1065 1508 1111 peccati3
1536 1073 1571 1099 et
1592 1076 1642 1099 se-

85 1122 243 1155 cundum
264 1121 334 1155 hoc
357 1128 456 1155 tanto
474 1119 619 1166 aliquod
641 1120 769 1154 vitium
792 1127 844 1154 est
866 1119 1023 1165 gravius,
1045 1127 1180 1165 quanto
1204 1120 1320 1165 magis
1337 1126 1512 1165 repugnat
1535 1129 1644 1164 oppo-

83 1175 171 1209 sitae
192 1174 331 1209 virtuti:
353 1174 463 1208 virtus
479 1181 600 1208 autem
619 1174 798 1208 amicitiae
813 1173 1044 1220 principalius
1063 1173 1177 1207 tendit
1195 1173 1239 1206 ad
1252 1172 1516 1214 delectandum,
1532 1183 1641 1218 quam

85 1228 127 1261 ad
150 1227 454 1270 contristandum3
469 1235 504 1262 et
516 1227 597 1261 ideo
612 1226 803 1273 litigiosus,
819 1227 879 1273 qui
893 1226 1159 1272 superabundat
1172 1226 1209 1260 in
1224 1226 1483 1268 contristando,
1499 1225 1642 1272 gravius

86 1289 223 1328 peccat,
258 1293 367 1327 quam
397 1280 571 1327 placidus,
592 1280 651 1315 vel
674 1280 848 1324 adulator,
880 1281 940 1326 qui
969 1280 1235 1326 superabundat
1255 1281 1290 1314 in
1320 1279 1554 1314 delectando:
1577 1279 1641 1313 alio

85 1334 180 1369 modo
203 1343 353 1381 possunt
383 1334 603 1368 considerari
633 1334 833 1368 secundum
855 1333 971 1380 aliqua
996 1333 1173 1368 exteriora
1202 1334 1359 1375 motiva3
1389 1341 1423 1368 et
1444 1332 1642 1367 secundum

85 1389 157 1423 hoc
180 1389 396 1435 quandoque
420 1388 577 1423 adulatio
601 1397 653 1423 est
679 1389 841 1435 gravior:
864 1396 948 1433 puta
971 1387 1114 1433 quando
1137 1387 1288 1421 intendit
1308 1398 1370 1433 per
1391 1387 1640 1433 deceptionem

83 1442 283 1477 indebitum
299 1443 492 1484 honorem,
513 1441 573 1476 vel
594 1441 737 1476 lucrum
760 1442 961 1488 acquirere:
982 1441 1198 1487 quandoque
1212 1452 1298 1475 vero
1319 1441 1473 1486 litigium
1498 1449 1550 1475 est
1568 1452 1644 1486 gra—

83 1497 179 1530 vius:
202 1504 287 1542 puta
309 1496 452 1542 quando
474 1496 589 1530 homo
610 1496 762 1530 intendit
783 1495 841 1529 vel
861 1496 1048 1530 veritatem
1070 1495 1296 1541 impugnare,
1318 1495 1375 1529 vel
1396 1495 1576 1529 dicentem
1607 1496 1641 1528 in

85 1558 334 1596 contemptum
357 1550 545 1584 adducere.

155 1604 215 1638 AD
244 1614 393 1638 PRIMUM
419 1615 505 1649 ergo
533 1603 737 1645 dicendum,
768 1603 864 1649 quod
890 1603 981 1637 sicut
1009 1602 1172 1637 adulator
1197 1611 1316 1649 potest
1340 1614 1472 1637 nocere
1499 1602 1642 1637 occulte

85 1657 319 1703 decipiendo3
349 1657 397 1691 ita
429 1656 606 1702 litigiosus
634 1664 753 1703 potest
780 1657 961 1690 interdum
995 1667 1126 1690 nocere
1157 1655 1345 1690 manifeste
1372 1656 1640 1702 impugnando:

85 1711 228 1756 gravius
251 1719 372 1745 autem
395 1718 458 1752 est,
482 1710 632 1745 caeteris
654 1710 808 1756 paribus,
834 1709 1023 1744 manifeste
1050 1709 1156 1744 alicui
1182 1721 1326 1752 nocere,
1354 1710 1456 1756 quasi
1481 1722 1543 1756 per
1568 1710 1641 1744 vio-

84 1763 245 1806 lentiam,
267 1775 375 1810 quam
398 1763 560 1806 occulte3
583 1765 677 1798 unde
698 1763 821 1810 rapina
844 1771 896 1797 est
913 1764 1056 1809 gravius
1077 1772 1279 1810 peccatum,
1306 1775 1415 1810 quam
1435 1763 1581 1806 furtum,
1603 1772 1641 1798 ut

84 1829 191 1864 supra
211 1817 348 1851 dictum
367 1825 419 1851 est
439 1818 483 1863 (q.
507 1817 563 1852 66.
586 1822 649 1851 art.
672 1818 733 1864 9.).

155 1870 215 1905 ΑΒ
242 1881 447 1905 SECUNDUM
471 1870 674 1912 dicendum,
697 1870 793 1916 quod
816 1881 890 1904 non
908 1881 1051 1916 semper
1071 1870 1107 1904 in
1131 1871 1266 1905 actibus
1290 1871 1457 1905 humanis
1479 1871 1565 1905 illud
1588 1879 1640 1906 est

84 1924 240 1970 gravius,
263 1925 359 1970 quod
381 1932 434 1958 est
454 1924 610 1970 turpius:
633 1924 743 1958 decor
765 1924 861 1958 enim
887 1923 1048 1958 hominis
1076 1932 1129 1958 est
1155 1935 1196 1958 ex
1222 1924 1377 1967 ratione3
1405 1933 1438 1958 et
1464 1924 1545 1958 ideo
1573 1933 1643 1959 tur-

84 1977 186 2023 piora
207 1985 288 2012 sunt
306 1986 455 2024 peccata
477 1977 646 2020 carnalia,
670 1977 796 2023 quibus
813 1988 897 2011 caro
917 1977 1123 2011 dominatur
1141 1978 1288 2012 rationi:
1309 1978 1473 2024 quamvis
1492 1986 1641 2024 peccata

84 2030 281 2077 spiritualia
302 2031 372 2066 sint
392 2031 570 2077 graviora,
592 2031 674 2077 quia
696 2031 897 2076 procedunt
918 2042 960 2065 ex
982 2031 1111 2076 majori
1133 2039 1362 2078 contemptu:
1385 2031 1551 2066 similiter
1563 2043 1643 2078 pec-

85 2091 165 2118 cata
186 2095 277 2130 quae
298 2084 388 2118 fiunt
408 2096 451 2119 ex
473 2084 570 2126 dolo,
593 2092 675 2118 sunt
694 2085 866 2130 turpiora,
888 2084 1102 2130 inquantum
1123 2084 1290 2119 videntur
1311 2096 1353 2119 ex
1372 2085 1527 2131 quadam
1549 2085 1642 2119 infir-

86 2138 209 2172 mitate
230 2138 438 2184 procedere,
460 2146 495 2172 et
516 2150 559 2172 ex
580 2138 736 2184 quadam
757 2137 910 2172 falsitate
932 2138 1100 2181 rationis;
1121 2150 1204 2172 cum
1218 2147 1341 2172 tamen
1362 2146 1510 2184 peccata
1529 2140 1627 2172 mani

84 2190 174 2226 festa
194 2191 411 2237 quandoque
433 2191 502 2226 sint
523 2202 566 2225 ex
587 2192 718 2238 majori
732 2199 959 2237 contemptu:
983 2199 1018 2226 et
1035 2191 1116 2225 ideo
1140 2191 1312 2234 adulatio,
1331 2192 1433 2238 quasi
1454 2203 1536 2225 curn
1553 2192 1638 2226 dolo

86 2245 252 2287 existens,
273 2245 414 2280 videtur
435 2257 512 2280 esse
533 2247 672 2292 turpior
681 2259 690 2289 3
709 2246 771 2280 sed
793 2245 961 2292 litigium,
984 2245 1086 2291 quasi
1108 2257 1149 2280 ex
1171 2247 1301 2291 majori
1332 2254 1542 2292 contemptu
1562 2256 1641 2292 pro-

87 2299 229 2341 cedens,
249 2298 390 2333 videtur
411 2310 488 2333 esse
509 2299 663 2345 gravius.

156 2352 217 2387 AD
246 2362 418 2387 TERTIUM
449 2352 654 2395 dicendum,
676 2352 784 2399 quod,
806 2352 898 2386 sicut
919 2352 1055 2386 dictum
1077 2361 1129 2387 est
1149 2353 1199 2397 (in
1221 2354 1322 2398 arg),
1349 2351 1565 2387 verecundia
1587 2362 1640 2386 re-

86 2405 191 2452 spicit
210 2405 469 2452 turpitudinem
490 2406 648 2451 peccati3
667 2406 760 2440 unde
781 2417 856 2440 non
877 2417 1019 2452 semper
1039 2406 1156 2452 magis
1176 2406 1440 2441 verecundatur
1460 2406 1574 2439 homo
1597 2405 1640 2438 de

87 2459 244 2505 graviori
264 2467 427 2504 peccato,
449 2459 510 2493 sed
533 2459 576 2493 de
597 2459 714 2505 magis
735 2459 829 2505 turpi
848 2467 1019 2506 peccat03
1042 2468 1076 2493 et
1102 2459 1183 2493 inde
1206 2468 1259 2494 est
1285 2459 1380 2505 quod
1409 2459 1524 2504 magis
1545 2469 1642 2492 vere-

87 2512 263 2546 cundatur
283 2512 397 2546 homo
420 2512 463 2546 de
483 2511 700 2555 adulatione,
723 2524 832 2558 quam
851 2513 893 2547 de
916 2512 1043 2559 litigio,
1066 2513 1229 2559 quamvis
1252 2512 1407 2558 litigium
1422 2513 1464 2546 sit
1486 2512 1639 2558 gravius.
