1859 3122
240 177 323 233 548
625 188 850 224 QUAESTIO
884 188 1046 217 LXXVII.
1080 189 1325 218 ARTICULUS
1358 189 1416 218 IV.

238 271 549 311 sustentationem,
577 269 635 303 vel
666 270 775 303 etiam
807 269 850 303 ad
877 269 1163 303 subveniendum
1193 269 1454 315 indigentibus:
1486 270 1545 304 vel
1579 271 1688 305 etiam
1718 283 1803 305 cum

239 323 367 369 aliquis
393 323 632 368 negotiationi
654 322 806 356 intendit
827 330 974 368 propter
996 322 1179 367 publicam
1206 323 1409 366 utilitatem,
1435 335 1480 357 ne
1503 323 1641 358 scilicet
1662 335 1718 358 res
1744 336 1804 359 ne·

240 377 415 411 cessariae
437 376 480 409 ad
507 377 620 410 vitam
647 377 781 421 patriae
804 376 938 418 desint3
966 383 1000 409 et
1021 376 1162 409 lucrum
1185 378 1329 421 expetit,
1362 387 1436 410 non
1463 377 1565 422 quasi
1591 376 1712 420 finem,
1739 378 1802 411 sed

240 431 341 475 quasi
363 429 581 474 stipendium
603 429 748 464 laboris.

309 477 370 511 AD
396 487 546 511 PR1MUM
573 487 660 522 ergo
688 476 893 518 dicendum,
921 476 1016 522 quod
1042 476 1191 510 verbum
1220 476 1351 522 Chrys.
1379 484 1431 511 est
1456 476 1733 523 intelligendum
1761 477 1806 511 de

238 530 499 576 negotiatione,
521 530 721 563 secundum
744 529 840 575 quod
863 529 1033 563 ultimum
1055 529 1164 564 finem
1186 530 1222 563 in
1243 529 1345 564 lucro
1370 530 1565 572 constituit,
1588 531 1685 576 quod
1706 541 1804 576 prae-

240 583 343 629 cipue
370 583 520 624 videtur,
549 582 692 628 quando
721 582 848 628 aliquis
876 594 953 616 rem
983 594 1056 615 non
1083 583 1314 617 immutatam
1344 583 1459 617 carius
1485 583 1624 618 vendit:
1651 583 1681 617 si
1707 584 1804 618 enim

239 647 316 670 rem
330 636 367 669 in
383 635 512 670 melius
535 644 712 670 mutatam
728 636 843 670 carius
858 636 1002 677 vendat,
1021 636 1161 670 videtur
1177 638 1378 682 praemium
1393 637 1447 670 sui
1465 636 1598 670 laboris
1621 637 1805 683 accipere:

240 689 405 735 quamvis
427 699 462 723 et
487 689 606 735 ipsum
628 689 770 723 lucrum
798 689 911 735 possit
936 689 1032 723 licite
1058 689 1205 731 intendi,
1232 701 1306 723 non
1333 690 1425 724 sicut
1450 689 1598 724 ultimus
1624 689 1715 732 finis,
1742 690 1805 724 sed

240 751 386 789 propter
407 742 518 776 alium
540 742 650 776 finem
671 743 928 784 necessarium,
951 742 1009 776 vel
1030 743 1237 785 honestum,
1260 752 1298 777 ut
1320 743 1455 777 dictum
1478 751 1531 776 est
1552 744 1602 787 (in
1621 744 1740 789 corp).

312 797 371 830 AD
386 806 593 830 SECUNDUM
605 795 810 838 dicendum,
831 795 927 841 quod
947 807 1021 829 non
1043 796 1261 842 quicumque
1280 796 1396 830 carius
1410 796 1533 830 vendit
1547 795 1681 842 aliquid
1696 807 1805 842 quam

241 849 380 891 emerit,
402 849 627 894 negotiatur3
650 849 712 883 sed
735 849 855 883 solum
881 849 942 895 qui
969 849 1011 882 ad
1039 850 1110 883 hoc
1139 850 1236 891 emit,
1261 858 1299 883 ut
1321 850 1436 883 carius
1458 849 1607 884 vendat:
1631 849 1661 883 si
1683 857 1805 883 autem

241 903 328 937 emit
350 914 438 944 rem,
452 914 526 936 non
542 910 579 936 ut
592 902 736 944 vendat,
751 903 813 936 sed
829 911 866 936 ut
878 910 1010 945 teneat,
1027 911 1061 937 et
1075 903 1310 949 postmodum
1324 911 1468 949 propter
1483 902 1641 948 aliquam
1658 913 1806 936 causam

241 968 323 991 eam
344 956 500 990 vendere
522 955 619 998 velit,
646 967 720 990 non
747 965 799 990 est
824 957 1037 1002 negotiatio,
1060 957 1224 1002 quamvis
1248 956 1363 991 carius
1388 956 1535 990 vendat:
1564 964 1682 1002 potest
1708 955 1804 990 enim

240 1011 312 1044 hoc
334 1010 430 1043 licite
452 1009 582 1049 facere,
605 1009 662 1044 vel
684 1010 767 1055 quia
788 1009 824 1043 in
848 1009 968 1055 aliquo
991 1021 1068 1044 rem
1090 1010 1306 1051 melioravit,
1328 1009 1386 1044 vel
1409 1009 1491 1055 quia
1506 1009 1661 1056 pretium
1679 1009 1731 1043 rei
1753 1017 1807 1043 est

243 1071 423 1098 mutatum
444 1063 645 1097 secundum
667 1063 911 1097 diversitatem
932 1063 1015 1105 loci,
1042 1063 1099 1097 vel
1126 1065 1311 1109 temporis,
1338 1063 1395 1097 vel
1422 1071 1567 1109 propter
1592 1061 1810 1109 periculum,

243 1117 300 1151 cui
322 1128 359 1151 se
381 1116 538 1162 exponit,
560 1116 808 1151 transferendo
831 1128 909 1150 rem
932 1117 975 1150 de
997 1116 1081 1150 loco
1105 1117 1148 1150 ad
1171 1116 1305 1158 locum,
1332 1116 1391 1150 vel
1412 1128 1494 1151 eam
1515 1116 1598 1150 ferri
1618 1115 1805 1159 faciendo;

243 1179 277 1205 et
297 1170 498 1204 secundum
519 1170 590 1203 hoc
613 1181 678 1204 nec
702 1171 850 1216 emptio,
873 1181 938 1203 nec
960 1170 1121 1204 venditio
1145 1177 1196 1204 est
1218 1170 1360 1215 injusta.

313 1224 372 1258 AD
400 1234 570 1258 TERTIUM
593 1223 799 1264 dicendum,
823 1223 919 1269 quod
942 1222 1077 1257 Clerici
1098 1235 1172 1257 non
1195 1223 1315 1257 solum
1334 1223 1464 1257 debent
1483 1223 1659 1257 abstinere
1676 1222 1718 1256 ab
1737 1222 1806 1264 his,

243 1289 334 1323 quae
357 1285 439 1311 sunt
460 1277 661 1310 secundum
683 1287 720 1310 se
743 1276 851 1318 mala,
874 1276 935 1310 sed
959 1278 1067 1310 etiam
1091 1277 1132 1310 ab
1155 1277 1222 1318 his,
1245 1287 1336 1322 quae
1363 1276 1497 1310 habent
1518 1276 1677 1322 speciem
1699 1275 1809 1318 mali;

243 1331 340 1376 quod
363 1330 508 1376 quidem
531 1332 566 1364 in
588 1330 836 1376 negotiatione
859 1330 1052 1375 contingit:
1076 1338 1153 1364 tum
1180 1339 1326 1376 propter
1350 1329 1421 1363 hoc
1445 1329 1541 1375 quod
1564 1337 1616 1363 est
1642 1329 1806 1363 ordinata
1856 1325 1859 1365 ἷ

244 1385 287 1418 ad
318 1383 459 1418 lucrum
494 1392 689 1424 terrenum,
718 1384 818 1428 cujus
850 1382 984 1417 Clerici
1014 1383 1144 1417 debent
1174 1394 1250 1417 esse
1282 1391 1568 1428 contemptores:
1591 1389 1669 1416 tum
1695 1382 1806 1416 etiam
1856 1422 1859 1430 ,

242 1445 389 1483 propter
409 1436 609 1482 frequentia
630 1437 901 1482 negotiatorum
923 1436 1026 1470 vitia:
1051 1436 1133 1482 quia
1155 1436 1328 1482 difficulter
1345 1437 1476 1470 exuitur
1494 1437 1676 1481 negotiator
1697 1446 1717 1469 ιι
1734 1441 1808 1481 ρει·-

243 1492 323 1526 ῑαίῖς
350 1491 529 1532 labiorum,
552 1498 591 1524 ut
612 1490 740 1523 dicitur
763 1489 872 1524 Eccli.
896 1488 969 1523 26.:
994 1498 1045 1523 est
1067 1497 1099 1523 et
1123 1489 1190 1523 alia
1218 1501 1337 1531 causa,
1365 1489 1447 1534 quia
1473 1488 1672 1534 negotiatio
1699 1489 1806 1522 nimis

243 1543 406 1590 implicat
421 1544 582 1577 animum
598 1542 841 1577 saecularibus
857 1543 961 1584 curis,
978 1550 1012 1577 et
1027 1555 1089 1589 per
1104 1553 1329 1588 consequens
1342 1554 1361 1576 a
1375 1542 1616 1588 spiritualibus
1638 1541 1808 1584 retrahit;

243 1598 337 1632 unde
361 1605 395 1631 et
416 1597 543 1643 Apost.
567 1596 653 1630 dicit
671 1607 701 1630 2.
726 1597 769 1630 ad
790 1596 954 1630 Timoth.
980 1606 1031 1629 2.:
1054 1624 1064 1630 i
1080 1597 1158 1630 'amo
1181 1597 1328 1630 militans
1353 1597 1425 1630 Deo
1452 1595 1603 1642 implicat
1621 1607 1652 1629 se
1672 1597 1809 1641 negotiis

242 1651 486 1686 saecular-itus.-
506 1651 590 1684 licet
611 1658 735 1684 tamen
756 1649 908 1684 Clericis
928 1649 978 1683 uti
996 1649 1111 1695 prima
1131 1649 1428 1683 commutationis
1449 1649 1580 1695 specie,
1603 1659 1695 1695 quae
1718 1648 1809 1682 ordi-

244 1713 348 1738 natur
371 1704 414 1738 ad
436 1704 691 1738 necessitatem
712 1703 819 1745 vitae,
842 1703 1009 1745 emendo,
1031 1703 1088 1737 vel
1110 1703 1314 1737 vendendo.

687 2006 1041 2067 QUAESTIO
1084 2005 1359 2052 LXXVIII.

352 2129 416 2160 DE
442 2129 652 2160 PECCATO
680 2129 880 2166 U5URAE,
911 2128 1043 2168 QUOD
1071 2128 1401 2159 COMMITTITUR
1428 2127 1479 2158 IN
1506 2127 1698 2166 MUTUIS,

626 2200 677 2230 IN
704 2200 932 2239 QUATUOR
958 2199 1218 2230 ARTICULOS
1244 2198 1419 2230 DIVISA.

317 2340 458 2375 Deinde
473 2339 773 2374 considerandum
791 2347 843 2373 est
857 2338 900 2373 de
915 2347 1066 2384 peccato
1081 2349 1221 2380 usurae,
1237 2339 1334 2384 quod
1350 2338 1588 2372 committitur
1602 2337 1639 2372 in
1654 2338 1811 2372 mutuis.
1856 2346 1859 2354 ·

1840 2599 1851 2723 ,l

708 2426 753 2460 Et
774 2427 863 2460 circa
885 2425 943 2460 hoc
966 2430 1171 2471 quaeruntur
1193 2430 1347 2471 quatuor.

317 2498 453 2533 Primo.
477 2497 607 2532 Utrum
629 2496 673 2531 sit
698 2505 887 2542 peccatum
916 2497 1078 2543 accipere
1105 2497 1296 2544 pecuniam
1323 2497 1359 2530 in
1386 2496 1539 2542 pretium
1566 2506 1631 2541 pro
1653 2494 1811 2541 pecuniata
1845 2500 1854 2537 ,ji

247 2560 421 2594 mutuata,
444 2551 540 2598 quod
563 2558 615 2584 est
636 2551 798 2596 accipere
822 2562 978 2584 usuram.

319 2605 499 2639 Secundo.
522 2604 654 2638 Utrum
675 2603 782 2637 liceat
799 2614 864 2648 pro
880 2603 1009 2637 codem
1025 2615 1292 2649 quamcumque
1308 2602 1497 2637 utilitatem
1514 2601 1689 2648 accipere,
1705 2600 1808 2647 quasi

247 2659 282 2692 in
304 2657 683 2704 recompensationem
706 2657 833 2691 mutui.

319 2711 456 2746 Tertio.
484 2711 615 2745 Utrum
642 2710 770 2757 aliquis
796 2710 979 2744 restituere
1005 2718 1168 2744 teneatur
1194 2709 1240 2752 id,
1269 2709 1364 2755 quod
1392 2709 1435 2742 de
1461 2707 1614 2755 pecunia
1640 2707 1811 2741 usuraria.

247 2765 341 2810 justo
363 2764 464 2798 lucro
487 2764 643 2799 lucratus
666 2772 729 2798 est.

321 2817 474 2859 Quarto.
498 2818 628 2852 Utrum
650 2818 757 2852 liccat
778 2817 941 2863 accipere
964 2824 1089 2850 mutuo
1112 2815 1305 2862 pecuniam
1327 2815 1390 2850 sub
1413 2825 1533 2850 usura.
