1859 3122
513 199 735 235 QUAESTIO
771 199 915 230 CXXVI.
949 200 1193 230 ARTICULUS
1227 201 1270 230 ΙΙ.
1578 190 1660 245 857

658 368 1001 413 ARTICULUS
1037 369 1092 411 Π.
1591 380 1659 428 639

282 476 436 506 UTRUM
470 477 569 506 ESSE
601 477 849 508 IMPAVIDUM
881 478 1144 509 OPPONATUR
1176 477 1479 509 FORTITUDINI.

95 562 143 606 (2.
159 563 246 596 Dist.
262 562 317 597 26.
337 574 367 608 q.
390 574 420 597 2.
440 568 502 597 art.
521 575 551 598 2.
567 563 609 597 ad
623 575 656 608 4.
671 569 698 599 et
717 565 867 610 Dist.34.
883 576 913 610 q.
933 577 959 599 I.
975 569 1040 599 art.
1061 569 1130 599 :Lat
1145 565 1234 600 Dist.
1249 576 1306 609 44.
1323 577 1353 611 q.
1375 577 1406 600 2.
1421 571 1525 600 arur.
1541 565 1583 600 ad
1595 567 1657 612 4.).

167 652 226 686 AD
257 662 464 686 SECUNDUM
486 652 535 686 sic
559 653 775 699 proceditur.
807 652 968 695 Videtur,
988 653 1085 699 quod
1109 665 1187 688 esse
1210 653 1433 700 impavidum
1452 665 1526 688 non
1548 666 1658 701 oppo-

95 713 199 739 natur
220 704 438 739 fortitudini:
474 706 517 739 de
545 706 724 741 habitibus
755 707 852 741 enim
874 706 1076 752 judicamus
1103 718 1164 752 per
1187 715 1304 741 actus:
1328 707 1389 741 sed
1411 707 1530 742 nullus
1557 716 1656 742 actus

94 757 311 793 fortitudinis
333 759 526 805 impeditur
547 771 609 805 per
629 760 714 802 hoc,
737 761 832 806 quod
857 759 982 805 aliquis
1005 768 1057 794 est
1079 760 1304 806 impavidus:
1327 769 1468 795 remoto
1496 763 1592 795 enirn
1619 762 1657 796 ti-

95 823 208 853 more,
231 812 359 858 aliquis
383 821 416 846 et
437 812 575 846 fortiter
596 813 757 855 sustinet,
780 821 814 847 et
836 813 1005 847 audacter
1027 813 1250 859 aggreditur3
1286 825 1372 859 ergo
1403 825 1480 848 esse
1509 814 1656 861 impavi-

94 864 180 898 dum
202 875 276 898 non
299 865 493 911 opponitur
514 865 725 900 fortitudini.

166 928 196 952 2.
220 918 455 952 PRAETEREA.
479 918 564 953 Esse
586 919 811 965 impavidum
831 928 883 953 est
900 920 1084 961 vitiosum,
1105 919 1163 953 vel
1181 927 1327 965 propter
1348 919 1529 955 defectum
1547 921 1655 955 debiti

94 971 240 1012 amoris,
256 971 314 1005 vel
328 980 473 1017 propter
488 972 702 1018 superbiam,
717 971 775 1006 vel
788 981 933 1018 propter
948 973 1135 1008 stultitiam
1150 984 1156 1005 :
1181 973 1241 1006 sed
1257 972 1416 1007 defectus
1431 974 1539 1008 debiti
1558 986 1655 1009 amo-

94 1024 141 1058 ris
164 1024 359 1070 opponitur
381 1025 557 1066 charitati,
580 1025 744 1071 superbia
767 1033 887 1059 autem
902 1026 1108 1067 humilitati,
1124 1025 1271 1059 stultitia
1291 1034 1410 1060 autem
1432 1027 1653 1072 prudentiae,

92 1080 166 1113 sive
189 1079 408 1124 sapientiae,
431 1090 518 1123 ergo
539 1079 666 1112 vitium
687 1079 943 1125 impaviditatis
965 1091 1039 1113 non
1062 1078 1256 1125 opponitur
1277 1078 1487 1113 fortitudini.

165 1143 194 1178 3.
218 1133 454 1166 PRAETEREA.
476 1131 609 1166 Virtuti
631 1140 863 1178 opponuntur
883 1133 981 1174 vitia,
999 1133 1090 1167 sicut
1117 1140 1276 1166 extrema
1294 1133 1437 1166 medio:
1460 1134 1521 1167 sed
1540 1145 1652 1167 unum

91 1185 251 1220 medium
275 1197 316 1219 ex
338 1197 408 1219 una
431 1193 530 1231 parte
551 1197 626 1220 non
647 1185 756 1219 habet
776 1186 844 1220 nisi
866 1197 979 1220 unum
1002 1194 1223 1228 extremum3
1247 1197 1330 1219 cum
1349 1197 1435 1232 ergo
1454 1186 1654 1221 fortitudini

93 1250 135 1273 ex
156 1250 226 1272 una
248 1247 346 1284 parte
366 1248 571 1284 opponatur
591 1239 712 1281 timor,
736 1250 777 1273 ex
800 1239 869 1273 alia
890 1250 976 1273 vero
1000 1247 1100 1286 parte
1128 1247 1331 1285 opponatur
1358 1241 1389 1273 ei
1417 1240 1578 1283 audacia,
1604 1240 1653 1274 vi-

92 1291 195 1326 detur
216 1292 311 1337 quod
333 1292 563 1338 impaviditas
583 1292 615 1326 ei
636 1304 711 1326 non
734 1301 948 1339 opponatur.

162 1344 236 1379 SED
260 1355 414 1379 CONTRA
438 1353 500 1387 est,
524 1344 620 1391 quod
642 1345 780 1379 Philos.
803 1345 839 1379 in
870 1357 898 1391 3.
921 1345 1002 1380 Eth.
1037 1345 1125 1392 (cap.
1149 1346 1195 1391 7.)
1228 1345 1330 1391 ponit
1363 1346 1650 1392 impaviditatem

90 1396 289 1432 fortitudini
311 1398 529 1444 oppositam.

162 1450 392 1486 RESPONDEO
416 1451 621 1494 dicendum,
644 1451 752 1498 quod,
775 1452 866 1485 sicut
887 1463 994 1498 supra
1017 1451 1154 1485 dictum
1177 1459 1229 1485 est
1251 1451 1298 1497 (q.
1324 1461 1389 1498 123.
1413 1457 1476 1486 art.
1494 1453 1555 1499 3.),
1583 1453 1651 1488 for-

89 1504 202 1538 titudo
226 1512 278 1538 est
300 1505 396 1538 circa
417 1504 578 1546 timores,
601 1512 635 1539 et
657 1505 844 1539 audacias:
868 1505 986 1538 omnis
1009 1512 1130 1538 autem
1151 1506 1262 1538 virtus
1284 1505 1432 1539 moralis
1453 1506 1554 1551 ponit
1575 1518 1651 1541 mo-

88 1557 173 1590 dum
196 1557 346 1591 rationis
368 1558 403 1590 in
426 1557 588 1599 materia,
614 1558 709 1592 circa
724 1569 833 1603 quam
855 1566 924 1600 est3
939 1557 1033 1591 unde
1050 1557 1093 1591 ad
1108 1557 1357 1592 fortitudinem
1373 1559 1526 1603 pertinet
1539 1559 1650 1594 timor

87 1610 295 1644 moderatus
329 1611 529 1644 secundum
559 1611 759 1653 rationem;
789 1618 827 1645 ut
856 1610 994 1644 scilicet
1026 1611 1141 1644 homo
1172 1610 1299 1644 timeat
1319 1611 1414 1656 quod
1438 1620 1592 1657 oportet,
1614 1621 1649 1648 et

87 1663 232 1708 quando
255 1671 408 1708 oportet,
431 1672 465 1698 et
486 1663 650 1697 similiter
673 1664 715 1697 de
739 1663 835 1697 aliis:
858 1663 916 1697 hic
941 1671 1061 1697 autem
1083 1663 1214 1697 modus
1228 1663 1376 1697 rationis
1393 1666 1573 1712 corrumpi
1587 1677 1648 1712 po-

86 1723 155 1750 test
175 1717 268 1750 sicut
289 1728 352 1763 per
374 1728 573 1759 excessum,
594 1717 643 1751 ita
666 1726 699 1751 et
721 1729 783 1762 per
805 1716 1003 1758 defectum3
1032 1717 1125 1750 unde
1148 1717 1239 1750 sicut
1259 1717 1431 1751 timiditas
1453 1719 1647 1763 opponitur

85 1768 286 1803 fortitudini
307 1781 370 1816 per
392 1781 579 1804 excessum
603 1770 754 1812 timoris,
777 1772 990 1816 inquantum
1017 1769 1155 1804 scilicet
1180 1770 1294 1804 homo
1321 1770 1424 1804 timet
1449 1772 1545 1817 quod
1571 1784 1645 1807 non

86 1831 240 1868 oportet,
262 1822 321 1856 vel
342 1823 542 1857 secundum
563 1823 660 1869 quod
682 1834 756 1856 non
779 1831 940 1868 oportet:
968 1823 1017 1856 ita
1040 1823 1148 1856 etiam
1176 1823 1391 1869 impaviditas
1417 1826 1593 1870 opponitur
1617 1827 1647 1860 ei

80 1881 143 1922 par
156 1875 314 1921 defectum
330 1877 468 1917 timoris,
487 1876 702 1922 inquantum
723 1876 862 1910 scilicet
877 1876 1004 1922 aliquis
1019 1887 1092 1910 non
1108 1876 1221 1917 timet,
1238 1877 1333 1922 quod
1349 1886 1491 1923 oportet
1505 1879 1643 1914 timere.

153 1929 214 1963 AD
232 1940 379 1963 PRIMUM
395 1940 482 1975 ergo
499 1929 703 1971 dicendum,
720 1929 815 1976 quod
832 1937 931 1963 actus
954 1929 1170 1963 fortitudinis
1195 1938 1258 1971 est,
1273 1930 1443 1964 timorem
1458 1932 1643 1974 sustinere,

84 1989 118 2016 et
140 1982 298 2028 aggredi,
316 1993 390 2016 non
413 1982 734 2029 qualitercumque,
750 1983 810 2017 sed
827 1983 1027 2017 secundum
1050 1983 1248 2017 rationem:
1273 1983 1369 2029 quod
1391 1995 1465 2018 non
1486 1984 1571 2019 facit
1581 1985 1644 2019 im-

84 2035 243 2080 pavidus.

154 2088 213 2122 AD
241 2099 447 2122 SECUNDUM
466 2088 671 2130 dicendum,
694 2089 790 2135 quod
813 2089 1040 2135 impaviditas
1062 2100 1105 2123 ex
1126 2101 1190 2123 sua
1212 2090 1332 2136 specie
1355 2091 1553 2137 corrumpit
1572 2103 1643 2127 me-

84 2141 182 2175 dium
204 2141 439 2176 fortitudinis:
463 2150 497 2176 et
517 2142 599 2176 ideo
619 2143 752 2176 directe
779 2143 972 2189 opponitur
996 2143 1214 2178 fortitudini:
1242 2144 1304 2178 sed
1330 2145 1530 2179 secundum
1558 2157 1641 2180 suas

84 2206 208 2228 causas
230 2194 320 2228 nihil
342 2195 508 2241 prohibet
529 2195 614 2241 quin
636 2204 839 2242 opponatur
862 2195 938 2230 aliis
960 2196 1158 2230 virtutibus.

154 2248 213 2282 AD
242 2259 413 2283 TERTIUM
445 2248 649 2290 dicendum,
681 2249 777 2295 quod
807 2249 935 2283 vitium
959 2250 1132 2284 audaciae
1155 2250 1349 2296 opponitur
1370 2250 1570 2285 fortitudini
1591 2263 1641 2286 se-

84 2302 240 2335 cundum
265 2313 451 2336 excessum
475 2302 663 2344 audaciae3
685 2302 913 2348 impaviditas
936 2311 1055 2336 autem
1073 2303 1273 2337 secundum
1289 2302 1468 2337 defectum
1483 2304 1639 2347 timoris;

82 2353 253 2388 fortitudo
274 2363 394 2388 autem
415 2354 450 2388 in
473 2362 622 2400 utraque
643 2355 809 2401 passione
833 2355 994 2389 medium
1016 2356 1133 2401 ponit3
1162 2356 1256 2390 unde
1285 2367 1358 2390 non
1390 2364 1442 2390 est
1471 2358 1640 2392 inconve-

81 2407 194 2449 niens,
217 2403 313 2453 quod
335 2407 534 2441 secundum
557 2407 696 2442 diversa
717 2408 850 2442 habeat
871 2407 1010 2442 diversa
1032 2417 1200 2442 extrema.
