<?xml version="1.0" encoding="UTF-8"?>
<!DOCTYPE html PUBLIC "-//W3C//DTD XHTML 1.0 Transitional//EN"
    "http://www.w3.org/TR/xhtml1/DTD/xhtml1-transitional.dtd">
<html xmlns="http://www.w3.org/1999/xhtml" xml:lang="en" lang="en">
 <head>
  <title>
</title>
<meta http-equiv="Content-Type" content="text/html;charset=utf-8" />
  <meta name='ocr-system' content='tesseract 3.04.00' />
  <meta name='ocr-capabilities' content='ocr_page ocr_carea ocr_par ocr_line ocrx_word'/>
</head>
<body>
  <div class='ocr_page' id='page_1' title='image "./divithomaeaquina03thomuoft_0825.png"; bbox 0 0 1859 3122; ppageno 0'>
   <div class='ocr_carea' id='block_1_1' title="bbox 499 163 1632 218">
    <p class='ocr_par' dir='ltr' id='par_1_1' title="bbox 499 163 1632 218">
     <span class='ocr_line' id='line_1_1' title="bbox 499 163 1632 218; baseline 0 -14"><span class='ocrx_word' id='word_1_1' title='bbox 499 175 716 210; x_wconf 76' lang='lat' dir='ltr'>QUAESTIO</span> <span class='ocrx_word' id='word_1_2' title='bbox 750 175 848 204; x_wconf 87' lang='lat' dir='ltr'><strong>CXX.</strong></span> <span class='ocrx_word' id='word_1_3' title='bbox 882 175 1126 205; x_wconf 83' lang='lat' dir='ltr'><strong>ARTICULUS</strong></span> <span class='ocrx_word' id='word_1_4' title='bbox 1160 175 1202 204; x_wconf 86' lang='lat'>11.</span> <span class='ocrx_word' id='word_1_5' title='bbox 1549 163 1632 218; x_wconf 78' lang='lat'>817</span> 
     </span>
    </p>
   </div>
   <div class='ocr_carea' id='block_1_2' title="bbox 74 255 1636 2426">
    <p class='ocr_par' dir='ltr' id='par_1_2' title="bbox 75 255 1633 409">
     <span class='ocr_line' id='line_1_2' title="bbox 76 255 1633 303; baseline 0 -14"><span class='ocrx_word' id='word_1_6' title='bbox 76 255 119 290; x_wconf 89' lang='lat' dir='ltr'>ad</span> <span class='ocrx_word' id='word_1_7' title='bbox 133 266 261 290; x_wconf 87' lang='lat' dir='ltr'>omnes</span> <span class='ocrx_word' id='word_1_8' title='bbox 275 256 434 297; x_wconf 81' lang='lat' dir='ltr'>virtutes,</span> <span class='ocrx_word' id='word_1_9' title='bbox 450 256 541 290; x_wconf 90' lang='lat' dir='ltr'>sicut</span> <span class='ocrx_word' id='word_1_10' title='bbox 555 264 589 290; x_wconf 85' lang='lat' dir='ltr'>et</span> <span class='ocrx_word' id='word_1_11' title='bbox 603 256 734 301; x_wconf 85' lang='lat' dir='ltr'>justitia</span> <span class='ocrx_word' id='word_1_12' title='bbox 753 255 896 301; x_wconf 87' lang='lat' dir='ltr'>legalis;</span> <span class='ocrx_word' id='word_1_13' title='bbox 912 256 1076 290; x_wconf 86' lang='lat' dir='ltr'>similiter</span> <span class='ocrx_word' id='word_1_14' title='bbox 1091 257 1198 290; x_wconf 86' lang='lat' dir='ltr'>etiam</span> <span class='ocrx_word' id='word_1_15' title='bbox 1214 267 1288 290; x_wconf 89' lang='lat' dir='ltr'>non</span> <span class='ocrx_word' id='word_1_16' title='bbox 1303 265 1357 291; x_wconf 90' lang='lat' dir='ltr'>est</span> <span class='ocrx_word' id='word_1_17' title='bbox 1377 268 1458 303; x_wconf 86' lang='lat' dir='ltr'>pars</span> <span class='ocrx_word' id='word_1_18' title='bbox 1475 256 1633 302; x_wconf 84' lang='lat' dir='ltr'>justitiae</span> 
     </span>
     <span class='ocr_line' id='line_1_3' title="bbox 75 308 1632 356; baseline 0.001 -14"><span class='ocrx_word' id='word_1_19' title='bbox 75 308 212 355; x_wconf 86' lang='lat' dir='ltr'>legalis,</span> <span class='ocrx_word' id='word_1_20' title='bbox 241 309 324 355; x_wconf 89' lang='lat' dir='ltr'>quia</span> <span class='ocrx_word' id='word_1_21' title='bbox 346 318 514 355; x_wconf 84' lang='lat' dir='ltr'>operatur</span> <span class='ocrx_word' id='word_1_22' title='bbox 536 318 674 355; x_wconf 85' lang='lat' dir='ltr'>praeter</span> <span class='ocrx_word' id='word_1_23' title='bbox 696 310 741 351; x_wconf 88' lang='lat' dir='ltr'>id,</span> <span class='ocrx_word' id='word_1_24' title='bbox 764 310 859 356; x_wconf 88' lang='lat' dir='ltr'>quod</span> <span class='ocrx_word' id='word_1_25' title='bbox 883 309 962 355; x_wconf 82' lang='lat' dir='ltr'>lege</span> <span class='ocrx_word' id='word_1_26' title='bbox 984 310 1142 356; x_wconf 90' lang='lat' dir='ltr'>positum</span> <span class='ocrx_word' id='word_1_27' title='bbox 1165 318 1236 352; x_wconf 81' lang='lat' dir='ltr'>est3</span> <span class='ocrx_word' id='word_1_28' title='bbox 1259 322 1346 356; x_wconf 81' lang='lat' dir='ltr'>ergo</span> <span class='ocrx_word' id='word_1_29' title='bbox 1368 311 1509 344; x_wconf 79' lang='lat' dir='ltr'>videtur</span> <span class='ocrx_word' id='word_1_30' title='bbox 1535 309 1632 356; x_wconf 87' lang='lat' dir='ltr'>quod</span> 
     </span>
     <span class='ocr_line' id='line_1_4' title="bbox 75 362 680 409; baseline 0 -13"><span class='ocrx_word' id='word_1_31' title='bbox 75 362 236 409; x_wconf 85' lang='lat' dir='ltr'>epicheja</span> <span class='ocrx_word' id='word_1_32' title='bbox 255 373 327 396; x_wconf 90' lang='lat' dir='ltr'>non</span> <span class='ocrx_word' id='word_1_33' title='bbox 349 363 393 396; x_wconf 90' lang='lat' dir='ltr'>sit</span> <span class='ocrx_word' id='word_1_34' title='bbox 414 374 493 409; x_wconf 88' lang='lat' dir='ltr'>pars</span> <span class='ocrx_word' id='word_1_35' title='bbox 515 363 680 407; x_wconf 85' lang='lat' dir='ltr'>justitiae.</span> 
     </span>
    </p>

    <p class='ocr_par' dir='ltr' id='par_1_3' title="bbox 74 415 1634 674">
     <span class='ocr_line' id='line_1_5' title="bbox 146 415 1632 463; baseline -0.001 -14"><span class='ocrx_word' id='word_1_36' title='bbox 146 425 178 450; x_wconf 84' lang='lat'>2.</span> <span class='ocrx_word' id='word_1_37' title='bbox 200 415 434 450; x_wconf 74' lang='lat' dir='ltr'>PRAETEREA.</span> <span class='ocrx_word' id='word_1_38' title='bbox 456 415 578 450; x_wconf 82' lang='lat' dir='ltr'>Virtus</span> <span class='ocrx_word' id='word_1_39' title='bbox 597 415 827 462; x_wconf 80' lang='lat' dir='ltr'>principalior</span> <span class='ocrx_word' id='word_1_40' title='bbox 848 427 920 449; x_wconf 89' lang='lat' dir='ltr'>non</span> <span class='ocrx_word' id='word_1_41' title='bbox 937 415 1138 461; x_wconf 78' lang='lat' dir='ltr'>assignatur</span> <span class='ocrx_word' id='word_1_42' title='bbox 1152 416 1272 450; x_wconf 82' lang='lat' dir='ltr'>virtuti</span> <span class='ocrx_word' id='word_1_43' title='bbox 1291 416 1410 450; x_wconf 86' lang='lat' dir='ltr'>minus</span> <span class='ocrx_word' id='word_1_44' title='bbox 1432 416 1632 463; x_wconf 81' lang='lat' dir='ltr'>principali,</span> 
     </span>
     <span class='ocr_line' id='line_1_6' title="bbox 75 468 1633 515; baseline 0 -13"><span class='ocrx_word' id='word_1_45' title='bbox 75 477 113 503; x_wconf 89' lang='lat' dir='ltr'>ut</span> <span class='ocrx_word' id='word_1_46' title='bbox 132 480 230 515; x_wconf 88' lang='lat' dir='ltr'>pars:</span> <span class='ocrx_word' id='word_1_47' title='bbox 254 468 492 502; x_wconf 80' lang='lat' dir='ltr'>cardinalibus</span> <span class='ocrx_word' id='word_1_48' title='bbox 514 470 610 503; x_wconf 90' lang='lat' dir='ltr'>enim</span> <span class='ocrx_word' id='word_1_49' title='bbox 633 469 830 510; x_wconf 85' lang='lat' dir='ltr'>virtutibus,</span> <span class='ocrx_word' id='word_1_50' title='bbox 853 469 954 515; x_wconf 80' lang='lat' dir='ltr'>quasi</span> <span class='ocrx_word' id='word_1_51' title='bbox 975 469 1242 515; x_wconf 85' lang='lat' dir='ltr'>principalibus,</span> <span class='ocrx_word' id='word_1_52' title='bbox 1263 470 1489 515; x_wconf 78' lang='lat' dir='ltr'>assignantur</span> <span class='ocrx_word' id='word_1_53' title='bbox 1509 481 1633 504; x_wconf 90' lang='lat' dir='ltr'>secun-</span> 
     </span>
     <span class='ocr_line' id='line_1_7' title="bbox 74 522 1631 569; baseline -0.001 -13"><span class='ocrx_word' id='word_1_54' title='bbox 74 522 193 556; x_wconf 84' lang='lat' dir='ltr'>dariae</span> <span class='ocrx_word' id='word_1_55' title='bbox 213 523 372 564; x_wconf 61' lang='lat' dir='ltr'>virtum,</span> <span class='ocrx_word' id='word_1_56' title='bbox 395 530 431 556; x_wconf 91' lang='lat' dir='ltr'>ut</span> <span class='ocrx_word' id='word_1_57' title='bbox 452 531 587 568; x_wconf 86' lang='lat' dir='ltr'>partes:</span> <span class='ocrx_word' id='word_1_58' title='bbox 611 522 671 556; x_wconf 90' lang='lat' dir='ltr'>sed</span> <span class='ocrx_word' id='word_1_59' title='bbox 694 522 857 568; x_wconf 74' lang='lat' dir='ltr'>epicheja</span> <span class='ocrx_word' id='word_1_60' title='bbox 879 522 1018 556; x_wconf 80' lang='lat' dir='ltr'>videtur</span> <span class='ocrx_word' id='word_1_61' title='bbox 1039 534 1116 556; x_wconf 90' lang='lat' dir='ltr'>esse</span> <span class='ocrx_word' id='word_1_62' title='bbox 1139 522 1370 569; x_wconf 86' lang='lat' dir='ltr'>principalior</span> <span class='ocrx_word' id='word_1_63' title='bbox 1384 523 1507 564; x_wconf 78' lang='lat' dir='ltr'>virtus,</span> <span class='ocrx_word' id='word_1_64' title='bbox 1523 534 1631 569; x_wconf 85' lang='lat' dir='ltr'>quam</span> 
     </span>
     <span class='ocr_line' id='line_1_8' title="bbox 74 574 1634 622; baseline 0 -13"><span class='ocrx_word' id='word_1_65' title='bbox 74 575 217 619; x_wconf 81' lang='lat' dir='ltr'>justitia,</span> <span class='ocrx_word' id='word_1_66' title='bbox 238 583 276 609; x_wconf 90' lang='lat' dir='ltr'>ut</span> <span class='ocrx_word' id='word_1_67' title='bbox 290 575 407 621; x_wconf 89' lang='lat' dir='ltr'>ipsum</span> <span class='ocrx_word' id='word_1_68' title='bbox 427 587 561 610; x_wconf 84' lang='lat' dir='ltr'>nomen</span> <span class='ocrx_word' id='word_1_69' title='bbox 581 584 706 609; x_wconf 90' lang='lat' dir='ltr'>sonat:</span> <span class='ocrx_word' id='word_1_70' title='bbox 727 575 853 609; x_wconf 90' lang='lat' dir='ltr'>dicitur</span> <span class='ocrx_word' id='word_1_71' title='bbox 873 575 970 609; x_wconf 85' lang='lat' dir='ltr'>enim</span> <span class='ocrx_word' id='word_1_72' title='bbox 990 576 1031 609; x_wconf 91' lang='lat' dir='ltr'>ab</span> <span class='ocrx_word' id='word_1_73' title='bbox 1047 574 1106 610; x_wconf 70' lang='grc' dir='ltr'>ἐπί</span> <span class='ocrx_word' id='word_1_74' title='bbox 1122 576 1217 621; x_wconf 84' lang='lat' dir='ltr'>quod</span> <span class='ocrx_word' id='word_1_75' title='bbox 1237 584 1290 610; x_wconf 88' lang='lat' dir='ltr'>est</span> <span class='ocrx_word' id='word_1_76' title='bbox 1307 587 1424 622; x_wconf 88' lang='lat' dir='ltr'>supra,</span> <span class='ocrx_word' id='word_1_77' title='bbox 1441 585 1475 610; x_wconf 89' lang='lat' dir='ltr'>et</span> <span class='ocrx_word' id='word_1_78' title='bbox 1488 576 1634 610; x_wconf 71' lang='grc' dir='ltr'>δίκαιον</span> 
     </span>
     <span class='ocr_line' id='line_1_9' title="bbox 74 628 1178 674; baseline 0.001 -12"><span class='ocrx_word' id='word_1_79' title='bbox 74 628 170 674; x_wconf 92' lang='lat' dir='ltr'>quod</span> <span class='ocrx_word' id='word_1_80' title='bbox 192 636 244 662; x_wconf 91' lang='lat' dir='ltr'>est</span> <span class='ocrx_word' id='word_1_81' title='bbox 266 629 422 673; x_wconf 81' lang='lat' dir='ltr'>justum3</span> <span class='ocrx_word' id='word_1_82' title='bbox 446 640 532 673; x_wconf 84' lang='lat' dir='ltr'>ergo</span> <span class='ocrx_word' id='word_1_83' title='bbox 555 629 719 674; x_wconf 83' lang='lat' dir='ltr'>epicheja</span> <span class='ocrx_word' id='word_1_84' title='bbox 740 639 813 662; x_wconf 91' lang='lat' dir='ltr'>non</span> <span class='ocrx_word' id='word_1_85' title='bbox 836 637 888 662; x_wconf 88' lang='lat' dir='ltr'>est</span> <span class='ocrx_word' id='word_1_86' title='bbox 909 640 990 674; x_wconf 88' lang='lat' dir='ltr'>pars</span> <span class='ocrx_word' id='word_1_87' title='bbox 1013 629 1178 673; x_wconf 79' lang='lat' dir='ltr'>justitiae.</span> 
     </span>
    </p>

    <p class='ocr_par' dir='ltr' id='par_1_4' title="bbox 75 681 1634 888">
     <span class='ocr_line' id='line_1_10' title="bbox 149 681 1634 728; baseline -0.001 -13"><span class='ocrx_word' id='word_1_88' title='bbox 149 692 177 726; x_wconf 81' lang='lat'>3.</span> <span class='ocrx_word' id='word_1_89' title='bbox 199 681 434 715; x_wconf 73' lang='lat' dir='ltr'>PRAETEREA.</span> <span class='ocrx_word' id='word_1_90' title='bbox 456 681 617 723; x_wconf 87' lang='lat' dir='ltr'>Videtur,</span> <span class='ocrx_word' id='word_1_91' title='bbox 639 681 735 727; x_wconf 90' lang='lat' dir='ltr'>quod</span> <span class='ocrx_word' id='word_1_92' title='bbox 758 681 921 728; x_wconf 83' lang='lat' dir='ltr'>epicheja</span> <span class='ocrx_word' id='word_1_93' title='bbox 943 682 987 716; x_wconf 89' lang='lat' dir='ltr'>sit</span> <span class='ocrx_word' id='word_1_94' title='bbox 1008 682 1115 724; x_wconf 79' lang='lat' dir='ltr'>idem,</span> <span class='ocrx_word' id='word_1_95' title='bbox 1138 682 1233 728; x_wconf 88' lang='lat' dir='ltr'>quod</span> <span class='ocrx_word' id='word_1_96' title='bbox 1256 682 1452 717; x_wconf 85' lang='lat' dir='ltr'>modestia:</span> <span class='ocrx_word' id='word_1_97' title='bbox 1472 693 1558 716; x_wconf 89' lang='lat' dir='ltr'>nam</span> <span class='ocrx_word' id='word_1_98' title='bbox 1574 682 1634 715; x_wconf 91' lang='lat' dir='ltr'>ubi</span> 
     </span>
     <span class='ocr_line' id='line_1_11' title="bbox 75 734 1632 781; baseline 0 -13"><span class='ocrx_word' id='word_1_99' title='bbox 75 734 274 781; x_wconf 82' lang='lat' dir='ltr'>Apostolus</span> <span class='ocrx_word' id='word_1_100' title='bbox 297 735 337 769; x_wconf 84' lang='lat' dir='ltr'>ad</span> <span class='ocrx_word' id='word_1_101' title='bbox 361 735 491 781; x_wconf 86' lang='lat' dir='ltr'>Philip.</span> <span class='ocrx_word' id='word_1_102' title='bbox 513 746 545 778; x_wconf 74' lang='lat'>4.</span> <span class='ocrx_word' id='word_1_103' title='bbox 573 735 674 769; x_wconf 89' lang='lat' dir='ltr'>dicit:</span> <span class='ocrx_word' id='word_1_104' title='bbox 698 735 860 769; x_wconf 54' lang='lat' dir='ltr'>Modestia</span> <span class='ocrx_word' id='word_1_105' title='bbox 890 741 999 770; x_wconf 59' lang='lat' dir='ltr'>&gt;vestra</span> <span class='ocrx_word' id='word_1_106' title='bbox 1026 741 1103 770; x_wconf 79' lang='lat' dir='ltr'>nota</span> <span class='ocrx_word' id='word_1_107' title='bbox 1129 737 1170 770; x_wconf 69' lang='lat' dir='ltr'>sit</span> <span class='ocrx_word' id='word_1_108' title='bbox 1199 737 1348 770; x_wconf 77' lang='lat' dir='ltr'>omnibus</span> <span class='ocrx_word' id='word_1_109' title='bbox 1374 736 1572 778; x_wconf 76' lang='lat' dir='ltr'>hominibus,</span> <span class='ocrx_word' id='word_1_110' title='bbox 1595 735 1632 769; x_wconf 90' lang='lat' dir='ltr'>in</span> 
     </span>
     <span class='ocr_line' id='line_1_12' title="bbox 75 787 1634 834; baseline 0.001 -13"><span class='ocrx_word' id='word_1_111' title='bbox 75 799 205 834; x_wconf 86' lang='lat' dir='ltr'>graeco</span> <span class='ocrx_word' id='word_1_112' title='bbox 227 788 379 822; x_wconf 87' lang='lat' dir='ltr'>habetur</span> <span class='ocrx_word' id='word_1_113' title='bbox 398 787 586 830; x_wconf 77' lang='grc' dir='ltr'><em>ἐπιεικεία,</em></span> <span class='ocrx_word' id='word_1_114' title='bbox 609 788 670 822; x_wconf 87' lang='lat' dir='ltr'>sed</span> <span class='ocrx_word' id='word_1_115' title='bbox 692 788 892 822; x_wconf 91' lang='lat' dir='ltr'>secundum</span> <span class='ocrx_word' id='word_1_116' title='bbox 915 788 1078 822; x_wconf 87' lang='lat' dir='ltr'>Tullium</span> <span class='ocrx_word' id='word_1_117' title='bbox 1102 789 1174 832; x_wconf 64' lang='lat' dir='ltr'>(lib.</span> <span class='ocrx_word' id='word_1_118' title='bbox 1191 801 1221 823; x_wconf 89' lang='lat'>2.</span> <span class='ocrx_word' id='word_1_119' title='bbox 1237 788 1272 824; x_wconf 70' lang='lat' dir='ltr'>de</span> <span class='ocrx_word' id='word_1_120' title='bbox 1288 789 1433 834; x_wconf 70' lang='lat' dir='ltr'>Inveni.)</span> <span class='ocrx_word' id='word_1_121' title='bbox 1456 788 1634 823; x_wconf 83' lang='lat' dir='ltr'>modestia</span> 
     </span>
     <span class='ocr_line' id='line_1_13' title="bbox 76 841 1268 888; baseline 0.001 -13"><span class='ocrx_word' id='word_1_122' title='bbox 76 849 129 875; x_wconf 89' lang='lat' dir='ltr'>est</span> <span class='ocrx_word' id='word_1_123' title='bbox 149 852 230 886; x_wconf 88' lang='lat' dir='ltr'>pars</span> <span class='ocrx_word' id='word_1_124' title='bbox 251 842 511 887; x_wconf 84' lang='lat' dir='ltr'>temperantia;</span> <span class='ocrx_word' id='word_1_125' title='bbox 534 853 620 887; x_wconf 84' lang='lat' dir='ltr'>ergo</span> <span class='ocrx_word' id='word_1_126' title='bbox 644 841 806 887; x_wconf 85' lang='lat' dir='ltr'>epicheja</span> <span class='ocrx_word' id='word_1_127' title='bbox 827 852 900 875; x_wconf 89' lang='lat' dir='ltr'>non</span> <span class='ocrx_word' id='word_1_128' title='bbox 923 850 975 876; x_wconf 90' lang='lat' dir='ltr'>est</span> <span class='ocrx_word' id='word_1_129' title='bbox 996 853 1075 888; x_wconf 86' lang='lat' dir='ltr'>pars</span> <span class='ocrx_word' id='word_1_130' title='bbox 1101 842 1268 887; x_wconf 84' lang='lat' dir='ltr'>justitiae.</span> 
     </span>
    </p>

    <p class='ocr_par' dir='ltr' id='par_1_5' title="bbox 75 893 1634 993">
     <span class='ocr_line' id='line_1_14' title="bbox 146 893 1634 941; baseline 0 -13"><span class='ocrx_word' id='word_1_131' title='bbox 146 893 220 928; x_wconf 74' lang='lat' dir='ltr'>SED</span> <span class='ocrx_word' id='word_1_132' title='bbox 253 905 405 929; x_wconf 65' lang='lat' dir='ltr'>CONTRA</span> <span class='ocrx_word' id='word_1_133' title='bbox 429 903 492 936; x_wconf 89' lang='lat' dir='ltr'>est,</span> <span class='ocrx_word' id='word_1_134' title='bbox 514 896 609 940; x_wconf 87' lang='lat' dir='ltr'>quod</span> <span class='ocrx_word' id='word_1_135' title='bbox 631 893 767 928; x_wconf 91' lang='lat' dir='ltr'>Philos.</span> <span class='ocrx_word' id='word_1_136' title='bbox 789 894 874 928; x_wconf 87' lang='lat' dir='ltr'>dicit</span> <span class='ocrx_word' id='word_1_137' title='bbox 895 896 931 928; x_wconf 90' lang='lat' dir='ltr'>in</span> <span class='ocrx_word' id='word_1_138' title='bbox 957 905 985 938; x_wconf 82' lang='lat'>5.</span> <span class='ocrx_word' id='word_1_139' title='bbox 1007 894 1123 929; x_wconf 87' lang='lat' dir='ltr'>Ethic.</span> <span class='ocrx_word' id='word_1_140' title='bbox 1147 895 1234 941; x_wconf 82' lang='lat' dir='ltr'>(cap.</span> <span class='ocrx_word' id='word_1_141' title='bbox 1257 896 1324 940; x_wconf 83' lang='lat'><em>10.)</em></span> <span class='ocrx_word' id='word_1_142' title='bbox 1348 895 1444 941; x_wconf 92' lang='lat' dir='ltr'>quod</span> <span class='ocrx_word' id='word_1_143' title='bbox 1467 895 1634 941; x_wconf 86' lang='lat' dir='ltr'>epicheja</span> 
     </span>
     <span class='ocr_line' id='line_1_15' title="bbox 75 947 497 993; baseline 0 -12"><span class='ocrx_word' id='word_1_144' title='bbox 75 954 128 982; x_wconf 90' lang='lat' dir='ltr'>est</span> <span class='ocrx_word' id='word_1_145' title='bbox 149 947 333 993; x_wconf 85' lang='lat' dir='ltr'>quoddam</span> <span class='ocrx_word' id='word_1_146' title='bbox 351 949 497 992; x_wconf 80' lang='lat' dir='ltr'>justum.</span> 
     </span>
    </p>

    <p class='ocr_par' dir='ltr' id='par_1_6' title="bbox 74 1000 1636 1577">
     <span class='ocr_line' id='line_1_16' title="bbox 145 1000 1633 1047; baseline -0.001 -12"><span class='ocrx_word' id='word_1_147' title='bbox 145 1000 373 1035; x_wconf 67' lang='lat' dir='ltr'>RESPONDEO</span> <span class='ocrx_word' id='word_1_148' title='bbox 396 1001 600 1042; x_wconf 87' lang='lat' dir='ltr'>dicendum,</span> <span class='ocrx_word' id='word_1_149' title='bbox 623 1001 719 1046; x_wconf 85' lang='lat' dir='ltr'>quod</span> <span class='ocrx_word' id='word_1_150' title='bbox 740 1000 831 1034; x_wconf 89' lang='lat' dir='ltr'>sicut</span> <span class='ocrx_word' id='word_1_151' title='bbox 851 1011 957 1046; x_wconf 84' lang='lat' dir='ltr'>supra</span> <span class='ocrx_word' id='word_1_152' title='bbox 979 1000 1114 1034; x_wconf 89' lang='lat' dir='ltr'>dictum</span> <span class='ocrx_word' id='word_1_153' title='bbox 1138 1008 1190 1034; x_wconf 89' lang='lat' dir='ltr'>est</span> <span class='ocrx_word' id='word_1_154' title='bbox 1212 1001 1258 1046; x_wconf 82' lang='lat' dir='ltr'>(q.</span> <span class='ocrx_word' id='word_1_155' title='bbox 1278 1001 1364 1045; x_wconf 72' lang='lat'>48),</span> <span class='ocrx_word' id='word_1_156' title='bbox 1387 1001 1498 1035; x_wconf 86' lang='lat' dir='ltr'>virtus</span> <span class='ocrx_word' id='word_1_157' title='bbox 1514 1001 1633 1047; x_wconf 89' lang='lat' dir='ltr'>aliqua</span> 
     </span>
     <span class='ocr_line' id='line_1_17' title="bbox 76 1053 1634 1100; baseline 0 -12"><span class='ocrx_word' id='word_1_158' title='bbox 76 1054 235 1100; x_wconf 71' lang='lat' dir='ltr'>triplicem</span> <span class='ocrx_word' id='word_1_159' title='bbox 257 1054 366 1089; x_wconf 86' lang='lat' dir='ltr'>habet</span> <span class='ocrx_word' id='word_1_160' title='bbox 387 1063 543 1100; x_wconf 82' lang='lat' dir='ltr'>partem3</span> <span class='ocrx_word' id='word_1_161' title='bbox 566 1053 721 1088; x_wconf 87' lang='lat' dir='ltr'>scilicet:</span> <span class='ocrx_word' id='word_1_162' title='bbox 744 1061 882 1098; x_wconf 85' lang='lat' dir='ltr'>partem</span> <span class='ocrx_word' id='word_1_163' title='bbox 898 1055 1124 1099; x_wconf 58' lang='lat' dir='ltr'>subjectivum,</span> <span class='ocrx_word' id='word_1_164' title='bbox 1141 1062 1278 1099; x_wconf 86' lang='lat' dir='ltr'>partem</span> <span class='ocrx_word' id='word_1_165' title='bbox 1296 1054 1485 1099; x_wconf 60' lang='lat' dir='ltr'>integi-alam</span> <span class='ocrx_word' id='word_1_166' title='bbox 1507 1062 1541 1088; x_wconf 90' lang='lat' dir='ltr'>et</span> <span class='ocrx_word' id='word_1_167' title='bbox 1558 1066 1634 1099; x_wconf 85' lang='lat' dir='ltr'>par-</span> 
     </span>
     <span class='ocr_line' id='line_1_18' title="bbox 75 1106 1634 1153; baseline -0.001 -12"><span class='ocrx_word' id='word_1_168' title='bbox 75 1115 148 1141; x_wconf 89' lang='lat' dir='ltr'>tem</span> <span class='ocrx_word' id='word_1_169' title='bbox 168 1108 397 1153; x_wconf 66' lang='lat' dir='ltr'>potmthzlem:</span> <span class='ocrx_word' id='word_1_170' title='bbox 420 1119 500 1153; x_wconf 89' lang='lat' dir='ltr'>pars</span> <span class='ocrx_word' id='word_1_171' title='bbox 528 1115 647 1140; x_wconf 88' lang='lat' dir='ltr'>autem</span> <span class='ocrx_word' id='word_1_172' title='bbox 674 1106 868 1151; x_wconf 79' lang='lat' dir='ltr'>subjectiva</span> <span class='ocrx_word' id='word_1_173' title='bbox 897 1115 959 1148; x_wconf 88' lang='lat' dir='ltr'>est,</span> <span class='ocrx_word' id='word_1_174' title='bbox 986 1106 1029 1140; x_wconf 93' lang='lat' dir='ltr'>de</span> <span class='ocrx_word' id='word_1_175' title='bbox 1056 1118 1125 1152; x_wconf 91' lang='lat' dir='ltr'>qua</span> <span class='ocrx_word' id='word_1_176' title='bbox 1152 1106 1388 1141; x_wconf 79' lang='lat' dir='ltr'>essentialiter</span> <span class='ocrx_word' id='word_1_177' title='bbox 1408 1107 1634 1153; x_wconf 82' lang='lat' dir='ltr'>praedicatur</span> 
     </span>
     <span class='ocr_line' id='line_1_19' title="bbox 74 1159 1633 1206; baseline -0.001 -12"><span class='ocrx_word' id='word_1_178' title='bbox 74 1168 211 1202; x_wconf 83' lang='lat' dir='ltr'>totum3</span> <span class='ocrx_word' id='word_1_179' title='bbox 231 1168 266 1194; x_wconf 90' lang='lat' dir='ltr'>et</span> <span class='ocrx_word' id='word_1_180' title='bbox 280 1169 331 1194; x_wconf 89' lang='lat' dir='ltr'>est</span> <span class='ocrx_word' id='word_1_181' title='bbox 346 1160 482 1194; x_wconf 88' lang='lat' dir='ltr'>minus:</span> <span class='ocrx_word' id='word_1_182' title='bbox 506 1160 601 1205; x_wconf 90' lang='lat' dir='ltr'>quod</span> <span class='ocrx_word' id='word_1_183' title='bbox 617 1160 761 1205; x_wconf 84' lang='lat' dir='ltr'>quidem</span> <span class='ocrx_word' id='word_1_184' title='bbox 779 1160 954 1205; x_wconf 83' lang='lat' dir='ltr'>contingit</span> <span class='ocrx_word' id='word_1_185' title='bbox 967 1159 1160 1206; x_wconf 60' lang='lat' dir='ltr'>dupliciter:</span> <span class='ocrx_word' id='word_1_186' title='bbox 1176 1160 1369 1206; x_wconf 60' lang='lat' dir='ltr'>quandoque</span> <span class='ocrx_word' id='word_1_187' title='bbox 1388 1161 1484 1194; x_wconf 88' lang='lat' dir='ltr'>enim</span> <span class='ocrx_word' id='word_1_188' title='bbox 1500 1160 1633 1206; x_wconf 90' lang='lat' dir='ltr'>aliquid</span> 
     </span>
     <span class='ocr_line' id='line_1_20' title="bbox 75 1212 1636 1259; baseline 0.001 -13"><span class='ocrx_word' id='word_1_189' title='bbox 75 1213 300 1259; x_wconf 87' lang='lat' dir='ltr'>praedicatur</span> <span class='ocrx_word' id='word_1_190' title='bbox 318 1213 361 1247; x_wconf 88' lang='lat' dir='ltr'>de</span> <span class='ocrx_word' id='word_1_191' title='bbox 384 1212 542 1259; x_wconf 88' lang='lat' dir='ltr'>pluribus</span> <span class='ocrx_word' id='word_1_192' title='bbox 563 1213 763 1247; x_wconf 85' lang='lat' dir='ltr'>secundum</span> <span class='ocrx_word' id='word_1_193' title='bbox 785 1224 894 1246; x_wconf 89' lang='lat' dir='ltr'>unam</span> <span class='ocrx_word' id='word_1_194' title='bbox 916 1213 1116 1255; x_wconf 80' lang='lat' dir='ltr'>rationem3</span> <span class='ocrx_word' id='word_1_195' title='bbox 1140 1213 1232 1247; x_wconf 89' lang='lat' dir='ltr'>sicut</span> <span class='ocrx_word' id='word_1_196' title='bbox 1254 1212 1387 1246; x_wconf 86' lang='lat' dir='ltr'>animal</span> <span class='ocrx_word' id='word_1_197' title='bbox 1409 1213 1452 1247; x_wconf 90' lang='lat' dir='ltr'>de</span> <span class='ocrx_word' id='word_1_198' title='bbox 1475 1224 1580 1259; x_wconf 87' lang='lat' dir='ltr'>equo,</span> <span class='ocrx_word' id='word_1_199' title='bbox 1600 1221 1636 1248; x_wconf 87' lang='lat' dir='ltr'>et</span> 
     </span>
     <span class='ocr_line' id='line_1_21' title="bbox 74 1265 1634 1312; baseline 0.001 -13"><span class='ocrx_word' id='word_1_200' title='bbox 74 1266 186 1300; x_wconf 85' lang='lat' dir='ltr'>bove:</span> <span class='ocrx_word' id='word_1_201' title='bbox 208 1265 398 1311; x_wconf 60' lang='lat' dir='ltr'>quandoque</span> <span class='ocrx_word' id='word_1_202' title='bbox 421 1274 539 1300; x_wconf 88' lang='lat' dir='ltr'>autem</span> <span class='ocrx_word' id='word_1_203' title='bbox 562 1266 788 1311; x_wconf 86' lang='lat' dir='ltr'>praedicatur</span> <span class='ocrx_word' id='word_1_204' title='bbox 813 1265 1011 1299; x_wconf 89' lang='lat' dir='ltr'>secundum</span> <span class='ocrx_word' id='word_1_205' title='bbox 1038 1266 1147 1312; x_wconf 86' lang='lat' dir='ltr'>prius,</span> <span class='ocrx_word' id='word_1_206' title='bbox 1175 1275 1209 1300; x_wconf 89' lang='lat' dir='ltr'>et</span> <span class='ocrx_word' id='word_1_207' title='bbox 1235 1266 1431 1311; x_wconf 81' lang='lat' dir='ltr'>posterius3</span> <span class='ocrx_word' id='word_1_208' title='bbox 1453 1267 1546 1300; x_wconf 89' lang='lat' dir='ltr'>sicut</span> <span class='ocrx_word' id='word_1_209' title='bbox 1571 1278 1634 1301; x_wconf 91' lang='lat' dir='ltr'>ens</span> 
     </span>
     <span class='ocr_line' id='line_1_22' title="bbox 74 1318 1635 1365; baseline 0.001 -13"><span class='ocrx_word' id='word_1_210' title='bbox 74 1318 300 1365; x_wconf 85' lang='lat' dir='ltr'>praedicatur</span> <span class='ocrx_word' id='word_1_211' title='bbox 322 1319 364 1352; x_wconf 89' lang='lat' dir='ltr'>de</span> <span class='ocrx_word' id='word_1_212' title='bbox 385 1319 595 1360; x_wconf 87' lang='lat' dir='ltr'>substantia,</span> <span class='ocrx_word' id='word_1_213' title='bbox 618 1326 651 1352; x_wconf 86' lang='lat' dir='ltr'>et</span> <span class='ocrx_word' id='word_1_214' title='bbox 674 1318 881 1360; x_wconf 80' lang='lat' dir='ltr'>accidente3</span> <span class='ocrx_word' id='word_1_215' title='bbox 904 1319 1066 1364; x_wconf 87' lang='lat' dir='ltr'>epicheja</span> <span class='ocrx_word' id='word_1_216' title='bbox 1089 1330 1175 1364; x_wconf 77' lang='lat' dir='ltr'>ergo</span> <span class='ocrx_word' id='word_1_217' title='bbox 1198 1327 1250 1353; x_wconf 89' lang='lat' dir='ltr'>est</span> <span class='ocrx_word' id='word_1_218' title='bbox 1265 1330 1343 1365; x_wconf 84' lang='lat' dir='ltr'>pars</span> <span class='ocrx_word' id='word_1_219' title='bbox 1362 1319 1517 1364; x_wconf 82' lang='lat' dir='ltr'>justitiae</span> <span class='ocrx_word' id='word_1_220' title='bbox 1537 1331 1635 1353; x_wconf 89' lang='lat' dir='ltr'>corn-</span> 
     </span>
     <span class='ocr_line' id='line_1_23' title="bbox 76 1371 1631 1418; baseline 0.001 -13"><span class='ocrx_word' id='word_1_221' title='bbox 76 1371 232 1406; x_wconf 86' lang='lat' dir='ltr'>muniter</span> <span class='ocrx_word' id='word_1_222' title='bbox 253 1372 380 1413; x_wconf 87' lang='lat' dir='ltr'>dictae,</span> <span class='ocrx_word' id='word_1_223' title='bbox 401 1380 588 1418; x_wconf 82' lang='lat' dir='ltr'>tamquam</span> <span class='ocrx_word' id='word_1_224' title='bbox 610 1372 742 1417; x_wconf 86' lang='lat' dir='ltr'>justitia</span> <span class='ocrx_word' id='word_1_225' title='bbox 766 1372 945 1417; x_wconf 88' lang='lat' dir='ltr'>quaedam</span> <span class='ocrx_word' id='word_1_226' title='bbox 972 1372 1138 1414; x_wconf 82' lang='lat' dir='ltr'>existens,</span> <span class='ocrx_word' id='word_1_227' title='bbox 1154 1380 1192 1406; x_wconf 88' lang='lat' dir='ltr'>ut</span> <span class='ocrx_word' id='word_1_228' title='bbox 1204 1372 1297 1406; x_wconf 88' lang='lat' dir='ltr'>Phil.</span> <span class='ocrx_word' id='word_1_229' title='bbox 1313 1372 1397 1406; x_wconf 89' lang='lat' dir='ltr'>dicit</span> <span class='ocrx_word' id='word_1_230' title='bbox 1410 1373 1447 1406; x_wconf 94' lang='lat' dir='ltr'>in</span> <span class='ocrx_word' id='word_1_231' title='bbox 1466 1384 1493 1417; x_wconf 77' lang='lat'>5.</span> <span class='ocrx_word' id='word_1_232' title='bbox 1516 1372 1631 1407; x_wconf 89' lang='lat' dir='ltr'>Ethic.</span> 
     </span>
     <span class='ocr_line' id='line_1_24' title="bbox 76 1424 1633 1471; baseline 0.001 -12"><span class='ocrx_word' id='word_1_233' title='bbox 76 1424 152 1469; x_wconf 70' lang='lat' dir='ltr'>(loc.</span> <span class='ocrx_word' id='word_1_234' title='bbox 175 1425 270 1470; x_wconf 78' lang='lat' dir='ltr'>cit.);</span> <span class='ocrx_word' id='word_1_235' title='bbox 293 1425 386 1459; x_wconf 88' lang='lat' dir='ltr'>unde</span> <span class='ocrx_word' id='word_1_236' title='bbox 408 1433 515 1471; x_wconf 86' lang='lat' dir='ltr'>patet,</span> <span class='ocrx_word' id='word_1_237' title='bbox 542 1425 638 1471; x_wconf 88' lang='lat' dir='ltr'>quod</span> <span class='ocrx_word' id='word_1_238' title='bbox 666 1425 828 1471; x_wconf 88' lang='lat' dir='ltr'>epicheja</span> <span class='ocrx_word' id='word_1_239' title='bbox 855 1433 907 1459; x_wconf 88' lang='lat' dir='ltr'>est</span> <span class='ocrx_word' id='word_1_240' title='bbox 932 1436 1014 1471; x_wconf 86' lang='lat' dir='ltr'>pars</span> <span class='ocrx_word' id='word_1_241' title='bbox 1041 1425 1237 1470; x_wconf 80' lang='lat' dir='ltr'>subjectiva</span> <span class='ocrx_word' id='word_1_242' title='bbox 1258 1426 1433 1471; x_wconf 87' lang='lat' dir='ltr'>justitiae;</span> <span class='ocrx_word' id='word_1_243' title='bbox 1461 1434 1496 1460; x_wconf 84' lang='lat' dir='ltr'>et</span> <span class='ocrx_word' id='word_1_244' title='bbox 1521 1426 1564 1460; x_wconf 90' lang='lat' dir='ltr'>de</span> <span class='ocrx_word' id='word_1_245' title='bbox 1591 1437 1633 1460; x_wconf 89' lang='lat' dir='ltr'>ea</span> 
     </span>
     <span class='ocr_line' id='line_1_25' title="bbox 76 1477 1634 1524; baseline 0.001 -12"><span class='ocrx_word' id='word_1_246' title='bbox 76 1478 209 1523; x_wconf 84' lang='lat' dir='ltr'>justitia</span> <span class='ocrx_word' id='word_1_247' title='bbox 229 1478 358 1512; x_wconf 89' lang='lat' dir='ltr'>dicitur</span> <span class='ocrx_word' id='word_1_248' title='bbox 378 1489 440 1524; x_wconf 91' lang='lat' dir='ltr'>per</span> <span class='ocrx_word' id='word_1_249' title='bbox 461 1478 569 1524; x_wconf 89' lang='lat' dir='ltr'>prius,</span> <span class='ocrx_word' id='word_1_250' title='bbox 592 1489 699 1523; x_wconf 85' lang='lat' dir='ltr'>quam</span> <span class='ocrx_word' id='word_1_251' title='bbox 723 1478 766 1512; x_wconf 89' lang='lat' dir='ltr'>de</span> <span class='ocrx_word' id='word_1_252' title='bbox 788 1477 915 1524; x_wconf 84' lang='lat' dir='ltr'>legali:</span> <span class='ocrx_word' id='word_1_253' title='bbox 937 1489 1023 1512; x_wconf 91' lang='lat' dir='ltr'>nam</span> <span class='ocrx_word' id='word_1_254' title='bbox 1038 1478 1162 1524; x_wconf 83' lang='lat' dir='ltr'>legalis</span> <span class='ocrx_word' id='word_1_255' title='bbox 1176 1479 1309 1523; x_wconf 85' lang='lat' dir='ltr'>justitia</span> <span class='ocrx_word' id='word_1_256' title='bbox 1327 1479 1490 1524; x_wconf 84' lang='lat' dir='ltr'>dirigitur</span> <span class='ocrx_word' id='word_1_257' title='bbox 1511 1490 1634 1513; x_wconf 87' lang='lat' dir='ltr'>secun-</span> 
     </span>
     <span class='ocr_line' id='line_1_26' title="bbox 77 1531 1631 1577; baseline 0.001 -13"><span class='ocrx_word' id='word_1_258' title='bbox 77 1531 163 1565; x_wconf 92' lang='lat' dir='ltr'>dum</span> <span class='ocrx_word' id='word_1_259' title='bbox 185 1531 405 1576; x_wconf 83' lang='lat' dir='ltr'>epichejam;</span> <span class='ocrx_word' id='word_1_260' title='bbox 427 1532 521 1565; x_wconf 91' lang='lat' dir='ltr'>unde</span> <span class='ocrx_word' id='word_1_261' title='bbox 540 1531 703 1577; x_wconf 75' lang='lat' dir='ltr'>epicheJa</span> <span class='ocrx_word' id='word_1_262' title='bbox 718 1539 771 1565; x_wconf 89' lang='lat' dir='ltr'>est</span> <span class='ocrx_word' id='word_1_263' title='bbox 784 1531 886 1576; x_wconf 89' lang='lat' dir='ltr'>quasi</span> <span class='ocrx_word' id='word_1_264' title='bbox 900 1531 1062 1577; x_wconf 88' lang='lat' dir='ltr'>superior</span> <span class='ocrx_word' id='word_1_265' title='bbox 1075 1531 1199 1577; x_wconf 84' lang='lat' dir='ltr'>regula</span> <span class='ocrx_word' id='word_1_266' title='bbox 1213 1532 1459 1565; x_wconf 88' lang='lat' dir='ltr'>humanorum</span> <span class='ocrx_word' id='word_1_267' title='bbox 1474 1540 1631 1566; x_wconf 87' lang='lat' dir='ltr'>actuum.</span> 
     </span>
    </p>

    <p class='ocr_par' dir='ltr' id='par_1_7' title="bbox 75 1584 1634 2002">
     <span class='ocr_line' id='line_1_27' title="bbox 147 1584 1633 1631; baseline 0.001 -13"><span class='ocrx_word' id='word_1_268' title='bbox 147 1584 207 1618; x_wconf 90' lang='lat' dir='ltr'>AD</span> <span class='ocrx_word' id='word_1_269' title='bbox 229 1594 378 1618; x_wconf 78' lang='lat' dir='ltr'><strong>PRIMUM</strong></span> <span class='ocrx_word' id='word_1_270' title='bbox 400 1595 485 1630; x_wconf 82' lang='lat' dir='ltr'>ergo</span> <span class='ocrx_word' id='word_1_271' title='bbox 509 1584 714 1625; x_wconf 84' lang='lat' dir='ltr'>dicendum,</span> <span class='ocrx_word' id='word_1_272' title='bbox 736 1584 832 1630; x_wconf 88' lang='lat' dir='ltr'>quod</span> <span class='ocrx_word' id='word_1_273' title='bbox 855 1584 1018 1629; x_wconf 87' lang='lat' dir='ltr'>epicheja</span> <span class='ocrx_word' id='word_1_274' title='bbox 1041 1584 1299 1630; x_wconf 84' lang='lat' dir='ltr'>correspondet</span> <span class='ocrx_word' id='word_1_275' title='bbox 1319 1586 1461 1631; x_wconf 87' lang='lat' dir='ltr'>proprie</span> <span class='ocrx_word' id='word_1_276' title='bbox 1479 1585 1633 1630; x_wconf 83' lang='lat' dir='ltr'>justitiae</span> 
     </span>
     <span class='ocr_line' id='line_1_28' title="bbox 75 1636 1633 1683; baseline 0.001 -12"><span class='ocrx_word' id='word_1_277' title='bbox 75 1636 197 1683; x_wconf 85' lang='lat' dir='ltr'>legali,</span> <span class='ocrx_word' id='word_1_278' title='bbox 220 1645 255 1671; x_wconf 89' lang='lat' dir='ltr'>et</span> <span class='ocrx_word' id='word_1_279' title='bbox 275 1637 548 1683; x_wconf 89' lang='lat' dir='ltr'>quodammodo</span> <span class='ocrx_word' id='word_1_280' title='bbox 572 1637 776 1670; x_wconf 84' lang='lat' dir='ltr'>continetur</span> <span class='ocrx_word' id='word_1_281' title='bbox 797 1637 860 1671; x_wconf 93' lang='lat' dir='ltr'>sub</span> <span class='ocrx_word' id='word_1_282' title='bbox 884 1647 936 1678; x_wconf 89' lang='lat' dir='ltr'>ea,</span> <span class='ocrx_word' id='word_1_283' title='bbox 959 1645 994 1671; x_wconf 91' lang='lat' dir='ltr'>et</span> <span class='ocrx_word' id='word_1_284' title='bbox 1014 1637 1287 1683; x_wconf 89' lang='lat' dir='ltr'>quodammodo</span> <span class='ocrx_word' id='word_1_285' title='bbox 1311 1638 1450 1671; x_wconf 83' lang='lat' dir='ltr'>excedit</span> <span class='ocrx_word' id='word_1_286' title='bbox 1476 1649 1575 1673; x_wconf 85' lang='lat' dir='ltr'>eam:</span> <span class='ocrx_word' id='word_1_287' title='bbox 1603 1638 1633 1672; x_wconf 87' lang='lat' dir='ltr'>si</span> 
     </span>
     <span class='ocr_line' id='line_1_29' title="bbox 77 1689 1633 1736; baseline 0.001 -12"><span class='ocrx_word' id='word_1_288' title='bbox 77 1691 174 1725; x_wconf 90' lang='lat' dir='ltr'>enim</span> <span class='ocrx_word' id='word_1_289' title='bbox 195 1691 328 1736; x_wconf 81' lang='lat' dir='ltr'>justitia</span> <span class='ocrx_word' id='word_1_290' title='bbox 350 1690 476 1736; x_wconf 79' lang='lat' dir='ltr'>legalis</span> <span class='ocrx_word' id='word_1_291' title='bbox 497 1690 647 1731; x_wconf 86' lang='lat' dir='ltr'>dicatur,</span> <span class='ocrx_word' id='word_1_292' title='bbox 674 1701 764 1736; x_wconf 89' lang='lat' dir='ltr'>quae</span> <span class='ocrx_word' id='word_1_293' title='bbox 792 1690 1018 1736; x_wconf 87' lang='lat' dir='ltr'>obtemperat</span> <span class='ocrx_word' id='word_1_294' title='bbox 1042 1689 1125 1736; x_wconf 86' lang='lat' dir='ltr'>legi,</span> <span class='ocrx_word' id='word_1_295' title='bbox 1152 1691 1226 1724; x_wconf 76' lang='lat' dir='ltr'>sive</span> <span class='ocrx_word' id='word_1_296' title='bbox 1253 1699 1428 1736; x_wconf 91' lang='lat' dir='ltr'>quantum</span> <span class='ocrx_word' id='word_1_297' title='bbox 1455 1691 1498 1724; x_wconf 87' lang='lat' dir='ltr'>ad</span> <span class='ocrx_word' id='word_1_298' title='bbox 1524 1692 1633 1725; x_wconf 80' lang='lat' dir='ltr'>verba</span> 
     </span>
     <span class='ocr_line' id='line_1_30' title="bbox 76 1742 1633 1790; baseline 0.001 -13"><span class='ocrx_word' id='word_1_299' title='bbox 76 1743 178 1789; x_wconf 85' lang='lat' dir='ltr'>legis,</span> <span class='ocrx_word' id='word_1_300' title='bbox 199 1743 274 1778; x_wconf 88' lang='lat' dir='ltr'>sive</span> <span class='ocrx_word' id='word_1_301' title='bbox 296 1752 469 1789; x_wconf 88' lang='lat' dir='ltr'>quantum</span> <span class='ocrx_word' id='word_1_302' title='bbox 492 1743 534 1776; x_wconf 90' lang='lat' dir='ltr'>ad</span> <span class='ocrx_word' id='word_1_303' title='bbox 556 1743 794 1777; x_wconf 89' lang='lat' dir='ltr'>intentionem</span> <span class='ocrx_word' id='word_1_304' title='bbox 816 1742 1043 1788; x_wconf 82' lang='lat' dir='ltr'>legislatoris,</span> <span class='ocrx_word' id='word_1_305' title='bbox 1065 1755 1156 1789; x_wconf 89' lang='lat' dir='ltr'>quae</span> <span class='ocrx_word' id='word_1_306' title='bbox 1177 1744 1297 1790; x_wconf 82' lang='lat' dir='ltr'>potior</span> <span class='ocrx_word' id='word_1_307' title='bbox 1320 1752 1382 1785; x_wconf 89' lang='lat' dir='ltr'>est,</span> <span class='ocrx_word' id='word_1_308' title='bbox 1401 1744 1450 1778; x_wconf 89' lang='lat' dir='ltr'>sic</span> <span class='ocrx_word' id='word_1_309' title='bbox 1471 1744 1633 1790; x_wconf 68' lang='lat' dir='ltr'>epicheJa</span> 
     </span>
     <span class='ocr_line' id='line_1_31' title="bbox 78 1795 1633 1843; baseline 0.001 -13"><span class='ocrx_word' id='word_1_310' title='bbox 78 1804 130 1830; x_wconf 88' lang='lat' dir='ltr'>est</span> <span class='ocrx_word' id='word_1_311' title='bbox 151 1807 231 1842; x_wconf 88' lang='lat' dir='ltr'>pars</span> <span class='ocrx_word' id='word_1_312' title='bbox 252 1796 372 1842; x_wconf 88' lang='lat' dir='ltr'>potior</span> <span class='ocrx_word' id='word_1_313' title='bbox 392 1795 517 1842; x_wconf 89' lang='lat' dir='ltr'>legalis</span> <span class='ocrx_word' id='word_1_314' title='bbox 544 1796 720 1841; x_wconf 81' lang='lat' dir='ltr'>justitiae:</span> <span class='ocrx_word' id='word_1_315' title='bbox 748 1796 776 1829; x_wconf 91' lang='lat' dir='ltr'>si</span> <span class='ocrx_word' id='word_1_316' title='bbox 802 1806 887 1829; x_wconf 80' lang='lat' dir='ltr'>vero</span> <span class='ocrx_word' id='word_1_317' title='bbox 914 1796 1046 1841; x_wconf 86' lang='lat' dir='ltr'>justitia</span> <span class='ocrx_word' id='word_1_318' title='bbox 1072 1796 1197 1842; x_wconf 84' lang='lat' dir='ltr'>legalis</span> <span class='ocrx_word' id='word_1_319' title='bbox 1224 1797 1362 1831; x_wconf 90' lang='lat' dir='ltr'>dicatur</span> <span class='ocrx_word' id='word_1_320' title='bbox 1387 1797 1518 1838; x_wconf 87' lang='lat' dir='ltr'>solum,</span> <span class='ocrx_word' id='word_1_321' title='bbox 1541 1809 1633 1843; x_wconf 90' lang='lat' dir='ltr'>quae</span> 
     </span>
     <span class='ocr_line' id='line_1_32' title="bbox 78 1849 1633 1897; baseline 0.001 -13"><span class='ocrx_word' id='word_1_322' title='bbox 78 1850 304 1896; x_wconf 86' lang='lat' dir='ltr'>obtemperat</span> <span class='ocrx_word' id='word_1_323' title='bbox 313 1850 385 1895; x_wconf 84' lang='lat' dir='ltr'>legi</span> <span class='ocrx_word' id='word_1_324' title='bbox 395 1850 594 1884; x_wconf 87' lang='lat' dir='ltr'>secundum</span> <span class='ocrx_word' id='word_1_325' title='bbox 607 1850 717 1883; x_wconf 85' lang='lat' dir='ltr'>verba</span> <span class='ocrx_word' id='word_1_326' title='bbox 730 1849 831 1895; x_wconf 82' lang='lat' dir='ltr'>legis,</span> <span class='ocrx_word' id='word_1_327' title='bbox 843 1850 893 1884; x_wconf 91' lang='lat' dir='ltr'>sic</span> <span class='ocrx_word' id='word_1_328' title='bbox 909 1850 1071 1896; x_wconf 79' lang='lat' dir='ltr'>epicheja</span> <span class='ocrx_word' id='word_1_329' title='bbox 1085 1862 1159 1884; x_wconf 87' lang='lat' dir='ltr'>non</span> <span class='ocrx_word' id='word_1_330' title='bbox 1175 1859 1317 1897; x_wconf 84' lang='lat' dir='ltr'>estpars</span> <span class='ocrx_word' id='word_1_331' title='bbox 1328 1850 1455 1896; x_wconf 83' lang='lat' dir='ltr'>legalis</span> <span class='ocrx_word' id='word_1_332' title='bbox 1466 1852 1633 1896; x_wconf 82' lang='lat' dir='ltr'>justitiae,</span> 
     </span>
     <span class='ocr_line' id='line_1_33' title="bbox 78 1902 1634 1949; baseline 0.001 -11"><span class='ocrx_word' id='word_1_333' title='bbox 78 1903 139 1938; x_wconf 90' lang='lat' dir='ltr'>sed</span> <span class='ocrx_word' id='word_1_334' title='bbox 161 1911 214 1937; x_wconf 87' lang='lat' dir='ltr'>est</span> <span class='ocrx_word' id='word_1_335' title='bbox 234 1914 315 1949; x_wconf 86' lang='lat' dir='ltr'>pars</span> <span class='ocrx_word' id='word_1_336' title='bbox 336 1903 491 1948; x_wconf 82' lang='lat' dir='ltr'>justitiae</span> <span class='ocrx_word' id='word_1_337' title='bbox 510 1902 752 1937; x_wconf 88' lang='lat' dir='ltr'>communiter</span> <span class='ocrx_word' id='word_1_338' title='bbox 766 1903 892 1944; x_wconf 88' lang='lat' dir='ltr'>dictae,</span> <span class='ocrx_word' id='word_1_339' title='bbox 907 1903 1018 1937; x_wconf 74' lang='lat' dir='ltr'>divisa</span> <span class='ocrx_word' id='word_1_340' title='bbox 1034 1911 1159 1937; x_wconf 88' lang='lat' dir='ltr'>contra</span> <span class='ocrx_word' id='word_1_341' title='bbox 1172 1904 1342 1948; x_wconf 85' lang='lat' dir='ltr'>justitiam</span> <span class='ocrx_word' id='word_1_342' title='bbox 1359 1903 1528 1949; x_wconf 82' lang='lat' dir='ltr'>legalem,</span> <span class='ocrx_word' id='word_1_343' title='bbox 1543 1905 1634 1939; x_wconf 90' lang='lat' dir='ltr'>sicut</span> 
     </span>
     <span class='ocr_line' id='line_1_34' title="bbox 78 1956 406 2002; baseline -0.006 -11"><span class='ocrx_word' id='word_1_344' title='bbox 78 1956 254 1991; x_wconf 83' lang='lat' dir='ltr'>excedens</span> <span class='ocrx_word' id='word_1_345' title='bbox 280 1956 406 2002; x_wconf 87' lang='lat' dir='ltr'>ipsam.</span> 
     </span>
    </p>

    <p class='ocr_par' dir='ltr' id='par_1_8' title="bbox 79 2008 1632 2162">
     <span class='ocr_line' id='line_1_35' title="bbox 149 2008 1628 2057; baseline 0.001 -13"><span class='ocrx_word' id='word_1_346' title='bbox 149 2009 208 2044; x_wconf 88' lang='lat' dir='ltr'>AD</span> <span class='ocrx_word' id='word_1_347' title='bbox 231 2019 437 2044; x_wconf 75' lang='lat' dir='ltr'>SECUNDUM</span> <span class='ocrx_word' id='word_1_348' title='bbox 459 2008 663 2051; x_wconf 86' lang='lat' dir='ltr'>dicendum,</span> <span class='ocrx_word' id='word_1_349' title='bbox 690 2009 798 2054; x_wconf 80' lang='lat' dir='ltr'>quod,</span> <span class='ocrx_word' id='word_1_350' title='bbox 820 2009 911 2043; x_wconf 87' lang='lat' dir='ltr'>sicut</span> <span class='ocrx_word' id='word_1_351' title='bbox 932 2008 1068 2043; x_wconf 86' lang='lat' dir='ltr'>Philos.</span> <span class='ocrx_word' id='word_1_352' title='bbox 1092 2009 1177 2043; x_wconf 87' lang='lat' dir='ltr'>dicit</span> <span class='ocrx_word' id='word_1_353' title='bbox 1197 2009 1233 2043; x_wconf 91' lang='lat' dir='ltr'>in</span> <span class='ocrx_word' id='word_1_354' title='bbox 1260 2020 1287 2054; x_wconf 83' lang='lat'>5.</span> <span class='ocrx_word' id='word_1_355' title='bbox 1311 2010 1427 2045; x_wconf 88' lang='lat' dir='ltr'>Ethic.</span> <span class='ocrx_word' id='word_1_356' title='bbox 1445 2010 1534 2057; x_wconf 81' lang='lat' dir='ltr'>(cap.</span> <span class='ocrx_word' id='word_1_357' title='bbox 1548 2012 1628 2056; x_wconf 70' lang='lat' dir='ltr'>ro),</span> 
     </span>
     <span class='ocr_line' id='line_1_36' title="bbox 79 2061 1632 2110; baseline 0.001 -13"><span class='ocrx_word' id='word_1_358' title='bbox 79 2062 241 2109; x_wconf 69' lang='lat' dir='ltr'>epicheJa</span> <span class='ocrx_word' id='word_1_359' title='bbox 263 2070 316 2097; x_wconf 91' lang='lat' dir='ltr'>est</span> <span class='ocrx_word' id='word_1_360' title='bbox 337 2062 467 2096; x_wconf 88' lang='lat' dir='ltr'>melior</span> <span class='ocrx_word' id='word_1_361' title='bbox 488 2062 644 2107; x_wconf 84' lang='lat' dir='ltr'>quadam</span> <span class='ocrx_word' id='word_1_362' title='bbox 665 2062 809 2106; x_wconf 84' lang='lat' dir='ltr'>justitia,</span> <span class='ocrx_word' id='word_1_363' title='bbox 829 2061 966 2096; x_wconf 89' lang='lat' dir='ltr'>scilicet</span> <span class='ocrx_word' id='word_1_364' title='bbox 978 2061 1098 2108; x_wconf 86' lang='lat' dir='ltr'>legali,</span> <span class='ocrx_word' id='word_1_365' title='bbox 1113 2074 1204 2108; x_wconf 89' lang='lat' dir='ltr'>quae</span> <span class='ocrx_word' id='word_1_366' title='bbox 1220 2063 1387 2097; x_wconf 88' lang='lat' dir='ltr'>observat</span> <span class='ocrx_word' id='word_1_367' title='bbox 1398 2065 1506 2098; x_wconf 91' lang='lat' dir='ltr'>verba</span> <span class='ocrx_word' id='word_1_368' title='bbox 1520 2063 1632 2110; x_wconf 86' lang='lat' dir='ltr'>legis:</span> 
     </span>
     <span class='ocr_line' id='line_1_37' title="bbox 79 2115 1505 2162; baseline 0 -12"><span class='ocrx_word' id='word_1_369' title='bbox 79 2116 162 2162; x_wconf 90' lang='lat' dir='ltr'>quia</span> <span class='ocrx_word' id='word_1_370' title='bbox 182 2124 305 2150; x_wconf 87' lang='lat' dir='ltr'>tamen</span> <span class='ocrx_word' id='word_1_371' title='bbox 327 2123 361 2149; x_wconf 92' lang='lat' dir='ltr'>et</span> <span class='ocrx_word' id='word_1_372' title='bbox 380 2115 457 2161; x_wconf 88' lang='lat' dir='ltr'>ipsa</span> <span class='ocrx_word' id='word_1_373' title='bbox 478 2123 531 2149; x_wconf 87' lang='lat' dir='ltr'>est</span> <span class='ocrx_word' id='word_1_374' title='bbox 550 2115 683 2160; x_wconf 77' lang='lat' dir='ltr'>justitia</span> <span class='ocrx_word' id='word_1_375' title='bbox 705 2115 894 2160; x_wconf 83' lang='lat' dir='ltr'>quaedam,</span> <span class='ocrx_word' id='word_1_376' title='bbox 915 2126 989 2149; x_wconf 91' lang='lat' dir='ltr'>non</span> <span class='ocrx_word' id='word_1_377' title='bbox 1012 2124 1065 2150; x_wconf 91' lang='lat' dir='ltr'>est</span> <span class='ocrx_word' id='word_1_378' title='bbox 1086 2115 1216 2150; x_wconf 90' lang='lat' dir='ltr'>melior</span> <span class='ocrx_word' id='word_1_379' title='bbox 1237 2117 1339 2150; x_wconf 90' lang='lat' dir='ltr'>omni</span> <span class='ocrx_word' id='word_1_380' title='bbox 1360 2117 1505 2162; x_wconf 84' lang='lat' dir='ltr'>justitia.</span> 
     </span>
    </p>

    <p class='ocr_par' dir='ltr' id='par_1_9' title="bbox 78 2168 1633 2426">
     <span class='ocr_line' id='line_1_38' title="bbox 150 2168 1632 2215; baseline 0.001 -13"><span class='ocrx_word' id='word_1_381' title='bbox 150 2169 209 2202; x_wconf 88' lang='lat' dir='ltr'>AD</span> <span class='ocrx_word' id='word_1_382' title='bbox 236 2178 407 2203; x_wconf 72' lang='lat' dir='ltr'>TERTIUM</span> <span class='ocrx_word' id='word_1_383' title='bbox 433 2168 637 2209; x_wconf 87' lang='lat' dir='ltr'>dicendum,</span> <span class='ocrx_word' id='word_1_384' title='bbox 664 2169 759 2213; x_wconf 84' lang='lat' dir='ltr'>quod</span> <span class='ocrx_word' id='word_1_385' title='bbox 790 2169 833 2201; x_wconf 88' lang='lat' dir='ltr'>ad</span> <span class='ocrx_word' id='word_1_386' title='bbox 863 2168 1067 2214; x_wconf 90' lang='lat' dir='ltr'>epichejam</span> <span class='ocrx_word' id='word_1_387' title='bbox 1097 2169 1250 2213; x_wconf 83' lang='lat' dir='ltr'>pertinet</span> <span class='ocrx_word' id='word_1_388' title='bbox 1279 2168 1413 2215; x_wconf 88' lang='lat' dir='ltr'>aliquid</span> <span class='ocrx_word' id='word_1_389' title='bbox 1440 2170 1632 2212; x_wconf 86' lang='lat' dir='ltr'>moderari,</span> 
     </span>
     <span class='ocr_line' id='line_1_39' title="bbox 79 2220 1633 2269; baseline 0.001 -14"><span class='ocrx_word' id='word_1_390' title='bbox 79 2221 216 2256; x_wconf 87' lang='lat' dir='ltr'>scilicet</span> <span class='ocrx_word' id='word_1_391' title='bbox 237 2221 502 2255; x_wconf 86' lang='lat' dir='ltr'>observantiam</span> <span class='ocrx_word' id='word_1_392' title='bbox 522 2221 716 2255; x_wconf 90' lang='lat' dir='ltr'>verborum</span> <span class='ocrx_word' id='word_1_393' title='bbox 736 2220 843 2266; x_wconf 84' lang='lat' dir='ltr'>legis:</span> <span class='ocrx_word' id='word_1_394' title='bbox 867 2222 927 2255; x_wconf 87' lang='lat' dir='ltr'>sed</span> <span class='ocrx_word' id='word_1_395' title='bbox 950 2221 1139 2263; x_wconf 89' lang='lat' dir='ltr'>modestia,</span> <span class='ocrx_word' id='word_1_396' title='bbox 1162 2233 1253 2268; x_wconf 90' lang='lat' dir='ltr'>quae</span> <span class='ocrx_word' id='word_1_397' title='bbox 1275 2223 1420 2268; x_wconf 87' lang='lat' dir='ltr'>ponitur</span> <span class='ocrx_word' id='word_1_398' title='bbox 1442 2234 1522 2269; x_wconf 89' lang='lat' dir='ltr'>pars</span> <span class='ocrx_word' id='word_1_399' title='bbox 1544 2232 1633 2257; x_wconf 85' lang='lat' dir='ltr'>tem-</span> 
     </span>
     <span class='ocr_line' id='line_1_40' title="bbox 78 2274 1631 2321; baseline 0.001 -13"><span class='ocrx_word' id='word_1_400' title='bbox 78 2274 273 2321; x_wconf 85' lang='lat' dir='ltr'>perantiae,</span> <span class='ocrx_word' id='word_1_401' title='bbox 295 2274 501 2308; x_wconf 88' lang='lat' dir='ltr'>moderatur</span> <span class='ocrx_word' id='word_1_402' title='bbox 522 2274 736 2308; x_wconf 83' lang='lat' dir='ltr'>exteriorem</span> <span class='ocrx_word' id='word_1_403' title='bbox 756 2274 915 2309; x_wconf 89' lang='lat' dir='ltr'>hominis</span> <span class='ocrx_word' id='word_1_404' title='bbox 936 2275 1060 2316; x_wconf 87' lang='lat' dir='ltr'>vitam,</span> <span class='ocrx_word' id='word_1_405' title='bbox 1082 2283 1166 2321; x_wconf 89' lang='lat' dir='ltr'>puta</span> <span class='ocrx_word' id='word_1_406' title='bbox 1187 2276 1223 2309; x_wconf 89' lang='lat' dir='ltr'>in</span> <span class='ocrx_word' id='word_1_407' title='bbox 1244 2275 1397 2318; x_wconf 87' lang='lat' dir='ltr'>incessu,</span> <span class='ocrx_word' id='word_1_408' title='bbox 1418 2275 1478 2310; x_wconf 86' lang='lat' dir='ltr'>vel</span> <span class='ocrx_word' id='word_1_409' title='bbox 1495 2276 1631 2318; x_wconf 81' lang='lat' dir='ltr'>habitu,</span> 
     </span>
     <span class='ocr_line' id='line_1_41' title="bbox 79 2327 1632 2375; baseline 0.001 -14"><span class='ocrx_word' id='word_1_410' title='bbox 79 2327 138 2362; x_wconf 92' lang='lat' dir='ltr'>vel</span> <span class='ocrx_word' id='word_1_411' title='bbox 159 2327 236 2361; x_wconf 88' lang='lat' dir='ltr'>aliis</span> <span class='ocrx_word' id='word_1_412' title='bbox 255 2327 481 2372; x_wconf 83' lang='lat' dir='ltr'>hujusmodi:</span> <span class='ocrx_word' id='word_1_413' title='bbox 504 2335 621 2373; x_wconf 89' lang='lat' dir='ltr'>potest</span> <span class='ocrx_word' id='word_1_414' title='bbox 641 2335 763 2361; x_wconf 91' lang='lat' dir='ltr'>tamen</span> <span class='ocrx_word' id='word_1_415' title='bbox 784 2339 872 2369; x_wconf 89' lang='lat' dir='ltr'>esse,</span> <span class='ocrx_word' id='word_1_416' title='bbox 888 2327 984 2374; x_wconf 92' lang='lat' dir='ltr'>quod</span> <span class='ocrx_word' id='word_1_417' title='bbox 1002 2339 1137 2362; x_wconf 91' lang='lat' dir='ltr'>nomen</span> <span class='ocrx_word' id='word_1_418' title='bbox 1157 2328 1341 2375; x_wconf 83' lang='lat' dir='ltr'>epichejae</span> <span class='ocrx_word' id='word_1_419' title='bbox 1357 2329 1449 2374; x_wconf 84' lang='lat' dir='ltr'>apud</span> <span class='ocrx_word' id='word_1_420' title='bbox 1470 2329 1632 2363; x_wconf 80' lang='lat' dir='ltr'>Graecos</span> 
     </span>
     <span class='ocr_line' id='line_1_42' title="bbox 81 2379 1421 2426; baseline 0.001 -11"><span class='ocrx_word' id='word_1_421' title='bbox 81 2392 142 2426; x_wconf 89' lang='lat' dir='ltr'>per</span> <span class='ocrx_word' id='word_1_422' title='bbox 162 2379 357 2426; x_wconf 89' lang='lat' dir='ltr'>quamdam</span> <span class='ocrx_word' id='word_1_423' title='bbox 378 2379 648 2414; x_wconf 85' lang='lat' dir='ltr'>similitudinem</span> <span class='ocrx_word' id='word_1_424' title='bbox 668 2380 901 2415; x_wconf 76' lang='lat' dir='ltr'>transferatur</span> <span class='ocrx_word' id='word_1_425' title='bbox 923 2381 966 2414; x_wconf 86' lang='lat' dir='ltr'>ad</span> <span class='ocrx_word' id='word_1_426' title='bbox 988 2392 1116 2416; x_wconf 89' lang='lat' dir='ltr'>omnes</span> <span class='ocrx_word' id='word_1_427' title='bbox 1138 2381 1421 2416; x_wconf 85' lang='lat' dir='ltr'>moderationes.</span> 
     </span>
    </p>
   </div>
  </div>
 </body>
</html>
