1859 3122
492 162 713 197 QUAESTIO
748 162 896 192 LXXIII.
930 162 1174 192 ARTICULUS
1208 163 1235 192 1.
1562 165 1647 208 527

83 243 248 285 veritate;
273 251 356 289 puta
380 255 462 277 cum
486 243 613 289 aliquis
636 255 719 277 vera
739 243 890 278 crimina
914 243 1064 289 alicujus
1083 244 1225 290 pandit3
1250 256 1336 290 ergo
1359 257 1432 279 non
1456 247 1574 281 omnis
1593 247 1649 282 de—

82 296 237 342 nigratio
260 296 379 331 famae
402 305 454 331 est
476 297 662 331 detractio.

155 350 229 384 SED
257 360 411 384 CONTRA
439 358 502 392 est,
533 351 627 396 quod
656 350 784 384 dicitur
810 349 929 384 Eccle.
962 361 1032 385 1o.:
1061 351 1096 386 Si
1122 351 1269 386 mordeat
1293 358 1421 398 serpens
1448 354 1481 387 in
1506 354 1650 397 silentio,

82 403 166 437 nihil
182 415 216 437 co
239 404 346 437 minus
365 404 468 445 habet,
491 405 548 449 qui
562 404 681 438 occulte
703 403 868 444 dalahin·
893 415 980 450 ergo
1004 404 1146 439 occulte
1163 405 1329 439 mordere
1344 405 1480 440 famam
1497 407 1647 453 alicujus

82 464 135 490 est
157 456 356 490 detrahere.

153 509 381 544 RESPONDizo
404 509 610 552 dicendum,
625 509 720 556 quod
741 511 832 544 sicut
853 509 949 544 facto
974 510 1101 557 aliquis
1124 518 1232 546 nocet
1254 511 1357 546 alteri
1371 512 1544 559 dupliciter
1555 527 1565 548 .·
1580 526 1649 548 ma-

81 562 191 608 nifesta
213 563 371 609 quidem,
394 563 484 597 sicut
506 564 540 597 in
563 564 697 609 rapina,
716 563 773 597 vel
792 575 1021 609 quacumque
1044 563 1215 598 violentia
1239 564 1348 607 illata,
1368 567 1488 600 occulte
1512 576 1646 609 autem,

80 615 172 649 sicut
192 616 227 649 in
249 615 356 658 furto,
376 625 410 651 et
425 617 551 651 dolosa
566 618 818 662 percussione3
834 616 882 649 ita
904 617 1013 650 etiarn
1028 617 1138 650 verbo
1156 617 1283 663 aliquis
1299 618 1471 665 duplisiter
1488 620 1646 666 aliquem

80 669 207 704 laedit:
230 682 294 704 uno
318 670 410 704 modo
433 671 469 704 in
492 670 702 712 manifest03
727 678 761 704 et
781 670 852 703 hoc
875 669 913 703 fit
940 681 1001 715 per
1024 670 1297 713 contumeliam,
1320 679 1357 705 ut
1379 683 1486 718 supra
1509 673 1646 708 dictum

81 732 133 758 est
156 723 200 769 (q.
218 730 331 770 praec.
354 731 418 759 art.
442 725 483 770 1.)
499 738 508 759 :
527 723 702 758 ullomodo
725 723 887 765 occulte3
912 730 947 757 et
968 723 1038 757 hoc
1062 723 1099 757 fit
1122 735 1183 769 per
1206 724 1486 759 detractionem:
1511 738 1552 760 ex
1573 727 1646 760 hoc

82 785 202 811 autem
224 778 319 824 quod
344 778 470 824 aliquis
493 777 680 811 manifeste
701 777 808 811 verba
832 784 957 810 contra
980 776 1090 810 alium
1107 777 1251 822 profert,
1273 778 1414 812 videtur
1429 791 1512 813 eum
1535 781 1647 826 parvi-

80 831 258 876 pendere:
287 832 380 865 unde
408 843 449 866 ex
479 831 549 865 hoc
576 831 654 876 ipso
682 830 938 871 dehonoratur,
965 838 1000 864 et
1030 830 1112 864 ideo
1140 831 1361 866 contumelia
1389 832 1644 868 detrimentum

81 883 183 917 affert
204 884 336 918 honori
359 886 445 930 ejus,
467 885 503 918 in
526 896 633 930 quem
655 883 851 930 profertur:
874 883 935 917 sed
958 883 1019 929 qui
1040 884 1149 918 verba
1177 893 1301 918 contra
1330 885 1489 931 aliquem
1511 887 1646 932 profert

79 936 116 970 in
138 937 297 980 occulto,
315 938 455 972 videtur
476 949 559 972 eum
581 938 695 971 vereri
718 937 845 982 magis,
868 948 978 983 quam
1000 937 1275 983 parvipendere3
1298 939 1392 973 unde
1415 950 1489 973 non
1512 940 1645 974 directe

78 990 185 1025 infert
207 992 462 1026 detrimentum
483 992 627 1034 honori,
657 991 718 1026 sed
740 991 877 1033 famae3
900 992 1114 1037 inquantum
1136 992 1346 1037 hujusmodi
1364 994 1474 1027 verba
1502 995 1645 1029 occulta

79 1044 276 1090 proferens,
291 1054 464 1092 quantum
484 1046 519 1079 in
534 1045 612 1091 ipso
628 1053 690 1088 est,
705 1056 767 1079 eos
783 1045 843 1091 qui
859 1044 1017 1087 audiunt,
1032 1044 1118 1079 facit
1128 1045 1265 1079 malam
1281 1047 1493 1092 opinionem
1512 1048 1645 1082 habere

79 1098 122 1132 de
145 1110 200 1140 eo,
223 1107 348 1133 contra
371 1110 478 1145 quem
500 1098 673 1145 loquitur:
696 1099 767 1132 hoc
792 1098 888 1132 enim
911 1098 1095 1132 intendere
1117 1099 1267 1142 videtur,
1284 1107 1317 1134 et
1337 1100 1379 1133 ad
1399 1101 1469 1134 hoc
1494 1110 1647 1136 conatur

78 1151 281 1195 detrahens,
305 1160 342 1186 ut
364 1154 439 1197 ejus
461 1152 578 1186 verbis
606 1152 787 1194 credatur3
811 1152 903 1185 unde
926 1159 1033 1196 patet,
1056 1152 1153 1198 quod
1181 1152 1356 1187 detractio
1380 1153 1498 1188 differt
1520 1166 1540 1188 a
1562 1166 1645 1189 con-

76 1205 227 1240 tumelia
248 1206 441 1252 dupliciter:
463 1218 525 1240 nno
548 1205 642 1240 modo
659 1214 833 1251 quantum
850 1205 893 1238 ad
916 1206 1067 1239 modum
1086 1207 1314 1252 proponendi
1340 1208 1460 1250 verba,
1478 1209 1560 1254 quia
1582 1209 1646 1243 sci-

77 1257 162 1292 licet
183 1259 468 1294 contumeliosus
492 1258 681 1293 manifeste
704 1267 829 1293 contra
857 1258 1014 1304 aliquem
1036 1258 1206 1306 loquitur,
1229 1260 1410 1295 detractor
1438 1270 1559 1296 autern
1586 1274 1643 1296 oc-

78 1311 191 1346 culte:
215 1313 280 1346 alio
295 1312 389 1346 modo
412 1320 586 1358 quantum
610 1312 653 1346 ad
675 1312 785 1346 finem
807 1312 996 1354 intentum,
1020 1313 1094 1346 sive
1117 1322 1292 1358 quantum
1315 1315 1358 1348 ad
1377 1324 1642 1350 nocumentum

78 1365 230 1407 illatum,
254 1366 336 1411 quia
358 1365 496 1400 scilicet
517 1365 802 1400 contumeliosus
824 1366 974 1411 derogat
994 1366 1138 1408 honori,
1162 1367 1343 1401 detractor
1363 1367 1493 1403 famae.

148 1419 207 1453 AD
223 1430 371 1453 PRrMUM
394 1430 480 1465 ergo
500 1419 705 1460 dicendum,
721 1419 817 1465 quod
835 1419 871 1452 in
889 1418 1101 1453 voluntariis
1121 1421 1479 1464 commutationibus,
1497 1422 1540 1456 ad
1556 1435 1643 1468 quas

78 1472 297 1513 reducuntur
320 1473 442 1506 omnia
464 1480 683 1506 nocumenta
714 1472 881 1518 proximo
912 1471 1010 1506 illata
1040 1473 1163 1515 verbo,
1185 1473 1242 1507 vel
1264 1474 1372 1516 facto,
1401 1475 1643 1510 diversificant

77 1526 255 1560 rationem
277 1526 416 1572 peccati
438 1527 613 1569 occultum,
637 1534 671 1560 et
691 1527 923 1569 manifestum:
943 1527 1025 1571 quia
1049 1527 1117 1561 alia
1145 1536 1198 1562 est
1220 1528 1310 1562 ratio
1333 1529 1566 1564 involuntarii
1581 1542 1644 1576 per

76 1578 301 1620 violentiam,
324 1587 358 1613 et
376 1590 438 1625 per
458 1579 715 1625 ignorantiam,
738 1588 776 1613 ut
796 1591 902 1626 supra
925 1580 1061 1614 dictum
1084 1589 1137 1614 est
1160 1581 1206 1627 (q.
1230 1582 1277 1627 65.
1295 1587 1359 1617 art.
1379 1594 1411 1626 4.
1431 1588 1459 1617 et
1480 1593 1543 1618 1-2.
1563 1595 1592 1629 q.
1609 1584 1641 1619 6.

82 1637 144 1667 art.
160 1644 189 1678 5.
208 1637 238 1667 et
258 1633 316 1676 8.).

151 1685 210 1720 AD
250 1696 457 1720 SECUNDUM
492 1686 698 1728 dicendum,
733 1687 829 1732 quod
870 1688 979 1720 verba
1013 1687 1246 1722 detractionis
1280 1688 1447 1723 dicuntur
1485 1689 1640 1732 occulta,

76 1749 150 1772 non
172 1738 395 1784 simpliciter,
417 1739 477 1773 sed
500 1751 562 1784 per
590 1740 901 1785 comparationem
925 1741 967 1773 ad
996 1752 1090 1782 eum,
1114 1741 1156 1775 de
1184 1753 1255 1787 quo
1279 1742 1460 1785 dicuntur3
1489 1745 1570 1789 quia
1598 1754 1641 1778 eo

77 1792 233 1834 absente,
256 1800 290 1826 et
311 1792 501 1837 ignorante
516 1792 700 1827 dicuntur:
724 1794 784 1827 sed
808 1793 1092 1828 contumeliosus
1111 1794 1146 1828 in
1161 1793 1293 1828 faciem
1310 1804 1435 1829 contra
1449 1796 1639 1831 hominem

76 1845 251 1891 loquitur;
270 1846 364 1879 unde
382 1845 413 1879 si
432 1845 558 1891 aliquis
573 1846 616 1880 de
636 1845 706 1880 alio
723 1845 817 1880 male
833 1845 1001 1892 loquatur
1016 1858 1140 1881 coram
1155 1848 1276 1882 multis
1293 1860 1336 1882 eo
1357 1849 1514 1891 absente,
1531 1849 1642 1884 detra-

69 1899 148 1932 ‚ctio
172 1907 241 1940 est;
264 1899 292 1932 si
315 1906 434 1933 autem
465 1910 508 1933 eo
530 1898 609 1933 solo
636 1907 835 1946 praesente,
864 1900 1083 1934 contumelia
1107 1909 1176 1935 est:
1205 1903 1369 1948 quamvis
1393 1903 1504 1936 etiam
1526 1904 1555 1937 si
1578 1904 1639 1937 uni

76 1951 144 1985 soli
166 1951 292 1997 aliquis
314 1951 358 1986 de
380 1952 525 1986 absente
548 1952 687 1986 malum
710 1953 814 1994 dicat,
838 1954 1036 1999 corrumpit
1056 1953 1190 1988 famam
1216 1956 1290 2001 ejus
1314 1967 1387 1990 non
1410 1956 1445 1989 in
1466 1965 1556 1998 toto,
1579 1957 1640 1991 sed

76 2004 112 2037 in
134 2012 244 2050 parte.

146 2057 206 2091 AD
229 2068 399 2092 TERTIUM
422 2059 626 2101 dicendum,
646 2060 742 2105 quod
766 2059 893 2106 aliquis
916 2060 1045 2094 dicitur
1066 2060 1255 2096 detrahere
1275 2062 1387 2103 alteri,
1403 2074 1476 2096 non
1496 2063 1579 2109 quia
1594 2063 1642 2096 di-

77 2110 204 2144 minuit
219 2111 262 2145 de
275 2111 435 2153 veritate,
450 2112 511 2146 sed
534 2114 616 2158 quia
631 2112 798 2147 diminuit
820 2113 956 2147 famam
976 2115 1070 2158 ejus:
1094 2115 1190 2160 quod
1206 2115 1352 2161 quidem
1372 2115 1409 2150 fit
1423 2117 1640 2162 quandoque

76 2163 220 2205 directe,
243 2164 459 2210 quandoque
481 2165 671 2200 indirecte:
691 2166 810 2201 directe
825 2167 970 2212 quiden]
985 2167 1268 2214 quadrupliciter:
1287 2181 1350 2203 uno
1367 2169 1473 2211 modo,
1495 2170 1638 2215 quando

75 2215 207 2250 falsum
228 2217 383 2263 imponit
404 2217 520 2252 alteri:
543 2219 692 2261 serundo,
721 2221 864 2265 quando
888 2229 1079 2266 peccatum
1103 2222 1256 2267 adauget
1277 2223 1350 2256 suis
1371 2223 1509 2265 verbi33
1532 2225 1639 2265 nertio,

77 2269 220 2314 quando
243 2270 428 2304 occultum
451 2271 605 2306 revelat:
629 2278 758 2318 quarto,
782 2274 926 2319 quando
950 2274 983 2307 id
1007 2274 1103 2319 quod
1127 2283 1179 2308 est
1200 2275 1349 2317 bonum,
1370 2276 1455 2309 dicit
1478 2276 1572 2309 mala
1587 2276 1634 2309 in-

75 2322 236 2356 tentione
258 2322 412 2357 factum:
428 2325 600 2359 indirecte
616 2334 756 2361 autem:
779 2327 831 2361 vel
848 2327 1016 2372 negando
1038 2327 1175 2361 bonum
1198 2327 1362 2370 alterius,
1384 2329 1436 2362 tvl
1459 2328 1638 2363 malitiose

75 2375 279 2418 reticendo;
301 2377 352 2410 vel
374 2377 585 2412 minuendo.

643 2518 988 2574 ARTICULUS
1025 2521 1079 2563 ΙΙ.
1566 2543 1634 2575 402

326 2623 478 2653 UTRUM
510 2625 765 2654 DETRACTIO
794 2626 860 2655 SIT
894 2627 1131 2656 PECCATUM
1157 2627 1383 2656 MORTALE.

592 2711 704 2753 (Locis
720 2718 809 2757 supr.
833 2718 895 2747 art.
919 2725 945 2747 1.
971 2713 1140 2757 indurtt's).

148 2793 206 2827 AD
230 2805 435 2830 SECUNDUM
457 2797 507 2831 sic
529 2798 744 2843 proceditur.
773 2799 936 2841 Videtur,
959 2801 1055 2845 quod
1079 2800 1252 2834 detractio
1280 2812 1354 2834 non
1377 2801 1421 2835 sit
1448 2811 1636 2847 peccatum

79 2845 247 2880 mortale:
270 2848 387 2882 nullus
411 2849 506 2882 enim
529 2858 628 2884 actus
650 2851 788 2886 virtutis
814 2860 864 2886 est
886 2861 1077 2898 peccatum
1100 2852 1269 2887 mortale:
1295 2855 1356 2887 sed
1379 2854 1537 2889 revelare
1559 2868 1638 2902 pec—
