1859 3122
201 162 286 216 498
605 173 825 208 QUAESTIO
859 173 990 204 vau.
1024 174 1269 204 ARTICULUS
1301 173 1345 204 n.

200 255 400 289 secundum
422 265 474 296 ea,
497 265 588 300 quae
611 265 736 288 coram
757 254 835 301 ipso
858 254 1066 301 probantur,
1088 254 1304 289 sententiam
1323 254 1416 289 ferre
1438 263 1564 290 contra
1590 267 1642 299 ea,
1668 268 1760 303 quae

200 308 275 354 ipse
296 308 407 341 novit.

274 371 302 406 3.
325 361 561 395 PRAETEREA.
593 361 734 395 Idcirco
768 361 804 395 in
826 360 961 406 judicio
992 361 1224 407 probationes
1253 361 1493 407 requiruntur,
1523 370 1562 396 ut
1585 362 1674 397 fides
1699 362 1762 396 fiat

199 414 309 460 judici
335 414 378 448 de
400 415 451 448 rei
472 416 639 457 veritate3
662 415 755 448 unde
778 415 813 448 in
835 415 890 448 his
906 426 997 460 quac
1013 423 1094 449 sunt
1107 415 1262 457 notoria,
1277 426 1351 449 non
1373 416 1563 462 requiritur
1583 415 1760 462 judicialis

200 468 301 510 ordo,
323 468 522 502 secundum
537 468 625 502 illud
644 479 670 502 1.
688 468 731 502 ad
747 468 911 502 Timoth.
938 479 985 513 5.:
1007 469 1242 513 Quorumdam
1257 469 1427 503 hominnm
1436 474 1573 515 peccata
1586 470 1761 516 manifesta

197 527 271 556 sunt
287 521 517 568 praecedentia
544 522 586 556 ad
603 522 790 567 judicium;
825 522 855 556 si
876 533 962 567 ergo
985 522 1091 567 judex
1112 534 1174 568 per
1195 533 1232 556 se
1255 523 1445 568 cognoscit
1465 523 1667 566 veritatem,
1685 535 1760 558 non

199 575 304 609 debet
327 575 510 609 attendere
533 576 577 609 ad
599 587 653 617 ea,
675 586 766 622 quae
788 575 996 622 probantur,
1019 576 1080 610 sed
1103 575 1318 610 sententiam
1340 575 1432 611 ferre
1453 576 1653 610 secundum
1673 576 1750 610 veri

197 637 320 671 tatem,
343 640 450 674 quam
473 631 584 663 novit.

269 692 301 724 4.
328 682 566 717 PRAETEREA.
597 683 743 717 Nomen
775 684 988 717 conscientiae
1016 683 1190 729 importat
1221 682 1501 729 applicationem
1523 683 1694 718 scientiae
1717 684 1761 718 ad

201 735 335 782 aliquid
358 735 500 782 agibile,
523 744 561 770 ut
581 737 618 770 in
643 748 671 770 1.
694 736 858 770 habitum
881 744 934 770 est
954 738 999 782 (q.
1020 747 1072 782 79.
1091 741 1155 770 art.
1175 737 1256 782 13.):
1279 736 1340 770 sed
1361 736 1479 770 facere
1502 744 1628 770 contra
1649 737 1762 771 scien-

198 790 287 823 tiam
309 797 362 823 est
383 798 594 835 peccatum3
618 801 704 835 ergo
727 790 832 835 judex
854 798 992 836 peccat,
1011 790 1041 823 si
1054 790 1269 823 sententiam
1283 789 1374 824 ferat
1387 790 1587 824 secundum
1606 790 1760 837 allegata

198 851 323 877 contra
346 843 582 877 coscientiam
603 844 774 884 veritatis,
796 855 905 889 quam
927 843 1045 877 habet.

271 897 345 931 SED
369 907 524 931 CONTRA
541 905 604 939 est,
623 897 720 943 quod
736 897 906 931 Ambros.
918 897 1003 930 dicit
1020 907 1127 942 super
1140 896 1249 930 Psalt.
1265 897 1378 943 (super
1391 897 1442 930 Ps.
1458 897 1526 932 118.
1541 901 1689 932 octonar.
1703 909 1758 933 20.

194 955 268 985 sect.
285 953 347 996 5.):
370 963 387 982 «
408 951 529 984 Bonus
552 951 657 996 judex
671 950 762 984 nihil
777 961 818 983 ex
834 950 979 984 arbitrio
995 961 1060 984 suo
1075 949 1178 991 facit,
1201 950 1262 984 sed
1277 949 1477 984 secundum
1497 949 1608 996 leges,
1623 957 1658 984 et
1681 951 1760 996 jura

196 1004 406 1050 pronuntiat
424 1016 462 1038 »z
483 1005 543 1038 sed
563 1005 634 1038 hoc
654 1013 706 1038 est
726 1004 884 1049 judicare
900 1004 1099 1038 secundum
1119 1014 1171 1045 ea,
1190 1014 1281 1049 quae
1295 1003 1331 1037 in
1345 1003 1478 1048 judicio
1497 1011 1758 1049 proponuntur,

198 1066 233 1092 et
253 1059 468 1104 probantur3
492 1069 578 1103 ergo
602 1059 707 1103 judex
730 1058 834 1091 debet
855 1058 1054 1092 secundum
1071 1057 1280 1103 hujusmodi
1294 1057 1465 1103 judicare,
1492 1065 1527 1092 et
1543 1068 1618 1092 non
1637 1069 1760 1092 secun-

197 1112 283 1145 dum
305 1112 491 1158 proprium
518 1112 713 1145 arbitrium.
1752 1120 1755 1122 '

267 1165 496 1200 Rssspoxnsso
520 1165 725 1206 dicendum,
748 1164 856 1211 quod,
879 1164 971 1198 sicut
993 1163 1129 1198 dictum
1153 1172 1205 1198 est
1226 1165 1307 1209 (art.
1324 1171 1437 1210 praec.
1457 1169 1485 1198 et
1505 1176 1535 1210 q.
1558 1164 1614 1200 60.
1642 1169 1704 1199 art.
1727 1176 1757 1199 2.

193 1224 222 1253 et
233 1220 295 1263 6.),
306 1219 463 1264 judicare
476 1219 627 1265 pertinet
638 1219 681 1258 ad
693 1219 862 1263 judicem,
874 1218 1073 1252 secundum
1089 1218 1184 1263 quod
1197 1217 1355 1263 fungitur
1366 1217 1509 1263 publica
1519 1225 1713 1264 potestate3
1725 1226 1760 1252 et

193 1273 276 1306 ideo
298 1272 485 1306 informari
505 1273 610 1306 debet
623 1273 658 1306 in
673 1272 866 1317 judicando
882 1283 956 1305 non
971 1272 1170 1305 secundum
1185 1271 1232 1312 id,
1249 1271 1345 1317 quod
1360 1271 1435 1316 ipse
1449 1271 1550 1304 novit
1570 1279 1758 1317 tamquam

194 1326 331 1372 privata
353 1337 524 1371 persona:
547 1326 608 1359 sed
627 1325 829 1359 secundum
847 1325 893 1366 id,
909 1325 1005 1370 quod
1020 1325 1086 1358 sibi
1099 1325 1293 1358 innotescit
1305 1332 1493 1370 tamquam
1508 1335 1684 1370 personae
1698 1337 1759 1370 pu-

192 1379 327 1413 blicae:
351 1380 421 1413 hoc
438 1387 558 1413 autem
573 1379 766 1413 innotescit
780 1379 846 1412 sibi
861 1386 895 1412 et
909 1379 944 1411 in
960 1378 1159 1419 communi,
1182 1386 1216 1411 et
1230 1378 1265 1411 in
1280 1376 1502 1424 particulari:
1518 1378 1554 1411 in
1569 1378 1758 1411 communi

195 1433 341 1478 quidem
364 1445 426 1478 per
447 1433 546 1478 leges
568 1432 741 1478 publicas,
763 1431 821 1465 vel
843 1432 992 1473 divinas,
1007 1431 1065 1465 vel
1080 1431 1270 1473 humanas,
1293 1439 1418 1464 contra
1433 1441 1520 1476 quas
1541 1430 1659 1464 nullas
1679 1442 1759 1477 pro-

194 1486 357 1520 bationes
381 1486 568 1520 admittere
589 1486 710 1519 debet:
733 1486 768 1518 in
784 1484 991 1531 particulari
1010 1491 1130 1518 autem
1148 1484 1297 1530 negotio
1313 1483 1433 1530 aliquo
1452 1495 1515 1529 per
1532 1484 1757 1526 istrumenta,

196 1548 231 1573 et
250 1548 371 1581 testes,
394 1549 428 1574 et
442 1539 512 1573 alia
526 1539 735 1584 hujusmodi
749 1539 911 1584 legitima
926 1538 1157 1579 documenta,
1173 1549 1264 1583 quae
1279 1537 1384 1571 debet
1397 1537 1499 1583 sequi
1512 1537 1548 1570 in
1563 1537 1756 1583 judicando

192 1594 320 1639 magis,
343 1605 450 1639 quam
466 1593 500 1626 id
520 1593 617 1639 quod
639 1593 713 1638 ipse
735 1594 836 1626 novit
850 1600 1037 1638 tamquam
1051 1592 1188 1637 privata
1210 1602 1383 1637 persona,
1406 1602 1448 1624 ex
1463 1602 1534 1637 quo
1549 1599 1671 1625 tamen
1684 1591 1756 1625 hoc

196 1647 356 1692 adjuvari
377 1655 507 1692 potest,
529 1654 567 1680 ut
588 1646 780 1680 districtius
803 1645 970 1679 discutiat
991 1645 1223 1691 probationes
1245 1644 1420 1686 inductas,
1442 1652 1481 1678 ut
1500 1644 1614 1690 possit
1632 1655 1756 1678 earum

194 1699 375 1734 defectum
396 1700 628 1745 investigare:
651 1699 748 1745 quod
771 1699 800 1733 si
829 1710 890 1733 eas
917 1710 991 1732 non
1013 1700 1125 1745 possit
1148 1699 1190 1732 de
1211 1699 1288 1744 jure
1318 1697 1503 1744 repellere,
1527 1698 1642 1740 debet,
1664 1698 1757 1732 sicut

196 1754 332 1788 dictum
355 1762 407 1787 est
430 1754 498 1797 (hic
519 1753 620 1799 sup),
645 1764 704 1786 eas
727 1753 762 1786 in
784 1752 977 1798 judicando
1001 1752 1112 1798 sequi.

264 1808 322 1841 AD
344 1818 494 1841 PRIMUM
514 1818 600 1852 ergo
624 1806 829 1848 dicendum,
853 1806 948 1852 quod
967 1807 1048 1840 ideo
1067 1805 1306 1852 praemittitur
1320 1806 1355 1839 in
1370 1805 1440 1839 illis
1457 1805 1575 1839 verbis
1594 1805 1637 1839 de
1652 1817 1756 1852 quae-

193 1861 310 1895 stione
332 1861 509 1906 judicibus
530 1860 706 1902 facienda,
730 1868 767 1894 ut
788 1859 1020 1905 intelligatur,
1050 1859 1146 1905 quod
1176 1859 1335 1904 judicare
1360 1858 1491 1892 debent
1510 1858 1646 1904 judices
1667 1859 1756 1894 veri-

191 1923 303 1948 tatem
326 1914 524 1948 secundum
547 1925 600 1955 ea,
623 1924 714 1959 quae
740 1912 882 1947 fuerunt
903 1913 969 1947 sibi
990 1913 1186 1959 proposita.

265 1969 324 2002 AD
341 1978 548 2002 SECUNDUM
564 1967 770 2008 dicendum,
786 1967 882 2013 quod
896 1967 976 2000 Deo
993 1966 1167 2012 competit
1180 1965 1338 2011 judicare
1357 1966 1556 2000 secundum
1571 1966 1753 2012 propriam

193 2029 430 2068 potestatem,
454 2029 488 2055 et
508 2021 590 2055 ideo
613 2021 649 2054 in
670 2020 864 2066 judicando
886 2019 1104 2054 informatur
1118 2019 1318 2053 secundum
1331 2018 1532 2061 veritatem,
1555 2030 1664 2065 quam
1678 2019 1754 2065 ipse

194 2075 396 2120 cognoscit,
417 2085 491 2108 non
513 2074 713 2108 secundum
742 2074 826 2115 hoc,
857 2074 953 2119 quod
976 2073 1017 2106 ab
1041 2072 1118 2106 aliis
1141 2072 1289 2117 accipit3
1312 2080 1346 2106 et
1368 2072 1495 2106 eadem
1516 2073 1608 2107 ratio
1637 2081 1689 2107 est
1709 2073 1753 2107 de

195 2128 356 2169 Christo,
378 2128 437 2171 qui
460 2135 513 2161 est
541 2138 646 2161 verus
673 2127 785 2168 Deus,
815 2134 850 2160 et
878 2127 1012 2160 homo:
1036 2126 1097 2159 alii
1128 2133 1248 2159 autem
1271 2125 1406 2170 judices
1429 2137 1503 2161 non
1523 2126 1684 2172 iudicant
1703 2137 1755 2160 se-

195 2181 353 2216 cundum
376 2181 558 2227 propriam
582 2188 818 2226 potestatem3
840 2188 875 2213 et
891 2179 973 2213 ideo
995 2190 1070 2213 non
1092 2187 1145 2213 est
1162 2178 1288 2213 similis
1309 2179 1412 2213 ratio.

265 2235 324 2268 AD
352 2244 524 2268 TERTIUM
550 2234 756 2275 dicendum,
779 2233 875 2279 quod
897 2232 1096 2278 Apostolus
1114 2232 1272 2278 loquitur
1289 2232 1325 2266 in
1342 2244 1438 2275 casu,
1460 2233 1604 2279 quando
1620 2232 1752 2279 aliquid

191 2299 267 2322 non
289 2287 410 2322 solum
432 2296 485 2321 est
506 2285 738 2320 manifestum
757 2286 878 2331 judici,
896 2286 958 2320 sed
977 2286 1053 2327 sibi,
1073 2294 1106 2319 et
1121 2285 1218 2327 aliis;
1241 2286 1290 2319 ita
1307 2286 1404 2332 quod
1423 2297 1503 2320 reus
1521 2285 1622 2320 nullo
1641 2286 1751 2320 modo

193 2342 332 2376 crimen
354 2341 506 2375 inficiari
526 2348 645 2386 potest
667 2341 721 2383 (ut
742 2339 778 2372 in
800 2339 986 2383 notoriis):
1009 2339 1070 2373 sed
1086 2339 1205 2373 statim
1224 2350 1266 2373 ex
1280 2339 1358 2385 ipsa
1372 2339 1551 2373 evidentia
1570 2338 1656 2373 facti
1670 2350 1753 2373 con-

190 2395 362 2429 vincitur:
391 2394 419 2428 si
442 2402 561 2428 autem
581 2395 625 2427 sit
642 2392 873 2426 manifestum
888 2392 1009 2438 judici,
1032 2400 1066 2427 et
1086 2404 1160 2426 non
1187 2392 1276 2434 aliis,
1298 2393 1356 2427 vel
1379 2392 1467 2435 aliis,
1490 2400 1525 2427 et
1537 2404 1611 2427 non
1631 2392 1752 2439 judici,

191 2457 275 2483 tunc
293 2456 346 2483 est
366 2447 569 2482 necessaria
583 2446 710 2492 judicis
725 2445 911 2480 discussio.

262 2502 322 2536 AD
345 2511 534 2540 QUARTUM
557 2500 762 2540 dicendum,
783 2499 878 2544 quod
900 2499 1014 2533 homo
1037 2499 1073 2532 in
1094 2499 1162 2540 his,
1182 2511 1272 2545 quae
1292 2500 1335 2533 ad
1354 2499 1536 2546 propriam
1557 2509 1751 2545 personam

191 2556 380 2602 pertinent,
403 2555 508 2589 debet
526 2553 721 2588 informare
738 2552 999 2586 conscientiam
1022 2564 1124 2586 suam
1142 2564 1183 2586 ex
1198 2553 1341 2599 propria
1362 2553 1530 2587 scientia:
1553 2552 1614 2586 sed
1628 2552 1664 2586 in
1682 2552 1749 2594 his,

192 2621 282 2655 quae
305 2609 483 2655 pertinent
505 2608 547 2641 ad
570 2606 751 2653 publicam
771 2613 998 2651 potestatem,
1021 2606 1125 2639 debet
1147 2605 1341 2640 informare
1365 2606 1625 2640 conscientiam
1646 2616 1748 2640 suam

191 2663 390 2697 secundum
413 2674 465 2703 ea,
488 2672 578 2707 quae
599 2661 634 2694 in
657 2659 800 2706 publico
823 2659 956 2704 judicio
976 2659 1058 2693 sciri
1076 2667 1237 2704 possunt,
1260 2667 1326 2693 etc.
