1859 3122
210 141 296 195 644
601 150 822 185 QUAESTIO
856 150 1031 179 LXXXIX.
1065 149 1309 180 ARTICULUS
1341 150 1383 179 v.

782 306 1129 352 ARTICULUS
1160 307 1216 350 v.
1699 289 1768 362 4336

280 418 432 448 UTRUM
453 419 749 461 JURAMENTUM
776 418 844 448 SIT
870 417 1179 456 APPETENDUM‚
1206 417 1262 446 ET
1289 417 1696 458 FREQUENTANDUM,

652 482 874 519 TAMQUAM
899 482 1046 522 UTILE,
1073 482 1129 511 ET
1156 481 1324 512 BONUM.

274 571 389 618 (Schr.
409 583 438 617 q.
453 572 508 617 89.
524 576 588 606 art.
604 583 632 617 3.
649 577 738 617 corp.
755 575 783 605 et
795 582 844 605 1-2
863 582 893 616 q.
912 581 984 616 107.
1001 575 1064 604 art.
1080 581 1110 604 2.
1131 576 1220 616 corp.
1235 574 1263 604 et
1277 581 1304 615 3.
1327 569 1481 616 Dist.39.
1503 581 1532 615 q.
1547 581 1576 604 1.
1590 574 1656 605 art.
1673 581 1705 605 2.

826 628 854 658 et
865 625 959 659 Rom.
975 636 1002 658 1.
1018 623 1086 657 lect.
1098 623 1154 668 >'·)·

279 713 339 747 AD
366 723 551 747 OCTAVUM
570 712 621 746 sic
648 712 865 758 proceditur.
891 712 1054 754 Videtur,
1073 711 1169 758 quod
1190 711 1436 756 juramentum
1457 710 1501 745 sit
1527 711 1769 757 appetendum

211 774 246 800 et
263 765 579 811 frequentandum,
600 774 789 811 tamquam
812 765 897 799 utile
917 773 951 799 et
971 765 1126 799 bonum:
1150 766 1241 799 sicut
1263 764 1359 798 enim
1380 772 1508 798 votum
1526 771 1578 798 est
1605 773 1704 799 actus
1725 765 1774 799 la-

208 819 308 861 triae,
330 819 379 853 ita
401 827 435 853 et
456 820 720 865 juramentum:
743 819 805 853 sed
822 818 941 853 facere
964 818 1098 864 aliquid
1118 829 1159 852 ex
1176 825 1264 852 voto
1284 826 1336 851 est
1357 817 1583 859 laudabilius,
1603 825 1638 852 et
1653 818 1771 864 magis

210 872 446 914 meritorium,
475 872 558 918 quia
579 879 706 905 votum
729 880 781 906 est
803 880 903 905 actus
925 871 1062 913 latriae,
1077 880 1116 905 ut
1129 882 1235 916 supra
1251 871 1386 904 dictum
1409 878 1461 904 est
1482 871 1530 916 (q.
1549 871 1603 906 88.
1619 876 1683 906 art.
1699 871 1770 917 5.),·

210 937 296 971 ergo
319 926 396 972 pari
416 925 556 960 ratione
576 925 707 967 facere,
729 925 787 959 vel
809 925 927 959 dicere
949 925 1082 971 aliquid
1110 936 1191 958 cum
1214 925 1431 970 juramento,
1459 933 1513 958 est
1537 923 1768 959 laudabilius:

210 986 244 1013 et
265 979 315 1013 sic
337 980 580 1024 juramentum
604 987 656 1012 est
678 979 931 1024 appetendum,
952 986 1139 1024 tamquam
1154 989 1218 1024 per
1232 989 1269 1011 se
1290 978 1439 1011 bonum.

282 1042 312 1066 2.
335 1032 572 1075 PRAETEREA.
596 1032 842 1078 Hieronymus
863 1032 947 1065 dicit
969 1043 1074 1078 super
1095 1031 1222 1065 Matth.
1245 1031 1321 1074 (loc.
1344 1032 1414 1073 cit.)
1436 1030 1533 1076 quod
1558 1043 1575 1061 (c
1590 1031 1651 1076 qui
1667 1031 1772 1076 jurat,

210 1093 271 1120 aut
290 1094 494 1127 veneratur,
517 1092 577 1119 aut
599 1085 714 1130 diligit
729 1096 824 1126 eum,
840 1097 949 1131 quem
963 1086 1055 1130 jurat
1073 1096 1104 1118 »τ
1121 1085 1183 1118 sed
1201 1083 1376 1125 venerari,
1392 1091 1452 1117 aut
1466 1083 1615 1129 diligere
1636 1084 1769 1126 Deum,

209 1148 261 1174 est
283 1140 526 1185 appetendum
549 1147 735 1184 tamquam
757 1150 820 1184 per
841 1150 877 1172 se
899 1139 1056 1181 bonum3
1080 1149 1166 1183 ergo
1189 1146 1223 1171 et
1243 1138 1499 1182 juramentum.

283 1204 311 1238 3.
335 1193 570 1226 PRAETEREA.
589 1192 841 1237 Juramentum
870 1192 1055 1226 ordinatur
1084 1192 1128 1225 ad
1157 1191 1486 1232 confirmationem,
1517 1201 1579 1224 seu
1602 1190 1772 1225 certifica-

207 1246 367 1280 tionem:
390 1247 450 1280 sed
474 1246 569 1291 quod
591 1245 706 1279 homo
730 1245 920 1279 confirmet
938 1257 1044 1279 suum
1067 1245 1213 1285 dictum,
1232 1245 1370 1278 bonum
1393 1251 1461 1286 est3
1484 1254 1572 1289 ergo
1593 1244 1771 1290 juramen-

207 1308 286 1334 tum
310 1307 362 1333 est
383 1299 625 1345 appetendum
647 1307 835 1344 tamquam
856 1299 1004 1332 bonum.

284 1353 358 1387 SED
381 1362 536 1387 CONTRA
552 1360 615 1393 est,
631 1352 727 1397 quod
743 1352 872 1385 dicitur
885 1351 996 1385 Eccli.
1014 1361 1085 1395 23.:
1109 1352 1168 1385 Vir
1180 1351 1448 1396 multumjwans
1461 1351 1640 1396 replebitur
1653 1352 1773 1397 iniqui-

209 1412 286 1447 ταῖς
304 1415 339 1440 θῖ
353 1406 506 1451 August.
519 1406 604 1439 dicit
617 1406 652 1438 in
667 1405 758 1439 libro
771 1406 814 1439 de
824 1406 1017 1439 Mendacio
1033 1407 1119 1451 (sap.
1132 1405 1204 1450 15),
1225 1404 1320 1450 quod
1340 1412 1603 1450 «praeceptum
1617 1405 1769 1438 Domini

210 1461 253 1494 de
268 1459 511 1506 prohibitione
526 1459 719 1504 juramenti
735 1459 778 1492 ad
800 1459 871 1492 hoc
893 1458 1051 1504 positum
1075 1466 1138 1499 est,
1153 1466 1192 1491 ut
1212 1465 1399 1503 tamquam
1415 1457 1451 1490 in
1465 1465 1500 1491 te
1516 1464 1580 1498 est,
1591 1468 1666 1490 non
1685 1457 1770 1492 affe-

210 1522 294 1555 ctes,
320 1524 395 1547 non
426 1513 526 1558 quasi
562 1523 626 1558 pro
656 1512 754 1546 bono
783 1523 867 1545 curn
890 1511 1009 1557 aliqua
1032 1511 1272 1545 delectatione
1296 1519 1442 1556 appetas
1463 1511 1713 1556 jusjurandum
1734 1524 1766 1545 ».

281 1567 510 1601 RESPONDEO
526 1565 733 1607 dicendum,
756 1565 852 1611 quod
873 1565 921 1607 id,
943 1565 1039 1610 quod
1054 1576 1130 1598 non
1144 1564 1325 1610 quaeritur
1342 1564 1412 1598 nisi
1426 1563 1470 1597 ad
1485 1563 1770 1598 subveniendum

209 1620 420 1661 infirmitati,
441 1619 500 1653 vel
522 1618 688 1660 defectui,
710 1630 784 1653 non
806 1626 1017 1652 numeratur
1038 1618 1130 1652 inter
1150 1629 1191 1651 ea
1210 1629 1301 1663 quae
1316 1625 1398 1651 sunt
1418 1628 1481 1662 per
1502 1627 1539 1651 se
1562 1618 1773 1663 appetenda,

209 1675 271 1709 sed
292 1674 384 1708 inter
406 1684 447 1707 ea
474 1683 565 1718 quae
592 1680 675 1706 sunt
696 1672 918 1706 necessaria:
946 1672 1038 1705 sicut
1064 1680 1161 1717 patet
1188 1671 1230 1705 de
1257 1671 1450 1712 medicina,
1473 1681 1564 1716 quae
1590 1671 1774 1716 quaeritur

210 1728 254 1762 ad
276 1727 563 1762 subveniendum
585 1725 802 1760 infirmitati:
825 1727 1070 1771 juramentum
1093 1733 1214 1758 autem
1230 1724 1412 1770 quaeritur
1427 1724 1469 1757 ad
1487 1723 1774 1758 subveniendum

210 1781 318 1816 alicui
340 1779 506 1821 defectui,
529 1790 600 1825 quo
623 1779 761 1813 scilicet
782 1790 873 1813 unus
895 1779 1010 1812 homo
1033 1778 1135 1812 alteri
1157 1778 1346 1819 discredit;
1366 1785 1400 1811 et
1420 1777 1503 1811 ideo
1530 1778 1774 1822 juramentum

208 1846 283 1868 non
305 1842 356 1868 est
378 1833 587 1867 habendum
617 1833 708 1866 inter
737 1843 778 1866 ea
809 1844 900 1878 quae
933 1840 1015 1866 sunt
1036 1843 1098 1878 per
1120 1842 1156 1865 se
1177 1831 1388 1876 appetenda,
1410 1830 1473 1864 sed
1498 1830 1590 1864 inter
1616 1841 1658 1864 ea
1679 1841 1770 1876 quae

209 1896 291 1922 sunt
304 1887 387 1921 huic
410 1887 504 1921 vitae
526 1886 741 1927 necessaria,
764 1886 890 1931 quibus
914 1885 1069 1919 indebite
1096 1885 1216 1925 utitur,
1236 1885 1454 1930 quicumque
1476 1883 1526 1917 eis
1547 1883 1657 1917 utitur
1681 1883 1774 1918 ultra

209 1941 386 1976 terminos
407 1939 649 1981 necessitati33
672 1938 766 1973 unde
788 1939 941 1984 August.
965 1939 1051 1972 dicit
1072 1938 1107 1971 in
1130 1938 1188 1972 lib.
1212 1948 1240 1971 1.
1260 1937 1303 1971 de
1324 1937 1438 1970 Serm.
1457 1937 1568 1971 Dom.
1590 1937 1626 1970 in
1647 1945 1773 1972 monte

213 1995 302 2040 (cap.
317 1995 407 2039 17.).·
434 2006 451 2024 «
472 1992 547 2032 Qui
568 1992 736 2037 intelligit
756 2003 831 2025 non
853 1992 889 2024 in
910 1991 1027 2033 bonis,
1050 1991 1157 2035 (idest
1178 2002 1241 2036 per
1262 2001 1299 2024 se
1322 1990 1558 2036 appetendis),
1576 1990 1639 2024 sed
1659 1990 1696 2024 in
1716 2001 1777 2024 ne-

211 2047 374 2082 cessariis
407 2047 624 2090 jurationem
652 2045 870 2086 habendam,
899 2043 1076 2078 refraenet
1103 2055 1153 2085 se,
1188 2050 1361 2089 quantum
1396 2051 1524 2089 potest,
1559 2051 1597 2078 ut
1630 2054 1705 2077 non
1731 2054 1774 2078 ea

211 2109 339 2141 utatur,
362 2099 431 2133 nisi
451 2099 648 2132 necessitas
671 2106 779 2144 cogat
797 2112 828 2131 )).

281 2154 341 2188 AD
363 2162 511 2187 PRIMUM
535 2163 621 2196 ergo
644 2152 849 2193 dicendum,
880 2150 976 2197 quod
1005 2150 1073 2185 alia
1101 2151 1193 2184 ratio
1225 2158 1277 2184 est
1304 2150 1347 2184 de
1368 2158 1468 2192 voto,
1490 2158 1525 2185 et
1545 2151 1771 2196 Juramento:

209 2218 295 2241 narn
317 2217 380 2252 per
399 2213 525 2239 votum
549 2204 683 2250 aliquid
705 2205 741 2238 in
763 2205 833 2238 Dei
853 2204 1092 2239 reverentiam
1115 2204 1337 2245 ordinamus,
1352 2204 1446 2238 unde
1469 2215 1512 2238 ex
1529 2204 1601 2238 hoc
1627 2204 1707 2249 ipso
1728 2204 1774 2238 sit

210 2259 396 2305 religionis
418 2267 536 2292 actus:
560 2258 622 2292 sed
644 2259 680 2291 in
698 2258 902 2302 juramento
925 2268 944 2291 e
966 2268 1142 2291 converso
1166 2257 1365 2291 reverentia
1392 2257 1503 2290 divini
1532 2257 1691 2291 nominis
1717 2268 1771 2291 as-

209 2314 362 2348 sumitur
384 2312 427 2346 ad
445 2311 614 2358 promissi
643 2310 975 2352 confirniationen13
1006 2319 1040 2344 et
1069 2311 1150 2344 ideo
1178 2310 1266 2344 illud
1288 2311 1383 2356 quod
1410 2311 1614 2355 juramento
1643 2310 1769 2344 confir-

210 2375 339 2409 matur,
361 2377 434 2400 non
456 2372 603 2410 propter
627 2364 699 2397 hoc
722 2363 761 2398 fit
781 2363 967 2409 religionis
994 2372 1113 2405 actus;
1140 2364 1223 2409 quia
1249 2363 1450 2397 secundum
1470 2362 1582 2397 finem
1609 2363 1766 2398 morales

211 2429 311 2455 actus
333 2419 492 2466 speciem
514 2417 721 2452 sortiuntur.

280 2474 341 2508 AD
371 2482 578 2508 SECUNDUM
600 2471 805 2512 dicendum,
828 2471 925 2516 quod
946 2470 1006 2505 ille
1022 2470 1082 2516 qui
1109 2471 1212 2515 jurat,
1231 2470 1340 2504 utitur
1358 2469 1502 2515 quidem
1524 2470 1771 2513 veneratione,

211 2536 271 2562 aut
293 2527 486 2562 dilectione
509 2526 595 2570 ejus,
618 2536 681 2570 per
703 2535 810 2570 quem
833 2525 936 2569 jurat,
958 2535 1032 2557 non
1055 2532 1174 2558 autem
1191 2524 1590 2568 ordinatjuramentum
1605 2523 1648 2557 ad
1667 2535 1772 2558 vene-

210 2581 373 2622 randum,
397 2588 457 2614 aut
478 2579 701 2623 diligendum
724 2588 819 2619 eum,
839 2588 901 2623 per
919 2588 1027 2623 quem
1049 2578 1152 2623 jurat,
1175 2577 1237 2611 sed
1260 2577 1303 2610 ad
1326 2577 1459 2622 aliquid
1479 2576 1586 2619 aliud,
1606 2578 1702 2623 quod
1718 2585 1772 2612 est

209 2633 454 2669 necessarium
476 2631 654 2678 praesenti
674 2631 780 2665 vitae.

282 2688 341 2722 AD
361 2696 530 2721 TERTmM
554 2685 757 2725 dicendum,
780 2684 875 2730 quod
910 2684 1001 2717 sicut
1034 2683 1213 2717 medicina
1235 2692 1288 2718 est
1308 2683 1403 2717 utilis
1431 2683 1473 2717 ad
1501 2683 1713 2726 sanandum,
1736 2692 1771 2718 et

210 2750 332 2775 tamen
354 2748 488 2786 quanto
516 2747 568 2773 θεῖ
588 2738 792 2779 virtuosior,
819 2744 919 2770 tanto
947 2737 1062 2781 majus
1096 2745 1358 2771 nocumentum
1385 2736 1532 2777 inducit,
1559 2736 1588 2770 si
1614 2747 1687 2770 non
1714 2737 1771 2771 de-

211 2795 281 2829 bite
316 2802 495 2834 sumatur;
529 2793 576 2826 ita
608 2792 716 2827 etiam
738 2792 980 2837 iuramentum
1003 2790 1087 2824 utile
1122 2791 1266 2836 quidem
1289 2798 1341 2824 est
1368 2791 1411 2824 ad
1434 2789 1768 2833 confirmationem;

212 2857 333 2882 tamen
367 2855 501 2893 quanto
536 2854 588 2880 est
622 2845 737 2891 magis
771 2843 1033 2883 venerandumg
1060 2852 1160 2878 tanto
1195 2852 1248 2878 θεῖ
1274 2844 1390 2890 magis
1416 2843 1672 2889 periculosum,
1702 2843 1769 2879 nisi
