1859 3122
214 168 297 211 340
625 164 846 202 QUAESTIO
880 164 995 194 XLIV.
1029 164 1274 194 ARTICULUS
1307 165 1347 194 V.

789 298 1137 343 ARTICULUS
1163 298 1218 340 V.
1706 319 1770 354 245

214 395 365 425 UTRUM
387 395 519 425 SUPER
541 395 658 424 HOCt
681 395 854 424 DILIGES
878 395 1089 424 DOMINUM
1112 394 1238 423 TUUM
1258 394 1315 423 EX
1335 394 1460 435 TOTQ
1487 394 1633 424 CORDE
1656 393 1772 433 TU03

698 454 1037 484 CONVENIENTER
1064 453 1300 483 ADDATUR:

313 514 368 542 ET
394 513 451 542 EX
478 513 600 543 TOTA
626 513 764 543 ANIMA
790 514 893 553 TUA,
922 514 977 543 ET
1005 513 1062 542 EX
1089 513 1213 542 TOTA
1239 512 1542 542 FORTITUDINE
1571 511 1673 541 TUA.

509 589 551 635 (3.
568 589 656 623 Dist.
671 600 725 635 27.
740 591 775 623 in
788 596 895 636 expos.
912 590 960 624 Iit.
977 595 1004 624 at
1025 590 1107 623 Viri.
1124 600 1152 634 q.
1169 600 1199 623 2.
1215 593 1280 623 art.
1295 600 1346 623 10.
1361 588 1403 622 ad
1421 589 1480 633 1.).

285 674 345 708 AD
368 683 549 712 QUINTUM
565 673 614 707 sic
630 673 848 719 proceditur.
861 673 1024 715 Videtur,
1039 673 1135 719 quod
1154 673 1451 706 inconvenienter
1464 673 1611 706 Denter.
1626 670 1658 706 6.
1673 683 1778 718 super

215 728 286 762 hoc
306 726 401 773 quod
425 726 570 760 dicitur:
594 727 722 772 Diliges
740 727 926 761 Dominum
950 728 1058 761 Duum
1083 732 1175 760 tuum
1196 738 1233 760 cx
1255 731 1320 760 toto
1340 726 1435 760 corda
1454 730 1527 766 tzc0;
1549 725 1715 759 addatur:
1734 726 1780 760 Et

214 793 253 816 ux
275 785 340 815 tota
361 782 478 814 anima
500 785 568 823 lucz,
590 785 618 814 ct
639 792 677 814 cx
699 780 979 826 totczsfortilzciiin:
1007 786 1083 814 tua:
1112 791 1186 814 non
1214 780 1312 813 enim
1338 779 1512 825 accipitur
1537 779 1597 813 hic
1625 790 1687 813 cor
1713 790 1777 826 pro

215 835 380 869 membro
405 834 602 880 corporali3
626 835 709 880 quia
731 834 879 880 diligere
894 835 1015 868 Deum
1031 846 1104 868 non
1127 842 1180 868 est
1202 834 1364 880 corporis
1379 842 1496 876 actus;
1516 841 1659 880 oportet
1679 844 1778 879 ergo,

214 888 310 935 quod
327 899 389 922 cor
405 888 601 934 accipiatur
620 887 866 934 spiritualiter:
884 899 947 922 cor
962 896 1083 922 autem
1098 887 1328 933 spiritualiter
1344 895 1544 933 acceptum,
1558 886 1617 921 vel
1632 894 1685 921 est
1701 887 1780 933 ipsa

215 942 348 983 anima,
369 941 427 975 vel
449 941 583 987 aliquid
606 941 766 984 animae3
789 941 1009 987 superfluum
1031 952 1118 987 ergo
1140 941 1205 974 fuit
1228 949 1420 987 utrumque
1442 951 1588 987 ponere.

287 1006 317 1029 2.
340 995 576 1029 PRAETEREA.
596 994 784 1028 Fortitudo
799 995 959 1028 hominis
975 995 1167 1040 praecipue
1195 994 1373 1040 dependet
1394 1005 1436 1028 ex
1459 994 1579 1036 corde,
1595 993 1669 1028 sive
1684 993 1781 1039 spiri-

213 1048 357 1082 tualiter
370 1048 442 1081 hoc
466 1048 672 1093 accipiatur,
695 1048 769 1081 sive
793 1047 1048 1093 corporaliter3
1071 1058 1158 1093 ergo
1173 1055 1367 1093 postquam
1386 1047 1540 1081 dixerat:
1564 1047 1691 1092 Diliges
1711 1047 1781 1080 Do-

213 1102 343 1135 minum
364 1101 475 1135 Deum
498 1106 591 1135 ticum
613 1113 651 1135 ex
679 1105 742 1135 toto
766 1101 860 1135 corde
888 1106 955 1143 tuo,
979 1100 1199 1146 superfluum
1222 1100 1287 1134 fuit
1314 1100 1465 1134 addere:
1491 1101 1537 1135 Et
1563 1105 1630 1134 tota
1644 1100 1781 1145 fortitu-

215 1154 287 1189 dine
309 1160 375 1189 tua.

289 1219 317 1253 3.
340 1208 576 1242 PRAETEREA.
592 1207 719 1240 Matth.
737 1217 792 1241 22.
815 1207 960 1241 dicitur:
983 1207 1021 1241 In
1042 1212 1111 1242 totta
1131 1212 1232 1242 mente
1251 1213 1318 1250 tim,
1334 1207 1431 1253 quod
1450 1207 1509 1241 hic
1524 1218 1598 1241 non
1616 1207 1781 1253 ponitur3

216 1272 303 1307 ergo
326 1261 476 1302 videtur,
500 1261 595 1306 quod
619 1261 917 1294 inconvenienter
938 1261 1009 1294 hoc
1034 1268 1267 1306 praeceptum
1290 1261 1391 1294 detur
1413 1261 1558 1295 Deuter.
1583 1259 1614 1294 6.

288 1314 362 1348 SED
385 1324 540 1349 CONTRA
563 1321 616 1347 est
637 1314 833 1347 auctoritas
857 1314 1076 1359 Scripturae.

287 1367 518 1402 RESPONDEO
541 1367 747 1408 dicendum,
767 1367 865 1413 quod
882 1367 953 1401 hoc
972 1375 1205 1413 praeceptum
1225 1367 1466 1401 diversimode
1483 1367 1662 1401 invenitur
1678 1366 1783 1401 tradi-

217 1430 294 1455 tum
308 1421 345 1454 in
360 1421 508 1455 diversis
522 1420 631 1454 locis:
647 1432 744 1462 nam,
756 1421 847 1454 sicut
862 1421 998 1454 dictum
1013 1428 1065 1454 est
1076 1421 1125 1464 (in
1141 1432 1210 1466 arg.
1226 1421 1271 1465 r.)
1283 1421 1430 1455 Deuter.
1442 1419 1491 1455 6.:
1507 1428 1689 1466 ponuntur
1699 1422 1780 1461 tria,-

218 1474 371 1509 scilicet:
387 1486 426 1508 ex
440 1479 504 1509 toto
520 1474 628 1516 corde,
648 1482 682 1508 et
695 1486 733 1508 ex
749 1479 816 1508 tota
829 1475 958 1516 anima,
974 1482 1009 1508 et
1023 1485 1061 1508 ax
1076 1474 1350 1519 totasortitzcdine
1362 1487 1372 1508 .·
1386 1473 1514 1508 Matth.
1530 1484 1585 1508 22.
1599 1481 1783 1520 ponuntur

218 1528 289 1562 duo
304 1528 457 1570 horum3
479 1527 636 1562 scilicet:
657 1539 697 1562 ex
711 1532 774 1562 toto
790 1527 898 1569 corda,
915 1534 948 1561 et
963 1528 997 1561 in
1016 1532 1081 1561 tota
1095 1528 1231 1568 animm
1253 1535 1286 1561 et
1309 1527 1501 1561 omittitur:
1517 1539 1556 1562 ex
1573 1527 1784 1573 totasortitu-

218 1582 312 1623 dina,-
328 1581 391 1616 sed
413 1581 563 1623 additur,
578 1582 613 1615 in
635 1586 703 1616 tota
724 1586 849 1616 mente:
869 1581 931 1615 sed
948 1581 1038 1614 Mar.
1059 1591 1110 1614 12.
1125 1589 1309 1627 ponuntur
1322 1586 1478 1626 quatuor;
1495 1580 1648 1615 scilicet:
1664 1592 1703 1615 ex
1716 1585 1783 1616 toto

219 1635 325 1678 corde,
338 1643 372 1669 et
381 1647 419 1669 ex
429 1639 497 1669 tota
507 1636 633 1677 anima,
646 1642 681 1669 et
695 1646 734 1669 ex
749 1639 815 1669 tota
830 1639 946 1675 manta,
959 1642 994 1668 et
1007 1646 1046 1669 ex
1061 1639 1127 1669 tota
1140 1635 1273 1676 virtute,
1287 1645 1377 1680 quae
1393 1642 1446 1668 est
1457 1634 1556 1668 idern
1566 1633 1783 1677 fortitudini,

220 1697 254 1723 et
274 1689 364 1723 haec
387 1688 497 1722 etiam
516 1695 671 1734 quatuor
683 1696 880 1733 tanguntur
895 1688 983 1722 Luc,
1002 1697 1070 1722 1o.:
1086 1699 1171 1721 nam
1193 1687 1277 1721 loco
1299 1687 1528 1730 fortitudinis,
1550 1699 1612 1722 seu
1632 1687 1784 1730 virtutis,

219 1742 381 1787 ponitur:
396 1753 434 1776 ex
457 1742 608 1775 omnibus
631 1742 760 1775 viribus
776 1742 856 1782 tzcis,·
874 1749 908 1775 et
925 1741 1007 1775 ideo
1029 1741 1163 1774 horum
1185 1749 1340 1786 quatuor
1360 1749 1413 1775 est
1434 1741 1525 1775 ratio
1549 1741 1783 1787 assignanda:

219 1807 304 1828 narn
326 1794 423 1841 quod
446 1794 578 1829 alicubi
599 1805 712 1827 unum
733 1794 867 1828 horum
890 1794 1077 1835 omittitur,
1099 1794 1170 1828 hoc
1187 1802 1240 1828 est
1261 1794 1344 1840 quia
1365 1805 1479 1828 unum
1499 1794 1721 1840 intelligitur,
1743 1805 1785 1828 ex

220 1848 315 1890 aliis3
331 1856 384 1882 est
398 1859 485 1893 ergo
502 1847 818 1890 considerandum,
831 1848 928 1894 quod
944 1847 1089 1881 dilectio
1101 1855 1153 1881 est
1169 1855 1268 1881 actus
1278 1847 1486 1890 voluntatis,
1501 1859 1592 1894 quae
1606 1848 1664 1881 hic
1680 1847 1786 1894 signi-

220 1901 345 1936 ficatur
366 1912 429 1947 per
450 1913 528 1935 cor:
543 1912 628 1934 narn
643 1902 735 1935 sicut
757 1912 819 1935 cor
843 1900 1031 1946 corporale
1047 1908 1100 1934 est
1113 1900 1331 1946 principium
1353 1901 1520 1935 omnium
1539 1900 1786 1947 corporalium

221 1962 406 1989 motuum:
428 1954 476 1988 ita
491 1955 602 1988 etiam
623 1954 803 1996 voluntas,
826 1963 859 1988 et
882 1955 1039 1988 maxime
1059 1962 1234 2000 quantum
1250 1954 1292 1988 ad
1306 1955 1545 1988 intentionem
1561 1954 1641 1989 finis
1656 1955 1784 1997 ultimi,

220 2008 281 2054 qui
292 2015 344 2042 est
361 2007 545 2053 obJectum
562 2008 758 2050 charitatis,
774 2016 827 2042 est
839 2008 1055 2054 principium
1072 2008 1237 2042 omnium
1253 2007 1493 2054 spiritualium
1507 2016 1685 2042 motuum.
1704 2008 1788 2042 Tria

221 2069 342 2096 autem
364 2069 446 2095 sunt
466 2061 641 2107 principia
663 2070 810 2095 actuum
829 2072 920 2107 quae
939 2069 1131 2095 moventur
1150 2073 1168 2094 a
1189 2061 1395 2103 voluntate3
1418 2060 1573 2096 scilicet:
1595 2061 1785 2103 intellectus,

221 2115 282 2161 qui
303 2114 525 2160 significatur
551 2126 614 2160 per
641 2120 778 2155 mentum
806 2116 857 2148 vis
883 2115 1067 2161 appetitiva
1094 2115 1244 2157 inferior,
1273 2125 1364 2160 quae
1387 2114 1609 2159 significatur
1629 2125 1692 2161 per
1713 2116 1786 2149 ani—

223 2180 312 2202 mam
325 2181 335 2202 .·
359 2175 392 2202 et
412 2169 463 2202 vis
484 2169 656 2202 &recidiva
669 2169 823 2209 exterior,
840 2179 931 2213 quae
954 2167 1176 2212 significatur
1189 2179 1251 2214 per
1266 2167 1512 2213 fortitudinem,
1531 2179 1594 2202 seu
1614 2169 1785 2210 virtutem,

222 2223 296 2257 sive
317 2223 426 2262 vires,-
453 2222 671 2268 praecipitur
697 2232 784 2267 ergo
810 2221 927 2263 nobis,
954 2229 992 2255 ut
1017 2229 1092 2254 tota
1119 2229 1242 2255 nostra
1268 2221 1419 2255 intentio
1441 2220 1575 2255 feratur
1594 2221 1631 2254 in
1652 2221 1786 2264 Deum,

223 2275 320 2322 quod
343 2283 396 2309 est
416 2287 455 2309 ex
477 2279 540 2309 toto
564 2274 681 2315 conia,-
705 2282 740 2308 et
762 2275 858 2320 quod
879 2273 1085 2308 intellectus
1106 2282 1229 2308 noster
1251 2274 1421 2308 subdatur
1441 2274 1534 2316 Deo,
1557 2274 1654 2320 quod
1676 2282 1730 2309 est
1749 2286 1787 2309 ex

223 2334 291 2364 tota
315 2333 441 2369 meme,-
470 2335 504 2362 et
525 2328 622 2374 quod
645 2328 821 2374 appetitus
843 2335 966 2361 noster
986 2326 1169 2372 reguletur
1190 2327 1391 2361 secundum
1407 2327 1540 2369 Deum,
1559 2327 1656 2373 quod
1675 2335 1729 2362 est
1749 2339 1787 2362 ex

224 2387 291 2417 tota
312 2383 446 2416 anima:
471 2389 505 2415 et
523 2381 619 2427 quod
642 2382 797 2415 exterior
819 2389 919 2415 actus
941 2388 1063 2414 noster
1086 2380 1229 2414 obediat
1243 2380 1338 2422 Deo,
1360 2380 1457 2426 quod
1477 2388 1529 2415 est
1549 2392 1587 2415 ex
1605 2385 1674 2416 tota
1687 2381 1789 2427 forti-

224 2435 345 2477 tudine,
379 2434 438 2469 vel
469 2436 605 2477 virtute,
631 2434 690 2468 vel
718 2435 847 2468 viribus
881 2434 1001 2467 Deum
1033 2433 1192 2478 diligere.
1224 2433 1511 2479 Chrysostomus
1537 2441 1661 2468 tamen
1682 2445 1789 2480 super

224 2489 350 2523 Matth.
370 2489 474 2533 (hom.
488 2499 543 2532 42.
559 2489 592 2522 in
606 2494 658 2534 op.
676 2487 822 2533 imperf.)
844 2487 974 2532 accipit
988 2498 1006 2520 e
1023 2487 1204 2520 contrario
1219 2499 1287 2528 cor,
1305 2495 1338 2521 et
1353 2488 1514 2529 animam,
1530 2498 1640 2533 quam
1651 2486 1788 2521 dictum

225 2542 279 2576 sit.
302 2542 455 2587 August.
478 2552 564 2576 vero
586 2541 623 2574 in
648 2551 675 2574 1.
699 2540 742 2574 de
769 2541 877 2574 Doct.
907 2539 1039 2574 Christ.
1063 2540 1151 2586 (scip.
1174 2551 1226 2574 22.
1267 2539 1374 2574 refert
1395 2540 1514 2581 conad
1536 2541 1787 2586 cogitationes,

225 2604 260 2630 et
281 2597 431 2629 animam
456 2595 499 2629 ad
520 2594 644 2636 vitam,
665 2599 803 2628 metitum
827 2594 869 2627 ad
897 2592 1138 2627 intellectum:
1162 2593 1308 2639 quidam
1332 2602 1452 2628 autem
1474 2593 1616 2628 dicunt:
1641 2594 1695 2629 Ex
1721 2598 1787 2628 toto

226 2648 331 2690 corda,
360 2649 450 2683 idest
474 2647 679 2682 intellectu:
707 2647 844 2688 Anium,
870 2646 969 2688 idest,
991 2646 1196 2681 voluntate:
1225 2647 1347 2689 Mente,
1380 2647 1471 2681 idest
1504 2646 1700 2689 memoria3
1730 2645 1789 2681 vel
1846 2682 1849 2694 Ι

227 2702 426 2736 secundum
447 2701 600 2746 Gregor.
615 2700 822 2746 Nyssenum
837 2700 912 2744 (lili.
935 2699 971 2733 dc
986 2700 1141 2733 Dominis
1162 2700 1280 2746 Opific.
1299 2706 1369 2746 cap.
1385 2701 1444 2743 8.),
1464 2711 1526 2746 per
1540 2711 1598 2734 cor
1610 2699 1790 2746 significat
1844 2710 1849 2722 ’

227 2756 387 2789 animani
409 2754 669 2800 vegetabilem3
700 2765 761 2799 per
787 2754 949 2794 (mimam,
978 2753 1204 2795 sensitivam3
1228 2759 1290 2799 per
1322 2759 1471 2795 inmitem,
1507 2753 1786 2788 intellectivam:

228 2809 310 2855 quia
332 2808 403 2842 hoc
422 2808 518 2854 quod
537 2808 726 2848 nutrimur,
741 2806 926 2847 sentimus,
944 2814 977 2840 et
992 2806 1239 2851 intelligimus,
1258 2807 1430 2841 debemus
1445 2806 1488 2840 ad
1503 2807 1623 2841 Deum
1645 2805 1785 2840 referre.

299 2862 342 2896 Et
363 2873 425 2908 per
446 2862 516 2896 hoc
544 2870 640 2907 patet
662 2860 850 2906 responsio
871 2870 920 2894 AD
948 2869 1122 2904 ouJLC'rA.
