<?xml version="1.0" encoding="UTF-8"?>
<!DOCTYPE html PUBLIC "-//W3C//DTD XHTML 1.0 Transitional//EN"
    "http://www.w3.org/TR/xhtml1/DTD/xhtml1-transitional.dtd">
<html xmlns="http://www.w3.org/1999/xhtml" xml:lang="en" lang="en">
 <head>
  <title>
</title>
<meta http-equiv="Content-Type" content="text/html;charset=utf-8" />
  <meta name='ocr-system' content='tesseract 3.04.00' />
  <meta name='ocr-capabilities' content='ocr_page ocr_carea ocr_par ocr_line ocrx_word'/>
</head>
<body>
  <div class='ocr_page' id='page_1' title='image "./divithomaeaquina03thomuoft_1193.png"; bbox 0 0 1859 3122; ppageno 0'>
   <div class='ocr_carea' id='block_1_1' title="bbox 0 1549 17 2494">
    <p class='ocr_par' dir='ltr' id='par_1_1' title="bbox 0 1549 17 2494">
     <span class='ocr_line' id='line_1_1' title="bbox 0 1549 17 2494; baseline 0 0"><span class='ocrx_word' id='word_1_1' title='bbox 0 1549 17 2494; x_wconf 95' lang='lat' dir='ltr'> </span> 
     </span>
    </p>
   </div>
   <div class='ocr_carea' id='block_1_2' title="bbox 3 1765 18 2494">
    <p class='ocr_par' dir='ltr' id='par_1_2' title="bbox 3 1765 18 2494">
     <span class='ocr_line' id='line_1_2' title="bbox 3 1765 18 2494; baseline 0 0"><span class='ocrx_word' id='word_1_2' title='bbox 3 1765 18 2494; x_wconf 95' lang='lat' dir='ltr'> </span> 
     </span>
    </p>
   </div>
   <div class='ocr_carea' id='block_1_3' title="bbox 21 2838 25 2963">
    <p class='ocr_par' dir='ltr' id='par_1_3' title="bbox 21 2838 25 2963">
     <span class='ocr_line' id='line_1_3' title="bbox 21 2838 25 2963; baseline 0 159"><span class='ocrx_word' id='word_1_3' title='bbox 21 2838 25 2963; x_wconf 95' lang='lat' dir='ltr'> </span> 
     </span>
    </p>
   </div>
   <div class='ocr_carea' id='block_1_4' title="bbox 23 2964 27 3095">
    <p class='ocr_par' dir='ltr' id='par_1_4' title="bbox 23 2964 27 3118">
     <span class='ocr_line' id='line_1_4' title="bbox 23 2964 27 3095; baseline 0 15"><span class='ocrx_word' id='word_1_4' title='bbox 23 2964 27 3095; x_wconf 78' lang='lat' dir='ltr'>l</span> 
     </span>
    </p>
   </div>
   <div class='ocr_carea' id='block_1_5' title="bbox 453 204 1625 259">
    <p class='ocr_par' dir='ltr' id='par_1_5' title="bbox 453 204 1625 259">
     <span class='ocr_line' id='line_1_5' title="bbox 453 204 1625 259; baseline 0.003 -16"><span class='ocrx_word' id='word_1_5' title='bbox 453 213 671 249; x_wconf 83' lang='lat' dir='ltr'>QUAESTIO</span> <span class='ocrx_word' id='word_1_6' title='bbox 705 213 912 244; x_wconf 86' lang='lat' dir='ltr'>CLXXXIII.</span> <span class='ocrx_word' id='word_1_7' title='bbox 945 215 1189 245; x_wconf 87' lang='lat' dir='ltr'>ARTICULUS</span> <span class='ocrx_word' id='word_1_8' title='bbox 1222 216 1250 246; x_wconf 90' lang='grc' dir='ltr'>Ι.</span> <span class='ocrx_word' id='word_1_9' title='bbox 1520 204 1625 259; x_wconf 78' lang='lat'>1185</span> 
     </span>
    </p>
   </div>
   <div class='ocr_carea' id='block_1_6' title="bbox 68 295 1631 2000">
    <p class='ocr_par' dir='ltr' id='par_1_6' title="bbox 70 295 1628 395">
     <span class='ocr_line' id='line_1_6' title="bbox 70 295 1628 344; baseline 0.003 -15"><span class='ocrx_word' id='word_1_10' title='bbox 70 295 284 337; x_wconf 86' lang='lat' dir='ltr'>libertatem,</span> <span class='ocrx_word' id='word_1_11' title='bbox 306 296 363 330; x_wconf 85' lang='lat' dir='ltr'>vel</span> <span class='ocrx_word' id='word_1_12' title='bbox 390 297 618 338; x_wconf 85' lang='lat' dir='ltr'>servitutem;</span> <span class='ocrx_word' id='word_1_13' title='bbox 645 308 732 341; x_wconf 78' lang='lat' dir='ltr'>ergo</span> <span class='ocrx_word' id='word_1_14' title='bbox 759 297 910 340; x_wconf 86' lang='lat' dir='ltr'>videtur,</span> <span class='ocrx_word' id='word_1_15' title='bbox 937 298 1032 344; x_wconf 89' lang='lat' dir='ltr'>quod</span> <span class='ocrx_word' id='word_1_16' title='bbox 1060 309 1133 332; x_wconf 91' lang='lat' dir='ltr'>non</span> <span class='ocrx_word' id='word_1_17' title='bbox 1160 299 1271 333; x_wconf 80' lang='lat' dir='ltr'>variet</span> <span class='ocrx_word' id='word_1_18' title='bbox 1299 306 1430 333; x_wconf 86' lang='lat' dir='ltr'>statum</span> <span class='ocrx_word' id='word_1_19' title='bbox 1458 300 1628 342; x_wconf 89' lang='lat' dir='ltr'>hominis,</span> 
     </span>
     <span class='ocr_line' id='line_1_7' title="bbox 70 349 1136 395; baseline 0.004 -13"><span class='ocrx_word' id='word_1_20' title='bbox 70 349 136 383; x_wconf 86' lang='lat' dir='ltr'>nisi</span> <span class='ocrx_word' id='word_1_21' title='bbox 163 349 198 382; x_wconf 89' lang='lat' dir='ltr'>id</span> <span class='ocrx_word' id='word_1_22' title='bbox 225 349 321 395; x_wconf 85' lang='lat' dir='ltr'>quod</span> <span class='ocrx_word' id='word_1_23' title='bbox 345 350 497 395; x_wconf 86' lang='lat' dir='ltr'>pertinet</span> <span class='ocrx_word' id='word_1_24' title='bbox 523 351 565 384; x_wconf 80' lang='lat' dir='ltr'>ad</span> <span class='ocrx_word' id='word_1_25' title='bbox 592 349 806 392; x_wconf 83' lang='lat' dir='ltr'>libertatem,</span> <span class='ocrx_word' id='word_1_26' title='bbox 832 351 889 385; x_wconf 87' lang='lat' dir='ltr'>vel</span> <span class='ocrx_word' id='word_1_27' title='bbox 915 352 1136 386; x_wconf 87' lang='lat' dir='ltr'>servitutem.</span> 
     </span>
    </p>

    <p class='ocr_par' dir='ltr' id='par_1_7' title="bbox 68 401 1631 1411">
     <span class='ocr_line' id='line_1_8' title="bbox 140 401 1629 453; baseline 0.003 -17"><span class='ocrx_word' id='word_1_28' title='bbox 140 401 369 437; x_wconf 77' lang='lat' dir='ltr'>RESPONDEO</span> <span class='ocrx_word' id='word_1_29' title='bbox 392 404 595 445; x_wconf 82' lang='lat' dir='ltr'>dicendum,</span> <span class='ocrx_word' id='word_1_30' title='bbox 611 404 706 450; x_wconf 87' lang='lat' dir='ltr'>quod</span> <span class='ocrx_word' id='word_1_31' title='bbox 721 412 843 445; x_wconf 82' lang='lat' dir='ltr'>status,</span> <span class='ocrx_word' id='word_1_32' title='bbox 859 405 1001 450; x_wconf 82' lang='lat' dir='ltr'>proprie</span> <span class='ocrx_word' id='word_1_33' title='bbox 1024 405 1218 451; x_wconf 88' lang='lat' dir='ltr'>loquendo,</span> <span class='ocrx_word' id='word_1_34' title='bbox 1240 406 1418 450; x_wconf 75' lang='lat' dir='ltr'>significat</span> <span class='ocrx_word' id='word_1_35' title='bbox 1433 406 1629 453; x_wconf 87' lang='lat' dir='ltr'>quamdam</span> 
     </span>
     <span class='ocr_line' id='line_1_9' title="bbox 69 455 1628 505; baseline 0.004 -16"><span class='ocrx_word' id='word_1_36' title='bbox 69 455 256 501; x_wconf 84' lang='lat' dir='ltr'>positionis</span> <span class='ocrx_word' id='word_1_37' title='bbox 271 455 521 498; x_wconf 82' lang='lat' dir='ltr'>differentiam,</span> <span class='ocrx_word' id='word_1_38' title='bbox 536 458 734 491; x_wconf 84' lang='lat' dir='ltr'>secundum</span> <span class='ocrx_word' id='word_1_39' title='bbox 754 469 862 504; x_wconf 84' lang='lat' dir='ltr'>quam</span> <span class='ocrx_word' id='word_1_40' title='bbox 882 458 1015 504; x_wconf 83' lang='lat' dir='ltr'>aliquid</span> <span class='ocrx_word' id='word_1_41' title='bbox 1030 459 1239 505; x_wconf 78' lang='lat' dir='ltr'>disponitur,</span> <span class='ocrx_word' id='word_1_42' title='bbox 1258 461 1457 494; x_wconf 85' lang='lat' dir='ltr'>secundum</span> <span class='ocrx_word' id='word_1_43' title='bbox 1477 461 1628 495; x_wconf 89' lang='lat' dir='ltr'>modum</span> 
     </span>
     <span class='ocr_line' id='line_1_10' title="bbox 69 511 1630 556; baseline 0.004 -14"><span class='ocrx_word' id='word_1_44' title='bbox 69 520 154 543; x_wconf 84' lang='lat' dir='ltr'>suae</span> <span class='ocrx_word' id='word_1_45' title='bbox 176 518 335 551; x_wconf 83' lang='lat' dir='ltr'>naturae,</span> <span class='ocrx_word' id='word_1_46' title='bbox 358 511 459 555; x_wconf 82' lang='lat' dir='ltr'>quasi</span> <span class='ocrx_word' id='word_1_47' title='bbox 489 512 522 544; x_wconf 89' lang='lat' dir='ltr'>in</span> <span class='ocrx_word' id='word_1_48' title='bbox 545 511 700 556; x_wconf 84' lang='lat' dir='ltr'>quadam</span> <span class='ocrx_word' id='word_1_49' title='bbox 722 511 994 546; x_wconf 82' lang='lat' dir='ltr'>immobilitate:</span> <span class='ocrx_word' id='word_1_50' title='bbox 1017 520 1069 546; x_wconf 87' lang='lat' dir='ltr'>est</span> <span class='ocrx_word' id='word_1_51' title='bbox 1096 513 1191 546; x_wconf 87' lang='lat' dir='ltr'>enim</span> <span class='ocrx_word' id='word_1_52' title='bbox 1223 513 1384 548; x_wconf 87' lang='lat' dir='ltr'>naturale</span> <span class='ocrx_word' id='word_1_53' title='bbox 1411 514 1563 556; x_wconf 88' lang='lat' dir='ltr'>homini,</span> <span class='ocrx_word' id='word_1_54' title='bbox 1591 521 1630 548; x_wconf 89' lang='lat' dir='ltr'>ut</span> 
     </span>
     <span class='ocr_line' id='line_1_11' title="bbox 70 563 1630 610; baseline 0.003 -14"><span class='ocrx_word' id='word_1_55' title='bbox 70 570 177 608; x_wconf 85' lang='lat' dir='ltr'>caput</span> <span class='ocrx_word' id='word_1_56' title='bbox 198 563 272 608; x_wconf 87' lang='lat' dir='ltr'>ejus</span> <span class='ocrx_word' id='word_1_57' title='bbox 288 563 322 596; x_wconf 90' lang='lat' dir='ltr'>in</span> <span class='ocrx_word' id='word_1_58' title='bbox 337 564 520 608; x_wconf 86' lang='lat' dir='ltr'>superiora</span> <span class='ocrx_word' id='word_1_59' title='bbox 539 564 671 605; x_wconf 82' lang='lat' dir='ltr'>tendat,</span> <span class='ocrx_word' id='word_1_60' title='bbox 692 572 726 598; x_wconf 91' lang='lat' dir='ltr'>et</span> <span class='ocrx_word' id='word_1_61' title='bbox 747 564 854 610; x_wconf 88' lang='lat' dir='ltr'>pedes</span> <span class='ocrx_word' id='word_1_62' title='bbox 873 566 1016 599; x_wconf 86' lang='lat' dir='ltr'>interra</span> <span class='ocrx_word' id='word_1_63' title='bbox 1035 565 1232 608; x_wconf 84' lang='lat' dir='ltr'>firmentur,</span> <span class='ocrx_word' id='word_1_64' title='bbox 1252 575 1285 600; x_wconf 92' lang='lat' dir='ltr'>et</span> <span class='ocrx_word' id='word_1_65' title='bbox 1305 575 1445 601; x_wconf 87' lang='lat' dir='ltr'>caetera</span> <span class='ocrx_word' id='word_1_66' title='bbox 1467 568 1630 601; x_wconf 83' lang='lat' dir='ltr'>membra</span> 
     </span>
     <span class='ocr_line' id='line_1_12' title="bbox 69 616 1628 665; baseline 0.004 -16"><span class='ocrx_word' id='word_1_67' title='bbox 69 616 189 650; x_wconf 87' lang='lat' dir='ltr'>media</span> <span class='ocrx_word' id='word_1_68' title='bbox 211 617 439 651; x_wconf 84' lang='lat' dir='ltr'>convenienti</span> <span class='ocrx_word' id='word_1_69' title='bbox 462 618 587 652; x_wconf 84' lang='lat' dir='ltr'>ordine</span> <span class='ocrx_word' id='word_1_70' title='bbox 616 618 868 664; x_wconf 80' lang='lat' dir='ltr'>disponantur:</span> <span class='ocrx_word' id='word_1_71' title='bbox 896 619 991 664; x_wconf 86' lang='lat' dir='ltr'>quod</span> <span class='ocrx_word' id='word_1_72' title='bbox 1015 619 1160 665; x_wconf 90' lang='lat' dir='ltr'>quidem</span> <span class='ocrx_word' id='word_1_73' title='bbox 1187 631 1260 654; x_wconf 87' lang='lat' dir='ltr'>non</span> <span class='ocrx_word' id='word_1_74' title='bbox 1289 621 1428 663; x_wconf 85' lang='lat' dir='ltr'>accidit,</span> <span class='ocrx_word' id='word_1_75' title='bbox 1460 622 1488 655; x_wconf 93' lang='lat' dir='ltr'>si</span> <span class='ocrx_word' id='word_1_76' title='bbox 1513 621 1628 656; x_wconf 89' lang='lat' dir='ltr'>homo</span> 
     </span>
     <span class='ocr_line' id='line_1_13' title="bbox 68 669 1629 718; baseline 0.004 -15"><span class='ocrx_word' id='word_1_77' title='bbox 68 670 195 715; x_wconf 86' lang='lat' dir='ltr'>jaceat,</span> <span class='ocrx_word' id='word_1_78' title='bbox 216 669 274 704; x_wconf 89' lang='lat' dir='ltr'>vel</span> <span class='ocrx_word' id='word_1_79' title='bbox 296 671 428 712; x_wconf 79' lang='lat' dir='ltr'>sedeat,</span> <span class='ocrx_word' id='word_1_80' title='bbox 454 671 512 705; x_wconf 91' lang='lat' dir='ltr'>vel</span> <span class='ocrx_word' id='word_1_81' title='bbox 533 672 711 713; x_wconf 89' lang='lat' dir='ltr'>acumbat,</span> <span class='ocrx_word' id='word_1_82' title='bbox 738 672 800 706; x_wconf 90' lang='lat' dir='ltr'>sed</span> <span class='ocrx_word' id='word_1_83' title='bbox 822 671 941 705; x_wconf 90' lang='lat' dir='ltr'>solum</span> <span class='ocrx_word' id='word_1_84' title='bbox 969 673 1112 718; x_wconf 89' lang='lat' dir='ltr'>quando</span> <span class='ocrx_word' id='word_1_85' title='bbox 1145 682 1282 707; x_wconf 89' lang='lat' dir='ltr'>erectus</span> <span class='ocrx_word' id='word_1_86' title='bbox 1310 682 1396 709; x_wconf 87' lang='lat' dir='ltr'>stat:</span> <span class='ocrx_word' id='word_1_87' title='bbox 1416 686 1482 709; x_wconf 91' lang='lat' dir='ltr'>nec</span> <span class='ocrx_word' id='word_1_88' title='bbox 1509 686 1629 709; x_wconf 88' lang='lat' dir='ltr'>rursus</span> 
     </span>
     <span class='ocr_line' id='line_1_14' title="bbox 69 723 1628 773; baseline 0.004 -17"><span class='ocrx_word' id='word_1_89' title='bbox 69 731 162 756; x_wconf 89' lang='lat' dir='ltr'>stare</span> <span class='ocrx_word' id='word_1_90' title='bbox 189 723 328 765; x_wconf 88' lang='lat' dir='ltr'>dicitur,</span> <span class='ocrx_word' id='word_1_91' title='bbox 350 724 378 757; x_wconf 91' lang='lat' dir='ltr'>si</span> <span class='ocrx_word' id='word_1_92' title='bbox 406 733 606 766; x_wconf 86' lang='lat' dir='ltr'>moveatur,</span> <span class='ocrx_word' id='word_1_93' title='bbox 633 726 693 758; x_wconf 85' lang='lat' dir='ltr'>sed</span> <span class='ocrx_word' id='word_1_94' title='bbox 721 725 864 771; x_wconf 84' lang='lat' dir='ltr'>quando</span> <span class='ocrx_word' id='word_1_95' title='bbox 892 726 1059 771; x_wconf 85' lang='lat' dir='ltr'>quiescit;</span> <span class='ocrx_word' id='word_1_96' title='bbox 1082 734 1116 760; x_wconf 92' lang='lat' dir='ltr'>et</span> <span class='ocrx_word' id='word_1_97' title='bbox 1142 727 1223 760; x_wconf 89' lang='lat' dir='ltr'>inde</span> <span class='ocrx_word' id='word_1_98' title='bbox 1246 735 1309 769; x_wconf 91' lang='lat' dir='ltr'>est,</span> <span class='ocrx_word' id='word_1_99' title='bbox 1340 728 1436 773; x_wconf 90' lang='lat' dir='ltr'>quod</span> <span class='ocrx_word' id='word_1_100' title='bbox 1459 729 1566 762; x_wconf 88' lang='lat' dir='ltr'>etiam</span> <span class='ocrx_word' id='word_1_101' title='bbox 1592 728 1628 762; x_wconf 88' lang='lat' dir='ltr'>in</span> 
     </span>
     <span class='ocr_line' id='line_1_15' title="bbox 68 776 1628 825; baseline 0.004 -15"><span class='ocrx_word' id='word_1_102' title='bbox 68 776 154 822; x_wconf 90' lang='lat' dir='ltr'>ipsis</span> <span class='ocrx_word' id='word_1_103' title='bbox 177 777 378 811; x_wconf 82' lang='lat' dir='ltr'>actionibus</span> <span class='ocrx_word' id='word_1_104' title='bbox 400 777 568 811; x_wconf 85' lang='lat' dir='ltr'>humanis</span> <span class='ocrx_word' id='word_1_105' title='bbox 589 778 718 812; x_wconf 89' lang='lat' dir='ltr'>dicitur</span> <span class='ocrx_word' id='word_1_106' title='bbox 738 779 926 823; x_wconf 83' lang='lat' dir='ltr'>negotium</span> <span class='ocrx_word' id='word_1_107' title='bbox 949 779 1105 825; x_wconf 81' lang='lat' dir='ltr'>aliquem</span> <span class='ocrx_word' id='word_1_108' title='bbox 1128 787 1260 814; x_wconf 85' lang='lat' dir='ltr'>statum</span> <span class='ocrx_word' id='word_1_109' title='bbox 1279 781 1411 815; x_wconf 81' lang='lat' dir='ltr'>habere</span> <span class='ocrx_word' id='word_1_110' title='bbox 1429 782 1628 815; x_wconf 87' lang='lat' dir='ltr'>secundum</span> 
     </span>
     <span class='ocr_line' id='line_1_16' title="bbox 71 830 1628 880; baseline 0.004 -17"><span class='ocrx_word' id='word_1_111' title='bbox 71 830 235 864; x_wconf 83' lang='lat' dir='ltr'>ordinem</span> <span class='ocrx_word' id='word_1_112' title='bbox 254 831 420 876; x_wconf 90' lang='lat' dir='ltr'>propriae</span> <span class='ocrx_word' id='word_1_113' title='bbox 450 831 696 877; x_wconf 83' lang='lat' dir='ltr'>dispositionis</span> <span class='ocrx_word' id='word_1_114' title='bbox 720 843 802 865; x_wconf 90' lang='lat' dir='ltr'>cum</span> <span class='ocrx_word' id='word_1_115' title='bbox 825 832 979 877; x_wconf 82' lang='lat' dir='ltr'>quadam</span> <span class='ocrx_word' id='word_1_116' title='bbox 1000 833 1265 875; x_wconf 82' lang='lat' dir='ltr'>immobilitate,</span> <span class='ocrx_word' id='word_1_117' title='bbox 1284 845 1346 868; x_wconf 87' lang='lat' dir='ltr'>seu</span> <span class='ocrx_word' id='word_1_118' title='bbox 1377 835 1510 880; x_wconf 85' lang='lat' dir='ltr'>quiete;</span> <span class='ocrx_word' id='word_1_119' title='bbox 1534 835 1628 869; x_wconf 90' lang='lat' dir='ltr'>unde</span> 
     </span>
     <span class='ocr_line' id='line_1_17' title="bbox 71 883 1628 930; baseline 0.004 -13"><span class='ocrx_word' id='word_1_120' title='bbox 71 891 105 917; x_wconf 91' lang='lat' dir='ltr'>et</span> <span class='ocrx_word' id='word_1_121' title='bbox 123 883 218 918; x_wconf 82' lang='lat' dir='ltr'>circa</span> <span class='ocrx_word' id='word_1_122' title='bbox 240 884 419 926; x_wconf 87' lang='lat' dir='ltr'>homines,</span> <span class='ocrx_word' id='word_1_123' title='bbox 435 896 476 918; x_wconf 88' lang='lat' dir='ltr'>ea</span> <span class='ocrx_word' id='word_1_124' title='bbox 495 896 586 930; x_wconf 88' lang='lat' dir='ltr'>quae</span> <span class='ocrx_word' id='word_1_125' title='bbox 601 885 643 918; x_wconf 89' lang='lat' dir='ltr'>de</span> <span class='ocrx_word' id='word_1_126' title='bbox 661 884 758 918; x_wconf 83' lang='lat' dir='ltr'>sacili</span> <span class='ocrx_word' id='word_1_127' title='bbox 773 885 867 919; x_wconf 86' lang='lat' dir='ltr'>circa</span> <span class='ocrx_word' id='word_1_128' title='bbox 888 897 950 919; x_wconf 90' lang='lat' dir='ltr'>eos</span> <span class='ocrx_word' id='word_1_129' title='bbox 964 886 1155 928; x_wconf 79' lang='lat' dir='ltr'>variantur,</span> <span class='ocrx_word' id='word_1_130' title='bbox 1175 895 1209 921; x_wconf 93' lang='lat' dir='ltr'>et</span> <span class='ocrx_word' id='word_1_131' title='bbox 1227 888 1426 922; x_wconf 79' lang='lat' dir='ltr'>extrinseca</span> <span class='ocrx_word' id='word_1_132' title='bbox 1444 896 1536 930; x_wconf 89' lang='lat' dir='ltr'>sunt,</span> <span class='ocrx_word' id='word_1_133' title='bbox 1553 900 1628 923; x_wconf 91' lang='lat' dir='ltr'>non</span> 
     </span>
     <span class='ocr_line' id='line_1_18' title="bbox 70 937 1629 987; baseline 0.004 -17"><span class='ocrx_word' id='word_1_134' title='bbox 70 937 291 971; x_wconf 87' lang='lat' dir='ltr'>constituunt</span> <span class='ocrx_word' id='word_1_135' title='bbox 311 945 459 972; x_wconf 85' lang='lat' dir='ltr'>statum:</span> <span class='ocrx_word' id='word_1_136' title='bbox 482 946 567 983; x_wconf 90' lang='lat' dir='ltr'>puta</span> <span class='ocrx_word' id='word_1_137' title='bbox 589 938 684 984; x_wconf 91' lang='lat' dir='ltr'>quod</span> <span class='ocrx_word' id='word_1_138' title='bbox 708 939 835 984; x_wconf 89' lang='lat' dir='ltr'>aliquis</span> <span class='ocrx_word' id='word_1_139' title='bbox 856 939 900 972; x_wconf 88' lang='lat' dir='ltr'>sit</span> <span class='ocrx_word' id='word_1_140' title='bbox 918 939 1027 980; x_wconf 84' lang='lat' dir='ltr'>dives,</span> <span class='ocrx_word' id='word_1_141' title='bbox 1050 940 1106 973; x_wconf 87' lang='lat' dir='ltr'>vel</span> <span class='ocrx_word' id='word_1_142' title='bbox 1129 952 1274 986; x_wconf 83' lang='lat' dir='ltr'>pauper,</span> <span class='ocrx_word' id='word_1_143' title='bbox 1294 941 1330 974; x_wconf 92' lang='lat' dir='ltr'>in</span> <span class='ocrx_word' id='word_1_144' title='bbox 1349 941 1521 987; x_wconf 78' lang='lat' dir='ltr'>dignitate</span> <span class='ocrx_word' id='word_1_145' title='bbox 1543 953 1629 976; x_wconf 89' lang='lat' dir='ltr'>con-</span> 
     </span>
     <span class='ocr_line' id='line_1_19' title="bbox 69 990 1629 1040; baseline 0.004 -17"><span class='ocrx_word' id='word_1_146' title='bbox 69 990 221 1031; x_wconf 81' lang='lat' dir='ltr'>stitutus,</span> <span class='ocrx_word' id='word_1_147' title='bbox 235 990 293 1024; x_wconf 86' lang='lat' dir='ltr'>vel</span> <span class='ocrx_word' id='word_1_148' title='bbox 315 990 485 1036; x_wconf 73' lang='lat' dir='ltr'>plebeius,</span> <span class='ocrx_word' id='word_1_149' title='bbox 507 991 565 1026; x_wconf 91' lang='lat' dir='ltr'>vel</span> <span class='ocrx_word' id='word_1_150' title='bbox 586 992 613 1025; x_wconf 87' lang='lat' dir='ltr'>si</span> <span class='ocrx_word' id='word_1_151' title='bbox 636 992 719 1037; x_wconf 87' lang='lat' dir='ltr'>quid</span> <span class='ocrx_word' id='word_1_152' title='bbox 752 991 846 1025; x_wconf 86' lang='lat' dir='ltr'>aliud</span> <span class='ocrx_word' id='word_1_153' title='bbox 867 1000 918 1025; x_wconf 90' lang='lat' dir='ltr'>est</span> <span class='ocrx_word' id='word_1_154' title='bbox 940 992 1167 1037; x_wconf 75' lang='lat' dir='ltr'>liujusmodi3</span> <span class='ocrx_word' id='word_1_155' title='bbox 1188 994 1281 1028; x_wconf 90' lang='lat' dir='ltr'>unde</span> <span class='ocrx_word' id='word_1_156' title='bbox 1305 1003 1337 1028; x_wconf 89' lang='lat' dir='ltr'>et</span> <span class='ocrx_word' id='word_1_157' title='bbox 1360 996 1395 1028; x_wconf 81' lang='lat' dir='ltr'>in</span> <span class='ocrx_word' id='word_1_158' title='bbox 1413 995 1496 1040; x_wconf 87' lang='lat' dir='ltr'>Jure</span> <span class='ocrx_word' id='word_1_159' title='bbox 1519 995 1629 1030; x_wconf 91' lang='lat' dir='ltr'>Civili</span> 
     </span>
     <span class='ocr_line' id='line_1_20' title="bbox 71 1044 1628 1092; baseline 0.004 -15"><span class='ocrx_word' id='word_1_160' title='bbox 71 1044 146 1087; x_wconf 83' lang='lat' dir='ltr'>(lib.</span> <span class='ocrx_word' id='word_1_161' title='bbox 168 1044 298 1078; x_wconf 76' lang='lat' dir='ltr'>Cassius</span> <span class='ocrx_word' id='word_1_162' title='bbox 324 1049 353 1078; x_wconf 76' lang='lat' dir='ltr'>ct</span> <span class='ocrx_word' id='word_1_163' title='bbox 376 1057 438 1090; x_wconf 79' lang='lat' dir='ltr'>seq.</span> <span class='ocrx_word' id='word_1_164' title='bbox 455 1045 491 1090; x_wconf 85' lang='lat' dir='ltr'>ff.</span> <span class='ocrx_word' id='word_1_165' title='bbox 519 1045 554 1078; x_wconf 64' lang='lat' dir='ltr'>cle</span> <span class='ocrx_word' id='word_1_166' title='bbox 575 1045 775 1089; x_wconf 64' lang='lat' dir='ltr'>Scmztorih.)</span> <span class='ocrx_word' id='word_1_167' title='bbox 801 1045 939 1086; x_wconf 87' lang='lat' dir='ltr'>dicitur,</span> <span class='ocrx_word' id='word_1_168' title='bbox 961 1046 1056 1090; x_wconf 87' lang='lat' dir='ltr'>quod</span> <span class='ocrx_word' id='word_1_169' title='bbox 1088 1046 1131 1087; x_wconf 92' lang='lat' dir='ltr'>ei,</span> <span class='ocrx_word' id='word_1_170' title='bbox 1155 1047 1214 1092; x_wconf 89' lang='lat' dir='ltr'>qui</span> <span class='ocrx_word' id='word_1_171' title='bbox 1245 1059 1264 1080; x_wconf 91' lang='lat' dir='ltr'>a</span> <span class='ocrx_word' id='word_1_172' title='bbox 1285 1056 1409 1082; x_wconf 86' lang='lat' dir='ltr'>senatu</span> <span class='ocrx_word' id='word_1_173' title='bbox 1430 1056 1628 1090; x_wconf 85' lang='lat' dir='ltr'>amovetur,</span> 
     </span>
     <span class='ocr_line' id='line_1_21' title="bbox 70 1097 1629 1144; baseline 0.004 -14"><span class='ocrx_word' id='word_1_174' title='bbox 70 1097 186 1143; x_wconf 77' lang='lat' dir='ltr'>magis</span> <span class='ocrx_word' id='word_1_175' title='bbox 205 1097 370 1142; x_wconf 82' lang='lat' dir='ltr'>dignitas,</span> <span class='ocrx_word' id='word_1_176' title='bbox 385 1109 492 1144; x_wconf 89' lang='lat' dir='ltr'>quam</span> <span class='ocrx_word' id='word_1_177' title='bbox 508 1106 618 1132; x_wconf 87' lang='lat' dir='ltr'>status</span> <span class='ocrx_word' id='word_1_178' title='bbox 635 1097 809 1139; x_wconf 79' lang='lat' dir='ltr'>aufertur3</span> <span class='ocrx_word' id='word_1_179' title='bbox 828 1098 890 1131; x_wconf 89' lang='lat' dir='ltr'>sed</span> <span class='ocrx_word' id='word_1_180' title='bbox 910 1098 1030 1132; x_wconf 91' lang='lat' dir='ltr'>solum</span> <span class='ocrx_word' id='word_1_181' title='bbox 1048 1099 1081 1132; x_wconf 88' lang='lat' dir='ltr'>id</span> <span class='ocrx_word' id='word_1_182' title='bbox 1096 1100 1237 1133; x_wconf 88' lang='lat' dir='ltr'>videtur</span> <span class='ocrx_word' id='word_1_183' title='bbox 1259 1102 1301 1134; x_wconf 82' lang='lat' dir='ltr'>ad</span> <span class='ocrx_word' id='word_1_184' title='bbox 1320 1109 1451 1135; x_wconf 87' lang='lat' dir='ltr'>statum</span> <span class='ocrx_word' id='word_1_185' title='bbox 1470 1102 1629 1136; x_wconf 85' lang='lat' dir='ltr'>hominis</span> 
     </span>
     <span class='ocr_line' id='line_1_22' title="bbox 70 1151 1629 1201; baseline 0.004 -17"><span class='ocrx_word' id='word_1_186' title='bbox 70 1151 259 1196; x_wconf 88' lang='lat' dir='ltr'>pertinere,</span> <span class='ocrx_word' id='word_1_187' title='bbox 279 1151 374 1197; x_wconf 87' lang='lat' dir='ltr'>quod</span> <span class='ocrx_word' id='word_1_188' title='bbox 396 1151 541 1196; x_wconf 84' lang='lat' dir='ltr'>respicit</span> <span class='ocrx_word' id='word_1_189' title='bbox 558 1151 819 1196; x_wconf 81' lang='lat' dir='ltr'>obligationem</span> <span class='ocrx_word' id='word_1_190' title='bbox 839 1162 1014 1197; x_wconf 83' lang='lat' dir='ltr'>personae</span> <span class='ocrx_word' id='word_1_191' title='bbox 1032 1152 1207 1186; x_wconf 86' lang='lat' dir='ltr'>hominis:</span> <span class='ocrx_word' id='word_1_192' title='bbox 1227 1162 1334 1199; x_wconf 88' lang='lat' dir='ltr'>prout</span> <span class='ocrx_word' id='word_1_193' title='bbox 1351 1155 1488 1189; x_wconf 87' lang='lat' dir='ltr'>scilicet</span> <span class='ocrx_word' id='word_1_194' title='bbox 1503 1155 1629 1201; x_wconf 86' lang='lat' dir='ltr'>aliquis</span> 
     </span>
     <span class='ocr_line' id='line_1_23' title="bbox 70 1203 1631 1250; baseline 0.003 -12"><span class='ocrx_word' id='word_1_195' title='bbox 70 1212 124 1238; x_wconf 88' lang='lat' dir='ltr'>est</span> <span class='ocrx_word' id='word_1_196' title='bbox 144 1205 198 1238; x_wconf 87' lang='lat' dir='ltr'>sui</span> <span class='ocrx_word' id='word_1_197' title='bbox 216 1205 312 1249; x_wconf 89' lang='lat' dir='ltr'>juris,</span> <span class='ocrx_word' id='word_1_198' title='bbox 333 1203 390 1238; x_wconf 85' lang='lat' dir='ltr'>vel</span> <span class='ocrx_word' id='word_1_199' title='bbox 417 1204 540 1245; x_wconf 89' lang='lat' dir='ltr'>alieni;</span> <span class='ocrx_word' id='word_1_200' title='bbox 564 1211 598 1238; x_wconf 88' lang='lat' dir='ltr'>et</span> <span class='ocrx_word' id='word_1_201' title='bbox 619 1204 688 1238; x_wconf 92' lang='lat' dir='ltr'>hoc</span> <span class='ocrx_word' id='word_1_202' title='bbox 711 1215 784 1238; x_wconf 92' lang='lat' dir='ltr'>non</span> <span class='ocrx_word' id='word_1_203' title='bbox 808 1216 849 1238; x_wconf 81' lang='lat' dir='ltr'>ex</span> <span class='ocrx_word' id='word_1_204' title='bbox 873 1204 991 1250; x_wconf 89' lang='lat' dir='ltr'>aliqua</span> <span class='ocrx_word' id='word_1_205' title='bbox 1014 1217 1121 1239; x_wconf 85' lang='lat' dir='ltr'>causa</span> <span class='ocrx_word' id='word_1_206' title='bbox 1144 1206 1224 1248; x_wconf 87' lang='lat' dir='ltr'>levi,</span> <span class='ocrx_word' id='word_1_207' title='bbox 1247 1207 1303 1241; x_wconf 92' lang='lat' dir='ltr'>vel</span> <span class='ocrx_word' id='word_1_208' title='bbox 1326 1208 1369 1241; x_wconf 91' lang='lat' dir='ltr'>de</span> <span class='ocrx_word' id='word_1_209' title='bbox 1391 1207 1487 1241; x_wconf 86' lang='lat' dir='ltr'>facili</span> <span class='ocrx_word' id='word_1_210' title='bbox 1514 1217 1631 1242; x_wconf 91' lang='lat' dir='ltr'>muta-</span> 
     </span>
     <span class='ocr_line' id='line_1_24' title="bbox 69 1257 1630 1305; baseline 0.004 -15"><span class='ocrx_word' id='word_1_211' title='bbox 69 1257 143 1299; x_wconf 83' lang='lat' dir='ltr'>bili,</span> <span class='ocrx_word' id='word_1_212' title='bbox 164 1257 224 1292; x_wconf 86' lang='lat' dir='ltr'>sed</span> <span class='ocrx_word' id='word_1_213' title='bbox 245 1268 287 1291; x_wconf 84' lang='lat' dir='ltr'>ex</span> <span class='ocrx_word' id='word_1_214' title='bbox 309 1257 430 1303; x_wconf 87' lang='lat' dir='ltr'>aliquo</span> <span class='ocrx_word' id='word_1_215' title='bbox 448 1265 698 1303; x_wconf 87' lang='lat' dir='ltr'>permanente;</span> <span class='ocrx_word' id='word_1_216' title='bbox 721 1266 755 1291; x_wconf 89' lang='lat' dir='ltr'>et</span> <span class='ocrx_word' id='word_1_217' title='bbox 773 1258 843 1291; x_wconf 90' lang='lat' dir='ltr'>hoc</span> <span class='ocrx_word' id='word_1_218' title='bbox 872 1269 926 1292; x_wconf 84' lang='lat' dir='ltr'>est</span> <span class='ocrx_word' id='word_1_219' title='bbox 951 1259 1047 1304; x_wconf 90' lang='lat' dir='ltr'>quod</span> <span class='ocrx_word' id='word_1_220' title='bbox 1075 1260 1227 1305; x_wconf 86' lang='lat' dir='ltr'>pertinet</span> <span class='ocrx_word' id='word_1_221' title='bbox 1254 1261 1297 1294; x_wconf 90' lang='lat' dir='ltr'>ad</span> <span class='ocrx_word' id='word_1_222' title='bbox 1324 1261 1503 1296; x_wconf 89' lang='lat' dir='ltr'>rationem</span> <span class='ocrx_word' id='word_1_223' title='bbox 1529 1261 1630 1296; x_wconf 90' lang='lat' dir='ltr'>liber-</span> 
     </span>
     <span class='ocr_line' id='line_1_25' title="bbox 68 1310 1628 1358; baseline 0.004 -14"><span class='ocrx_word' id='word_1_224' title='bbox 68 1311 161 1352; x_wconf 88' lang='lat' dir='ltr'>tatis,</span> <span class='ocrx_word' id='word_1_225' title='bbox 178 1310 238 1345; x_wconf 90' lang='lat' dir='ltr'>vel</span> <span class='ocrx_word' id='word_1_226' title='bbox 250 1311 446 1353; x_wconf 72' lang='lat' dir='ltr'>servitutis,</span> <span class='ocrx_word' id='word_1_227' title='bbox 465 1311 558 1345; x_wconf 91' lang='lat' dir='ltr'>unde</span> <span class='ocrx_word' id='word_1_228' title='bbox 572 1318 684 1345; x_wconf 87' lang='lat' dir='ltr'>status</span> <span class='ocrx_word' id='word_1_229' title='bbox 699 1311 851 1356; x_wconf 87' lang='lat' dir='ltr'>pertinet</span> <span class='ocrx_word' id='word_1_230' title='bbox 866 1312 1010 1358; x_wconf 89' lang='lat' dir='ltr'>proprie</span> <span class='ocrx_word' id='word_1_231' title='bbox 1030 1312 1073 1346; x_wconf 90' lang='lat' dir='ltr'>ad</span> <span class='ocrx_word' id='word_1_232' title='bbox 1092 1311 1307 1357; x_wconf 85' lang='lat' dir='ltr'>libertatem,</span> <span class='ocrx_word' id='word_1_233' title='bbox 1327 1314 1386 1349; x_wconf 87' lang='lat' dir='ltr'>vel</span> <span class='ocrx_word' id='word_1_234' title='bbox 1407 1316 1628 1357; x_wconf 82' lang='lat' dir='ltr'>servitutem,</span> 
     </span>
     <span class='ocr_line' id='line_1_26' title="bbox 69 1364 827 1411; baseline -0.001 -12"><span class='ocrx_word' id='word_1_235' title='bbox 69 1365 144 1399; x_wconf 89' lang='lat' dir='ltr'>sive</span> <span class='ocrx_word' id='word_1_236' title='bbox 165 1365 202 1398; x_wconf 92' lang='lat' dir='ltr'>in</span> <span class='ocrx_word' id='word_1_237' title='bbox 222 1364 473 1411; x_wconf 84' lang='lat' dir='ltr'>spiritualibus,</span> <span class='ocrx_word' id='word_1_238' title='bbox 499 1366 573 1399; x_wconf 87' lang='lat' dir='ltr'>sive</span> <span class='ocrx_word' id='word_1_239' title='bbox 594 1365 631 1399; x_wconf 89' lang='lat' dir='ltr'>in</span> <span class='ocrx_word' id='word_1_240' title='bbox 653 1364 827 1399; x_wconf 89' lang='lat' dir='ltr'>civilibus.</span> 
     </span>
    </p>

    <p class='ocr_par' dir='ltr' id='par_1_8' title="bbox 71 1418 1630 1678">
     <span class='ocr_line' id='line_1_27' title="bbox 143 1418 1628 1467; baseline 0.003 -14"><span class='ocrx_word' id='word_1_241' title='bbox 143 1418 202 1452; x_wconf 91' lang='lat' dir='ltr'>AD</span> <span class='ocrx_word' id='word_1_242' title='bbox 224 1429 373 1453; x_wconf 83' lang='lat' dir='ltr'><strong>PRIMUM</strong></span> <span class='ocrx_word' id='word_1_243' title='bbox 395 1429 481 1464; x_wconf 83' lang='lat' dir='ltr'>ergo</span> <span class='ocrx_word' id='word_1_244' title='bbox 504 1418 710 1460; x_wconf 88' lang='lat' dir='ltr'>dicendum,</span> <span class='ocrx_word' id='word_1_245' title='bbox 737 1418 834 1464; x_wconf 91' lang='lat' dir='ltr'>quod</span> <span class='ocrx_word' id='word_1_246' title='bbox 861 1419 1048 1461; x_wconf 86' lang='lat' dir='ltr'>rectitudo,</span> <span class='ocrx_word' id='word_1_247' title='bbox 1078 1420 1291 1466; x_wconf 87' lang='lat' dir='ltr'>inquantum</span> <span class='ocrx_word' id='word_1_248' title='bbox 1313 1421 1533 1467; x_wconf 85' lang='lat' dir='ltr'>hujusmodi,</span> <span class='ocrx_word' id='word_1_249' title='bbox 1554 1434 1628 1457; x_wconf 92' lang='lat' dir='ltr'>non</span> 
     </span>
     <span class='ocr_line' id='line_1_28' title="bbox 71 1471 1627 1518; baseline 0.003 -13"><span class='ocrx_word' id='word_1_250' title='bbox 71 1471 225 1518; x_wconf 89' lang='lat' dir='ltr'>pertinet</span> <span class='ocrx_word' id='word_1_251' title='bbox 246 1472 289 1506; x_wconf 86' lang='lat' dir='ltr'>ad</span> <span class='ocrx_word' id='word_1_252' title='bbox 315 1472 494 1506; x_wconf 86' lang='lat' dir='ltr'>rationem</span> <span class='ocrx_word' id='word_1_253' title='bbox 516 1480 640 1514; x_wconf 84' lang='lat' dir='ltr'>status,</span> <span class='ocrx_word' id='word_1_254' title='bbox 660 1472 722 1506; x_wconf 91' lang='lat' dir='ltr'>sed</span> <span class='ocrx_word' id='word_1_255' title='bbox 748 1471 868 1506; x_wconf 90' lang='lat' dir='ltr'>solum</span> <span class='ocrx_word' id='word_1_256' title='bbox 889 1472 1103 1518; x_wconf 86' lang='lat' dir='ltr'>inquantum</span> <span class='ocrx_word' id='word_1_257' title='bbox 1130 1482 1183 1507; x_wconf 88' lang='lat' dir='ltr'>est</span> <span class='ocrx_word' id='word_1_258' title='bbox 1205 1475 1449 1509; x_wconf 87' lang='lat' dir='ltr'>connaturalis</span> <span class='ocrx_word' id='word_1_259' title='bbox 1475 1476 1627 1518; x_wconf 87' lang='lat' dir='ltr'>homini,</span> 
     </span>
     <span class='ocr_line' id='line_1_29' title="bbox 71 1525 1630 1574; baseline 0.003 -14"><span class='ocrx_word' id='word_1_260' title='bbox 71 1525 179 1560; x_wconf 91' lang='lat' dir='ltr'>simul</span> <span class='ocrx_word' id='word_1_261' title='bbox 209 1525 326 1559; x_wconf 85' lang='lat' dir='ltr'>addita</span> <span class='ocrx_word' id='word_1_262' title='bbox 349 1526 505 1572; x_wconf 85' lang='lat' dir='ltr'>quadam</span> <span class='ocrx_word' id='word_1_263' title='bbox 531 1526 667 1571; x_wconf 80' lang='lat' dir='ltr'>quiete3</span> <span class='ocrx_word' id='word_1_264' title='bbox 694 1525 787 1559; x_wconf 92' lang='lat' dir='ltr'>unde</span> <span class='ocrx_word' id='word_1_265' title='bbox 809 1526 845 1559; x_wconf 90' lang='lat' dir='ltr'>in</span> <span class='ocrx_word' id='word_1_266' title='bbox 871 1525 948 1559; x_wconf 85' lang='lat' dir='ltr'>aliis</span> <span class='ocrx_word' id='word_1_267' title='bbox 976 1526 1190 1561; x_wconf 86' lang='lat' dir='ltr'>animalibus</span> <span class='ocrx_word' id='word_1_268' title='bbox 1215 1539 1289 1561; x_wconf 90' lang='lat' dir='ltr'>non</span> <span class='ocrx_word' id='word_1_269' title='bbox 1316 1529 1504 1574; x_wconf 79' lang='lat' dir='ltr'>requiritur</span> <span class='ocrx_word' id='word_1_270' title='bbox 1528 1530 1630 1564; x_wconf 88' lang='lat' dir='ltr'>recti-</span> 
     </span>
     <span class='ocr_line' id='line_1_30' title="bbox 71 1578 1628 1629; baseline 0.003 -17"><span class='ocrx_word' id='word_1_271' title='bbox 71 1578 171 1621; x_wconf 91' lang='lat' dir='ltr'>tudo,</span> <span class='ocrx_word' id='word_1_272' title='bbox 195 1579 237 1612; x_wconf 90' lang='lat' dir='ltr'>ad</span> <span class='ocrx_word' id='word_1_273' title='bbox 258 1579 329 1612; x_wconf 91' lang='lat' dir='ltr'>hoc</span> <span class='ocrx_word' id='word_1_274' title='bbox 357 1579 453 1625; x_wconf 93' lang='lat' dir='ltr'>quod</span> <span class='ocrx_word' id='word_1_275' title='bbox 469 1587 561 1613; x_wconf 87' lang='lat' dir='ltr'>stare</span> <span class='ocrx_word' id='word_1_276' title='bbox 583 1579 763 1613; x_wconf 82' lang='lat' dir='ltr'>dicantur:</span> <span class='ocrx_word' id='word_1_277' title='bbox 786 1590 854 1613; x_wconf 91' lang='lat' dir='ltr'>nec</span> <span class='ocrx_word' id='word_1_278' title='bbox 881 1580 990 1613; x_wconf 89' lang='lat' dir='ltr'>etiam</span> <span class='ocrx_word' id='word_1_279' title='bbox 1012 1580 1180 1614; x_wconf 89' lang='lat' dir='ltr'>homines</span> <span class='ocrx_word' id='word_1_280' title='bbox 1206 1588 1300 1615; x_wconf 87' lang='lat' dir='ltr'>stare</span> <span class='ocrx_word' id='word_1_281' title='bbox 1323 1581 1498 1625; x_wconf 84' lang='lat' dir='ltr'>dicuntur,</span> <span class='ocrx_word' id='word_1_282' title='bbox 1521 1595 1628 1629; x_wconf 89' lang='lat' dir='ltr'>quan-</span> 
     </span>
     <span class='ocr_line' id='line_1_31' title="bbox 71 1632 824 1678; baseline 0 -12"><span class='ocrx_word' id='word_1_283' title='bbox 71 1640 307 1678; x_wconf 88' lang='lat' dir='ltr'>tumcumque</span> <span class='ocrx_word' id='word_1_284' title='bbox 329 1632 399 1666; x_wconf 88' lang='lat' dir='ltr'>sint</span> <span class='ocrx_word' id='word_1_285' title='bbox 419 1633 518 1674; x_wconf 86' lang='lat' dir='ltr'>recti,</span> <span class='ocrx_word' id='word_1_286' title='bbox 539 1632 608 1667; x_wconf 91' lang='lat' dir='ltr'>nisi</span> <span class='ocrx_word' id='word_1_287' title='bbox 629 1632 824 1678; x_wconf 83' lang='lat' dir='ltr'>quiescant.</span> 
     </span>
    </p>

    <p class='ocr_par' dir='ltr' id='par_1_9' title="bbox 72 1686 1627 1785">
     <span class='ocr_line' id='line_1_32' title="bbox 143 1686 1627 1731; baseline 0.004 -12"><span class='ocrx_word' id='word_1_288' title='bbox 143 1686 203 1720; x_wconf 88' lang='lat' dir='ltr'>AD</span> <span class='ocrx_word' id='word_1_289' title='bbox 218 1696 425 1720; x_wconf 81' lang='lat' dir='ltr'>SECUNDUM</span> <span class='ocrx_word' id='word_1_290' title='bbox 439 1686 646 1727; x_wconf 90' lang='lat' dir='ltr'>dicendum,</span> <span class='ocrx_word' id='word_1_291' title='bbox 663 1686 758 1731; x_wconf 88' lang='lat' dir='ltr'>quod</span> <span class='ocrx_word' id='word_1_292' title='bbox 774 1686 1008 1721; x_wconf 81' lang='lat' dir='ltr'>immobilitas</span> <span class='ocrx_word' id='word_1_293' title='bbox 1022 1697 1096 1720; x_wconf 91' lang='lat' dir='ltr'>non</span> <span class='ocrx_word' id='word_1_294' title='bbox 1113 1686 1242 1722; x_wconf 87' lang='lat' dir='ltr'>sufficit</span> <span class='ocrx_word' id='word_1_295' title='bbox 1256 1688 1298 1722; x_wconf 85' lang='lat' dir='ltr'>ad</span> <span class='ocrx_word' id='word_1_296' title='bbox 1312 1688 1490 1723; x_wconf 89' lang='lat' dir='ltr'>rationem</span> <span class='ocrx_word' id='word_1_297' title='bbox 1505 1698 1627 1725; x_wconf 88' lang='lat' dir='ltr'>status:</span> 
     </span>
     <span class='ocr_line' id='line_1_33' title="bbox 72 1739 1461 1785; baseline 0.003 -12"><span class='ocrx_word' id='word_1_298' title='bbox 72 1751 158 1773; x_wconf 87' lang='lat' dir='ltr'>nam</span> <span class='ocrx_word' id='word_1_299' title='bbox 184 1739 293 1773; x_wconf 87' lang='lat' dir='ltr'>etiarn</span> <span class='ocrx_word' id='word_1_300' title='bbox 312 1739 451 1781; x_wconf 90' lang='lat' dir='ltr'>sedens,</span> <span class='ocrx_word' id='word_1_301' title='bbox 472 1739 530 1773; x_wconf 85' lang='lat' dir='ltr'>vel</span> <span class='ocrx_word' id='word_1_302' title='bbox 551 1740 673 1784; x_wconf 83' lang='lat' dir='ltr'>jacens</span> <span class='ocrx_word' id='word_1_303' title='bbox 694 1739 855 1784; x_wconf 85' lang='lat' dir='ltr'>quiescit,</span> <span class='ocrx_word' id='word_1_304' title='bbox 883 1740 943 1785; x_wconf 92' lang='lat' dir='ltr'>qui</span> <span class='ocrx_word' id='word_1_305' title='bbox 963 1748 1087 1774; x_wconf 85' lang='lat' dir='ltr'>tamen</span> <span class='ocrx_word' id='word_1_306' title='bbox 1108 1752 1182 1775; x_wconf 89' lang='lat' dir='ltr'>non</span> <span class='ocrx_word' id='word_1_307' title='bbox 1208 1741 1336 1776; x_wconf 87' lang='lat' dir='ltr'>dicitur</span> <span class='ocrx_word' id='word_1_308' title='bbox 1357 1750 1461 1777; x_wconf 88' lang='lat' dir='ltr'>stare.</span> 
     </span>
    </p>

    <p class='ocr_par' dir='ltr' id='par_1_10' title="bbox 72 1791 1631 2000">
     <span class='ocr_line' id='line_1_34' title="bbox 143 1791 1631 1841; baseline 0.003 -14"><span class='ocrx_word' id='word_1_309' title='bbox 143 1793 203 1827; x_wconf 88' lang='lat' dir='ltr'>AD</span> <span class='ocrx_word' id='word_1_310' title='bbox 231 1803 400 1827; x_wconf 76' lang='lat' dir='ltr'>TERTIUM</span> <span class='ocrx_word' id='word_1_311' title='bbox 431 1792 636 1834; x_wconf 90' lang='lat' dir='ltr'>dicendum,</span> <span class='ocrx_word' id='word_1_312' title='bbox 670 1792 765 1838; x_wconf 91' lang='lat' dir='ltr'>quod</span> <span class='ocrx_word' id='word_1_313' title='bbox 800 1791 960 1826; x_wconf 87' lang='lat' dir='ltr'>officium</span> <span class='ocrx_word' id='word_1_314' title='bbox 987 1793 1114 1827; x_wconf 88' lang='lat' dir='ltr'>dicitur</span> <span class='ocrx_word' id='word_1_315' title='bbox 1142 1805 1203 1840; x_wconf 88' lang='lat' dir='ltr'>per</span> <span class='ocrx_word' id='word_1_316' title='bbox 1237 1796 1549 1841; x_wconf 84' lang='lat' dir='ltr'>comparationem</span> <span class='ocrx_word' id='word_1_317' title='bbox 1587 1797 1631 1830; x_wconf 92' lang='lat' dir='ltr'>ad</span> 
     </span>
     <span class='ocr_line' id='line_1_35' title="bbox 74 1845 1630 1893; baseline 0.003 -13"><span class='ocrx_word' id='word_1_318' title='bbox 74 1854 215 1881; x_wconf 86' lang='lat' dir='ltr'>actum:</span> <span class='ocrx_word' id='word_1_319' title='bbox 242 1846 373 1892; x_wconf 83' lang='lat' dir='ltr'>gradus</span> <span class='ocrx_word' id='word_1_320' title='bbox 395 1854 516 1880; x_wconf 85' lang='lat' dir='ltr'>autem</span> <span class='ocrx_word' id='word_1_321' title='bbox 538 1846 666 1879; x_wconf 85' lang='lat' dir='ltr'>dicitur</span> <span class='ocrx_word' id='word_1_322' title='bbox 692 1845 891 1879; x_wconf 89' lang='lat' dir='ltr'>secundum</span> <span class='ocrx_word' id='word_1_323' title='bbox 915 1847 1081 1880; x_wconf 87' lang='lat' dir='ltr'>ordinem</span> <span class='ocrx_word' id='word_1_324' title='bbox 1107 1848 1375 1893; x_wconf 77' lang='lat' dir='ltr'>superioritatis,</span> <span class='ocrx_word' id='word_1_325' title='bbox 1399 1857 1432 1883; x_wconf 91' lang='lat' dir='ltr'>et</span> <span class='ocrx_word' id='word_1_326' title='bbox 1458 1849 1630 1884; x_wconf 88' lang='lat' dir='ltr'>inferiori-</span> 
     </span>
     <span class='ocr_line' id='line_1_36' title="bbox 73 1899 1629 1947; baseline 0.002 -13"><span class='ocrx_word' id='word_1_327' title='bbox 73 1900 155 1934; x_wconf 88' lang='lat' dir='ltr'>tatis</span> <span class='ocrx_word' id='word_1_328' title='bbox 171 1913 178 1935; x_wconf 94' lang='lat'>:</span> <span class='ocrx_word' id='word_1_329' title='bbox 201 1901 263 1934; x_wconf 89' lang='lat' dir='ltr'>sed</span> <span class='ocrx_word' id='word_1_330' title='bbox 279 1901 322 1934; x_wconf 86' lang='lat' dir='ltr'>ad</span> <span class='ocrx_word' id='word_1_331' title='bbox 336 1908 468 1934; x_wconf 87' lang='lat' dir='ltr'>statum</span> <span class='ocrx_word' id='word_1_332' title='bbox 483 1900 672 1945; x_wconf 84' lang='lat' dir='ltr'>requiritur</span> <span class='ocrx_word' id='word_1_333' title='bbox 687 1899 922 1933; x_wconf 84' lang='lat' dir='ltr'>immobilitas</span> <span class='ocrx_word' id='word_1_334' title='bbox 935 1901 970 1933; x_wconf 85' lang='lat' dir='ltr'>in</span> <span class='ocrx_word' id='word_1_335' title='bbox 987 1911 1030 1934; x_wconf 89' lang='lat' dir='ltr'>eo</span> <span class='ocrx_word' id='word_1_336' title='bbox 1045 1901 1141 1946; x_wconf 90' lang='lat' dir='ltr'>quod</span> <span class='ocrx_word' id='word_1_337' title='bbox 1156 1901 1309 1947; x_wconf 86' lang='lat' dir='ltr'>pertinet</span> <span class='ocrx_word' id='word_1_338' title='bbox 1323 1902 1367 1936; x_wconf 89' lang='lat' dir='ltr'>ad</span> <span class='ocrx_word' id='word_1_339' title='bbox 1382 1903 1629 1937; x_wconf 90' lang='lat' dir='ltr'>conditionem</span> 
     </span>
     <span class='ocr_line' id='line_1_37' title="bbox 72 1965 260 2000; baseline -0.005 -12"><span class='ocrx_word' id='word_1_340' title='bbox 72 1965 260 2000; x_wconf 87' lang='lat' dir='ltr'>personae.</span> 
     </span>
    </p>
   </div>
   <div class='ocr_carea' id='block_1_7' title="bbox 647 2071 1625 2131">
    <p class='ocr_par' dir='ltr' id='par_1_11' title="bbox 647 2071 1625 2131">
     <span class='ocr_line' id='line_1_38' title="bbox 647 2071 1625 2131; baseline 0.006 -17"><span class='ocrx_word' id='word_1_341' title='bbox 647 2071 987 2116; x_wconf 89' lang='lat' dir='ltr'>ARTICULUS</span> <span class='ocrx_word' id='word_1_342' title='bbox 1017 2072 1072 2115; x_wconf 90' lang='lat' dir='ltr'>II.</span> <span class='ocrx_word' id='word_1_343' title='bbox 1560 2084 1625 2131; x_wconf 84' lang='lat'>865</span> 
     </span>
    </p>
   </div>
   <div class='ocr_carea' id='block_1_8' title="bbox 164 2179 1540 2267">
    <p class='ocr_par' dir='ltr' id='par_1_12' title="bbox 164 2179 1540 2267">
     <span class='ocr_line' id='line_1_39' title="bbox 164 2179 1540 2220; baseline 0 -10"><span class='ocrx_word' id='word_1_344' title='bbox 164 2180 317 2210; x_wconf 80' lang='lat' dir='ltr'>UTRUM</span> <span class='ocrx_word' id='word_1_345' title='bbox 343 2180 387 2209; x_wconf 82' lang='lat' dir='ltr'>IN</span> <span class='ocrx_word' id='word_1_346' title='bbox 413 2179 623 2209; x_wconf 83' lang='lat' dir='ltr'>ECCLESIA</span> <span class='ocrx_word' id='word_1_347' title='bbox 649 2179 819 2208; x_wconf 89' lang='lat' dir='ltr'>DEBEAT</span> <span class='ocrx_word' id='word_1_348' title='bbox 847 2179 946 2208; x_wconf 86' lang='lat' dir='ltr'>ESSE</span> <span class='ocrx_word' id='word_1_349' title='bbox 974 2180 1226 2209; x_wconf 83' lang='lat' dir='ltr'>DIVERSITAS</span> <span class='ocrx_word' id='word_1_350' title='bbox 1255 2180 1540 2220; x_wconf 79' lang='lat' dir='ltr'>OFFICIORUM,</span> 
     </span>
     <span class='ocr_line' id='line_1_40' title="bbox 689 2238 1014 2267; baseline 0.003 -1"><span class='ocrx_word' id='word_1_351' title='bbox 689 2238 767 2267; x_wconf 88' lang='lat' dir='ltr'>SEU</span> <span class='ocrx_word' id='word_1_352' title='bbox 794 2238 1014 2267; x_wconf 77' lang='lat' dir='ltr'><strong>STATUUM.</strong></span> 
     </span>
    </p>
   </div>
   <div class='ocr_carea' id='block_1_9' title="bbox 74 2326 1630 2958">
    <p class='ocr_par' dir='ltr' id='par_1_13' title="bbox 74 2326 1629 2579">
     <span class='ocr_line' id='line_1_41' title="bbox 146 2326 1627 2372; baseline 0 -10"><span class='ocrx_word' id='word_1_353' title='bbox 146 2328 205 2362; x_wconf 80' lang='lat' dir='ltr'>An</span> <span class='ocrx_word' id='word_1_354' title='bbox 233 2336 439 2362; x_wconf 78' lang='lat' dir='ltr'>SECUNDUM</span> <span class='ocrx_word' id='word_1_355' title='bbox 460 2326 510 2360; x_wconf 90' lang='lat' dir='ltr'>sic</span> <span class='ocrx_word' id='word_1_356' title='bbox 533 2326 747 2371; x_wconf 88' lang='lat' dir='ltr'>proceditur.</span> <span class='ocrx_word' id='word_1_357' title='bbox 766 2326 927 2368; x_wconf 85' lang='lat' dir='ltr'>Videtur,</span> <span class='ocrx_word' id='word_1_358' title='bbox 950 2326 1045 2372; x_wconf 89' lang='lat' dir='ltr'>quod</span> <span class='ocrx_word' id='word_1_359' title='bbox 1067 2326 1102 2359; x_wconf 87' lang='lat' dir='ltr'>in</span> <span class='ocrx_word' id='word_1_360' title='bbox 1126 2326 1287 2360; x_wconf 83' lang='lat' dir='ltr'>Ecclesia</span> <span class='ocrx_word' id='word_1_361' title='bbox 1307 2337 1381 2360; x_wconf 89' lang='lat' dir='ltr'>non</span> <span class='ocrx_word' id='word_1_362' title='bbox 1403 2327 1530 2361; x_wconf 86' lang='lat' dir='ltr'>debeat</span> <span class='ocrx_word' id='word_1_363' title='bbox 1551 2339 1627 2362; x_wconf 89' lang='lat' dir='ltr'>esse</span> 
     </span>
     <span class='ocr_line' id='line_1_42' title="bbox 75 2378 1628 2425; baseline -0.001 -8"><span class='ocrx_word' id='word_1_364' title='bbox 75 2382 259 2417; x_wconf 83' lang='lat' dir='ltr'>diversitas</span> <span class='ocrx_word' id='word_1_365' title='bbox 274 2380 490 2420; x_wconf 87' lang='lat' dir='ltr'>officiorum,</span> <span class='ocrx_word' id='word_1_366' title='bbox 504 2378 562 2413; x_wconf 83' lang='lat' dir='ltr'>vel</span> <span class='ocrx_word' id='word_1_367' title='bbox 580 2386 737 2412; x_wconf 85' lang='lat' dir='ltr'>statuum</span> <span class='ocrx_word' id='word_1_368' title='bbox 753 2392 759 2414; x_wconf 90' lang='lat'>:</span> <span class='ocrx_word' id='word_1_369' title='bbox 783 2379 967 2413; x_wconf 84' lang='lat' dir='ltr'>diversitas</span> <span class='ocrx_word' id='word_1_370' title='bbox 983 2380 1079 2413; x_wconf 89' lang='lat' dir='ltr'>enim</span> <span class='ocrx_word' id='word_1_371' title='bbox 1100 2380 1228 2413; x_wconf 85' lang='lat' dir='ltr'>unitati</span> <span class='ocrx_word' id='word_1_372' title='bbox 1248 2388 1424 2425; x_wconf 85' lang='lat' dir='ltr'>repugnat</span> <span class='ocrx_word' id='word_1_373' title='bbox 1438 2393 1446 2422; x_wconf 89' lang='grc'>;</span> <span class='ocrx_word' id='word_1_374' title='bbox 1468 2381 1530 2414; x_wconf 89' lang='lat' dir='ltr'>sed</span> <span class='ocrx_word' id='word_1_375' title='bbox 1544 2380 1628 2416; x_wconf 85' lang='lat' dir='ltr'>fide-</span> 
     </span>
     <span class='ocr_line' id='line_1_43' title="bbox 74 2432 1629 2477; baseline -0.001 -7"><span class='ocrx_word' id='word_1_376' title='bbox 74 2435 126 2470; x_wconf 86' lang='lat' dir='ltr'>les</span> <span class='ocrx_word' id='word_1_377' title='bbox 149 2434 285 2470; x_wconf 87' lang='lat' dir='ltr'>Christi</span> <span class='ocrx_word' id='word_1_378' title='bbox 312 2434 353 2467; x_wconf 88' lang='lat' dir='ltr'>ad</span> <span class='ocrx_word' id='word_1_379' title='bbox 375 2433 551 2466; x_wconf 88' lang='lat' dir='ltr'>unitatem</span> <span class='ocrx_word' id='word_1_380' title='bbox 571 2440 757 2474; x_wconf 86' lang='lat' dir='ltr'>vocantur,</span> <span class='ocrx_word' id='word_1_381' title='bbox 779 2432 979 2466; x_wconf 88' lang='lat' dir='ltr'>secundum</span> <span class='ocrx_word' id='word_1_382' title='bbox 1000 2432 1087 2466; x_wconf 87' lang='lat' dir='ltr'>illud</span> <span class='ocrx_word' id='word_1_383' title='bbox 1104 2432 1206 2477; x_wconf 86' lang='lat' dir='ltr'>Joan.</span> <span class='ocrx_word' id='word_1_384' title='bbox 1227 2443 1293 2477; x_wconf 88' lang='lat'>17.:</span> <span class='ocrx_word' id='word_1_385' title='bbox 1323 2433 1365 2467; x_wconf 83' lang='lat' dir='ltr'>Ut</span> <span class='ocrx_word' id='word_1_386' title='bbox 1383 2435 1448 2467; x_wconf 78' lang='lat' dir='ltr'>sint</span> <span class='ocrx_word' id='word_1_387' title='bbox 1466 2445 1567 2467; x_wconf 82' lang='lat' dir='ltr'>unum</span> <span class='ocrx_word' id='word_1_388' title='bbox 1593 2435 1629 2468; x_wconf 79' lang='lat' dir='ltr'>in</span> 
     </span>
     <span class='ocr_line' id='line_1_44' title="bbox 74 2485 1627 2531; baseline -0.002 -8"><span class='ocrx_word' id='word_1_389' title='bbox 74 2490 177 2530; x_wconf 78' lang='lat' dir='ltr'>nobis,</span> <span class='ocrx_word' id='word_1_390' title='bbox 204 2489 285 2522; x_wconf 77' lang='lat' dir='ltr'>sicut</span> <span class='ocrx_word' id='word_1_391' title='bbox 305 2492 334 2521; x_wconf 81' lang='lat' dir='ltr'>et</span> <span class='ocrx_word' id='word_1_392' title='bbox 347 2498 403 2520; x_wconf 82' lang='lat' dir='ltr'>nos</span> <span class='ocrx_word' id='word_1_393' title='bbox 423 2495 667 2526; x_wconf 79' lang='lat' dir='ltr'>unzmzsumus,·</span> <span class='ocrx_word' id='word_1_394' title='bbox 690 2496 776 2531; x_wconf 85' lang='lat' dir='ltr'>ergo</span> <span class='ocrx_word' id='word_1_395' title='bbox 797 2486 833 2519; x_wconf 91' lang='lat' dir='ltr'>in</span> <span class='ocrx_word' id='word_1_396' title='bbox 854 2485 1017 2519; x_wconf 90' lang='lat' dir='ltr'>Ecclesia</span> <span class='ocrx_word' id='word_1_397' title='bbox 1031 2497 1105 2519; x_wconf 86' lang='lat' dir='ltr'>non</span> <span class='ocrx_word' id='word_1_398' title='bbox 1120 2485 1225 2520; x_wconf 90' lang='lat' dir='ltr'>debet</span> <span class='ocrx_word' id='word_1_399' title='bbox 1246 2497 1322 2520; x_wconf 89' lang='lat' dir='ltr'>esse</span> <span class='ocrx_word' id='word_1_400' title='bbox 1346 2486 1530 2520; x_wconf 86' lang='lat' dir='ltr'>diversitas</span> <span class='ocrx_word' id='word_1_401' title='bbox 1553 2486 1627 2521; x_wconf 85' lang='lat' dir='ltr'>offi-</span> 
     </span>
     <span class='ocr_line' id='line_1_45' title="bbox 76 2541 518 2579; baseline -0.009 -4"><span class='ocrx_word' id='word_1_402' title='bbox 76 2541 228 2579; x_wconf 87' lang='lat' dir='ltr'>ciorum,</span> <span class='ocrx_word' id='word_1_403' title='bbox 255 2541 330 2574; x_wconf 83' lang='lat' dir='ltr'>sive</span> <span class='ocrx_word' id='word_1_404' title='bbox 349 2547 518 2573; x_wconf 88' lang='lat' dir='ltr'>statuum.</span> 
     </span>
    </p>

    <p class='ocr_par' dir='ltr' id='par_1_14' title="bbox 75 2590 1629 2844">
     <span class='ocr_line' id='line_1_46' title="bbox 150 2590 1626 2638; baseline -0.001 -10"><span class='ocrx_word' id='word_1_405' title='bbox 150 2605 180 2628; x_wconf 85' lang='lat'>2.</span> <span class='ocrx_word' id='word_1_406' title='bbox 203 2593 440 2628; x_wconf 76' lang='lat' dir='ltr'>PRAETEREA.</span> <span class='ocrx_word' id='word_1_407' title='bbox 462 2592 598 2625; x_wconf 87' lang='lat' dir='ltr'>Natura</span> <span class='ocrx_word' id='word_1_408' title='bbox 611 2602 685 2625; x_wconf 91' lang='lat' dir='ltr'>non</span> <span class='ocrx_word' id='word_1_409' title='bbox 711 2590 796 2625; x_wconf 86' lang='lat' dir='ltr'>facit</span> <span class='ocrx_word' id='word_1_410' title='bbox 814 2603 875 2637; x_wconf 86' lang='lat' dir='ltr'>per</span> <span class='ocrx_word' id='word_1_411' title='bbox 892 2591 1017 2633; x_wconf 87' lang='lat' dir='ltr'>multa,</span> <span class='ocrx_word' id='word_1_412' title='bbox 1036 2592 1131 2637; x_wconf 89' lang='lat' dir='ltr'>quod</span> <span class='ocrx_word' id='word_1_413' title='bbox 1147 2599 1264 2637; x_wconf 89' lang='lat' dir='ltr'>potest</span> <span class='ocrx_word' id='word_1_414' title='bbox 1278 2591 1395 2626; x_wconf 88' lang='lat' dir='ltr'>facere</span> <span class='ocrx_word' id='word_1_415' title='bbox 1414 2604 1476 2638; x_wconf 92' lang='lat' dir='ltr'>per</span> <span class='ocrx_word' id='word_1_416' title='bbox 1497 2605 1626 2627; x_wconf 90' lang='lat' dir='ltr'>unum:</span> 
     </span>
     <span class='ocr_line' id='line_1_47' title="bbox 76 2644 1629 2693; baseline -0.001 -11"><span class='ocrx_word' id='word_1_417' title='bbox 76 2648 137 2682; x_wconf 89' lang='lat' dir='ltr'>sed</span> <span class='ocrx_word' id='word_1_418' title='bbox 156 2647 318 2693; x_wconf 88' lang='lat' dir='ltr'>operatio</span> <span class='ocrx_word' id='word_1_419' title='bbox 341 2646 475 2692; x_wconf 85' lang='lat' dir='ltr'>gratiae</span> <span class='ocrx_word' id='word_1_420' title='bbox 498 2653 551 2679; x_wconf 90' lang='lat' dir='ltr'>est</span> <span class='ocrx_word' id='word_1_421' title='bbox 566 2644 681 2678; x_wconf 89' lang='lat' dir='ltr'>multo</span> <span class='ocrx_word' id='word_1_422' title='bbox 703 2645 910 2687; x_wconf 86' lang='lat' dir='ltr'>ordinatior,</span> <span class='ocrx_word' id='word_1_423' title='bbox 934 2656 1042 2691; x_wconf 81' lang='lat' dir='ltr'>quam</span> <span class='ocrx_word' id='word_1_424' title='bbox 1061 2646 1221 2690; x_wconf 87' lang='lat' dir='ltr'>operatio</span> <span class='ocrx_word' id='word_1_425' title='bbox 1243 2654 1410 2687; x_wconf 73' lang='lat' dir='ltr'>naturae3</span> <span class='ocrx_word' id='word_1_426' title='bbox 1432 2657 1518 2692; x_wconf 85' lang='lat' dir='ltr'>ergo</span> <span class='ocrx_word' id='word_1_427' title='bbox 1547 2658 1629 2680; x_wconf 91' lang='lat' dir='ltr'>con-</span> 
     </span>
     <span class='ocr_line' id='line_1_48' title="bbox 75 2699 1629 2744; baseline -0.002 -8"><span class='ocrx_word' id='word_1_428' title='bbox 75 2702 277 2736; x_wconf 88' lang='lat' dir='ltr'>venientius</span> <span class='ocrx_word' id='word_1_429' title='bbox 299 2707 402 2741; x_wconf 86' lang='lat' dir='ltr'>esset,</span> <span class='ocrx_word' id='word_1_430' title='bbox 430 2699 526 2744; x_wconf 89' lang='lat' dir='ltr'>quod</span> <span class='ocrx_word' id='word_1_431' title='bbox 541 2710 582 2732; x_wconf 89' lang='lat' dir='ltr'>ea</span> <span class='ocrx_word' id='word_1_432' title='bbox 597 2710 687 2744; x_wconf 85' lang='lat' dir='ltr'>quae</span> <span class='ocrx_word' id='word_1_433' title='bbox 706 2699 883 2744; x_wconf 85' lang='lat' dir='ltr'>pertinent</span> <span class='ocrx_word' id='word_1_434' title='bbox 904 2699 946 2732; x_wconf 90' lang='lat' dir='ltr'>ad</span> <span class='ocrx_word' id='word_1_435' title='bbox 969 2706 1068 2732; x_wconf 88' lang='lat' dir='ltr'>actus</span> <span class='ocrx_word' id='word_1_436' title='bbox 1084 2699 1229 2743; x_wconf 84' lang='lat' dir='ltr'>gratiae,</span> <span class='ocrx_word' id='word_1_437' title='bbox 1256 2710 1319 2744; x_wconf 90' lang='lat' dir='ltr'>per</span> <span class='ocrx_word' id='word_1_438' title='bbox 1337 2699 1485 2733; x_wconf 88' lang='lat' dir='ltr'>eosdem</span> <span class='ocrx_word' id='word_1_439' title='bbox 1514 2699 1629 2733; x_wconf 88' lang='lat' dir='ltr'>homi-</span> 
     </span>
     <span class='ocr_line' id='line_1_49' title="bbox 75 2751 1629 2795; baseline -0.001 -6"><span class='ocrx_word' id='word_1_440' title='bbox 75 2767 139 2790; x_wconf 90' lang='lat' dir='ltr'>nes</span> <span class='ocrx_word' id='word_1_441' title='bbox 170 2754 520 2794; x_wconf 83' lang='lat' dir='ltr'>administrarentur;</span> <span class='ocrx_word' id='word_1_442' title='bbox 547 2752 595 2785; x_wconf 92' lang='lat' dir='ltr'>ita</span> <span class='ocrx_word' id='word_1_443' title='bbox 621 2760 659 2785; x_wconf 89' lang='lat' dir='ltr'>ut</span> <span class='ocrx_word' id='word_1_444' title='bbox 684 2763 758 2785; x_wconf 91' lang='lat' dir='ltr'>non</span> <span class='ocrx_word' id='word_1_445' title='bbox 785 2760 877 2786; x_wconf 88' lang='lat' dir='ltr'>esset</span> <span class='ocrx_word' id='word_1_446' title='bbox 902 2752 937 2785; x_wconf 87' lang='lat' dir='ltr'>in</span> <span class='ocrx_word' id='word_1_447' title='bbox 974 2751 1135 2785; x_wconf 87' lang='lat' dir='ltr'>Ecclesia</span> <span class='ocrx_word' id='word_1_448' title='bbox 1161 2752 1345 2786; x_wconf 85' lang='lat' dir='ltr'>diversitas</span> <span class='ocrx_word' id='word_1_449' title='bbox 1364 2751 1579 2795; x_wconf 86' lang='lat' dir='ltr'>officiorum,</span> <span class='ocrx_word' id='word_1_450' title='bbox 1595 2761 1629 2787; x_wconf 92' lang='lat' dir='ltr'>et</span> 
     </span>
     <span class='ocr_line' id='line_1_50' title="bbox 77 2817 245 2844; baseline -0.018 0"><span class='ocrx_word' id='word_1_451' title='bbox 77 2817 245 2844; x_wconf 86' lang='lat' dir='ltr'>statuum.</span> 
     </span>
    </p>

    <p class='ocr_par' dir='ltr' id='par_1_15' title="bbox 79 2858 1630 2958">
     <span class='ocr_line' id='line_1_51' title="bbox 153 2858 1630 2907; baseline -0.001 -11"><span class='ocrx_word' id='word_1_452' title='bbox 153 2873 181 2907; x_wconf 86' lang='lat'>3.</span> <span class='ocrx_word' id='word_1_453' title='bbox 203 2861 437 2896; x_wconf 78' lang='lat' dir='ltr'>PRAETEREA.</span> <span class='ocrx_word' id='word_1_454' title='bbox 460 2860 603 2893; x_wconf 89' lang='lat' dir='ltr'>Bonum</span> <span class='ocrx_word' id='word_1_455' title='bbox 625 2858 809 2893; x_wconf 90' lang='lat' dir='ltr'>Ecclesiae</span> <span class='ocrx_word' id='word_1_456' title='bbox 836 2859 992 2892; x_wconf 80' lang='lat' dir='ltr'>maxime</span> <span class='ocrx_word' id='word_1_457' title='bbox 1018 2858 1156 2892; x_wconf 89' lang='lat' dir='ltr'>videtur</span> <span class='ocrx_word' id='word_1_458' title='bbox 1177 2859 1213 2892; x_wconf 88' lang='lat' dir='ltr'>in</span> <span class='ocrx_word' id='word_1_459' title='bbox 1239 2870 1327 2904; x_wconf 90' lang='lat' dir='ltr'>pace</span> <span class='ocrx_word' id='word_1_460' title='bbox 1349 2859 1555 2901; x_wconf 90' lang='lat' dir='ltr'>consistere,</span> <span class='ocrx_word' id='word_1_461' title='bbox 1577 2871 1630 2894; x_wconf 88' lang='lat' dir='ltr'>se-</span> 
     </span>
     <span class='ocr_line' id='line_1_52' title="bbox 79 2912 1626 2958; baseline -0.001 -8"><span class='ocrx_word' id='word_1_462' title='bbox 79 2915 238 2950; x_wconf 91' lang='lat' dir='ltr'>cundum</span> <span class='ocrx_word' id='word_1_463' title='bbox 260 2913 346 2949; x_wconf 91' lang='lat' dir='ltr'>illud</span> <span class='ocrx_word' id='word_1_464' title='bbox 368 2914 425 2948; x_wconf 91' lang='lat' dir='ltr'>Ps.</span> <span class='ocrx_word' id='word_1_465' title='bbox 444 2923 519 2958; x_wconf 81' lang='lat'>147.</span> <span class='ocrx_word' id='word_1_466' title='bbox 536 2925 542 2948; x_wconf 90' lang='lat'><strong>:</strong></span> <span class='ocrx_word' id='word_1_467' title='bbox 559 2913 628 2957; x_wconf 80' lang='lat' dir='ltr'>Qui</span> <span class='ocrx_word' id='word_1_468' title='bbox 650 2913 847 2958; x_wconf 64' lang='lat' dir='ltr'>posuitfizzes</span> <span class='ocrx_word' id='word_1_469' title='bbox 873 2918 943 2947; x_wconf 74' lang='lat' dir='ltr'>tuos</span> <span class='ocrx_word' id='word_1_470' title='bbox 959 2919 1087 2958; x_wconf 57' lang='lat' dir='ltr'>peccam,</span> <span class='ocrx_word' id='word_1_471' title='bbox 1111 2919 1146 2946; x_wconf 90' lang='lat' dir='ltr'>et</span> <span class='ocrx_word' id='word_1_472' title='bbox 1167 2922 1197 2946; x_wconf 89' lang='lat'>2.</span> <span class='ocrx_word' id='word_1_473' title='bbox 1226 2912 1269 2946; x_wconf 89' lang='lat' dir='ltr'>ad</span> <span class='ocrx_word' id='word_1_474' title='bbox 1292 2912 1377 2946; x_wconf 92' lang='lat' dir='ltr'>Cor.</span> <span class='ocrx_word' id='word_1_475' title='bbox 1400 2912 1461 2947; x_wconf 88' lang='lat' dir='ltr'>ult.</span> <span class='ocrx_word' id='word_1_476' title='bbox 1482 2913 1626 2948; x_wconf 87' lang='lat' dir='ltr'>dicitur:</span> 
     </span>
    </p>
   </div>
  </div>
 </body>
</html>
