1859 3122
528 179 749 216 QUAESTIO
783 179 853 209 xc.
888 177 1132 208 ARTICULus
1165 177 1193 206 1.
1554 165 1636 218 653

79 263 245 298 ordinare
267 262 310 296 ad
334 261 466 308 aliquid
487 261 690 307 agendum:
713 261 805 296 sicut
824 268 945 295 autem
966 260 1081 294 homo
1100 259 1259 306 seipsum
1281 257 1447 293 ordinare
1467 264 1586 303 potest
1601 256 1643 290 ad

80 317 214 363 aliquid
237 316 430 361 agendum,
453 316 501 350 ita
523 316 630 350 etiam
649 323 683 349 et
698 315 799 356 alios,
815 314 1018 360 superiores
1033 313 1178 359 quidem
1195 311 1437 358 deprecando,
1459 310 1645 345 inferiores

80 379 201 405 autem
223 369 447 415 imperando,
471 377 507 403 ut
530 382 571 403 ex
594 380 699 414 supra
722 369 825 402 dictis
848 375 944 414 patet
965 368 1012 413 (q.
1036 368 1083 413 83.
1106 372 1171 401 art.
1195 368 1260 411 1.);
1283 377 1364 400 cum
1384 376 1472 411 ergo
1495 372 1645 410 utraque

81 424 259 458 ordinatio
282 435 343 469 per
366 422 510 468 aliquod
535 423 696 456 divinum
720 422 964 463 confirmatur,
988 429 1040 455 est
1063 420 1251 465 adjuratio.
1275 420 1313 453 In
1336 419 1407 453 hoc
1434 427 1557 452 tamen
1585 415 1646 451 dis-

81 477 208 518 serunt,
235 477 330 523 quod
358 477 471 510 homo
503 485 555 510 est
583 487 730 510 suorum
763 484 908 509 actuum
938 475 1119 515 dominus,
1147 485 1220 507 non
1251 482 1372 507 autem
1401 480 1453 506 est
1479 471 1648 505 dominus

82 543 221 572 eorum,
243 541 334 576 quae
358 538 439 563 sunt
455 530 495 563 ab
514 529 584 563 alio
608 530 767 575 agenda3
791 537 825 563 et
846 529 927 562 ideo
950 528 1017 562 sibi
1032 528 1098 574 ipsi
1120 535 1239 572 potest
1260 526 1514 561 necessitatem
1536 525 1651 569 impo-

82 596 165 619 nere
188 595 250 630 per
271 583 381 617 divini
409 583 566 617 nominis
589 583 883 617 invocationem:
905 593 979 616 non
1003 589 1124 615 autem
1144 581 1236 615 hanc
1257 580 1511 614 necessitatem
1532 585 1650 624 potest

83 638 160 672 aliis
182 637 380 684 imponere,
403 637 471 671 nisi
494 637 654 678 subditis,
681 647 772 682 quos
798 644 916 682 potest
942 647 985 670 ex
1011 635 1131 668 debito
1159 634 1318 680 praestiti
1339 632 1533 679 juramenti
1555 642 1652 665 com-

83 691 235 738 pellere;
258 691 287 725 si
314 702 400 736 ergo
429 690 556 736 aliquis
583 701 645 736 per
671 689 943 723 invocationem
971 688 1082 722 divini
1107 687 1278 729 nominis,
1305 686 1364 721 vel
1391 687 1650 731 cujuscumque

83 745 134 780 rei
156 755 291 786 sacrae,
315 744 422 778 alicui
443 755 517 778 non
539 744 607 778 sibi
627 743 769 777 subdito
793 742 990 788 adjurando
1013 741 1267 776 necessitatem
1291 741 1422 786 agendi
1441 739 1573 785 aliquid
1588 739 1653 772 im-

84 809 218 845 ponere
232 798 404 841 intendat,
427 799 520 832 sicut
540 797 695 843 imponit
709 796 775 830 sibi
790 796 857 841 ipsi
876 796 1040 841 jurando,
1055 794 1135 829 talis
1151 794 1327 840 adjuratio
1346 793 1471 828 illicita
1490 800 1553 834 est,
1569 791 1651 838 quia

84 859 232 898 usurpat
252 859 471 898 potestatem
492 851 527 884 in
551 850 674 892 alium,
697 861 806 895 quam
827 860 902 883 non
916 849 1040 883 habet:
1055 856 1178 882 tamen
1192 856 1339 894 propter
1357 847 1516 893 aliquam
1531 856 1653 880 neces-

84 906 227 940 sitatem
249 905 452 951 superiores
475 915 560 939 suos
578 903 641 938 tali
655 914 786 949 genere
809 902 1042 948 adjurationis
1066 901 1314 947 constringere
1337 899 1550 946 possuntzsi
1564 909 1651 933 vero

84 959 246 993 intendat
267 958 502 993 solummodo
524 969 588 1004 per
608 956 848 992 reverentiam
871 956 983 990 divini
1003 955 1177 998 nominis,
1198 954 1258 989 vel
1280 954 1432 1000 alicujus
1450 953 1502 988 rei
1516 964 1652 994 sacrae,

86 1013 221 1060 aliquid
243 1013 285 1047 ab
309 1012 380 1047 alio
403 1012 564 1047 obtinere
586 1012 720 1058 absque
743 1010 968 1045 necessitatis
994 1010 1242 1057 impositione,
1263 1009 1344 1044 talis
1366 1008 1542 1055 adjuratio
1557 1007 1654 1042 licita

86 1076 139 1102 est
160 1075 323 1114 respectu
351 1065 604 1112 quorumlibet.

157 1121 217 1155 AD
238 1130 387 1155 PRIMUM
409 1130 496 1165 ergo
520 1118 724 1160 dicendum,
752 1117 849 1163 quod
873 1117 1053 1163 Origenes
1072 1117 1231 1163 loquitur
1252 1116 1296 1151 de
1318 1115 1554 1161 adjuratione,
1581 1125 1650 1161 qua

87 1174 215 1221 aliquis
237 1173 344 1208 alicui
364 1173 618 1207 necessitatem
640 1172 830 1218 imponere
851 1170 1014 1214 intendit,
1030 1171 1122 1205 sicut
1135 1170 1291 1217 imponit
1312 1169 1379 1204 sibi
1393 1169 1462 1215 ipsi
1479 1168 1651 1214 jurand03

88 1229 139 1263 sic
166 1228 263 1262 enim
284 1227 450 1274 princeps
484 1226 716 1261 sacerdotum
737 1225 979 1272 praesumpsit
1004 1224 1209 1259 Dominum
1226 1224 1351 1270 Jesum
1379 1223 1568 1257 Christum
1599 1221 1656 1255 ad-

87 1293 217 1328 jurare.

159 1335 219 1369 AD
246 1344 453 1369 SECUNDUM
484 1333 689 1374 dicendum,
712 1333 808 1379 quod
835 1332 897 1366 illa
924 1332 1014 1366 ratio
1042 1331 1206 1378 procedit
1233 1331 1276 1366 de
1300 1330 1538 1375 adjuratione,
1566 1340 1657 1375 quae

89 1388 343 1423 necessitatem
364 1387 530 1434 imponit.

161 1442 220 1476 AD
252 1452 423 1476 TERTIUM
450 1439 656 1482 dicendum,
676 1439 773 1486 quod
794 1440 956 1485 adjurare
979 1449 1052 1472 non
1076 1445 1128 1472 est
1151 1438 1308 1484 aliquem
1330 1437 1372 1471 ad
1394 1436 1586 1482 jurandum
1608 1435 1659 1469 in-

91 1496 233 1537 ducere,
256 1495 318 1529 sed
340 1506 403 1541 per
437 1494 633 1540 quamdam
662 1493 936 1527 similitudinem
962 1491 1156 1537 juramenti
1183 1503 1202 1525 a
1236 1502 1274 1525 se
1295 1491 1443 1532 inducti,
1475 1489 1585 1523 alium
1613 1488 1657 1523 ad

92 1549 225 1595 aliquid
247 1548 428 1594 agendum
450 1557 668 1594 provocare:
692 1545 794 1580 aliter
815 1554 938 1580 tamen
962 1545 1185 1591 adjuratione
1221 1544 1356 1578 utimur
1386 1544 1429 1578 ad
1455 1543 1659 1584 hominem,

93 1611 128 1637 et
149 1602 252 1637 aliter
274 1602 318 1635 ad
339 1602 480 1643 Deum3
502 1612 589 1634 nam
611 1600 809 1645 adjurando
837 1599 1040 1640 hominem,
1063 1600 1139 1645 ejus
1161 1597 1389 1632 voluntatem
1410 1608 1473 1643 per
1498 1607 1662 1631 reveren—

92 1658 180 1692 tiam
201 1657 253 1690 rei
278 1667 402 1690 sacrae
428 1655 624 1688 immutare
650 1653 890 1688 intendimus:
919 1652 1015 1699 quod
1043 1652 1190 1698 quidem
1215 1663 1290 1686 non
1317 1651 1538 1685 intendimus
1565 1649 1661 1683 circa

92 1710 226 1752 Deum,
248 1710 349 1754 cujus
371 1708 539 1742 voluntas
561 1715 615 1742 est
634 1706 890 1742 immutabilis:
912 1706 974 1740 sed
1001 1705 1098 1752 quod
1128 1716 1147 1739 a
1173 1705 1255 1739 Deo
1290 1716 1353 1751 per
1375 1712 1560 1739 aeternam
1587 1703 1662 1748 ejus

92 1763 318 1798 voluntatem
345 1761 479 1808 aliquid
501 1761 742 1803 obtineamus,
769 1772 843 1795 non
865 1768 919 1794 est
946 1772 988 1794 ex
1015 1759 1151 1794 meritis
1177 1758 1320 1801 nostris,
1343 1758 1404 1793 sed
1432 1769 1474 1792 ex
1501 1758 1576 1803 ejus
1602 1757 1663 1791 bo-

93 1825 216 1851 nltate.

1639 1937 1652 1959 )

656 1902 1001 1948 ARTICULUS
1038 1902 1093 1945 Π.
1586 1922 1651 1960 490

448 1999 602 2029 UTRUM
626 1999 785 2028 LICEAT
808 1998 1044 2029 DAEMONES
1068 1997 1305 2040 ADJURARE.

168 2083 228 2118 AD
250 2092 457 2117 SECUNDUM
479 2081 528 2115 sic
551 2081 768 2128 proceditur.
791 2080 954 2123 Videtur,
977 2079 1075 2126 quod
1101 2090 1176 2114 non
1202 2078 1311 2114 liceat
1337 2079 1535 2113 daemones
1569 2077 1668 2123 adju-

99 2148 197 2172 rare:
221 2136 307 2170 dicit
329 2135 425 2169 enim
449 2135 552 2180 Orig.
575 2146 680 2180 super
706 2134 834 2168 Matth.
859 2134 971 2178 (tract.
993 2145 1039 2180 55.
1071 2138 1146 2168 ante
1179 2132 1302 2178 med.):
1328 2145 1346 2164 «
1367 2132 1453 2167 Non
1472 2140 1526 2166 est
1542 2143 1667 2166 secun-

100 2190 186 2224 dum
208 2196 425 2236 potestatem
447 2188 569 2222 datam
591 2199 611 2221 a
634 2187 834 2229 Salvatore,
858 2187 1021 2232 adjurare
1049 2186 1262 2220 daemonia:
1284 2185 1470 2231 judaicum
1489 2185 1586 2219 enim
1614 2192 1667 2219 est

98 2243 171 2278 hoc
191 2255 227 2277 »:
250 2253 325 2276 non
347 2249 468 2275 autem
491 2241 663 2275 debemus
681 2240 904 2286 judaeorum
925 2240 1012 2274 ritus
1027 2239 1172 2281 imitari,
1192 2239 1255 2274 sed
1275 2239 1395 2285 potius
1416 2238 1468 2273 uti
1488 2245 1666 2285 potestate

102 2309 121 2332 a
144 2296 291 2331 Christo
314 2295 413 2338 data3
437 2306 524 2340 ergo
545 2306 620 2329 non
642 2302 695 2329 est
715 2294 855 2328 licitum
877 2294 1075 2328 daemones
1099 2293 1274 2340 adjurare.

173 2360 205 2384 2.
227 2350 464 2384 PRAETEREA.
492 2347 598 2382 Multi
625 2347 907 2382 necromanticis
936 2347 1241 2381 incantationibus
1272 2346 1471 2380 daemones
1497 2345 1670 2379 invocant

102 2415 165 2450 per
179 2403 313 2449 aliquid
332 2403 505 2443 divinum,
524 2401 620 2447 quod
640 2409 693 2435 est
711 2401 893 2446 adjurare3
909 2401 939 2434 si
953 2411 1040 2446 ergo
1059 2400 1199 2434 licitum
1215 2408 1267 2434 est
1281 2399 1480 2433 daemones
1495 2398 1670 2443 adjurare,

103 2457 243 2491 licitum
266 2464 320 2490 est
339 2454 620 2490 necromanticis
642 2454 950 2489 incarnationibus
972 2454 1034 2496 uti,
1057 2453 1152 2499 quod
1175 2461 1274 2499 patet
1303 2464 1380 2487 esse
1402 2451 1552 2494 falsum3
1582 2462 1669 2497 ergo

106 2519 140 2545 et
161 2511 330 2557 primum.

180 2575 209 2609 3.
231 2563 468 2597 PRAETEREA.
498 2560 731 2606 Quicumque
754 2560 893 2606 adjurat
914 2560 1083 2606 aliquem,
1107 2571 1148 2593 ex
1166 2559 1239 2593 hoc
1266 2559 1345 2604 ipso
1377 2557 1535 2603 aliquam
1560 2557 1674 2591 socie-

105 2625 218 2652 tatem
241 2628 323 2650 cum
346 2616 424 2661 ipso
446 2614 550 2648 facit:
573 2614 634 2648 sed
656 2625 730 2647 non
752 2613 837 2648 licet
859 2625 942 2647 cum
965 2613 1204 2648 daemonibus
1227 2612 1440 2646 societatem
1462 2610 1593 2652 facere,
1619 2622 1672 2644 se—

107 2670 266 2704 cundum
287 2669 375 2703 illud
402 2679 428 2702 1.
453 2668 539 2702 Cor.
566 2677 637 2702 10.:
660 2667 746 2702 Nolo
771 2679 829 2702 vos
854 2668 956 2701 socios
977 2668 1053 2712 fieri
1076 2666 1351 2705 daemomonum·
1379 2675 1466 2710 ergo
1493 2675 1568 2698 non
1589 2663 1674 2697 licet

109 2725 306 2759 daemones
329 2723 504 2768 adjurare.

180 2777 253 2811 SED
277 2786 432 2810 CONTRA
455 2782 517 2816 est,
540 2773 637 2819 quod
659 2773 787 2807 dicitur
807 2773 896 2807 Mar.
924 2773 1006 2808 ult.:
1025 2773 1065 2807 In
1088 2773 1219 2806 nomine
1240 2782 1309 2805 meo
1333 2770 1507 2805 dawnonia
1524 2771 1672 2816 ejicient:

110 2830 170 2865 sed
193 2829 362 2863 inducere
386 2828 496 2862 alium
519 2828 563 2861 ad
586 2826 718 2872 aliquid
741 2826 923 2872 agendum
940 2834 1086 2872 propter
1103 2835 1240 2860 nomen
1259 2824 1433 2866 divinum,
1452 2823 1523 2858 hoc
1547 2831 1600 2858 est
1618 2824 1675 2858 ad-

110 2885 246 2929 jurare3
273 2893 360 2928 ergo
387 2881 527 2915 licitum
554 2888 607 2915 est
633 2880 829 2914 daemones
859 2879 1034 2925 adjurare.
