1859 3122
204 190 291 234 454
630 187 850 224 QUAESTIO
883 187 969 217 LXI.
1003 187 1245 218 ARTICULUS
1277 187 1334 217 lv.

757 359 1101 405 ARTICULUS
1135 360 1210 402 [v.
1535 420 1546 428 ⁹
1696 382 1758 418 343

263 468 416 498 UTRUM
443 468 614 510 JUSTUM
646 468 713 497 SIT
747 468 1019 498 SIMPLICITER
1052 468 1161 497 IDEM
1194 468 1319 504 QUOD
1349 467 1706 498 CONTRAPASSUM.

819 549 861 595 (5.
889 550 962 584 ΕΗ).
989 550 1059 584 lect.
1087 550 1147 594 8.).

276 638 335 672 AD
363 649 551 677 QUARTUM
573 638 622 673 sic
645 639 861 685 proceditur.
890 639 1051 681 Videtur,
1079 640 1172 685 quod
1196 641 1321 684 justum
1347 640 1391 673 sit
1417 639 1627 686 simpliciter
1652 639 1761 682 idem,

205 692 302 737 quod
321 697 588 738 contrapassmn:
610 692 780 737 judicium
807 693 902 726 enim
925 693 1085 726 divinum
1109 701 1162 726 est
1182 692 1393 738 simpliciter
1413 694 1565 738 justum:
1587 692 1650 727 sed
1670 693 1762 727 haec

207 753 259 779 est
280 744 398 778 forma
421 745 531 779 divini
552 746 685 791 judicii,
707 754 745 780 ut
766 747 966 780 secundum
988 747 1082 792 quod
1107 746 1233 791 aliquis
1254 746 1349 788 fecit,
1371 746 1536 792 patiatur,
1562 746 1762 780 secundum

207 798 295 832 illud
316 799 445 832 Matth.
469 810 520 844 7.:
540 800 579 833 In
607 811 668 845 quo
692 799 819 845 judicio
843 799 1086 845 judicaveritis,
1110 799 1370 845 jzcciical³i711i11i‚·
1398 804 1428 834 et
1452 801 1488 833 in
1519 811 1583 845 qua
1610 811 1763 834 mensura

206 853 308 886 mansi
334 853 475 894 fueritis,
499 854 684 887 remetietur
709 854 822 888 vobis:
849 863 936 898 ergo
962 854 1095 898 justum
1123 860 1175 886 est
1201 852 1411 898 simpliciter
1436 852 1533 886 idem
1559 852 1655 898 quod
1681 863 1764 887 con-

204 913 418 952 trapassum.

278 969 308 992 2.
336 959 572 993 PRAETEREA.
595 959 635 992 ln
657 967 805 1004 utraque
827 959 980 1004 justitiae
1002 959 1121 1005 specie
1144 958 1246 992 datur
1273 958 1405 1004 aliquid
1432 958 1539 992 alicui
1564 959 1763 993 secundum

206 1012 403 1057 quamdam
427 1011 700 1057 aequalitatem:
723 1012 758 1045 in
781 1020 943 1057 respectu
966 1013 1111 1058 quidem
1134 1012 1177 1045 ad
1199 1012 1411 1057 dignitatem
1439 1023 1627 1058 personae,
1653 1014 1689 1046 in
1714 1013 1764 1058 ju-

206 1065 301 1099 stitia
328 1065 567 1099 distributiva:
599 1076 689 1111 quae
717 1066 863 1111 quidem
892 1077 1068 1111 personae
1097 1065 1250 1110 dignitas
1280 1065 1437 1099 maxime
1463 1065 1604 1100 videtur
1630 1066 1764 1100 attendi

206 1118 406 1152 secundum
430 1130 549 1164 opera,
572 1119 697 1164 quibus
720 1118 829 1164 aliqui
851 1119 1104 1152 communitati
1126 1119 1301 1153 serviunt:
1324 1119 1361 1152 in
1382 1126 1545 1165 respectu
1572 1126 1692 1153 autem
1719 1119 1764 1153 ad

207 1183 295 1214 rem,
318 1173 353 1206 in
377 1183 445 1218 qua
467 1172 545 1217 quis
567 1171 817 1205 damnificatus
837 1180 900 1213 est,
921 1172 957 1205 in
978 1172 1111 1217 justitia
1130 1172 1408 1206 commutativa:
1428 1172 1627 1206 secundum
1643 1179 1763 1206 autem

206 1234 395 1271 utramque
417 1224 671 1271 aequalitatem
695 1224 824 1270 aliquis
847 1225 1117 1271 contrapatitur,
1140 1225 1337 1259 secundum
1361 1224 1457 1271 quod
1478 1224 1581 1267 facit3
1604 1236 1690 1271 ergo
1715 1225 1765 1259 vi-

208 1279 321 1320 detur,
348 1280 444 1324 quod
465 1279 599 1323 justum
621 1278 830 1324 simpliciter
852 1280 896 1312 sit
912 1278 1009 1312 idem
1031 1278 1127 1324 quod
1150 1286 1435 1324 contrapassum.

282 1344 310 1378 3.
332 1332 567 1366 PRAETEREA.
583 1332 740 1365 Maxime
759 1331 909 1373 videtur,
925 1332 1021 1377 quod
1036 1343 1109 1365 non
1127 1340 1292 1377 oporteat
1311 1331 1466 1377 aliquem
1484 1332 1694 1378 contrapati,
1709 1343 1763 1366 se-

208 1386 365 1419 cundum
389 1386 485 1431 quod
506 1385 601 1426 fecit,
623 1394 768 1430 propter
790 1384 1026 1418 differentiam
1047 1384 1252 1426 voluntarii,
1275 1393 1309 1418 et
1326 1384 1575 1418 involuntarii:
1591 1385 1652 1430 qui
1665 1385 1762 1419 enim

209 1438 449 1472 involuntarie
471 1438 555 1472 fecit
568 1438 746 1483 injuriam,
762 1438 880 1471 minus
896 1438 1054 1483 punitur:
1071 1438 1132 1471 sed
1149 1437 1403 1479 voluntarium,
1419 1445 1451 1471 et
1470 1437 1762 1481 involuntarium,

208 1503 300 1538 quae
335 1492 558 1538 accipiuntur
581 1503 621 1525 ex
643 1499 740 1537 parte
762 1499 896 1532 nostra,
923 1502 996 1524 non
1024 1490 1264 1524 diversificant
1290 1491 1448 1524 medium
1474 1490 1640 1535 justitiae,
1667 1491 1763 1537 quod

208 1553 260 1579 est
282 1545 442 1579 medium
461 1545 523 1586 rei,
546 1553 579 1578 et
600 1555 674 1578 non
695 1544 814 1590 quoad
836 1555 920 1586 nos;
943 1555 1029 1590 ergo
1048 1545 1181 1589 justum
1203 1543 1412 1589 simpliciter
1424 1543 1562 1578 videtur
1577 1554 1653 1578 esse
1666 1544 1763 1578 idem

210 1600 307 1646 quod
330 1608 615 1645 contrapassum.

274 1653 348 1688 SED
365 1663 519 1688 CONTRA
541 1661 605 1694 est,
627 1652 724 1698 quod
745 1651 881 1687 Philos.
901 1652 937 1686 in
964 1663 991 1697 ς.
1013 1652 1129 1686 Ethic.
1152 1652 1240 1698 (cap.
1255 1651 1302 1697 5.)
1324 1651 1462 1698 probat,
1483 1663 1557 1686 non
1579 1651 1764 1698 quodlibet

206 1708 340 1753 justum
363 1718 440 1741 esse
464 1714 748 1752 contrapassum.

278 1759 506 1794 RESPONDEO
531 1759 736 1800 dicendum,
759 1758 855 1804 quod
876 1758 947 1792 hoc
970 1758 1066 1804 quod
1089 1758 1216 1792 dicitur
1238 1763 1494 1804 contrapassum,
1516 1758 1688 1804 importat
1709 1770 1763 1793 ae-

207 1812 350 1859 qualem
362 1812 739 1858 recompensationem
754 1812 930 1858 passionis
945 1812 987 1845 ad
1004 1812 1185 1845 actionem
1199 1811 1476 1857 praecedentem
1488 1823 1495 1845 :
1507 1812 1602 1857 quod
1617 1811 1762 1858 quidem

206 1867 452 1913 propriissime
475 1866 603 1900 dicitur
624 1866 660 1899 in
675 1866 910 1912 passionibus,
927 1873 960 1899 et
975 1865 1174 1900 actionibus
1196 1865 1389 1910 injuriosis,
1405 1865 1530 1910 quibus
1549 1864 1676 1911 aliquis
1689 1877 1764 1911 per-

207 1931 336 1954 sonam
358 1920 512 1966 proximi
534 1919 660 1953 laedit:
684 1927 767 1965 puta
790 1919 818 1953 si
840 1919 1002 1964 percutit,
1029 1918 1125 1964 quod
1152 1918 1427 1963 repercutiatur:
1456 1926 1491 1952 et
1515 1918 1587 1952 hoc
1614 1918 1761 1964 quidem

206 1975 339 2019 justum
370 1973 628 2007 determinatur
656 1974 691 2006 in
720 1972 799 2017 lege
822 1972 933 2006 Exod.
958 1982 1032 2005 21.:
1064 1971 1181 2007 Reddat
1207 1973 1356 2005 animam
1377 1977 1441 2017 pro
1475 1973 1601 2013 anima,
1629 1972 1762 2006 oculum

201 2034 266 2074 pro
293 2027 398 2069 oculo,
426 2034 516 2067 etc.;
553 2034 586 2060 et
619 2026 701 2071 quia
728 2026 837 2059 etiam
864 2025 1000 2059 auferre
1027 2036 1103 2059 rem
1131 2024 1275 2058 alterius
1301 2033 1353 2058 est
1380 2024 1563 2070 quoddam
1588 2025 1762 2070 injustum

206 2079 336 2121 facere,
358 2080 439 2113 ideo
461 2079 674 2113 secundario
698 2079 805 2112 etiam
828 2079 863 2112 in
885 2079 940 2112 his
958 2078 1086 2112 dicitur
1113 2083 1382 2124 contmpussum;
1410 2086 1516 2124 prout
1540 2077 1679 2112 scilicet
1704 2077 1764 2112 ali-

207 2134 284 2180 quis
312 2133 371 2179 qui
397 2133 569 2166 damnum
592 2131 718 2173 intulit,
741 2132 776 2166 in
807 2143 843 2165 re
873 2143 936 2165 sua
965 2131 1073 2165 etiam
1098 2131 1173 2176 ipse
1199 2131 1468 2165 damnificatur:
1497 2139 1531 2165 et
1554 2131 1627 2166 hoc
1653 2131 1761 2165 etiarn

206 2188 339 2232 justum
360 2187 532 2220 damnum
556 2186 759 2219 continetur
780 2185 815 2219 in
837 2185 917 2230 lege
936 2185 1048 2219 Exod.
1071 2194 1143 2218 22.:
1166 2185 1201 2218 Si
1216 2186 1286 2230 quis
1299 2185 1691 2230 ftcratztsfueritbovem,
1705 2189 1762 2219 aut

208 2252 312 2282 ovam,
335 2245 364 2274 ut
385 2239 546 2275 occiderit,
573 2239 625 2273 val
645 2238 838 2280 vendiaeierit,
862 2239 1001 2284 quinqua
1024 2239 1117 2272 boves
1132 2244 1196 2283 pro
1219 2250 1282 2271 uno
1302 2239 1381 2272 [νοω
1402 2239 1556 2280 restituet,
1579 2243 1608 2272 et
1620 2242 1762 2283 quatuor

208 2305 283 2327 ovas
299 2300 364 2340 pro
387 2304 453 2326 una
472 2304 550 2326 ove:
566 2292 671 2326 tertio
685 2303 770 2325 vero
786 2291 995 2326 transfertur
1009 2302 1143 2324 nomen
1159 2292 1360 2337 sontmzpassi
1374 2291 1417 2324 ad
1431 2291 1651 2325 voluntarias
1666 2301 1763 2325 com-

209 2347 439 2388 mutationes,
461 2346 496 2379 in
519 2345 645 2391 quibus
668 2346 850 2390 utriusque
873 2353 924 2378 est
947 2346 1052 2385 actio,
1075 2353 1109 2378 et
1126 2344 1262 2390 passio:
1280 2344 1339 2378 sed
1355 2345 1582 2378 voluntat-[zm.
1597 2344 1762 2377 diminuit

209 2401 251 2434 de
274 2401 412 2434 ratione
436 2399 622 2444 passionis,
642 2406 679 2431 ut
701 2398 835 2431 dictum
860 2406 911 2431 est
935 2397 978 2443 (q.
998 2410 1048 2443 59.
1065 2403 1129 2431 art.
1142 2399 1206 2443 3.):
1222 2398 1256 2430 in
1273 2397 1439 2431 omnibus
1455 2405 1573 2430 autern
1587 2397 1642 2430 his
1658 2397 1762 2431 debet

209 2454 284 2488 fieri
306 2454 504 2487 secundum
534 2452 713 2485 rationem
744 2452 896 2496 justitiae
931 2451 1213 2485 commutativae
1244 2451 1534 2495 recompensatio
1562 2451 1761 2484 secundum

210 2507 481 2554 aequalitat01n3
501 2514 538 2540 ut
555 2505 691 2540 scilicet
714 2505 830 2550 passio
854 2513 1124 2550 recompensata
1149 2505 1191 2537 sit
1215 2504 1372 2550 aequalis
1389 2504 1537 2538 actioni:
1553 2515 1625 2537 non
1641 2512 1760 2538 autern

209 2572 350 2606 semper
373 2568 465 2594 esset
487 2558 656 2605 aequalis,
679 2559 706 2591 si
722 2558 816 2591 idem
834 2558 950 2603 specie
967 2558 1092 2603 aliquis
1112 2566 1302 2603 pateretur,
1318 2557 1413 2603 quod
1430 2557 1527 2591 fecit:
1542 2568 1627 2590 nam
1643 2557 1759 2603 primo

209 2615 353 2660 quidem
376 2625 459 2646 cum
482 2613 608 2658 aliquis
631 2612 799 2655 injuriose
820 2611 928 2644 laedit
951 2611 1093 2644 alterius
1124 2622 1316 2657 personam
1347 2611 1535 2655 majorem,
1566 2611 1682 2655 major
1708 2617 1762 2644 est

210 2668 315 2708 actio,
339 2678 446 2713 quam
469 2666 586 2712 passio
607 2665 767 2710 ejusdem
787 2664 929 2710 speciei,
953 2675 1060 2709 quam
1084 2665 1157 2709 ipse
1180 2671 1373 2710 pateretur3
1397 2671 1430 2697 ct
1444 2663 1524 2697 ideo
1539 2662 1599 2697 ille
1613 2663 1672 2708 qui
1688 2674 1761 2708 per·
1814 2682 1816 2686 ν

210 2721 297 2754 cutit
318 2720 528 2766 principem,
551 2730 625 2752 non
644 2718 761 2752 solum
786 2718 1031 2763 repercutitur,
1054 2718 1114 2750 sed
1138 2717 1251 2750 multo
1267 2717 1408 2762 gravius
1424 2717 1584 2762 punitur:
1599 2716 1761 2750 similiter

209 2775 318 2808 ctiam
341 2785 423 2807 cum
443 2773 520 2819 quis
543 2772 698 2818 aliquem
718 2771 1000 2804 involuntarium
1023 2771 1057 2803 in
1077 2782 1113 2804 re
1136 2782 1199 2804 sua
1214 2770 1432 2811 damnificat,
1455 2770 1570 2815 major
1584 2776 1636 2803 est
1654 2768 1759 2810 actio,

210 2838 318 2872 quam
341 2834 433 2860 esset
454 2826 584 2872 passio,
606 2825 635 2858 si
657 2825 721 2858 sibi
743 2823 820 2858 sola
841 2835 896 2857 res
920 2823 979 2856 illa
1002 2823 1215 2858 auferretur:
1239 2824 1321 2869 quia
1343 2823 1417 2869 ipse
1440 2824 1497 2868 qui
1517 2821 1761 2856 damnificavit

212 2880 320 2914 alium
343 2880 377 2913 in
400 2891 435 2913 re
457 2890 532 2921 sua,
554 2877 644 2912 nihil
666 2876 974 2919 damnificaretur3
997 2884 1031 2910 et
1052 2876 1132 2910 idco
1155 2877 1299 2922 punitur
1319 2876 1354 2910 in
1376 2876 1460 2918 hoc,
1483 2875 1579 2922 quod
1595 2874 1760 2921 multipli-
