1859 3122
442 179 662 216 QUAESTlo
698 179 873 210 cxxxv1.
907 179 1152 210 Aaricurus
1187 180 1230 209 11.
1538 168 1622 224 899

630 349 973 394 ARTICULUS
1003 349 1058 393 Π.
1557 359 1624 407 669

319 457 472 487 UTRUM
505 457 738 488 PATIENTIA
771 458 838 487 SIT
871 457 1103 487 POTISSIMA
1134 456 1378 487 VIRTUTUM.

604 544 680 589 (1-2.
703 557 732 591 q.
755 546 811 580 66.
834 551 899 580 art.
915 557 942 591 3.
963 545 1005 579 ad
1025 546 1082 590 L).

136 627 196 662 AD
217 637 424 662 SECUNDUM
447 627 497 662 sic
520 628 737 673 proceditur.
760 627 921 670 Videtur,
944 628 1040 674 quod
1063 627 1233 674 patientia
1255 627 1299 661 sit
1320 625 1507 673 potissima
1522 626 1627 660 virtu-

64 690 159 716 tum:
183 681 217 715 id
240 681 336 715 enini
359 681 455 727 quod
478 685 530 715 e'st
552 681 763 727 perfectum,
786 689 838 716 est
859 681 1089 727 potissimum
1110 681 1145 714 in
1165 691 1385 726 unoquoque
1400 690 1550 725 genere:
1567 680 1629 714 sed

60 736 225 781 patientia
243 735 336 769 habat
354 741 432 781 opus
447 735 643 782 perfia-tune,
665 743 702 769 ut
720 735 849 769 dicitur
865 735 989 780 Jacob.
1017 746 1062 777 1.;
1082 745 1168 780 ergo
1187 734 1359 780 patientia
1374 741 1426 768 est
1439 733 1628 780 potissima

65 795 249 822 virtutum.

137 851 168 875 2.
196 842 430 876 PRAETEREA.
461 842 602 877 Omnes
628 842 776 876 virtutes
804 842 847 876 ad
874 843 1011 876 bonum
1039 841 1180 875 animae
1209 841 1436 875 ordinantur:
1469 840 1531 875 sed
1557 840 1629 874 hoc

66 895 257 942 praecipue
279 895 420 929 videtur
442 895 619 941 pertinere
641 895 684 929 ad
700 895 929 941 patientiam:
949 895 1079 929 dicitur
1097 895 1206 936 enim,
1225 895 1312 928 Luc.
1333 904 1405 928 21.:
1421 894 1631 940 Impatientz'a

66 953 177 983 vestra
190 948 392 994 possidebitis
413 950 541 983 animas
560 954 684 984 vostras
694 961 706 989 ;
731 959 818 993 ergo
841 948 1011 994 patientia
1034 956 1087 982 est
1108 949 1266 982 maxima
1289 949 1472 982 virtutum.

142 1013 169 1048 3.
192 1002 428 1037 PRAETERm.
450 1001 541 1036 Illud
569 1002 666 1048 quod
693 1010 745 1036 est
771 1002 1075 1043 conservativum,
1103 1009 1135 1035 et
1163 1012 1271 1035 causa
1299 1000 1465 1043 aliorum,
1491 1000 1632 1034 videtur

68 1055 188 1101 potius
210 1066 306 1090 esse:
326 1056 400 1098 sed,
421 1057 512 1090 sicut
535 1054 688 1101 Gregor.
709 1055 795 1090 dicit
813 1055 849 1089 in
871 1055 1026 1101 quadam
1049 1054 1186 1089 Homil.
1208 1054 1264 1101 (35.
1287 1055 1322 1088 in
1339 1054 1500 1100 Evang.)‚
1535 1067 1552 1086 (ε
1574 1065 1632 1100 pa-

65 1108 190 1143 tientia
213 1117 265 1144 est
286 1109 397 1151 radix,
425 1117 460 1143 et
486 1116 607 1143 custos
634 1108 800 1143 oninium
821 1109 995 1143 virtutum
1018 1121 1059 1151 »ς
1090 1119 1177 1154 ergo
1199 1108 1372 1154 patientia
1399 1116 1451 1142 est
1473 1108 1632 1142 maxima

65 1162 248 1197 virtutum.

140 1215 214 1250 SED
234 1225 384 1250 CONTRA
403 1222 467 1257 est,
486 1215 583 1261 quod
600 1226 674 1249 non
694 1223 924 1250 enumeratur
944 1215 1037 1249 inter
1053 1222 1208 1261 quatuor
1231 1214 1392 1257 virtutes,
1411 1225 1499 1260 quas
1522 1214 1632 1260 Greg.

66 1279 120 1305 22.
135 1268 264 1303 Moral.
281 1268 368 1315 (cap.
383 1269 442 1313 1.)‚
459 1276 493 1303 et
514 1269 608 1315 Aug.
623 1269 660 1302 in
681 1269 740 1303 lib.
764 1268 808 1303 de
830 1269 922 1303 Mor.
942 1268 1040 1303 Eccl.
1063 1269 1153 1314 (cap.
1172 1269 1231 1314 15.)
1248 1276 1382 1302 vocant
1402 1267 1628 1314 principales.

136 1322 365 1357 RESPONDEO
389 1321 593 1364 dicendum,
615 1322 712 1368 quod
729 1322 877 1356 virtutes
893 1321 1092 1356 secundum
1106 1332 1210 1356 suam
1224 1321 1404 1356 rationem
1420 1321 1631 1356 ordinantur

69 1376 113 1410 ad
130 1376 286 1410 bonum:
309 1384 362 1410 est
384 1376 481 1410 enim
501 1376 625 1418 virtus,
648 1387 739 1422 quae
759 1376 845 1410 facit
865 1376 1003 1410 bonum
1024 1375 1231 1417 habentem,
1247 1383 1280 1410 et
1298 1386 1389 1421 opus
1403 1376 1478 1421 ejus
1491 1375 1631 1409 bonum

69 1429 195 1472 reddit,
218 1437 256 1464 ut
277 1429 405 1463 dicitur
426 1430 462 1463 in
485 1439 515 1463 2.
538 1429 653 1463 Ethic.
673 1430 762 1476 (cap.
783 1430 852 1475 6.)‚·
876 1429 970 1463 unde
993 1437 1146 1475 oportet,
1169 1429 1266 1475 quod
1280 1436 1380 1463 tanto
1398 1427 1632 1475 principalior

67 1483 112 1517 sit
131 1483 254 1524 virtus,
274 1491 309 1517 et
329 1482 460 1529 potior,
483 1491 617 1528 quanto
641 1483 768 1529 magis,
791 1491 825 1517 et
843 1483 1011 1517 directius
1033 1483 1175 1517 ordinat
1195 1482 1386 1516 hominem
1407 1482 1443 1516 in
1468 1482 1606 1516 bonum
1623 1493 1630 1515 :

68 1536 236 1571 directius
259 1544 379 1570 autem
402 1536 445 1570 ad
466 1536 604 1570 bonum
627 1537 793 1571 ordinant
813 1537 1003 1570 hominem
1018 1536 1177 1577 virtutes,
1196 1547 1286 1582 quae
1305 1544 1387 1570 sunt
1405 1535 1631 1570 costitutivae

67 1589 165 1632 boni,
187 1601 294 1636 quam
318 1589 401 1623 illae
420 1601 511 1635 quae
542 1597 623 1624 sunt
644 1589 875 1635 impeditivae
906 1601 1045 1631 eorum,
1073 1600 1164 1635 quae
1195 1589 1376 1623 abducunt
1406 1600 1425 1622 a
1454 1589 1570 1631 bono;
1598 1596 1632 1623 et

67 1643 160 1677 sicut
180 1643 272 1677 inter
294 1653 365 1684 θεῖε,
388 1654 478 1688 quae
501 1651 582 1677 sunt
605 1643 856 1677 constitutivae
873 1643 971 1684 boni,
993 1650 1092 1676 tanto
1113 1642 1231 1688 aliqua
1257 1642 1376 1688 potior
1405 1650 1468 1683 est,
1495 1649 1630 1688 quanto

66 1697 104 1730 in
126 1696 257 1742 maj0ri
276 1696 375 1730 bono
397 1696 519 1730 statuit
539 1696 729 1730 hominem
752 1696 861 1741 (sicut
881 1695 981 1738 fides,
1004 1706 1095 1741 spes,
1115 1703 1149 1730 et
1171 1695 1337 1737 charitas,
1360 1706 1469 1741 quam
1483 1695 1634 1741 pruden-

66 1750 127 1792 tia,
150 1757 184 1783 et
204 1749 376 1795 justitia);
397 1749 446 1783 ita
468 1758 502 1784 et
523 1750 613 1784 inter
635 1749 725 1791 illas,
749 1760 839 1795 quae
859 1757 940 1783 sunt
960 1749 1191 1795 impeditivae
1210 1749 1470 1783 retrahentium
1487 1760 1506 1782 a
1520 1748 1632 1790 bono,

66 1811 168 1838 tanto
192 1802 311 1848 aliqua
333 1810 386 1837 est
406 1803 537 1848 potior,
560 1811 694 1849 quanto
716 1803 751 1836 id
774 1803 869 1848 quod
893 1802 934 1836 ab
962 1813 1004 1836 ea
1031 1802 1236 1848 impeditur,
1270 1802 1388 1848 magis
1415 1813 1434 1835 a
1459 1802 1556 1836 bono
1584 1813 1635 1836 re-

67 1856 198 1891 trahit:
220 1855 299 1902 plus
321 1865 442 1890 autem
464 1867 484 1889 a
504 1856 602 1890 bono
618 1856 804 1890 retrahunt
825 1854 984 1902 pericula
1000 1856 1139 1897 mortis,
1156 1855 1250 1889 circa
1273 1866 1364 1901 quae
1380 1863 1433 1889 est
1446 1854 1632 1898 fortitudo,

68 1909 127 1943 vel
148 1908 406 1943 delectationes
427 1917 555 1951 tactus,
578 1909 673 1943 circa
695 1920 782 1955 quas
806 1917 858 1943 est
883 1909 1133 1954 temperantia,
1161 1920 1270 1954 quam
1298 1909 1444 1954 quaevis
1471 1908 1633 1950 adversa,

75 1962 171 1996 circa
193 1973 284 2008 quae
307 1971 359 1996 est
380 1962 569 2008 patientia3
597 1970 631 1996 et
656 1963 738 1996 ideo
764 1962 936 2008 patientia
961 1973 1035 1996 non
1063 1969 1115 1996 est
1140 1962 1329 2008 potissima
1353 1962 1544 2004 virtutum;
1571 1962 1633 1996 sed

71 2015 194 2050 deficit
213 2027 288 2049 non
310 2015 430 2050 solum
453 2027 472 2050 a
493 2016 681 2050 virtutibus
702 2015 934 2062 theologicis,
956 2023 990 2050 et
1012 2015 1211 2061 prudentia,
1239 2023 1273 2050 et
1298 2015 1443 2061 justitia,
1471 2026 1562 2061 quae
1588 2015 1636 2049 di-

72 2076 170 2103 recte
192 2076 352 2102 statuunt
372 2069 562 2103 hominem
580 2069 615 2102 in
629 2069 740 2111 bono,
755 2069 817 2103 sed
833 2069 942 2103 etiam
962 2080 981 2102 a
994 2068 1215 2111 fortitudine,
1230 2076 1264 2103 et
1278 2068 1527 2115 temperantia,
1542 2079 1633 2114 quae

71 2122 259 2156 retrahunt
281 2133 300 2155 a
317 2122 515 2168 majoribus
536 2122 815 2169 impedimentis.

143 2176 203 2210 AD
227 2186 377 2210 PRIMUM
399 2178 485 2221 ergo
508 2175 712 2217 dicendum,
734 2175 830 2221 quod
851 2175 1022 2222 patientia
1041 2175 1168 2210 dicitur
1184 2175 1317 2210 habere
1331 2186 1422 2221 opus
1435 2174 1634 2222 perfectum

71 2229 108 2263 in
130 2229 288 2263 adversis
310 2228 506 2263 tolerandis
524 2229 612 2274 (sac.
634 2229 702 2274 1.):
726 2240 769 2263 ex
789 2229 917 2275 quibus
938 2229 1056 2275 primo
1078 2229 1240 2275 procedit
1260 2229 1412 2270 tristitia,
1430 2240 1539 2274 quam
1560 2239 1636 2262 mo-

73 2283 219 2317 deratur
239 2282 428 2328 patientia:
451 2282 612 2316 secundo
633 2282 697 2324 ira,
719 2293 828 2328 quam
849 2282 1059 2316 moderatur
1080 2282 1343 2316 mansuetudo:
1364 2282 1471 2316 tertio
1498 2281 1634 2324 odium,

72 2336 170 2382 quod
198 2335 293 2369 tollit
321 2335 491 2369 charitas:
519 2344 645 2381 quarto
672 2335 845 2381 injustum
872 2344 1147 2378 nocumentum,
1175 2335 1271 2382 quod
1298 2335 1465 2382 prohibet
1485 2335 1634 2381 justitia:

73 2388 203 2423 tollere
225 2389 322 2422 enim
344 2388 561 2434 principium
582 2389 862 2434 uniuscujusque
885 2396 937 2422 est
958 2388 1167 2434 perfectius,
1189 2400 1255 2423 nec
1277 2397 1398 2423 tamen
1420 2388 1589 2434 sequitur,
1608 2388 1636 2422 si

73 2442 110 2475 in
131 2442 202 2476 hoc
222 2442 393 2488 patientia
415 2450 467 2475 est
487 2441 690 2486 perfectior,
713 2442 808 2487 quod
832 2442 874 2476 sit
896 2441 1088 2488 perfectior
1110 2442 1333 2487 simpliciter.

144 2495 204 2529 AD
227 2505 434 2529 SECUNDUM
453 2494 658 2536 dicendum,
681 2494 777 2540 quod
799 2495 980 2541 possessio
999 2495 1171 2541 importat
1189 2495 1350 2540 quietum
1364 2494 1584 2538 dominium3
1602 2503 1636 2530 et

73 2547 156 2582 ideo
178 2559 240 2594 per
261 2548 471 2594 patientiam
493 2548 621 2582 dicitur
641 2549 756 2583 homo
779 2560 881 2583 suam
909 2550 1068 2584 animam
1090 2550 1274 2596 possidere
1290 2550 1388 2594 (Luc.
1404 2550 1469 2590 21.)
1490 2549 1636 2596 inquan-

72 2609 150 2635 tum
171 2602 340 2635 radicitus
365 2601 484 2635 evellit
505 2603 690 2647 passiones
714 2603 981 2645 adversitatum,
1003 2603 1131 2649 quibus
1151 2603 1271 2637 anima
1293 2602 1521 2648 inquietatur.

146 2655 206 2688 AD
223 2664 395 2689 TERTIUM
413 2654 617 2697 dicendum,
633 2655 728 2701 quod
742 2656 913 2700 patientia
928 2656 1057 2690 dicitur
1071 2667 1147 2690 esse
1162 2656 1272 2697 radix,
1289 2663 1321 2689 et
1336 2663 1455 2689 custos
1471 2656 1635 2689 omnium

72 2707 256 2749 virtutum,
277 2719 351 2741 non
374 2709 475 2753 quasi
496 2708 629 2743 directe
651 2720 711 2743 eas
734 2709 928 2751 causando,
951 2717 986 2743 et
1007 2709 1269 2751 conservando,
1291 2708 1353 2742 sed
1374 2708 1494 2742 solum
1519 2720 1636 2743 remo-

72 2760 192 2795 vendo
213 2761 418 2807 prohibens.
