1920 3142
510 211 643 241 INDEX
678 211 906 241 SECUNDAE
940 212 1168 242 SECUNDAE
1202 213 1364 242 PARTIS.
1693 215 1715 256 9

369 291 561 323 QUAESTIO
582 292 700 318 XXXV.

164 349 202 376 De
220 350 290 375 vitiis
307 351 423 385 oppoxilis
443 351 561 376 charitati
580 355 700 384 qnantum
724 349 757 374 nd
777 349 910 381 accidiam,

293 401 354 426 quae
375 393 506 427 opponitur
524 391 615 426 gaudio
635 391 774 423 charitatis,

358 433 422 468 quod
435 438 468 458 cst
482 433 510 458 de
525 433 587 459 bono
601 432 697 458 divino.

182 517 188 523 .
210 497 306 523 Utrum
322 499 425 524 accidia
437 499 472 523 sit
486 505 640 532 peccatum:

182 559 188 565 .
210 539 307 565 Utrum
322 540 426 565 accidia
439 540 474 564 sit
488 539 606 574 speciale
620 540 727 565 vitium.

183 601 188 606 .
211 580 308 606 Utrum
322 582 357 606 sit
371 587 513 615 peccatum
528 581 652 606 mortale.

184 642 190 648 .
212 622 308 648 Utrum
325 623 360 648 sit
373 623 470 648 vitium
485 622 610 657 capitale.

162 505 178 654 *who-

365 721 557 753 QUAESTIO
577 721 711 748 XXXVI.

164 781 202 808 De
221 782 290 807 vitiis
308 782 424 817 oppositis
448 781 566 806 charitati
585 786 706 816 quantum
726 781 759 806 ad
778 780 913 812 invidiam,

252 832 314 858 quae
333 823 465 858 opponitur
483 823 575 858 gaudio
594 822 623 848 de
644 823 704 849 bono
721 823 841 858 proximi.

166 901 189 919 x.
210 892 308 918 Utrum
322 893 424 918 invidia
438 893 473 918 sit
487 893 597 918 tristitia
611 892 643 917 de
659 892 739 918 bonis
753 891 860 918 alienis.

164 942 189 960 2.
211 933 308 959 Utrum
323 934 425 960 invidia
439 935 473 959 sit
487 941 640 969 peccatum.

165 983 189 1009 3.
211 974 308 1001 Utrum
322 976 423 1001 invidia
437 976 472 1000 sit
485 982 626 1010 peccatum
641 975 766 1001 mortale.

163 1025 189 1049 4.
211 1016 310 1042 Utrum
320 1018 423 1043 invidia
433 1018 469 1043 sit
479 1018 575 1043 vitium
588 1017 713 1052 capitale,
726 1024 754 1042 et
765 1017 797 1042 de
808 1016 916 1042 filiabus

234 1066 301 1092 ejus.

359 1158 551 1189 QUAESTIO
572 1158 722 1185 XXXVII.

195 1218 235 1244 De
256 1217 389 1250 discordia,
411 1228 473 1254 quae
492 1219 623 1254 opponitur
643 1218 741 1253 effectui
760 1217 899 1249 charitatis,

449 1261 492 1295 qui
511 1265 545 1285 est
560 1265 621 1295 pax.

166 1339 190 1357 1.
211 1331 309 1357 Utrum
324 1331 460 1357 discordia
473 1321 510 1357 sit
523 1338 674 1366 peccatum.

165 1380 191 1398 2.
211 1372 309 1398 Utrum
323 1373 358 1398 sit
373 1373 427 1398 filia
440 1373 529 1399 inanis
544 1373 658 1408 gloriae.

353 1473 544 1505 QUAESTIO
565 1473 729 1500 XXXVIII.

165 1531 205 1558 De
220 1533 384 1565 contentione,
399 1543 460 1568 quae
474 1534 606 1569 opponitur
621 1534 681 1569 paci
699 1538 821 1568 quantum
835 1533 869 1558 ad
882 1541 916 1560 05.

168 1612 192 1630 x.
213 1604 310 1630 Utrum
326 1604 468 1629 contentio
484 1605 519 1629 sit
532 1611 674 1638 peccatum
689 1603 814 1629 mortale.

167 1653 193 1671 2.
214 1645 312 1671 Utrum
327 1647 362 1671 sit
376 1645 431 1671 filia
446 1647 535 1671 inanis
549 1646 664 1680 gloriae.

368 1745 560 1776 QUAESTIO
581 1745 718 1772 XXXIX.

166 1803 206 1830 De
219 1804 357 1836 schismate,
372 1804 436 1839 quod
447 1804 579 1839 opponitur
588 1804 649 1839 paci
662 1809 784 1838 qnantum
799 1803 832 1829 ad
846 1808 914 1839 opus.

169 1878 191 1895 1.
212 1869 311 1895 Utrum
325 1869 444 1894 schisma
459 1869 495 1894 sit
507 1868 625 1903 speciale
639 1875 793 1903 peccatum.

167 1919 191 1937 2.
211 1910 310 1937 Utrum
324 1911 359 1936 sit
373 1911 482 1945 gravius
497 1910 668 1935 infidelitate.

168 1960 192 1985 3.
212 1951 311 1978 Utrum
345 1952 514 1977 schismatici
540 1951 659 1977 habeant
685 1951 804 1987 aliquam
839 1957 919 1986 pote-

237 1999 346 2019 statem.

165 2043 191 2067 4.
213 2034 292 2065 Quae
306 2035 342 2060 sit
356 2035 524 2061 couveniens
538 2043 628 2069 poena
641 2034 888 2061 schismaticorum.

407 2134 600 2166 QUAESTIO
620 2135 680 2162 XL.

185 2192 225 2220 De
246 2193 321 2225 bello,
341 2193 406 2228 quod
425 2193 556 2229 opponitur
565 2194 626 2228 paci
639 2198 760 2228 quantum
779 2193 813 2218 ad
834 2198 900 2229 opus.

171 2267 194 2284 1.
215 2258 314 2284 Utrum
327 2258 439 2293 aliquod
454 2258 556 2284 bellum
571 2259 606 2284 sit
619 2258 736 2284 licitum.

169 2308 194 2325 2.
215 2299 313 2325 Utrum
328 2300 436 2325 clericis
451 2301 486 2325 sit
500 2300 605 2325 licitum
621 2300 731 2327 bellare.

170 2350 194 2375 3.
216 2341 314 2367 Utrum
327 2341 410 2367 liceat
422 2341 588 2367 bellantibus
602 2343 640 2366 uti
654 2342 772 2369 insidiis.

168 2392 195 2415 4.
215 2382 314 2408 Utrum
330 2383 411 2409 liceat
425 2384 453 2408 in
468 2383 563 2409 diebus
577 2383 654 2408 festis
666 2383 775 2408 bellare.

404 2483 596 2514 QUAESTIO
616 2484 690 2510 XLI.

189 2542 228 2568 De
247 2543 312 2574 rixa,
333 2552 394 2578 quae
405 2544 537 2578 opponitur
552 2544 613 2578 paci
631 2549 752 2578 quantum
772 2542 805 2568 acl
826 2548 893 2578 opus.

174 2616 197 2633 1.
218 2607 316 2633 Utrum
330 2609 385 2633 rixa
399 2609 435 2634 sit
450 2615 604 2643 peccatum.

172 2657 196 2675 2.
218 2648 315 2674 Utrum
329 2651 385 2675 rixa
399 2651 434 2675 sit
448 2650 503 2675 filia
517 2651 581 2675 irae.

396 2749 587 2780 QUAESTIO
607 2750 696 2776 XLII.

172 2808 212 2833 De
230 2807 359 2839 seditione,
380 2817 441 2843 quae
459 2809 589 2844 opponitur
599 2810 659 2844 paci
669 2814 790 2844 quantum
803 2808 837 2834 ad
850 2813 919 2844 opus.

175 2882 199 2899 x.
219 2873 317 2899 Utrum
331 2873 430 2899 seditio
451 2874 486 2898 sit
499 2874 618 2908 speciale
631 2881 784 2908 peccatum.

173 2923 199 2940 2.
221 2914 318 2940 Utrum
333 2915 368 2940 sit
381 2921 523 2949 peccatum
537 2915 662 2943 mortale.

1188 293 1380 325 QUAESTIO
1401 293 1505 320 XLIII.

1061 353 1099 378 De
1119 354 1247 385 scandalo,
1269 353 1333 388 quod
1352 354 1485 389 opponitur
1503 353 1622 378 cbarilati

1160 401 1279 429 quantum
1292 395 1324 420 nd
1345 394 1540 430 brurficcnliam.

972 468 993 485 1.
1017 460 1090 490 Quid
1105 461 1139 485 sit
1154 461 1323 486 scandalum.

970 509 995 526 2.
1016 501 1114 527 Utrum
1128 502 1286 527 scandalum
1301 504 1335 527 sit
1351 509 1503 536 peccatum.

972 551 995 575 3.
1016 542 1114 568 Utrum
1129 544 1163 568 sit
1177 543 1295 577 speciale
1309 551 1462 578 peecatum.

989 604 995 610 .
1016 583 1113 609 Utrum
1128 585 1163 609 sit
1177 592 1319 619 peccatum
1334 585 1460 610 mortale.

1018 624 1115 650 Utrum
1135 625 1318 660 perfectorum
1334 627 1368 651 sit
1383 626 1570 654 scandalizari.

1017 666 1115 692 Utrum
1130 675 1223 692 eorum
1238 668 1273 692 sit
1287 667 1480 693 scandalizare.

1019 707 1114 733 Utrum
1127 709 1278 742 spiritualia
1292 709 1364 735 bona
1374 710 1429 734 sint
1440 709 1602 734 dimittenda
1612 715 1722 744 propter

1042 749 1210 775 scandalum.

990 811 995 816 .
1017 790 1115 817 Utrum
1135 791 1298 826 temporalia
1311 792 1366 817 sint
1379 799 1490 827 propter
1503 791 1662 818 scandalum
1683 791 1722 816 di-

1041 833 1182 858 mittenda.

969 593 995 742 5:²³3*ss

971 791 985 816 00

1140 909 1393 940 QUAESTIO
1422 909 1556 936 XLIV.

1174 968 1212 995 De
1228 970 1367 1004 praeceptis
1386 969 1524 994 charitatis.

992 1054 998 1059 .
1018 1033 1116 1059 Utrum
1132 1034 1163 1058 de
1179 1034 1309 1059 charitate
1323 1035 1379 1059 sint
1392 1034 1479 1059 danda
1492 1040 1644 1068 praecepta.

1019 1075 1116 1101 Utrum
1131 1084 1215 1100 unum
1230 1082 1346 1107 tantum,
1360 1075 1404 1101 vel
1419 1076 1484 1100 duo.

1018 1116 1116 1142 Utrum
1131 1117 1185 1142 duo
1200 1116 1348 1142 sufficiant.

1019 1158 1116 1184 Utrum
1132 1159 1330 1184 convenienter
1348 1159 1538 1193 praecipiatur,
1554 1163 1585 1182 ut
1599 1157 1673 1182 Deus
1693 1165 1725 1182 ex

1044 1206 1105 1225 toto
1122 1200 1204 1225 corde
1220 1199 1358 1234 diligatur.

1019 1240 1119 1266 Utrum
1134 1242 1331 1266 convenienter
1344 1241 1467 1272 addatur,
1483 1249 1514 1265 ex
1527 1246 1586 1265 tota
1600 1246 1702 1265 mente.

993 1302 998 1307 .
1020 1281 1118 1307 Utrum
1131 1282 1185 1307 hoc
1200 1289 1374 1317 praeceptum
1389 1282 1477 1317 possit
1491 1283 1518 1306 in
1532 1282 1576 1307 via
1590 1281 1705 1316 impleri.

1022 1323 1063 1348 De
1090 1323 1143 1349 hoc
1163 1330 1309 1359 praecepto
1322 1334 1326 1349 :
1356 1323 1455 1359 Diliges
1481 1323 1624 1358 proximum
1647 1327 1724 1353 tuum,

1043 1365 1105 1390 sicut
1125 1365 1239 1400 teipsum.

993 1426 998 1431 .
1019 1405 1118 1431 Utrum
1133 1407 1201 1432 ordo
1217 1406 1357 1432 charitatis
1372 1407 1450 1432 cadat
1465 1407 1514 1432 sub
1528 1412 1684 1442 praecepto.

971 1042 997 1191 μηδ’*

972 1248 998 1431 ΘΟὛῙΦΥ·

1199 1494 1391 1525 QUAESTIO
1412 1495 1497 1521 XLV.

1008 1552 1048 1579 De
1068 1554 1132 1580 dono
1151 1554 1299 1589 sapientiae,
1320 1553 1384 1588 quod
1404 1546 1532 1589 respondet
1553 1553 1681 1579 charitati.

976 1628 999 1645 1.
1019 1619 1117 1645 Utrum
1132 1619 1266 1654 sapientia
1286 1619 1383 1644 debeat
1403 1619 1539 1644 numerari
1560 1619 1630 1643 inter
1654 1619 1726 1644 dona

1045 1660 1162 1695 Spiritus
1179 1660 1281 1685 Sancti.

973 1711 998 1728 2.
1019 1702 1118 1728 Utrum
1138 1703 1173 1727 sit
1187 1703 1213 1727 iu
1228 1701 1372 1732 intellectu
1386 1702 1458 1726 sicut
1474 1702 1501 1726 in
1517 1701 1653 1735 subjecto.

976 1751 1000 1777 3.
1020 1743 1117 1769 Utrum
1138 1744 1273 1778 sapientia
1300 1744 1334 1768 sit
1355 1743 1523 1778 speculativa
1545 1749 1662 1775 tantum,
1684 1742 1727 1769 vel

1045 1785 1126 1810 etiam
1141 1786 1270 1819 practica.

973 1835 999 1858 4.
1020 1826 1118 1852 Utrum
1132 1827 1275 1860 sapientia,
1291 1835 1358 1860 quae
1380 1832 1421 1851 est
1435 1825 1548 1859 donum,
1563 1827 1652 1861 possit
1668 1833 1727 1850 esse

1045 1876 1106 1892 cum
1120 1874 1234 1902 peccato
1250 1867 1369 1893 mortali.

976 1917 998 1942 ς.
1020 1909 1118 1934 Utrum
1133 1909 1167 1934 sit
1183 1909 1210 1934 iu
1221 1909 1350 1935 omnibus
1364 1909 1528 1935 habentibus
1539 1909 1654 1944 gratiam
1669 1917 1728 1944 gra-

1045 1957 1103 1975 tum
1117 1949 1276 1976 facientem.

974 1991 999 2017 6.
1020 1991 1119 2017 Utrum
1133 1992 1297 2026 respondeat
1321 1992 1344 2016 ei
1360 1992 1475 2026 septima
1491 1992 1643 2024 beatitudo,
1659 2000 1727 2026 quae

1046 2040 1102 2059 est:
1118 2033 1310 2068 Bealipacifici.

1195 2121 1387 2153 QUAESTIO
1409 2120 1508 2147 XLVI.

1063 2182 1102 2208 De
1119 2182 1238 2213 stultitia,
1259 2190 1321 2216 quae
1340 2182 1472 2216 opponitur
1491 2181 1638 2215 sapientiae.

978 2256 1000 2274 1.
1022 2247 1121 2273 Utrum
1136 2247 1253 2272 stultitia
1267 2253 1422 2281 opponatur
1435 2246 1594 2280 sapientiae.

975 2298 1001 2316 2.
1022 2289 1121 2315 Utrum
1135 2289 1252 2314 stultitia
1267 2289 1302 2313 sit
1315 2295 1468 2322 peccatum.

978 2339 1000 2364 3.
1022 2330 1120 2356 Utrum
1134 2330 1251 2355 stultitia
1265 2330 1300 2354 sit
1314 2329 1370 2355 filia
1383 2329 1513 2354 luxuriae.

1190 2417 1382 2448 QUAESTIO
1397 2416 1513 2442 XLVII.

1154 2476 1193 2503 De
1209 2476 1345 2512 prudentia
1364 2476 1495 2502 secundum
1516 2483 1549 2500 se.

997 2551 1019 2569 1.
1035 2543 1133 2569 Utrum
1150 2543 1293 2578 prudentia
1311 2543 1346 2567 sit
1365 2543 1391 2566 in
1400 2541 1553 2572 voluntate,
1576 2539 1619 2566 vel
1641 2540 1669 2565 iu
1689 2548 1728 2565 ra-

1067 2585 1152 2610 tione.

1016 2647 1021 2652 .
1036 2626 1145 2657 Utrum,
1166 2626 1188 2650 si
1201 2632 1242 2650 est
1256 2626 1283 2650 iu
1303 2626 1420 2655 ratione,
1442 2624 1516 2648 sitin
1528 2624 1647 2658 practica
1665 2629 1729 2648 tan-

1065 2674 1134 2699 tum,
1148 2667 1191 2693 vel
1207 2667 1288 2692 etiam
1303 2667 1331 2691 in
1350 2665 1528 2699 speculativa.

1015 2729 1020 2734 .
1035 2708 1133 2734 Utrum
1154 2709 1189 2733 sit
1203 2708 1395 2742 cognoscitiva
1408 2706 1597 2740 singularium.

1015 2770 1020 2775 .
1036 2749 1135 2775 Utrum
1150 2750 1184 2774 sit
1197 2749 1291 2774 virtus.

1014 2811 1019 2815 .
1035 2790 1133 2816 Utrum
1154 2791 1189 2814 sit
1202 2790 1287 2814 virtus
1301 2788 1438 2823 specialis.

1015 2851 1021 2856 .
1037 2831 1134 2856 Utrum
1148 2831 1308 2865 praestimat
1318 2830 1401 2854 finem
1412 2829 1559 2855 virtutibus
1572 2828 1721 2854 moralibus

1039 2872 1136 2897 Utrum
1152 2873 1302 2897 constituat
1316 2871 1437 2896 medium
1452 2871 1480 2895 in
1494 2871 1544 2896 eis.

1037 2913 1134 2939 Utrum
1148 2913 1305 2948 praecipere
1320 2913 1356 2938 sit
1371 2912 1496 2947 proprius
1511 2917 1587 2937 actus
1601 2911 1669 2946 ejus.

996 2635 1010 2652 Ν

994 2881 1019 2939 ’0ῡῇ
993 2717 1010 2857 0⁸⁰-sz
