1859 3122
491 175 711 211 QUAESTIO
746 174 863 204 XCIX.
898 173 1143 204 ARTICULUS
1177 173 1220 202 11.
1555 173 1635 215 703

79 255 267 302 crilegium
289 267 362 290 non
384 255 523 291 videtur
544 256 698 291 inveniri
720 257 854 303 absque
877 256 955 291 aliis
978 255 1146 302 peccatis,
1169 255 1231 289 sed
1254 254 1471 301 quandoque
1494 256 1642 300 conjun-

79 309 173 355 gitur
194 308 299 351 surto,
322 310 538 356 quandoque
561 310 774 353 homicidio,
804 319 841 344 ut
871 310 1007 344 dictum
1036 317 1089 344 est
1111 310 1163 354 (in
1189 320 1260 355 arg.
1279 308 1434 354 pr‘aec.);
1458 319 1531 342 non
1554 319 1640 353 ergo

79 371 131 397 est
152 362 306 409 speciale
329 372 530 409 peccatum.
720 398 730 410 ‚

150 416 224 451 SED
247 427 401 451 CONTRA
430 426 493 458 est,
528 417 624 463 quod
659 418 851 464 opponitur
881 416 1029 463 speciali
1059 416 1191 457 virtuti,
1221 415 1359 449 scilicet
1389 415 1567 461 religioni,
1597 414 1639 447 ad

79 481 187 515 quam
210 471 363 516 pertinet
388 471 542 505 revereri
565 472 698 513 Deum,
721 480 755 506 et
777 471 914 513 divin'a3
937 482 1024 515 ergo
1047 469 1278 515 sacrilegium
1306 477 1358 503 est
1379 468 1534 515 speciale
1562 479 1641 514 pcc-

80 531 213 557 catum.

150 576 378 612 RESPONDEO
403 578 608 620 dicendum,
636 579 744 624 quod,
773 578 990 624 ubicumque
1016 577 1196 611 invenitur
1218 575 1383 622 specialis
1411 576 1500 610 ratio
1529 574 1643 609 desor-

79 629 224 672 mitatis,
246 630 295 663 ibi
316 642 463 665 necesse
487 640 539 666 est
561 632 656 678 quod
680 632 724 666 sit
745 631 901 678 speciale
928 639 1138 677 peccatum:
1168 630 1251 676 quia
1281 629 1419 675 species
1452 628 1642 674 cujuslibet

80 683 130 717 rei
152 684 343 730 praecipue
367 685 559 719 attenditur
581 685 779 719 secundum
802 685 980 718 rationem
1002 683 1197 718 formalem
1214 683 1335 729 ipsius,
1357 693 1431 716 non
1451 690 1572 716 autem
1591 693 1642 716 se-

81 737 237 771 cundum
257 738 458 780 materiam,
473 738 532 773 vel
546 739 764 784 subjectum:
781 739 815 771 in
831 738 1021 783 sacrilegio
1038 745 1159 771 autem
1174 737 1352 770 invenitur
1368 735 1534 782 specialis
1550 735 1640 769 ratio

80 789 331 833 deformitatis,
353 803 423 837 qua
445 791 583 826 scilicet
608 791 764 825 violatur
790 803 845 826 res
873 803 974 825 sacra
1009 802 1072 836 per
1099 790 1258 836 aliquam
1288 789 1579 832 irreverentiamg
1608 796 1642 822 et

79 843 161 878 ideo
185 852 237 878 est
258 845 414 891 speciale
436 853 638 891 peccatum,
661 853 695 879 et
717 844 911 891 opponitur
933 844 1110 889 religioni.
1135 843 1236 877 Sicut
1258 843 1355 876 enim
1370 843 1541 876 Damasc.
1558 842 1643 876 dicit

79 897 114 931 in
137 897 196 931 lib.
218 907 250 940 4.
273 898 431 940 (orthod.
453 898 528 933 Fid.
551 905 623 945 cap.
643 910 670 944 3.
693 899 752 933 cir.
775 897 897 942 med.):
921 910 938 929 ι(
953 897 1115 943 Purpura
1137 895 1258 942 regale
1274 896 1528 930 indumentum
1547 895 1641 929 facta

78 950 291 994 honoratur,
313 960 348 986 et
368 952 609 998 glorificatur3
632 959 666 986 et
686 951 717 986 si
738 951 817 997 quis
843 951 938 985 hanc
966 949 1214 997 perforaverit,
1242 958 1359 984 morte
1387 949 1578 984 damnatur
1601 961 1641 990 >³3

81 1005 182 1050 quasi
203 1013 328 1039 contra
349 1016 474 1051 regem
497 1016 622 1051 agens:
646 1004 694 1039 ita
717 1005 826 1039 etiam
848 1004 878 1038 si
900 1004 978 1050 quis
1000 1015 1077 1038 rem
1100 1014 1240 1038 sacram
1262 1002 1386 1045 violat,
1409 1014 1452 1037 ex
1473 1003 1544 1037 hoc
1564 1003 1642 1048 ipso

81 1066 205 1092 contra
226 1058 296 1092 Dei
317 1059 556 1093 reverentiam
579 1058 663 1104 agit,
687 1066 721 1092 et
743 1058 792 1093 sic
816 1069 879 1104 per
901 1057 1210 1103 irreligiositatem
1232 1065 1369 1103 peccat.

150 1112 210 1146 AD
232 1122 380 1147 PR1MUM
402 1123 488 1158 ergo
513 1112 719 1154 dicendum,
741 1112 837 1158 quod
852 1111 904 1146 illi
919 1111 1085 1146 dicuntur
1100 1110 1332 1156 sacrilegium
1347 1110 1382 1143 in
1398 1109 1539 1144 divinae
1554 1108 1644 1155 legis

79 1165 306 1200 sanctitatem
317 1166 556 1208 committere,
567 1165 627 1212 qui
637 1165 757 1211 legem
768 1165 837 1199 Dei
847 1165 1072 1211 impugnant:
1085 1164 1176 1198 sicut
1186 1163 1374 1206 haeretici,
1385 1171 1419 1198 et
1428 1162 1643 1209 blasphemi,

80 1219 141 1265 qui
163 1230 205 1253 ex
225 1219 297 1253 hoc
320 1219 416 1265 quod
436 1219 517 1253 Deo
540 1230 614 1253 non
637 1219 797 1262 credunt,
819 1219 1007 1252 incurrunt
1032 1217 1252 1252 infidelitatis
1274 1225 1485 1264 peccatum3
1508 1228 1550 1251 ex
1571 1216 1642 1250 hoc

80 1283 167 1307 vero
189 1273 286 1319 quod
307 1273 449 1307 divinae
470 1272 560 1319 legis
582 1273 691 1307 verba
713 1280 930 1319 pervertunt,
953 1271 1185 1317 sacrilegium
1208 1271 1405 1305 incurrunt.

151 1326 210 1360 AD
229 1337 436 1361 SECUNDUM
458 1327 663 1368 dicendum,
686 1326 783 1372 quod
805 1325 896 1360 nihil
917 1325 1096 1372 prohibet,
1112 1336 1223 1358 unam
1245 1323 1441 1370 specialem
1464 1323 1643 1357 rationem

80 1380 219 1426 peccati
239 1380 275 1414 in
296 1380 456 1426 pluribus
482 1388 717 1426 peccatorum
744 1380 933 1426 generibus
960 1379 1123 1420 inveniri,
1151 1378 1350 1412 secundum
1378 1377 1474 1423 quod
1503 1377 1643 1410 diversa

81 1441 229 1479 peccata
251 1433 294 1467 ad
316 1433 426 1467 finem
444 1434 548 1468 unius
567 1433 707 1479 peccati
722 1433 949 1467 ordinantur:
973 1440 1078 1478 prout
1097 1433 1206 1466 etiam
1225 1431 1260 1465 in
1278 1431 1466 1464 virtutibus
1483 1439 1642 1476 apparet,

81 1487 208 1533 quibus
229 1487 426 1533 imperatur
453 1488 494 1521 ab
518 1498 589 1522 una
609 1487 758 1529 virtute,
786 1495 820 1521 et
845 1487 915 1520 hoc
945 1486 1056 1520 modo
1084 1496 1316 1531 quocumque
1343 1495 1474 1530 genere
1502 1483 1644 1530 peccati

82 1540 209 1587 aliquis
231 1540 340 1575 faciat
361 1549 486 1575 contra
502 1542 740 1575 reverentiam
754 1540 911 1574 debitam
926 1540 1035 1574 sacris
1055 1540 1171 1581 rebus,
1191 1538 1423 1584 sacrilegium
1441 1537 1644 1572 formaliter

82 1595 295 1637 comniittit3
319 1594 403 1629 licet
425 1594 660 1629 materialiter
682 1595 752 1628 sint
769 1594 817 1628 ibi
839 1594 980 1628 diversa
1002 1604 1135 1639 genera
1157 1601 1405 1639 peccatorum.

153 1649 213 1682 AD
236 1658 407 1682 TERTIUM
431 1648 635 1690 dicendum,
657 1648 754 1694 quod
777 1647 1008 1693 sacrilegium
1030 1647 1211 1681 interdum
1238 1646 1415 1680 invenitur
1438 1653 1643 1692 separatum

83 1702 125 1736 ab
149 1702 226 1736 aliis
247 1702 426 1747 peccatis:
450 1713 494 1736 eo
516 1702 612 1748 quod
636 1710 735 1736 actus
753 1712 827 1735 non
849 1701 958 1735 habet
973 1700 1082 1734 aliam
1102 1699 1384 1741 deformitatem,
1403 1699 1471 1733 nisi
1490 1699 1573 1745 quia
1587 1710 1642 1733 res

83 1767 185 1790 sacra
205 1755 378 1798 violatur3
398 1763 483 1801 puta
504 1756 534 1789 si
555 1755 632 1801 quis
654 1755 762 1802 judex
785 1754 904 1801 capiat
918 1754 1077 1800 aliquem
1092 1753 1235 1788 deloco
1254 1764 1370 1798 sacro,
1386 1763 1494 1799 quem
1511 1752 1548 1786 in
1563 1751 1642 1786 aliis

83 1808 173 1843 locis
195 1808 291 1843 licite
319 1820 446 1855 capere
467 1817 599 1855 posset.

648 1950 992 1996 ARTICULUS
1028 1949 1108 1992 111.
1580 1970 1643 2006 527

84 2060 236 2092 UTRUM
263 2060 434 2091 SPECIES
459 2060 700 2090 SACRILEGII
724 2059 1086 2090 DISTINGUANTUR
1109 2057 1349 2088 SECUNDUM
1370 2056 1445 2087 RES
1468 2056 1641 2086 SACRAS.

592 2148 694 2194 (Infr.
717 2160 746 2194 q.
769 2159 836 2194 154.
858 2153 924 2183 art.
946 2159 998 2182 ro.
1025 2146 1067 2181 ad
1086 2147 1143 2193 3.).

155 2239 214 2273 AD
237 2248 409 2273 TERTIUM
435 2237 485 2272 sic
507 2237 723 2284 proceditur.
745 2237 908 2279 Videtur,
931 2235 1028 2283 quod
1055 2235 1192 2282 species
1221 2233 1403 2280 sacrilegii
1428 2245 1503 2267 non
1526 2233 1646 2267 distin-

85 2299 239 2338 guantur
260 2291 460 2326 secundum
478 2302 534 2325 res
556 2302 696 2333 sacras;
714 2290 912 2325 materialis
932 2290 1030 2324 enim
1049 2289 1234 2323 diversitas
1250 2299 1324 2322 non
1339 2287 1558 2322 diversificat
1571 2297 1647 2332 spe-

85 2345 191 2389 ciem,
213 2346 243 2380 si
269 2345 313 2380 sit
340 2345 468 2379 eadem
491 2344 582 2378 ratio
603 2343 786 2379 formalis:
810 2344 871 2378 sed
893 2344 929 2377 in
962 2342 1160 2376 violatione
1190 2352 1502 2388 quarumcumque
1525 2350 1645 2373 rerum

85 2410 269 2433 sacrarum
291 2398 430 2432 videtur
452 2409 529 2432 esse
552 2398 679 2431 eadem
695 2397 786 2431 ratio
802 2396 964 2431 formalis
979 2396 1130 2442 peccati,
1149 2404 1183 2429 et
1198 2395 1294 2441 quod
1309 2405 1383 2428 non
1400 2394 1444 2428 sit
1457 2393 1642 2427 diversitas

84 2452 152 2486 nisi
173 2451 387 2495 materialis3
411 2462 496 2497 ergo
519 2462 581 2497 per
602 2451 673 2485 hoc
696 2462 769 2485 non
792 2449 1076 2484 diversificantur
1098 2448 1277 2494 sacrilegii
1298 2448 1447 2494 species.

156 2515 187 2539 2.
209 2505 445 2540 PRAETEREA.
461 2504 546 2538 Non
568 2504 706 2538 videtur
729 2515 805 2538 esse
828 2502 1010 2550 possibile,
1030 2502 1126 2548 quod
1149 2502 1268 2547 aliqua
1290 2509 1372 2535 sunt
1391 2499 1553 2545 ejusdem
1573 2511 1647 2546 spe-

86 2558 165 2601 ciei,
188 2567 222 2593 et
245 2570 328 2592 cum
349 2558 420 2592 hoc
443 2557 609 2592 differant
627 2557 764 2603 specie:
788 2557 849 2592 sed
867 2556 1120 2598 homicidium,
1141 2564 1176 2590 et
1192 2555 1339 2596 furtum,
1355 2562 1389 2588 et
1402 2553 1548 2587 illicitus
1564 2564 1648 2587 con-

85 2611 236 2653 cubitus,
259 2619 341 2645 sunt
367 2612 528 2645 diversae
556 2610 693 2656 species
715 2619 968 2656 peccatorum3
993 2620 1080 2655 ergo
1107 2620 1181 2643 non
1208 2615 1360 2654 possunt
1386 2606 1581 2640 convenire
1609 2607 1644 2640 in

86 2676 156 2698 una
178 2665 297 2711 specie
319 2664 523 2710 sacrilegii:
548 2672 582 2698 et
603 2664 650 2698 ita
672 2663 822 2706 videtur,
843 2663 938 2709 quod
955 2662 1134 2707 sacrilegii
1156 2661 1293 2708 species
1316 2660 1580 2705 distinguantur
1593 2670 1646 2693 se-

87 2717 245 2752 cundum
267 2718 426 2752 diversas
448 2717 586 2764 species
606 2716 760 2751 aliorum
778 2724 1026 2763 peccatorum,
1042 2724 1077 2750 et
1090 2727 1164 2749 non
1183 2714 1382 2749 secundum
1402 2713 1645 2748 diversitatem

87 2781 208 2805 rerum
229 2782 425 2805 sacrarum.

161 2835 189 2870 3.
211 2824 447 2859 PRAETEREA.
469 2824 564 2858 Inter
590 2834 646 2858 res
677 2834 796 2858 sacras
826 2830 1133 2857 connumerantur
1163 2820 1271 2855 etiam
1298 2831 1474 2866 personae
1501 2830 1639 2862 sacrae3

89 2876 119 2910 si
139 2887 226 2922 ergo
248 2888 319 2912 una
340 2877 477 2924 species
505 2876 685 2922 sacrilegii
712 2884 814 2918 esset,
842 2887 910 2922 qua
937 2875 1093 2910 violatur
1118 2884 1272 2920 persona
1300 2885 1411 2915 sacra,
1439 2881 1646 2919 sequeretur
