1920 3142
272 160 324 214 38
713 166 933 203 QUAESTIO
968 166 995 195 1.
1029 165 1272 195 ARTICULUS
1306 165 1363 195 Ιχ.

268 252 353 298 quid
375 250 605 285 manifestum
627 247 822 283 summarie
845 246 1086 292 colligeretur,
1108 245 1205 292 quod
1227 253 1489 292 proponeretur
1504 246 1670 280 omnibus
1693 247 1736 280 ad
1751 258 1824 281 cre-

269 305 442 339 dendum:
471 303 567 349 quod
602 301 747 347 quidem
773 311 846 334 non
875 308 927 333 est
951 300 1111 333 additum
1139 299 1272 333 Sacrae
1299 299 1516 345 Scripturae,
1547 300 1608 333 sed
1634 299 1752 345 potius
1779 310 1820 333 ex

271 358 381 392 Sacra
409 357 603 402 Scriptura,
626 362 821 399 sumptum.

340 411 399 444 AD
422 418 627 444 SECUNDUM
650 406 854 447 dicendum,
876 405 972 451 quod
987 405 1023 438 in
1046 405 1212 439 omnibus
1234 405 1408 451 symbolis
1430 405 1557 439 eadem
1574 404 1657 439 fidei
1675 405 1824 440 docetur

268 464 413 498 veritas:
437 462 497 496 sed
520 462 568 495 ibi
595 468 737 506 oportet
762 459 937 505 populum
960 458 1164 504 diligentius
1185 459 1311 492 instrui
1335 459 1377 492 de
1404 458 1487 492 fidei
1507 459 1667 501 veritate,
1688 459 1749 492 ubi
1775 469 1825 492 er-

270 528 367 550 rores
394 517 594 559 insurgunt,
615 525 660 547 ne
694 513 780 547 fides
811 512 1031 558 simplicium
1060 523 1122 558 per
1143 512 1345 547 haereticos
1375 520 1643 557 corrumpatur:
1671 520 1706 546 et
1733 512 1823 546 haec

268 570 333 603 fuit
355 580 472 610 causa,
495 578 603 614 quare
625 577 772 601 necesse
795 565 859 599 fuit
881 565 985 599 edere
1008 565 1110 611 plura
1136 564 1312 611 symbola,
1335 576 1426 611 quae
1447 565 1483 598 in
1504 564 1604 598 nullo
1632 564 1704 599 alio
1730 564 1825 600 diffe-

268 631 359 664 runt,
380 622 448 655 nisi
467 621 562 667 quod
584 621 619 654 in
642 631 713 653 uno
736 619 875 665 plenius
892 618 1125 664 explicantur,
1140 629 1230 664 quae
1252 620 1287 652 in
1303 618 1374 652 alio
1391 618 1620 652 continentur
1636 617 1823 664 implicite,

269 675 465 710 secundum
489 674 584 720 quod
607 673 770 719 exigebat
790 672 1058 706 haereticorum
1079 672 1258 706 instantia.

339 729 398 762 AD
422 738 591 762 TERTrcM
619 726 824 768 dicendum,
847 726 943 771 quod
966 724 1146 759 confessio
1172 725 1255 759 fidei
1280 725 1429 760 traditur
1454 726 1490 759 in
1517 725 1696 772 symbolo,
1722 726 1824 772 quasi

268 794 309 816 ex
331 793 484 827 persona
505 781 614 815 totius
636 779 832 820 Ecclesiae,
854 790 944 824 quae
967 789 1030 824 per
1050 778 1160 813 fidem
1178 779 1314 813 unitur:
1329 778 1417 812 fides
1439 787 1559 813 autem
1574 779 1757 813 Ecclesiae
1772 787 1824 813 est

268 835 354 869 fides
376 834 548 868 formata:
572 833 652 867 talis
674 833 771 866 enim
793 832 880 866 fides
908 831 1088 866 invenitur
1108 832 1145 865 in
1167 832 1334 866 omnibus
1361 831 1440 874 illis,
1469 832 1528 877 qui
1556 840 1639 866 sunt
1658 843 1823 873 numero,

266 896 300 922 et
321 888 449 921 merito
473 888 515 921 de
537 886 716 927 Ecclesia3
740 893 774 919 et
795 885 876 918 ideo
901 884 1080 918 confessio
1096 884 1178 919 fidei
1199 885 1235 918 in
1254 885 1422 930 symbolo
1441 885 1600 926 traditur,
1623 885 1823 919 secundum

268 941 364 987 quod
387 940 556 975 convenit
583 939 663 973 fidei
684 938 880 972 formatae:
908 946 946 972 ut
967 938 1075 972 etiam
1103 938 1131 972 si
1158 939 1217 983 qui
1243 938 1368 972 fideles
1394 938 1503 972 fidem
1528 937 1723 972 formatam
1749 949 1823 972 non

266 994 410 1035 habent,
434 994 476 1027 ad
498 994 590 1026 hanc
613 992 771 1026 formam
793 992 995 1038 pertingere
1018 991 1194 1025 studeant.

338 1048 397 1081 AD
419 1057 605 1085 QUARTUM
635 1045 840 1086 dicendum,
871 1044 968 1091 quod
991 1045 1033 1078 de
1056 1044 1230 1078 descensu
1261 1045 1303 1078 ad
1326 1043 1459 1078 inferos
1487 1043 1606 1078 nullus
1629 1055 1728 1078 error
1749 1052 1824 1078 erat

267 1110 408 1134 exortus
429 1100 520 1145 apud
543 1100 763 1140 haereticos3
787 1106 821 1132 et
838 1098 919 1132 ideo
935 1109 1008 1131 non
1022 1097 1089 1131 fuit
1110 1098 1355 1132 necessarium
1371 1097 1529 1142 aliquam
1545 1096 1823 1142 explicationem

268 1154 361 1188 circa
384 1154 453 1186 hoc
478 1153 563 1193 fieri,
587 1160 619 1186 et
642 1160 788 1197 propter
808 1152 879 1185 hoc
899 1163 972 1185 non
987 1151 1173 1184 reiteratur
1190 1151 1226 1184 in
1246 1150 1423 1197 Symbolo
1439 1150 1598 1192 patrum,
1617 1150 1678 1184 sed
1696 1161 1825 1196 suppo-

267 1207 361 1240 nitur
382 1215 567 1251 tamquam
591 1204 957 1251 praedeterminatum
978 1204 1015 1237 in
1030 1204 1197 1250 symbolo
1218 1203 1499 1250 Apostolorum:
1521 1215 1594 1237 non
1615 1203 1709 1237 enim
1732 1214 1826 1249 sym-

266 1259 390 1293 bolum
414 1270 565 1304 sequens
599 1257 719 1292 abolet
748 1258 978 1303 praecedens,
1012 1257 1073 1291 sed
1107 1258 1225 1302 potius
1259 1257 1345 1290 illud
1368 1257 1522 1302 exponit,
1545 1264 1582 1290 ut
1614 1257 1750 1290 dictum
1772 1265 1824 1291 est

267 1314 318 1358 (in
343 1320 422 1358 resp.
447 1313 488 1346 ιιι]
515 1315 574 1356 3.).

337 1366 396 1400 AD
412 1376 590 1404 Quis-TUM
614 1365 818 1406 dicendum,
835 1364 930 1410 quod
953 1364 982 1398 si
1003 1363 1159 1398 dicatur:
1179 1364 1217 1398 In
1237 1364 1392 1398 Sanctam
1414 1363 1594 1397 Ecclesiam
1613 1363 1821 1405 catholicam,

266 1419 336 1452 hoc
360 1427 411 1452 est
433 1418 718 1463 intelligendum,
738 1418 938 1452 secundum
955 1417 1052 1462 quod
1074 1416 1160 1450 fides
1181 1425 1304 1450 nostra
1326 1416 1475 1450 refertur
1487 1416 1529 1449 ad
1545 1416 1717 1461 Spiritum
1738 1416 1824 1450 San-

267 1480 375 1512 ctum,
398 1472 456 1517 qui
476 1471 675 1505 sanctificat
696 1470 916 1504 Ecclesiam:
941 1478 978 1504 ut
999 1470 1043 1504 sit
1061 1481 1204 1504 sensus:
1223 1469 1328 1504 Credo
1348 1471 1383 1503 in
1401 1470 1563 1514 Spiritmn
1584 1470 1824 1504 Sanctmnsan-

266 1525 459 1566 clisicantam
484 1525 685 1564 Esclesiam
713 1524 775 1558 sed
798 1523 927 1557 melius
950 1531 1012 1564 est,
1035 1531 1070 1557 et
1095 1523 1295 1557 secundum
1324 1522 1616 1556 communiorem
1642 1534 1758 1564 usum,
1785 1531 1824 1556 ut

266 1589 339 1611 non
367 1586 520 1623 ponatur
550 1578 595 1610 ibi
628 1578 680 1619 In,
704 1577 765 1611 sed
795 1576 1006 1622 simpliciter
1034 1577 1189 1610 dicatur:
1220 1577 1375 1610 Sanctam
1405 1575 1585 1610 Ecclesiam
1615 1576 1822 1618 catholicam,

266 1632 357 1665 sicut
379 1632 487 1665 etiam
510 1631 584 1665 Leo
607 1631 705 1677 Papa
727 1621 813 1665 dicii
835 1631 910 1675 (hoc
925 1631 1021 1664 habet
1042 1630 1187 1676 Ruffimts
1202 1631 1235 1663 in
1257 1630 1452 1676 expositione
1469 1629 1606 1674 symboli
1626 1630 1824 1676 interopera

272 1684 463 1731 Cypriani).

337 1738 396 1772 AD
424 1748 574 1772 SEXTUM
606 1737 810 1779 dicendum,
833 1737 930 1782 quod
959 1737 1041 1782 quia
1071 1736 1278 1782 symbolum
1309 1736 1457 1770 Patrum
1486 1745 1539 1770 est
1564 1736 1823 1770 declarativum

266 1791 422 1836 symboli
452 1791 727 1836 Apostolorum,
751 1799 784 1825 et
806 1791 914 1824 etiam
944 1789 1009 1824 fuit
1032 1790 1217 1824 conditum
1244 1789 1312 1823 fide
1334 1791 1407 1835 jam
1438 1789 1675 1832 manifestata,
1698 1797 1733 1823 et
1760 1789 1824 1823 Ec-

267 1844 375 1877 clesia
408 1855 535 1889 pacem
562 1845 728 1885 habente,
760 1852 905 1890 propter
932 1843 1002 1877 hoc
1026 1843 1167 1888 publice
1197 1843 1233 1876 in
1260 1843 1369 1877 Missa
1401 1850 1572 1876 cantatur.
1606 1842 1822 1889 Symbolum

267 1906 386 1931 autem
410 1898 683 1943 Apostolorum,
707 1898 802 1943 quod
824 1906 988 1943 tempore
1015 1896 1274 1942 persecutionis
1301 1896 1436 1930 editum
1462 1895 1539 1939 fuit,
1565 1896 1634 1929 fide
1659 1896 1821 1930 nondum

267 1950 458 1996 publicata,
481 1950 621 1985 occulte
644 1951 772 1985 dicitur
786 1951 821 1984 in
843 1950 975 1991 Prima,
992 1958 1027 1984 et
1047 1950 1083 1983 in
1106 1949 1370 1995 Completorio,
1389 1949 1491 1995 quasi
1513 1957 1637 1983 contra
1657 1949 1820 1984 tenebras

268 2015 431 2037 errorum
454 2005 738 2049 praeteritorum,
762 2012 796 2038 et
813 2003 1027 2038 futurorum.

852 2150 1194 2195 ARTICULUS
1224 2150 1279 2192 X.
1559 2147 1562 2149 Α
1781 2174 1821 2199 10

544 2271 695 2300 UTRUM
722 2272 779 2299 AD
809 2271 992 2300 SUMMUM
1019 2270 1288 2301 PONTIFICEM
1314 2270 1556 2301 PERTINEAT

725 2336 839 2364 FIDEI
868 2336 1105 2365 SYMBOLUM
1128 2336 1362 2366 ORDINARE.

531 2435 632 2480 (Infr.
656 2447 684 2480 q.
708 2447 752 2469 11.
775 2440 839 2469 art.
864 2446 892 2469 2.
916 2435 957 2468 ad
975 2447 1002 2481 3.
1025 2441 1052 2470 et
1073 2436 1144 2470 Pot.
1167 2447 1197 2481 q.
1219 2448 1269 2470 10.
1293 2440 1355 2469 art.
1378 2446 1408 2479 4.
1428 2435 1470 2469 ad
1491 2436 1562 2481 13).

342 2538 400 2571 An
423 2546 597 2571 DECIMUM
632 2535 680 2569 sic
710 2535 923 2580 proceditur.
957 2535 1118 2577 Videtur,
1146 2536 1241 2581 quod
1268 2547 1340 2570 non
1367 2535 1541 2582 pertineat
1568 2536 1610 2569 ad
1637 2547 1821 2570 summum

271 2590 485 2624 Pontificem
517 2589 597 2622 fidei
624 2588 831 2634 symbolum
854 2589 1035 2622 ordinare:
1059 2601 1151 2623 nova
1180 2590 1275 2623 enim
1301 2589 1408 2623 editio
1440 2589 1594 2635 symboli
1621 2591 1822 2624 necessaria

271 2653 323 2679 est
346 2652 490 2689 propter
518 2643 795 2688 explicationem
823 2642 1055 2675 articulorum
1087 2642 1178 2684 fidei,
1206 2643 1297 2676 sicut
1323 2643 1458 2676 dictum
1485 2650 1538 2676 est
1568 2641 1648 2686 (art.
1671 2644 1821 2689 praec.):

271 2698 332 2731 sed
355 2698 390 2730 in
412 2697 522 2730 veteri
537 2704 753 2739 testamento
769 2695 907 2728 articuli
930 2694 1010 2728 fidei
1026 2695 1140 2739 magis
1157 2707 1196 2728 ac
1211 2696 1327 2739 magis
1342 2695 1608 2741 explicabantur
1621 2697 1819 2730 secundum

271 2759 476 2795 temporum
504 2749 782 2789 successionem,
810 2756 954 2793 propter
981 2748 1049 2780 hoc
1078 2748 1172 2792 quod
1207 2749 1336 2782 veritas
1363 2749 1444 2782 fidei
1477 2749 1593 2793 magis
1619 2748 1820 2783 manifesta-

272 2804 374 2837 batur
395 2803 593 2837 secundum
616 2803 792 2847 majorem
815 2801 1115 2846 propinquitatem
1139 2801 1181 2834 ad
1204 2801 1401 2843 Christum,
1424 2810 1460 2835 ut
1486 2813 1591 2847 supra
1613 2802 1747 2836 dictum
1769 2811 1821 2836 est

277 2857 354 2901 (art.
377 2867 406 2902 7.
426 2856 492 2902 lmj.
516 2867 544 2901 q.
569 2857 601 2889 in
621 2862 710 2902 cors).
734 2860 760 2890 ct
779 2855 820 2889 ad
846 2856 912 2899 1.);
937 2862 1096 2888 cessante
1124 2865 1209 2899 ergo
1231 2854 1293 2887 tali
1320 2866 1427 2889 causa
1449 2855 1484 2889 in
1510 2866 1604 2889 nova
1630 2855 1720 2901 lege,
1746 2866 1820 2891 non
