1905 3137
236 144 288 197 56
676 151 895 187 QUAESTIO
929 152 984 181 iv.
1017 152 1260 182 ARTicULus
1292 151 1320 181 1.

719 269 821 303 Circa
837 270 988 315 primum
1010 274 1214 315 quaeruntur
1235 273 1314 303 octo.

305 341 439 374 Primo.
465 339 564 380 Quid
586 340 630 374 sit
651 339 748 374 fides.

306 393 485 427 Secundo.
508 393 548 426 ln
570 404 638 438 qua
659 393 695 426 vi
717 393 857 428 animae
879 393 922 428 sit
943 393 1034 428 sicut
1054 393 1090 427 in
1113 393 1287 439 subjecto.

307 446 442 480 Tertio.
466 446 595 480 Utrum
618 445 734 480 forma
753 447 827 492 ejus
849 447 892 480 sit
915 447 1079 480 charitas.

308 500 460 540 Quarto.
483 499 614 533 Utrum
637 500 764 533 eadem
785 511 938 534 numero
960 500 1005 534 sit
1026 499 1112 534 fides
1133 499 1298 543 formata,
1322 508 1356 534 ct
1375 499 1550 534 informis.

308 553 457 593 Quinto.
487 553 617 587 Utrum
639 552 726 587 fides
752 553 796 587 sit
816 554 938 588 virtus.

307 605 428 639 Sexto.
450 605 579 640 Utrum
603 605 647 639 sit
665 617 736 639 una
756 606 878 641 virtus.

307 659 481 704 Septimo.
503 659 558 693 De
581 659 705 693 ordine
728 660 802 704 ejus
826 659 869 693 ad
892 658 979 693 alias
998 659 1156 693 virtutes.

307 713 462 748 Octavo.
484 713 540 748 De
563 713 833 759 comparatione
855 712 1075 747 certitudinis
1098 713 1172 758 ejus
1194 712 1238 747 ad
1269 712 1519 747 certitudinem
1541 713 1713 747 virtutum
1738 713 1788 747 in-

235 766 505 802 tellectualium.

805 883 1147 931 ARTICULUS
1181 883 1214 925 1.
1743 905 1784 941 23

440 991 592 1020 UTRUM
630 991 745 1021 HAEC
788 992 855 1021 SIT
893 991 1151 1020 COMPETENS
1183 991 1299 1020 FIDEI
1335 990 1589 1021 DEFINITIO:

497 1055 620 1085 FIDES
646 1057 724 1086 EST
748 1056 1018 1086 SUBSTANTIA
1042 1056 1356 1086 SPERANDARUM
1378 1055 1524 1086 RERUM

636 1121 940 1151 ARGUMENTUM
963 1121 1051 1151 NON
1073 1121 1392 1151 APPARENTIUM.

377 1207 418 1253 (3.
439 1208 526 1242 Dist.
548 1219 595 1254 23.
619 1219 648 1253 q.
671 1219 702 1242 2.
723 1213 786 1242 art.
808 1220 836 1242 1.
851 1212 879 1242 et
900 1208 984 1241 Veri.
1011 1219 1040 1252 q.
1068 1217 1120 1251 14.
1139 1212 1203 1241 art.
1225 1218 1256 1241 2.
1277 1211 1307 1241 et
1323 1218 1384 1241 1-2.
1408 1218 1437 1252 q.
1459 1206 1516 1251 46.
1539 1211 1602 1241 art.
1617 1219 1645 1253 3.

680 1266 709 1296 et
729 1263 823 1297 Rom.
846 1271 874 1294 Ι.
895 1261 964 1295 lect.
993 1261 1025 1296 6.
1048 1265 1076 1295 et
1097 1260 1139 1295 ad
1159 1261 1244 1295 Hel).
1265 1261 1340 1305 11.)-

306 1352 366 1386 AD
388 1362 536 1386 PRIMUM
558 1351 607 1385 sic
630 1351 844 1397 proceditur.
867 1350 1028 1392 Videtur,
1051 1349 1147 1396 quod
1169 1350 1213 1384 sit
1238 1350 1488 1396 incompetens
1510 1348 1594 1384 fidei
1615 1349 1788 1392 definitio,

234 1417 343 1452 quam
364 1405 564 1451 Apostolus
590 1405 691 1451 ponit
713 1404 756 1438 ad
783 1404 890 1438 Hebr.
918 1415 968 1438 11.
996 1404 1140 1438 dicens:
1167 1403 1264 1438 fidas
1281 1408 1323 1438 est
1347 1404 1529 1438 substantia
1547 1402 1788 1449 sperandarum

234 1471 358 1501 rerum,
385 1463 614 1504 argunn’ntmn
634 1469 701 1492 non
722 1459 977 1504 apparentium:
999 1456 1098 1491 nulla
1119 1457 1216 1490 enim
1238 1456 1389 1502 qualitas
1411 1464 1464 1490 est
1484 1455 1698 1490 substantia:
1726 1456 1788 1490 sed

235 1512 322 1547 fides
344 1520 397 1546 est
422 1511 584 1557 qualitas,
607 1522 690 1545 cum
712 1513 756 1545 sit
776 1511 886 1545 virtus
907 1510 1128 1556 theologica,
1150 1518 1188 1544 ut
1208 1521 1314 1556 supra
1343 1509 1479 1544 dictum
1502 1517 1555 1544 est
1576 1509 1654 1554 (1-2.
1681 1520 1710 1556 q.
1733 1509 1788 1544 62.

235 1571 297 1600 art.
313 1565 384 1612 3.)‚·
413 1576 499 1611 ergo
521 1576 595 1599 non
617 1573 670 1599 est
687 1564 894 1598 substantia.
1511 1570 1519 1580 ·

306 1629 336 1653 2.
353 1619 588 1653 PRAETEREA.
606 1618 842 1652 Diversarum
856 1617 1027 1651 virtutum
1043 1617 1180 1651 diversa
1195 1624 1276 1650 sunt
1291 1616 1447 1662 objecta:
1463 1615 1525 1650 sed
1542 1627 1598 1651 res
1613 1615 1789 1662 speranda

234 1681 287 1707 est
313 1673 495 1718 objectum
516 1672 608 1718 spei;
634 1683 708 1706 non
732 1682 818 1718 ergo
841 1671 944 1706 debet
965 1671 1052 1717 poni
1080 1670 1116 1704 in
1143 1670 1350 1704 definitione
1377 1670 1470 1712 fidei,
1496 1678 1684 1717 tamquam
1710 1671 1784 1716 ejus

234 1726 427 1772 objectum.

307 1791 335 1825 3.
357 1779 593 1813 PRAETEREA,
620 1778 723 1813 Fides
745 1778 862 1824 magis
888 1777 1068 1824 perficitur
1096 1788 1160 1823 per
1189 1776 1414 1819 charitatem,
1441 1788 1550 1823 quam
1575 1788 1637 1823 per
1663 1787 1787 1823 spem:

233 1832 315 1878 quia
339 1832 493 1866 charitas
516 1840 569 1866 est
580 1831 698 1865 forma
717 1831 810 1873 fidei,
826 1839 863 1865 ut
884 1830 974 1864 infra
996 1830 1129 1876 patebit
1145 1830 1224 1874 (art.
1237 1842 1265 1876 3.
1284 1830 1352 1875 huj.
1371 1831 1417 1876 q.)
1431 1842 1443 1871 ;
1466 1830 1582 1876 magis
1601 1841 1687 1876 ergo
1702 1830 1790 1877 poni

234 1885 354 1920 debuit
374 1885 410 1919 in
432 1885 638 1918 definitione
660 1884 743 1918 fidei
764 1895 819 1918 res
842 1883 1033 1929 diligenda,
1055 1895 1163 1929 quam
1186 1894 1241 1917 res
1262 1883 1448 1929 speranda.

304 1948 336 1981 4.
358 1938 593 1973 PRAETEREA.
616 1938 716 1972 ldem
734 1948 807 1971 non
830 1937 936 1971 debet
952 1937 1038 1982 poni
1063 1937 1099 1970 in
1120 1936 1267 1970 dirersis
1285 1936 1492 1981 generibus:
1515 1936 1576 1971 sed
1594 1937 1786 1978 substantia,

233 2000 269 2026 et
286 1997 515 2037 argumentum
537 1999 618 2025 sunt
640 1991 781 2025 diversa
803 2001 935 2036 genera
956 2001 1029 2024 non
1051 1989 1323 2024 subalternatim
1345 1989 1480 2035 posita3
1508 2001 1593 2036 ergo
1620 1990 1789 2024 inconve-

232 2045 370 2079 nienter
390 2044 478 2079 fides
500 2045 628 2079 dicitur
650 2055 726 2078 esse
752 2044 944 2085 substantia,
968 2051 1002 2077 et
1023 2048 1272 2088 argumentlwm
1301 2042 1595 2077 inconvenienter
1617 2054 1704 2089 ergo
1731 2042 1788 2077 de-

234 2099 399 2133 scribitur
420 2098 517 2132 fides.

309 2163 336 2197 5.
358 2152 593 2186 PRAETEREA.
609 2150 676 2184 Per
699 2158 952 2195 argumentum
974 2149 1103 2184 veritas
1126 2149 1372 2183 manifestatur
1394 2149 1481 2194 ejus,
1504 2149 1547 2183 ad
1569 2150 1666 2196 quod
1687 2150 1787 2184 indu-

235 2205 324 2240 citur
346 2212 620 2250 argumentum:
644 2203 705 2237 sed
728 2203 814 2237 illud
836 2203 964 2237 dicitur
986 2214 1063 2237 esse
1087 2213 1272 2249 apparens,
1296 2203 1397 2248 cnjus
1416 2203 1545 2237 veritas
1569 2211 1621 2237 est
1641 2203 1788 2238 manife-

234 2267 345 2301 stata3
372 2269 457 2303 ergo
487 2258 626 2292 videtur
652 2257 858 2303 oppositum
885 2255 1061 2302 implicari
1088 2256 1123 2290 in
1150 2257 1220 2290 hoc
1249 2255 1344 2301 quod
1371 2255 1515 2290 dicitur:
1543 2257 1786 2301 Argumentum

234 2324 299 2347 non
320 2313 549 2359 apparentium
564 2324 576 2351 ,⁴
605 2311 686 2357 quia
715 2318 967 2355 argumentum
994 2309 1077 2344 facit
1099 2321 1173 2344 rem
1196 2310 1291 2356 prius
1313 2321 1385 2344 non
1408 2318 1641 2355 apparentem
1663 2319 1788 2357 postea

235 2377 423 2412 apparere3
451 2376 537 2409 ergo
566 2364 659 2398 male
681 2364 826 2398 dicitur:
855 2365 976 2399 Rerum
1003 2375 1066 2397 non
1095 2365 1349 2410 apparentium:
1376 2363 1673 2398 inconvenienter
1699 2375 1786 2411 ergo

234 2419 443 2453 describitur
464 2418 562 2452 fides.

302 2473 345 2507 IN
368 2482 620 2506 CONTRARIL'M
643 2469 772 2505 sufficit
794 2471 987 2504 auctoritas
1010 2469 1189 2516 Apostoli.

305 2525 532 2560 RESPONDEO
552 2524 755 2565 dicendum,
770 2523 865 2569 quod
884 2523 967 2557 licet
985 2523 1130 2568 quidam
1153 2523 1283 2564 dicant,
1298 2522 1478 2569 praedicta
1494 2522 1663 2569 Apostoli
1680 2523 1787 2558 verba

234 2590 306 2613 non
330 2590 405 2613 esse
428 2578 509 2612 fidei
532 2578 791 2618 definitionem,
819 2577 900 2622 quia
928 2576 1086 2610 definitio
1114 2576 1247 2610 indicat
1274 2576 1324 2610 rei
1351 2576 1598 2621 quidditatem,
1619 2584 1653 2611 et
1674 2587 1789 2611 essen-

234 2633 332 2673 tiam,
356 2641 391 2666 ut
413 2632 562 2665 habetur
584 2630 614 2665 6.
637 2631 795 2676 Metaph.
818 2631 896 2674 (lux.
916 2630 1005 2675 19.);
1026 2638 1146 2663 tamen
1161 2630 1191 2663 si
1210 2629 1287 2675 quis
1307 2638 1400 2663 recte
1421 2630 1633 2672 consideret,
1653 2630 1787 2672 omnia,

236 2698 276 2719 ex
303 2685 429 2731 quibus
456 2685 542 2718 fides
578 2692 694 2730 potest
729 2683 877 2724 definiri,
913 2684 947 2716 in
983 2683 1162 2728 praedicta
1198 2683 1437 2728 descriptione
1467 2691 1671 2728 tanguntur,
1705 2683 1788 2717 licet

235 2739 342 2772 verba
364 2750 436 2771 non
458 2738 666 2772 ordinentur
691 2738 753 2771 sub
776 2736 891 2770 fornia
920 2736 1157 2770 definitionis:
1193 2738 1283 2770 sicut
1305 2737 1411 2770 etiam
1435 2737 1527 2782 apud
1551 2737 1787 2783 philosophos

235 2792 486 2838 praetermissa
508 2791 729 2837 syllogistica
743 2789 859 2824 forma
874 2789 1171 2836 syllogismorum
1191 2789 1362 2835 principia
1381 2798 1584 2835 tanguntur.
1607 2790 1664 2824 Ad
1686 2791 1786 2835 cujus

237 2845 453 2880 evidentiam
481 2844 780 2879 considerandum
808 2851 870 2885 est,
897 2842 992 2890 quod
1020 2854 1103 2876 cum
1129 2843 1269 2877 habitus
1296 2851 1562 2888 cognoscantur
1588 2854 1650 2889 per
1676 2850 1786 2886 actus,
