1905 3137
513 196 734 232 QUAESTIO
768 195 824 225 XI.
860 196 1102 226 ARTICULUS
1136 196 1194 226 111.
1550 197 1622 225 111

640 366 982 411 ARTICULUS
1009 367 1086 408 III.
1587 375 1626 419 (³5

441 474 592 504 UTRUM
620 475 852 504 IIAERETICI
882 475 979 504 SINT
1007 473 1275 503 TOLERANDI.

349 562 396 606 (4.
419 562 506 596 Dist.
529 573 570 608 13.
594 574 622 607 (J.
646 573 676 596 2.
698 566 761 596 art.
785 574 810 596 r.
834 568 923 608 [erp.
943 566 970 595 cl
994 561 1115 605 taorll.
1138 573 1188 595 10.
1211 565 1274 594 art.
1298 561 1370 605 15).

146 650 205 685 AD
234 661 403 685 TERTIUM
426 651 476 685 sic
499 651 717 696 proceditur.
739 650 900 692 Videtur,
924 650 1019 696 quod
1041 649 1214 684 haeretici
1236 648 1305 682 sint
1322 647 1522 681 tolerandi:
1547 647 1632 681 dicit

74 705 170 738 enim
194 704 320 750 Apost.
345 715 375 738 2.
399 705 441 738 ad
470 703 634 738 Timoth.
664 714 712 738 2.:
743 704 883 738 Servum
906 705 972 738 mi
998 708 1121 749 oportet
1144 707 1347 736 mansuetum
1369 713 1440 743 essu,
1464 713 1537 735 (mn
1564 713 1631 735 7110-

72 757 170 792 destia
192 759 423 804 sm'ripicnlam
445 769 504 799 cos,
525 759 581 803 qui
603 758 920 797 resistuntturstatt]
944 770 981 791 ιω
999 756 1128 802 quando
1144 756 1194 790 det
1212 756 1520 801 illispocnitcntiam
1540 755 1631 788 Deus

73 811 115 845 ad
141 811 392 857 cognmccndam
414 812 600 853 veritatem,
624 816 653 846 ct
673 812 862 856 resipiscant
883 822 902 844 ιι
925 811 1047 856 laqueis
1068 809 1210 844 diaboli.-
1234 809 1294 842 sed
1317 809 1346 842 si
1366 808 1539 842 haeretici
1557 819 1631 841 non

72 863 281 906 tolerantur,
305 864 366 898 sed
389 865 496 898 morti
521 865 719 906 traduntur,
748 864 905 898 aufertur
936 864 985 898 eis
1013 863 1165 897 facultas
1195 861 1418 909 poenitendi,
1442 873 1528 908 ergo
1559 861 1631 895 hoc

72 917 211 952 videtur
232 929 309 952 esse
333 925 457 951 contra
484 926 716 964 praeceptum
739 917 918 964 Apostoli.

143 981 174 1005 2.
202 971 437 1006 PRAETEREA.
460 971 551 1005 Illud
574 971 669 1017 quod
693 979 745 1005 est
766 970 1010 1005 necessarium
1036 969 1072 1003 in
1094 968 1268 1011 Ecclesia,
1296 977 1348 1003 est
1375 967 1628 1003 tolerandum:

73 1024 135 1059 sed
156 1024 323 1059 haereses
345 1032 427 1058 sunt
444 1025 669 1059 necessariae
691 1025 726 1058 in
749 1024 934 1058 Ecclesia:
957 1023 1043 1058 dicit
1064 1023 1162 1057 enim
1184 1023 1311 1068 Apost.
1338 1033 1365 1056 1.
1390 1022 1432 1056 ad
1456 1022 1542 1056 Cor.
1570 1032 1634 1056 11.:

77 1079 217 1125 Oportet
242 1079 381 1113 haereses
400 1091 471 1120 usse,
495 1084 531 1113 nt
552 1083 580 1113 et
601 1080 657 1124 ‹Jui
673 1080 812 1125 probuti
831 1083 918 1121 sunt,
947 1077 1212 1123 maniflstificmt
1239 1077 1272 1110 in
1293 1077 1404 1117 ·vol⁷is‚·
1428 1087 1514 1122 ergo
1536 1075 1634 1110 vide-

73 1139 140 1174 tur,
162 1131 258 1178 quod
279 1131 453 1165 haeretici
475 1139 557 1165 sunt
577 1131 767 1166 tolerandi.

148 1196 176 1231 3.
199 1185 435 1220 PRAETEREA.
458 1185 640 1219 Dominus
662 1185 982 1219 mandavitMatth.
999 1195 1050 1229 13.
1066 1183 1176 1218 servis
1192 1183 1275 1225 suis,
1291 1191 1328 1217 ut
1342 1183 1477 1217 zizania
1492 1182 1635 1228 permit-

73 1246 187 1273 terent
208 1249 368 1272 crescere
390 1250 502 1284 usque
526 1239 569 1272 ad
592 1250 763 1282 messem,
787 1250 877 1285 quae
893 1246 944 1272 est
963 1238 1042 1272 finis
1065 1236 1212 1279 saeculi,
1228 1245 1265 1270 ut
1289 1236 1420 1271 ibidem
1445 1236 1634 1282 exponitur

79 1292 129 1336 (in
153 1291 395 1338 Gl05.1·ntt»*l.).-
419 1292 480 1326 sed
502 1304 566 1338 per
588 1292 723 1326 zizania
751 1292 997 1338 significantur
1018 1291 1202 1333 haeretici,
1224 1290 1423 1324 secundum
1447 1289 1637 1335 expositio-

75 1357 159 1380 nem
182 1345 416 1388 Sanctorum;
440 1357 526 1391 ergo
549 1346 721 1380 haeretici
749 1354 830 1380 sunt
850 1345 1038 1379 tolerandi.

146 1399 219 1433 SED
243 1409 396 1434 CONTRA
419 1407 482 1441 est,
509 1399 604 1445 quod
627 1400 754 1444 Apost.
789 1399 875 1433 dicit
897 1399 940 1433 ad
964 1397 1035 1432 Tit.
1061 1409 1110 1444 3.:
1133 1398 1348 1432 Haereticam
1371 1392 1534 1431 homimem
1557 1401 1629 1443 post

70 1453 231 1499 primam,
258 1457 286 1487 et
309 1452 481 1487 secundam
513 1454 750 1499 correptionum
781 1453 904 1495 davitti,
931 1454 1030 1487 scians
1063 1453 1140 1497 qnia
1166 1453 1337 1486 subversus
1363 1456 1417 1493 cst,
1446 1452 1502 1496 qui
1529 1451 1636 1496 hujus-

76 1505 164 1540 modi
185 1511 236 1540 est.

151 1559 379 1594 RESPONDEO
407 1559 611 1601 dicendum,
641 1560 738 1605 quod
773 1560 868 1593 circa
902 1558 1104 1593 haereticos
1138 1558 1200 1592 dno
1235 1565 1317 1592 sunt
1357 1557 1634 1591 consideranda:

85 1624 187 1646 unum
215 1613 361 1658 quidem
385 1624 427 1647 ex
458 1621 556 1658 parte
590 1613 771 1658 ipsorum:
807 1613 898 1646 alind
918 1623 1004 1646 vero
1036 1624 1077 1646 ex
1111 1620 1211 1658 parte
1246 1610 1441 1645 Ecclesiae.
1464 1611 1514 1644 Ex
1539 1616 1639 1657 pastu

78 1666 223 1712 quidem
248 1667 410 1712 ipsorum
441 1673 492 1700 est
526 1675 729 1712 peccatum,
752 1678 815 1712 per
837 1666 932 1712 quod
951 1673 1159 1699 meruerunt
1179 1675 1253 1698 non
1272 1664 1390 1698 solum
1408 1664 1450 1698 ab
1474 1663 1635 1698 Ecclesia

78 1731 141 1766 per
163 1720 579 1753 excommunicationem
602 1720 769 1765 separari,
792 1720 852 1753 sed
876 1720 983 1753 etiam
1003 1730 1065 1764 per
1087 1726 1242 1752 mortem
1274 1729 1293 1751 a
1323 1718 1458 1751 mundo
1481 1717 1639 1752 excludi:

82 1772 196 1806 multo
231 1773 328 1807 enim
363 1773 505 1819 gravius
540 1781 592 1807 est
626 1784 856 1818 corrumpere
898 1772 1018 1814 fidem,
1052 1783 1114 1817 per
1156 1783 1262 1817 quan*
1303 1779 1356 1805 est
1384 1771 1525 1805 animae
1552 1771 1635 1812 vita,

81 1837 190 1872 quam
210 1825 339 1860 falsare
363 1826 566 1872 pecuniam,
592 1838 656 1872 per
678 1838 787 1872 quam
813 1825 1005 1872 temporali
1026 1826 1120 1859 vitae
1147 1825 1373 1866 subvenitur,
1401 1824 1495 1858 unde
1521 1825 1550 1858 si
1576 1824 1637 1858 fal-

78 1879 161 1914 sarii
181 1880 366 1926 pecuniae,
395 1879 453 1914 vel
483 1879 543 1913 alii
573 1879 826 1914 malefactores
855 1880 976 1914 statim
1010 1891 1072 1925 per
1104 1878 1308 1913 saeculares
1334 1879 1512 1925 principes
1546 1880 1636 1924 juste

78 1933 187 1968 morti
206 1933 404 1975 traduntur,
427 1933 542 1967 multo
565 1934 680 1980 magis
702 1934 875 1968 haeretici
896 1933 1016 1967 statim
1040 1944 1082 1966 ex
1100 1944 1171 1979 quo
1194 1933 1237 1966 de
1258 1932 1399 1966 haeresi
1421 1932 1639 1966 convincun-

78 1994 145 2028 tur,
168 1995 318 2032 possunt
339 1998 414 2021 non
436 1986 555 2021 solum
578 1986 899 2028 excommunicari,
922 1986 984 2020 sed
1007 1995 1040 2020 et
1061 1987 1153 2032 juste
1180 1985 1308 2020 occidi.
1331 1986 1385 2020 Ex
1399 1991 1497 2032 parte
1519 1993 1638 2019 autem

80 2039 262 2074 Ecclesiae
293 2048 346 2074 est
377 2040 626 2074 misericordia
648 2040 691 2074 ad
714 2040 910 2075 errantium
945 2039 1241 2082 conversionem3
1265 2046 1299 2073 et
1319 2039 1401 2073 ideo
1423 2050 1497 2072 non
1519 2039 1639 2073 statim

81 2093 310 2136 condemnat,
329 2093 391 2128 sed
413 2101 494 2139 post
509 2095 664 2140 primam
679 2102 713 2128 et
727 2093 923 2128 secundam
947 2093 1228 2139 correptionem,
1243 2100 1281 2126 ut
1291 2091 1490 2138 Apostolus
1514 2093 1638 2126 docet:

81 2147 314 2193 postmodum
335 2158 435 2189 vero,
458 2147 487 2181 si
506 2147 622 2181 adhuc
645 2147 807 2193 pertinax
828 2146 1042 2187 inveniatur,
1065 2145 1228 2179 Ecclesia
1247 2145 1290 2179 de
1312 2146 1387 2190 ejus
1403 2147 1639 2179 conversione

81 2211 154 2234 non
176 2212 321 2247 sperans
345 2200 500 2234 aliorum
522 2200 627 2235 saluti
650 2200 825 2247 providet,
849 2211 931 2233 eum
952 2200 992 2233 ab
1016 2199 1178 2233 Ecclesia
1194 2198 1394 2245 separando
1417 2210 1477 2244 per
1500 2210 1641 2232 excom-

82 2254 335 2288 municationis
357 2254 589 2289 sententiam:
614 2263 648 2289 et
666 2254 812 2288 ulterius
828 2253 996 2299 relinquit
1015 2264 1098 2287 eum
1119 2253 1253 2298 judicio
1276 2252 1451 2286 saeculari
1466 2264 1483 2286 a
1503 2253 1639 2286 mundo

82 2307 391 2341 exterminandum
412 2319 475 2353 per
501 2317 676 2342 mortem:
700 2308 785 2341 dicit
808 2307 905 2341 enim
928 2307 1076 2340 Hieron.
1104 2308 1188 2352 (sup.
1218 2305 1298 2339 illud
1327 2305 1437 2340 Galat.
1461 2317 1488 2351 5.
1506 2319 1515 2340 :
1535 2305 1642 2339 Modi-

81 2372 154 2395 cum
179 2361 391 2404 fermentum)
418 2369 452 2394 et
488 2361 639 2395 habetur
669 2371 723 2403 24.
746 2361 793 2406 (q.
813 2373 839 2406 3.
869 2367 939 2407 cap.
962 2360 1053 2406 16).-
1080 2372 1097 2391 ‹<
1120 2359 1352 2394 Resecandae
1373 2367 1453 2393 sunt
1475 2359 1639 2404 putridae

83 2425 218 2457 carnes,
240 2422 275 2448 et
295 2414 460 2448 scabiosa
482 2414 559 2448 ovis
583 2426 602 2448 a
625 2414 736 2448 caulis
762 2414 981 2459 repellenda,
1007 2424 1052 2447 ne
1079 2421 1155 2447 tota
1182 2413 1324 2454 domus,
1347 2424 1476 2454 massa,
1500 2423 1641 2457 corpus,

85 2475 118 2501 et
139 2478 272 2513 pecora
294 2468 451 2509 ardeant,
475 2476 761 2513 corrumpantur,
784 2475 1000 2513 putrescant,
1026 2467 1213 2500 intereant.
1237 2466 1344 2500 Arius
1366 2466 1401 2499 in
1424 2465 1641 2499 Alexandria

82 2532 152 2554 una
179 2520 333 2554 scintilla
357 2520 441 2563 fuit3
463 2521 525 2555 sed
548 2521 721 2567 quoniam
739 2532 812 2554 non
834 2521 955 2555 statim
983 2531 1174 2566 oppressus
1198 2527 1261 2561 est,
1283 2527 1399 2553 totum
1423 2520 1547 2553 orbem
1567 2520 1641 2564 ejus

82 2573 230 2607 flamma
248 2573 417 2619 populata
439 2583 493 2608 est
511 2588 541 2607 >).

154 2627 214 2661 AD
235 2637 384 2661 PRIMUM
406 2639 492 2673 ergo
515 2628 720 2669 dicendum,
742 2627 838 2673 quod
851 2627 894 2660 ad
910 2627 1126 2660 modestiam
1145 2626 1244 2660 illam
1264 2625 1426 2671 pertinet,
1450 2633 1487 2659 ut
1509 2625 1636 2670 primo,

84 2687 118 2714 et
138 2679 297 2713 secundo
326 2681 554 2725 corripiatur:
579 2681 675 2726 quod
697 2681 728 2714 si
755 2681 868 2714 redire
895 2680 1062 2721 noluerit,
1088 2681 1161 2725 jam
1188 2690 1252 2724 pro
1281 2679 1450 2712 subverso
1477 2678 1640 2720 habetur,

83 2740 121 2766 ut
138 2740 234 2778 patet
254 2733 290 2766 in
313 2733 524 2767 auctoritate
547 2733 716 2779 Apostoli
734 2733 878 2767 inducta
897 2734 949 2778 (in
971 2744 1040 2778 urg.
1063 2732 1113 2767 sed
1132 2733 1247 2777 cont).

156 2787 215 2821 AD
231 2797 437 2821 SECUNDUM
459 2787 662 2828 dicendum,
691 2787 787 2833 quod
806 2787 951 2829 utilitas,
973 2798 1064 2833 quae
1087 2797 1129 2820 ex
1163 2785 1370 2819 haeresibus
1392 2785 1568 2830 provenit,
1591 2793 1643 2819 est

86 2847 226 2885 praeter
246 2839 485 2874 intentionem
510 2840 788 2882 haereticorum,
811 2840 896 2874 dum
919 2839 1055 2874 scilicet
1077 2838 1278 2872 constantia
1300 2837 1459 2872 fidelium
1479 2849 1643 2884 compro-

87 2893 199 2935 batur,
221 2900 259 2927 ut
280 2893 406 2939 Apost.
430 2893 533 2935 dicit3
557 2901 590 2928 et
611 2901 649 2928 ut
670 2894 892 2928 excutiamus
919 2892 1111 2939 pigritiam,
1134 2891 1271 2927 divinas
1294 2891 1495 2937 Scripturas
1517 2891 1640 2926 solici-
