1859 3122
495 114 716 150 QUAESTIO
751 114 852 144 XXX.
888 115 1134 145 ARTICULUS
1167 115 1210 145 11.
1540 117 1619 160 251

63 195 202 230 malum
221 196 424 242 aliquorum
447 197 688 243 propinquum
712 204 776 239 est,
791 204 828 231 ut
851 197 892 230 ab
917 197 966 231 eis
989 197 1032 231 ad
1054 208 1121 231 nos
1140 204 1317 239 transeat3
1336 205 1370 231 et
1384 197 1466 232 ideo
1488 197 1624 232 Philos.

62 249 146 284 dicit
167 250 202 283 in
234 260 264 283 2.
290 250 436 284 Rhetor.
461 251 551 297 (cap.
573 252 636 296 8.),
669 250 764 296 quod
787 250 956 284 homines
979 250 1195 284 miserentur
1216 262 1323 296 super
1344 250 1437 292 illos,
1460 251 1520 296 qui
1542 259 1624 285 sunt

62 303 112 337 eis
132 303 326 348 conjuncti,
348 311 382 338 et
400 303 554 346 similes;
569 304 652 350 quia
671 315 734 349 per
754 304 824 337 hoc
845 303 883 337 fit
913 303 962 337 eis
982 304 1197 345 aestimatio,
1213 304 1309 350 quod
1331 304 1398 349 ipsi
1420 304 1529 338 etiam
1547 315 1627 350 pos-

60 355 131 389 sint
152 356 282 389 similia
305 357 392 402 pati3
416 366 449 390 ct
471 357 552 391 inde
575 365 627 390 est
649 357 769 398 etiam,
792 356 888 402 quod
910 368 1024 398 senes,
1045 365 1078 391 et
1100 359 1290 402 sapientes,
1314 358 1374 403 qui
1397 358 1626 392 considerant

61 420 99 443 se
120 420 224 455 posse
244 411 277 443 in
298 409 393 443 mala
412 410 582 451 incidere,
601 418 635 444 et
653 409 799 451 debiles,
819 418 853 444 et
872 409 1099 444 formidolosi
1118 418 1200 444 sunt
1218 411 1333 456 magis
1353 411 1624 452 misericordes;

60 473 79 496 e
102 463 283 496 contrario
307 471 427 497 autem
443 463 504 505 illi,
519 463 579 509 qui
602 470 765 509 reputant
787 474 824 497 se
844 474 920 497 esse
940 463 1073 504 felices,
1089 472 1124 497 et
1142 464 1319 497 intantum
1335 473 1510 510 potentes,
1527 464 1624 510 quod

59 515 149 549 nihil
171 516 258 549 mali
279 524 404 562 putant
426 528 462 550 se
486 527 590 562 posse
612 516 696 562 pati,
717 527 790 550 non
812 516 859 550 ita
883 516 1204 558 c01nmiserentur3
1222 518 1271 550 sic
1295 528 1382 560 ergo
1401 528 1544 563 semper
1565 518 1626 552 de—

22 582 23 588 *
58 567 172 603 fectus
194 577 246 603 est
272 570 362 603 ratio
386 570 589 610 miserendi,
611 569 668 603 vel
696 569 910 614 inquantum
934 569 1060 614 aliquis
1083 569 1264 603 desectum
1298 569 1449 615 alicujus
1482 578 1623 617 reputat

59 632 164 656 suum
187 631 332 668 propter
353 623 526 656 unionem
549 623 693 664 amoris,
716 622 773 656 vel
795 631 939 668 propter
961 623 1234 668 possibilitatem
1255 623 1385 657 similia
1406 624 1575 669 patiendi.

130 676 190 709 AD
212 686 361 710 PRiML'M
384 687 470 721 ergo
493 676 700 717 dicendum,
728 676 825 721 quod
844 676 943 709 Deus
965 687 1039 709 non
1061 675 1250 710 miseretur
1271 676 1339 710 nisi
1361 684 1507 723 propter
1527 688 1625 712 amo-

58 739 148 770 rem,
170 730 383 774 inquantum
406 737 503 763 amat
523 740 589 763 nos
611 737 798 775 tamquam
821 729 955 775 aliquid
977 730 1041 763 sui.

130 782 190 816 An
213 793 419 817 SECUNDUM
449 782 653 824 dicendum,
681 783 777 828 quod
799 782 850 816 illi
873 783 934 828 qui
966 784 1039 828 jam
1061 791 1143 817 sunt
1171 783 1208 817 in
1229 783 1376 818 infinitis
1404 783 1521 827 malis,
1549 796 1623 819 non

58 835 187 870 timent
208 847 245 870 se
268 836 414 870 ulterius
448 837 520 882 pati
541 835 691 881 aliquid3
722 844 756 870 et
777 836 858 870 ideo
881 847 955 870 non
977 837 1208 871 miserentur.
1239 837 1404 872 similiter
1425 839 1535 872 etiam
1556 850 1622 873 nec

58 888 127 931 illi3
150 889 211 935 qui
231 889 337 924 valde
370 890 515 931 timent,
537 890 620 935 quia
641 897 781 924 tantum
814 890 1004 924 intendunt
1031 890 1197 936 propriae
1227 891 1396 937 passioni,
1425 892 1521 937 quod
1549 903 1621 926 non

59 943 250 976 intendunt
271 943 438 978 miseriae
461 943 609 977 alienae.

129 996 189 1030 AD
217 1006 388 1031 TERTIUM
419 997 626 1039 dicendum,
649 997 745 1042 quod
766 996 818 1030 illi
836 997 897 1042 qui
917 997 1049 1031 suntin
1064 997 1361 1031 contumeliativa
1376 998 1623 1044 dispositione,

57 1049 132 1084 sive
153 1050 237 1095 quia
258 1050 328 1084 sint
350 1050 613 1084 contumeliam
635 1051 740 1096 passi,
764 1050 838 1084 sive
861 1050 943 1096 quia
964 1050 1077 1084 velint
1098 1050 1360 1085 contumeliam
1383 1051 1526 1093 inferre,
1545 1063 1624 1098 pro-

57 1110 233 1136 vocantur
254 1103 297 1136 ad
319 1103 422 1145 iram,
446 1111 479 1137 et
502 1103 545 1137 ad
568 1103 778 1145 audaciam3
801 1114 892 1149 quae
914 1111 996 1138 sunt
1017 1104 1196 1150 quaedam
1222 1105 1408 1150 passiones
1434 1105 1623 1147 virilitatis,

58 1155 270 1190 extollentes
282 1157 444 1190 animum
459 1157 620 1191 hominis
636 1157 680 1190 ad
696 1157 868 1199 arduum3
883 1158 977 1191 unde
992 1157 1150 1192 inferunt
1163 1158 1305 1192 homini
1320 1159 1623 1200 aestimationem,

58 1209 156 1255 quod
175 1221 251 1244 non
272 1210 319 1244 sit
340 1209 474 1256 aliquid
496 1210 532 1244 in
553 1210 715 1244 futurum
738 1221 926 1256 passurus3
948 1211 1042 1244 unde
1069 1211 1170 1253 tales,
1198 1211 1284 1245 dum
1311 1220 1394 1246 sunt
1419 1212 1454 1245 in
1481 1212 1550 1246 hac
1577 1212 1624 1246 di-

58 1263 269 1309 spositione,
290 1275 364 1297 non
386 1264 613 1305 miserentur,
636 1264 834 1298 secundum
855 1263 943 1298 illud
965 1264 1072 1298 Prov.
1095 1274 1170 1310 27.:
1198 1265 1257 1299 Ira
1282 1277 1348 1299 non
1377 1265 1471 1299 habet
1500 1267 1624 1299 miseri-

57 1316 218 1359 cordiam,
237 1329 338 1362 mque
356 1323 525 1363 erunzpens
539 1318 663 1363 furor:
681 1325 715 1352 et
729 1329 770 1352 ex
789 1317 900 1351 simili
917 1318 1057 1352 ratione
1076 1319 1220 1364 superbi
1233 1330 1307 1353 non
1322 1319 1548 1361 miserentur,
1563 1319 1623 1365 qui

58 1378 295 1404 contemnunt
318 1370 418 1412 alios,
434 1379 468 1404 et
482 1379 649 1416 reputant
663 1382 725 1406 eos
744 1371 878 1414 malos;
895 1372 989 1406 unde
1005 1380 1181 1417 reputant,
1197 1372 1292 1418 quod
1309 1372 1416 1417 digne
1431 1373 1622 1418 patiantur,
1655 1408 1659 1409 ⁷

59 1423 231 1469 quidquid
260 1425 460 1469 patiuntur3
491 1425 585 1458 unde
613 1433 646 1458 et
673 1425 826 1471 Gregor.
855 1425 941 1459 dicit
969 1425 1071 1469 (hom.
1095 1438 1146 1472 34.
1174 1427 1208 1459 in
1234 1427 1381 1471 Evting.)
1409 1426 1505 1472 quod
1532 1426 1622 1460 falsa

58 1477 204 1522 justitia,
228 1477 366 1512 scilicet
387 1477 636 1524 superborum,
654 1489 728 1512 non
749 1478 858 1512 habet
880 1479 1186 1525 compassionem,
1210 1479 1271 1514 sed
1294 1480 1600 1525 dedignationem.

607 1637 952 1682 ARTICULUS
986 1639 1064 1681 111.
1556 1662 1619 1696 179

436 1755 589 1785 UTRUM
621 1756 935 1786 MISERICORDIA
967 1757 1034 1786 SIT
1066 1757 1237 1787 VIRTUS.

82 1854 158 1899 (1-2.
181 1866 211 1900 q.
229 1865 282 1900 59.
301 1860 365 1889 art.
387 1868 414 1890 1.
435 1855 521 1902 (1613.
545 1861 573 1890 et
589 1868 618 1902 3.
641 1857 727 1890 Dist.
750 1868 796 1902 23.
819 1869 848 1902 q.
868 1869 896 1903 3.
919 1862 983 1892 art.
1004 1869 1031 1903 3.
1054 1862 1083 1892 et
1101 1857 1185 1891 Mal.
1208 1869 1237 1903 q.
1259 1870 1310 1893 10.
1330 1863 1395 1892 art.
1417 1870 1447 1893 2.
1469 1858 1512 1892 ad
1533 1859 1593 1904 8.).

128 1956 188 1990 AD
211 1966 383 1991 TERTIUM
405 1957 455 1991 sic
474 1957 690 2004 proceditur.
720 1957 883 1999 Videtur,
898 1957 1011 2003 ‘quod
1036 1957 1285 1991 misericordia
1309 1968 1383 1991 non
1413 1957 1457 1992 sit
1484 1958 1617 1992 virtus:

56 2009 254 2056 principale
269 2010 365 2044 enim
381 2010 417 2044 in
431 2011 560 2044 virtute
575 2019 627 2045 est
642 2011 783 2052 electio,
798 2019 836 2044 ut
850 2018 945 2056 patet
959 2023 1022 2056 per
1036 2011 1172 2044 Philos.
1188 2011 1224 2044 in
1240 2021 1271 2044 2.
1286 2011 1444 2045 Ethicor.
1459 2012 1545 2058 (cap.
1557 2014 1617 2058 5.).·

58 2062 188 2097 electio
212 2071 332 2097 autem
347 2071 401 2098 est
414 2065 576 2110 appetitus
585 2065 848 2110 praeconsiliati,
866 2072 903 2097 ut
916 2064 952 2097 in
969 2064 1099 2098 eodem
1113 2063 1172 2097 lib.
1188 2064 1258 2109 (ΜΖ
1270 2066 1381 2110 polius
1394 2065 1450 2098 lib.
1462 2076 1489 2110 3.
1505 2071 1577 2111 cap.
1590 2077 1617 2111 3.

56 2118 91 2150 in
112 2117 186 2161 fin.)
207 2117 352 2158 dicitur3
373 2117 409 2150 id
432 2128 530 2162 ergo,
554 2118 649 2163 quod
671 2117 822 2163 impedit
844 2117 1048 2158 consilium,
1070 2128 1144 2151 non
1167 2125 1284 2163 potest
1305 2117 1376 2150 dici
1397 2119 1529 2151 virtus:
1557 2119 1618 2151 sed

57 2169 305 2203 misericordia
327 2170 478 2216 impedit
500 2170 704 2211 consilium,
728 2170 928 2204 secundum
950 2170 1037 2204 illud
1058 2170 1219 2203 Sallustii
1246 2170 1297 2214 (in
1327 2171 1426 2205 Catil.
1453 2172 1487 2204 in
1507 2172 1617 2217 princ.

61 2223 158 2257 Orat.
184 2223 358 2267 Caesar.):
384 2236 402 2254 «
426 2223 566 2258 Omnes
587 2224 769 2264 homines,
793 2225 851 2268 qui
875 2224 917 2257 de
939 2223 1044 2257 rebus
1066 2223 1181 2257 dubiis
1204 2223 1420 2265 consultant,
1443 2224 1484 2257 ab
1507 2224 1569 2265 ira,
1585 2233 1619 2257 et

57 2276 307 2310 misericordia
328 2287 464 2310 vacuos
487 2287 564 2310 esse
587 2277 708 2317 decet3
731 2287 805 2310 non
827 2278 923 2310 enim
947 2277 1088 2310 animus
1105 2275 1210 2310 facile
1229 2288 1355 2311 verum
1370 2277 1544 2322 providet,
1558 2277 1618 2310 ubi

56 2329 122 2362 ista
145 2328 307 2362 officiunt
327 2341 367 2371 »ς
391 2340 477 2374 ergo
501 2329 749 2363 misericordia
770 2340 844 2363 non
864 2338 917 2364 est
937 2330 1060 2363 virtus.

129 2392 160 2416 2.
177 2382 412 2416 PRAETEREA.
430 2382 529 2416 Nihil
544 2383 640 2428 quod
656 2390 708 2416 est
722 2383 942 2416 contrarium
956 2383 1087 2425 virtuti,
1103 2391 1156 2417 est
1173 2382 1370 2417 laudabile:
1387 2383 1446 2417 sed
1462 2384 1616 2417 nemesis

59 2435 300 2469 contrariatur
327 2435 608 2477 misericordiae,
640 2443 678 2469 ut
703 2436 839 2469 Pliilos.
871 2436 956 2470 dicit
988 2436 1023 2469 in
1054 2446 1085 2471 2.
1114 2436 1218 2470 Rhet.
1246 2440 1333 2482 (sap.
1364 2437 1434 2481 9.).·
1462 2438 1617 2470 nemesis

58 2496 191 2530 autem,
204 2497 256 2522 est
277 2489 396 2534 passio
419 2488 618 2531 laudabilis,
641 2497 679 2523 ut
700 2489 828 2523 dicitur
850 2490 885 2523 in
908 2499 938 2523 2.
958 2489 1063 2523 Rhet.
1092 2490 1228 2534 (il›1·d.),·
1257 2500 1342 2534 ergo
1370 2489 1617 2522 misericordia

56 2552 130 2575 non
153 2550 206 2576 est
226 2542 349 2575 virtus.

132 2606 161 2641 3.
184 2595 420 2629 PRAETEREA.
445 2595 640 2637 Gaudium,
664 2603 697 2629 et
719 2607 788 2641 pax
808 2607 882 2629 non
905 2602 985 2629 sunt
1008 2595 1181 2641 speciales
1202 2596 1367 2636 virtute53
1391 2594 1473 2640 quia
1495 2606 1618 2629 conse-

57 2655 214 2693 quuntur
232 2658 274 2680 ex
298 2647 483 2689 charitate,
505 2656 543 2681 ut
564 2659 670 2693 supra
692 2648 826 2682 dictum
850 2657 903 2682 est
923 2649 967 2694 (q.
990 2649 1043 2682 28.
1067 2654 1130 2682 nrt.
1153 2659 1185 2692 4.
1208 2653 1235 2682 el
1256 2660 1285 2693 q.
1308 2659 1363 2692 29.
1385 2652 1448 2682 art.
1469 2648 1534 2691 4.):
1553 2649 1616 2681 sed

57 2701 166 2734 etiam
189 2699 437 2734 misericordia
464 2701 694 2746 consequitur
725 2712 767 2735 ex
795 2701 983 2736 charitate:
1013 2702 1061 2734 sic
1092 2702 1187 2734 enim
1217 2711 1258 2733 ex
1287 2700 1459 2734 charitate
1488 2700 1616 2734 flemus

58 2764 142 2786 cum
163 2753 341 2794 flentibus,
364 2753 456 2787 sicut
477 2754 678 2798 gaudemus
701 2765 783 2788 cum
806 2754 1064 2799 gaudentibus;
1086 2764 1172 2798 ergo
1196 2753 1442 2787 misericordia
1464 2764 1537 2787 non
1565 2763 1618 2788 est

58 2805 222 2851 specialis
244 2806 366 2840 virtus.
