1859 3122
173 180 285 233 1056
575 188 796 224 QUAESTIO
831 188 961 217 CLXII.
995 187 1238 217 ARTICULUS
1271 188 1315 216 ΙΙ.

237 282 270 314 4.
294 272 530 305 PRAETEREA.
555 269 678 303 Omne
699 276 890 313 peccatum
911 267 1068 314 speciale
1093 268 1203 301 habet
1220 267 1416 313 specialem
1437 268 1646 302 materiam:
1664 268 1726 302 sed

167 324 333 370 superbia
351 324 458 357 habet
482 321 692 367 generalem
714 321 920 355 materiam:
938 321 1022 355 dicit
1039 321 1136 355 enim
1160 321 1312 366 Gregor.
1336 331 1388 365 34.
1407 321 1535 355 Moral.
1557 322 1643 368 (cap.
1658 322 1724 366 18.)

168 377 264 423 quod
290 376 413 410 «alter
434 375 643 409 intumescit
670 385 769 416 auro,
797 374 886 408 alter
913 374 1071 420 eloquio,
1099 373 1186 408 alter
1212 374 1356 415 infimis,
1383 382 1418 408 et
1442 374 1591 408 terrenis
1612 374 1728 415 rebus,

169 430 258 464 alter
279 429 443 470 summis,
466 427 755 473 coelestibusque
777 427 965 461 virtutibus
979 439 1018 469 »3
1040 438 1127 472 ergo
1142 427 1306 473 superbia
1324 438 1398 460 non
1414 435 1467 461 est
1479 426 1635 473 speciale
1650 438 1731 473 pec-

168 492 302 524 catum,
322 483 383 516 sed
406 480 585 527 generale.

242 536 315 570 SED
339 545 494 569 CONTRA
518 543 580 575 est,
605 533 701 579 quod
723 534 876 578 August.
899 533 983 566 dicit
1005 533 1041 566 in
1063 532 1122 566 lib.
1145 533 1188 566 de
1210 533 1304 574 Nat.‚
1332 541 1366 566 et
1393 533 1493 567 Grat.
1526 532 1612 578 (cap.
1638 533 1729 576 29.):

173 603 190 622 (ε
208 590 370 630 Quaerat
393 588 593 632 diligenter,
613 595 647 620 et
664 587 823 620 inveniet
840 586 1036 620 secundum
1057 586 1176 632 legem
1196 586 1267 620 Dei
1285 586 1489 632 superbiam
1511 596 1588 619 esse
1609 595 1733 631 pecca-

171 651 248 677 tum
271 642 425 676 multum
449 642 645 675 discretum
669 640 711 673 ab
735 639 812 673 aliis
833 639 927 673 vitiis
942 651 981 672 »:
1004 651 1116 684 genus
1138 647 1259 673 autem
1280 650 1354 673 non
1377 639 1605 684 distinguitur
1623 649 1642 671 a
1660 639 1731 672 suis

170 695 380 741 speciebus;
405 705 491 739 ergo
519 693 685 739 superbia
706 704 779 725 non
803 701 854 726 est
877 692 1045 737 generale
1068 700 1270 738 peccatum,
1292 692 1354 726 sed
1376 691 1542 738 speciale.

243 748 472 782 RESPONDEO
497 746 701 787 dicendum,
729 745 825 791 quod
848 754 1038 790 peccatum
1064 745 1249 790 superbiae
1276 745 1450 791 dupliciter
1476 752 1594 790 potest
1620 743 1734 777 consi-

172 802 306 836 derari:
330 813 394 835 11120
417 800 511 834 modo
531 799 731 834 secundum
746 799 928 844 propriam
944 799 1114 844 speciem,
1129 809 1238 843 quam
1252 799 1361 832 habet
1375 810 1417 832 ex
1443 798 1582 831 ratione
1600 796 1735 843 proprii

172 855 322 900 objecti;
346 862 380 888 et
406 854 476 887 hoc
504 853 615 886 modo
647 852 812 897 superbia
839 860 891 885 est
917 851 1073 897 speciale
1101 860 1303 897 peccatum,
1335 851 1417 896 quia
1444 851 1553 884 habet
1579 849 1735 896 speciale

173 909 374 953 objectum:
403 916 455 941 est
487 907 585 940 enim
614 905 837 938 inordinatus
865 906 1041 950 appetitus
1070 905 1235 950 propriae
1264 904 1509 945 excellentiae,
1536 912 1574 938 ut
1599 903 1735 937 dictum

173 970 227 996 est
248 962 329 1006 (art.
346 962 498 1007 praec.):
522 960 587 993 alio
612 958 705 992 modo
725 966 842 1003 potest
862 958 1084 991 considerari
1099 958 1297 991 secundum
1318 957 1596 991 redundantiam
1614 968 1737 1002 quam-
1771 957 1776 959 ”

173 1016 256 1049 darn
279 1015 315 1048 in
338 1014 406 1048 alia
433 1020 599 1059 peccata3
623 1019 656 1046 et
678 1011 879 1045 secundum
906 1011 977 1044 hoc
1005 1011 1114 1044 habet
1148 1010 1344 1055 quamdam
1371 1010 1662 1056 generalitatem3
1688 1010 1738 1043 in-

173 1077 349 1114 quantum
379 1067 519 1101 scilicet
541 1077 581 1099 ex
604 1065 770 1110 superbia
797 1065 881 1098 oriri
908 1073 1057 1110 possunt
1083 1064 1206 1097 onmia
1234 1072 1393 1109 peccata,
1420 1063 1554 1109 duplici
1574 1063 1736 1097 ratione:

173 1134 238 1156 mm
257 1121 350 1155 modo
373 1132 436 1166 per
457 1131 493 1153 se
511 1132 519 1161 3
542 1119 756 1164 inquantum
778 1117 916 1151 scilicet
938 1117 1006 1150 alia
1028 1125 1176 1163 peccata
1198 1117 1409 1151 ordinantur
1431 1118 1473 1150 ad
1492 1117 1602 1150 finem
1620 1128 1740 1162 super-

174 1175 264 1216 biae,
287 1174 347 1220 qui
370 1182 422 1207 est
444 1172 588 1218 propria
611 1171 835 1211 excellentia,
858 1171 901 1204 ad
920 1182 1029 1216 quam
1048 1178 1164 1216 potest
1183 1171 1341 1204 ordinari
1360 1182 1468 1205 omne
1486 1171 1533 1212 id,
1549 1170 1645 1216 quod
1660 1170 1738 1215 quis

174 1228 376 1262 inordinate
400 1227 554 1272 appetit:
580 1225 646 1259 alio
668 1224 763 1258 modo
785 1224 970 1265 indirecte,
993 1232 1028 1258 et
1048 1224 1149 1269 quasi
1170 1235 1232 1269 per
1254 1224 1432 1265 accidens,
1460 1224 1598 1257 scilicet
1624 1233 1740 1257 remo-

174 1281 293 1315 vendo
316 1280 526 1326 prohibens3
547 1279 762 1324 inquantum
776 1277 914 1311 scilicet
928 1277 1041 1311 homo
1057 1288 1120 1322 per
1138 1277 1343 1323 superbiam
1363 1277 1564 1310 contemnit
1579 1276 1739 1310 divinam

175 1335 307 1380 legem,
330 1345 392 1379 per
415 1343 526 1378 quam
549 1331 759 1377 prohibetur
781 1341 800 1363 a
822 1330 1018 1376 peccando,
1046 1331 1244 1363 secundum
1272 1330 1359 1363 illud
1387 1330 1546 1364 Hierem.
1569 1339 1623 1363 2.:
1655 1329 1740 1364 Con-

166 1388 302 1434 fregisti
319 1389 451 1431 jugum,
476 1385 594 1430 rupisti
618 1384 766 1425 vim-ula,
790 1383 922 1417 dixisti:
943 1383 1019 1417 Non
1040 1384 1196 1417 sarviam.
1211 1382 1407 1416 Sciendum
1425 1391 1558 1424 tamen,
1581 1382 1677 1428 quod
1695 1381 1740 1415 ad

176 1441 270 1474 hanc
294 1438 569 1484 generalitatem
591 1436 777 1482 superbiae
794 1436 958 1482 pertinet,
974 1436 1069 1481 quod
1085 1436 1208 1469 omnia
1222 1436 1308 1469 vitia
1326 1436 1505 1469 interdum
1521 1446 1562 1469 ex
1577 1435 1741 1480 superbia

177 1493 263 1528 oriri
285 1492 440 1538 possint:
457 1502 531 1524 non
547 1498 666 1524 autem
682 1489 726 1523 ad
741 1500 821 1522 eam
837 1489 1002 1534 pertinet,
1017 1488 1112 1534 quod
1129 1488 1251 1522 omnia
1266 1488 1351 1522 vitia
1366 1499 1505 1533 semper
1521 1499 1562 1521 ex
1577 1487 1742 1533 superbia

177 1547 357 1580 oriantur:
383 1544 548 1590 quamvis
571 1543 669 1577 enim
692 1542 815 1576 omnia
837 1550 1028 1588 praecepta
1054 1541 1144 1587 legis
1171 1541 1283 1586 possit
1309 1541 1387 1587 quis
1413 1540 1614 1586 transgredi
1634 1539 1743 1586 quali-

178 1611 333 1645 cumque
349 1606 498 1645 peccato
522 1609 563 1631 ex
585 1605 807 1642 contemptu,
830 1596 889 1641 qui
908 1595 1059 1641 pertinet
1078 1595 1121 1628 ad
1139 1595 1362 1641 superbiam:
1377 1606 1450 1628 non
1465 1603 1586 1628 tamen
1600 1604 1744 1639 semper

179 1666 221 1688 ex
244 1660 454 1698 contemptu
478 1650 606 1696 aliquis
628 1657 819 1696 praecepta
842 1649 962 1682 divina
983 1649 1253 1694 transgreditur,
1276 1649 1337 1682 sed
1356 1647 1572 1694 quandoque
1588 1658 1629 1680 ex
1643 1647 1744 1692 igno-

178 1707 304 1747 rantia,
327 1705 547 1751 quandoque
571 1715 613 1737 ex
634 1702 856 1744 infirmitate;
880 1710 914 1736 et
934 1702 1017 1735 inde
1044 1710 1107 1743 est,
1137 1702 1245 1747 quod,
1276 1702 1367 1735 sicut
1396 1701 1491 1746 Aug.
1520 1700 1606 1734 dicit
1626 1700 1663 1733 in
1683 1699 1742 1733 lib.

179 1761 221 1794 de
236 1760 330 1801 Nat„
350 1767 383 1792 et
403 1758 528 1792 Gratia
551 1757 641 1803 (cap.
657 1758 741 1801 29),
768 1769 784 1787 α
801 1756 913 1790 multa
924 1767 1112 1801 perperam
1124 1755 1223 1796 fiunt,
1246 1767 1337 1801 quae
1355 1766 1428 1789 non
1447 1754 1536 1788 fiunt
1553 1754 1743 1800 superbe».

251 1813 310 1847 AD
337 1822 486 1846 PRIMUM
511 1822 597 1856 ergo
621 1810 825 1851 dicendum,
841 1809 936 1854 quod
953 1809 1106 1854 August.
1125 1808 1186 1842 illa
1207 1809 1315 1842 verba
1330 1808 1466 1842 inducit
1480 1808 1515 1841 in
1529 1807 1589 1842 lib.
1605 1807 1648 1841 de
1661 1807 1744 1840 Nat.

181 1876 215 1901 et
239 1866 350 1907 Grat.,
372 1877 446 1899 non
472 1876 513 1898 ex
535 1875 598 1898 sua
620 1874 786 1909 persona,
809 1863 870 1896 sed
895 1874 936 1896 ex
957 1873 1111 1907 persona
1127 1861 1282 1903 alterius,
1299 1870 1425 1895 contra
1440 1872 1546 1907 quem
1570 1861 1744 1906 disputat;

182 1921 275 1954 unde
298 1927 330 1953 et
353 1917 589 1964 postmodum
611 1917 791 1962 improbat
818 1928 871 1956 ea,
901 1916 1092 1949 ostendens
1121 1915 1217 1961 quod
1244 1927 1318 1949 non
1345 1925 1487 1960 semper
1513 1926 1556 1948 ex
1582 1913 1747 1959 superbia

181 1982 369 2020 peccatur:
393 1979 511 2018 potest
533 1980 656 2004 tamen
675 1970 757 2011 dici,
777 1969 873 2015 quod
893 1969 1124 2002 auctoritates
1142 1968 1224 2002 illae
1243 1968 1491 2014 intelliguntur
1508 1975 1683 2012 quantum
1701 1966 1745 1999 ad

182 2026 398 2060 exteriorem
423 2024 595 2058 effectum
616 2023 814 2068 superbiae,
837 2022 897 2068 qui
919 2030 972 2056 est
991 2022 1191 2067 transgredi
1217 2030 1426 2067 praecepta,
1449 2020 1544 2066 quod
1567 2020 1746 2053 invenitur

183 2081 219 2113 in
241 2078 402 2125 quolibet
422 2085 593 2123 peccat03
615 2087 689 2109 non
712 2084 833 2109 autem
856 2084 1030 2121 quantum
1049 2075 1092 2108 ad
1108 2076 1315 2109 interiorem
1336 2082 1455 2108 actum
1474 2073 1672 2118 superbiae,
1687 2072 1747 2118 qui

184 2141 237 2166 est
259 2139 488 2176 contemptus
510 2129 709 2175 praecepti:
731 2140 805 2162 non
829 2129 925 2162 enim
947 2139 1089 2173 semper
1110 2136 1300 2174 peccatum
1322 2127 1360 2161 fit
1381 2138 1422 2161 ex
1446 2134 1666 2172 contemptu,
1685 2124 1747 2159 sed

184 2186 401 2232 quandoque
419 2196 460 2217 ex
475 2182 691 2229 ignorantia,
708 2183 924 2228 quandoque
936 2192 978 2215 ex
991 2181 1210 2222 infirmitate,
1224 2189 1263 2215 ut
1277 2181 1412 2214 dictum
1424 2188 1476 2214 est
1489 2180 1538 2223 (in
1549 2185 1640 2225 corp.
1652 2178 1748 2223 art).

257 2239 316 2272 AD
339 2247 551 2272 SECUNDUM
575 2235 779 2275 dicendum,
795 2235 891 2280 quod
913 2235 1129 2280 quandoque
1153 2234 1280 2279 aliquis
1295 2233 1490 2267 committit
1511 2231 1657 2278 aliquod
1670 2242 1751 2278 pec-

186 2301 307 2326 catum
329 2291 531 2325 secundum
556 2287 737 2329 effectum,
764 2288 824 2322 sed
848 2299 921 2322 non
944 2289 1142 2322 secundum
1167 2287 1351 2322 affectum:
1375 2288 1465 2321 sicut
1485 2286 1545 2320 ille
1568 2286 1628 2332 qui
1649 2286 1749 2331 igno-

187 2354 307 2380 ranter
334 2344 468 2378 occidit
494 2351 647 2389 patrem,
675 2342 870 2375 committit
896 2341 1127 2387 parricidium
1153 2341 1351 2374 secundum
1379 2339 1559 2380 effectum,
1587 2339 1648 2373 sed
1674 2349 1749 2372 non

186 2398 387 2433 secundum
411 2395 600 2437 affectum;
623 2395 705 2441 quia
732 2395 802 2428 hoc
826 2406 899 2428 non
925 2394 1150 2436 intendebat;
1174 2403 1207 2428 et
1228 2394 1427 2428 secundum
1454 2393 1524 2426 hoc
1546 2391 1749 2437 transgredi

188 2458 421 2498 praeceptum
444 2449 514 2483 Dei
553 2448 681 2482 dicitur
708 2459 785 2482 esse
817 2456 942 2481 contra
971 2447 1092 2481 Deum
1122 2447 1315 2492 superbire,
1346 2446 1547 2480 secundum
1579 2444 1747 2479 effectum

187 2506 335 2552 quidem
358 2514 513 2549 semper,
532 2514 606 2536 non
626 2510 746 2535 autem
765 2512 908 2546 semper
929 2501 1128 2535 secundum
1151 2499 1330 2534 affectum.

261 2559 320 2592 AD
343 2567 515 2591 TERTIUM
538 2555 744 2596 dicendum,
772 2554 867 2600 quod
897 2563 1085 2599 peccatum
1117 2553 1262 2599 aliquod
1283 2560 1402 2599 potest
1432 2562 1664 2597 corrumpere
1684 2550 1750 2583 vir-

188 2620 302 2646 tutem
325 2611 497 2656 dupliciter
509 2622 518 2643 :
542 2621 606 2643 uno
630 2608 723 2642 modo
746 2618 808 2653 per
830 2607 1003 2641 directam
1024 2607 1316 2640 contrarietatem
1339 2606 1380 2639 ad
1409 2605 1597 2646 virtutem3
1619 2611 1654 2637 et
1678 2603 1749 2637 hoc

189 2665 300 2698 modo
324 2663 489 2709 superbia
515 2673 589 2696 non
612 2660 810 2706 corrumpit
832 2659 1029 2705 quamlibet
1050 2660 1230 2701 virtutem,
1258 2659 1319 2693 sed
1340 2658 1459 2692 solum
1486 2657 1750 2697 humilitatem3

189 2719 280 2752 sicut
302 2726 337 2751 et
359 2715 544 2762 quodlibet
567 2714 663 2748 aliud
686 2713 843 2760 speciale
860 2721 1050 2758 peccatum
1068 2712 1266 2758 corrumpit
1287 2711 1481 2758 specialem
1502 2711 1670 2744 virtutem
1685 2708 1751 2743 sibi

190 2770 409 2816 oppositam,
432 2768 654 2803 contrarium
677 2766 838 2812 agendo:
862 2766 927 2799 ιιΙιό
954 2766 1047 2799 modo
1075 2774 1264 2811 peccatum
1292 2764 1436 2810 aliquod
1464 2762 1662 2807 corrumpit
1686 2761 1752 2795 vir-

190 2833 316 2865 tutem,
340 2822 521 2856 abutendo
544 2822 619 2868 ipsa
641 2821 794 2854 virtute:
817 2828 851 2854 ct
873 2819 921 2853 sic
941 2819 1105 2864 superbia
1129 2818 1328 2864 corrumpit
1353 2817 1551 2863 quamlibet
1571 2816 1750 2855 virtutem,

191 2878 405 2923 inquantum
428 2875 566 2910 scilicet
585 2888 625 2908 ex
648 2874 733 2920 ipsis
752 2873 938 2908 virtutibus
961 2872 1069 2906 sumit
1092 2872 1324 2905 occasionem
1340 2869 1577 2916 superbiendi,
1599 2868 1690 2902 sicut
1708 2878 1751 2900 ex
