1859 3122
475 160 696 197 QUAESTIO
730 159 860 189 xtvu.
896 159 1139 188 ART1cutus
1172 159 1213 187 x.
1547 145 1626 199 365

74 252 159 279 nent
181 244 223 278 ad
245 252 383 290 partem
411 243 637 285 rationalem,
665 243 707 277 ad
729 253 839 289 quam
861 242 993 276 directe
1015 241 1193 288 pertinent
1215 239 1436 282 communia,
1464 239 1555 274 sicut
1589 239 1631 273 ad

75 306 212 345 partem
234 297 442 332 sensitivam
464 297 642 343 pertinent
663 295 868 342 singularia.

622 450 966 495 ARTICULUS
1000 450 1078 492 XI.
1567 457 1634 493 268

194 566 347 595 UTRUM
380 565 642 604 PRUDENTIA,
678 565 795 600 QUAE
829 564 906 593 EST
941 563 1161 593 RESPECTU
1194 562 1297 592 BONI
1330 562 1515 600 PROPRH,

78 632 145 662 SIT
160 632 309 661 EADEM
331 631 478 660 SPECIE
495 630 585 660 CUM
607 630 674 669 EA,
694 629 811 665 QUAE
833 630 881 658 SE
903 628 1126 658 EXTENDIT
1151 628 1208 656 AD
1233 627 1387 657 BONUM
1405 626 1634 656 COMMUNE.

305 731 407 777 (Infr.
431 743 460 778 q.
482 732 538 776 43.
560 735 625 765 art.
647 742 674 765 1.
697 735 785 776 corp.
807 734 835 764 et
855 729 897 763 czd
918 741 948 764 2.
971 733 1001 763 et
1021 740 1050 774 q.
1070 739 1120 774 57.
1142 733 1208 763 art.
1231 740 1262 774 9.
1285 727 1327 761 ad
1347 727 1408 772 4.).

149 833 208 867 AD
231 843 463 867 UNDECIMUM
486 832 534 866 sic
550 831 765 877 proceditur.
780 830 942 872 Videtur,
961 829 1057 876 quod
1076 828 1275 876 prudentia,
1292 839 1383 874 quae
1402 835 1454 862 est
1476 834 1638 873 respectu

78 887 164 921 boni
182 886 326 932 proprii,
346 887 390 919 sit
408 885 533 919 eadem
553 885 671 931 specie
691 896 772 918 cum
794 896 847 925 ea,
866 895 956 929 quae
976 895 1013 917 se
1033 883 1190 917 extendit
1210 883 1253 916 ad
1268 883 1405 916 bonum
1425 891 1638 915 commune:

79 940 164 974 dicit
185 941 282 973 enim
304 939 439 973 Philos.
462 939 498 972 in
520 938 550 972 6.
574 938 689 972 Ethic.
718 938 804 984 (cap.
831 938 896 985 S.),
925 937 1021 983 quod
1051 936 1243 982 «politica,
1271 944 1304 970 et
1330 935 1517 982 prudentia
1543 934 1639 967 idem

78 994 220 1028 habitus
243 1001 311 1035 est;
334 1004 410 1026 esse
433 999 551 1025 autem
574 1002 647 1025 non
669 991 766 1024 idern
788 991 920 1036 ipsis».

151 1057 182 1081 2.
205 1046 440 1081 PRAETEREA.
463 1044 676 1089 Philosoph.
704 1044 790 1078 dicit
815 1044 850 1078 in
881 1056 910 1089 3.
933 1043 1075 1078 Politic.
1098 1044 1186 1090 (cap.
1210 1044 1254 1089 3.)
1277 1042 1373 1088 quod
1404 1041 1562 1075 «eadem
1590 1048 1642 1074 est

78 1101 189 1134 virtus
211 1100 276 1134 viri
296 1099 393 1140 boni,
413 1107 447 1133 et
464 1098 550 1132 boni
568 1098 758 1144 principis:
778 1098 839 1132 sed
862 1097 1009 1144 politica
1029 1099 1185 1131 maxime
1205 1104 1257 1130 est
1274 1096 1310 1130 in
1329 1095 1500 1142 principe,
1520 1095 1554 1128 in
1570 1105 1641 1140 quo

80 1162 132 1188 est
153 1154 244 1188 sicut
259 1152 559 1193 architectonica;
583 1163 666 1185 cum
689 1163 776 1196 ergo
798 1151 986 1197 prudentia
1005 1151 1049 1184 sit
1066 1151 1177 1184 virtus
1195 1149 1282 1184 boni
1294 1149 1372 1191 viri,
1391 1149 1531 1182 videtur
1546 1147 1642 1193 quod

80 1208 124 1242 sit
144 1207 242 1241 idem
263 1206 403 1240 habitus
424 1205 622 1252 prudentia,
643 1212 676 1239 et
698 1205 855 1251 politica.

154 1272 182 1307 3.
205 1260 440 1294 PRAETEREA.
462 1258 524 1300 Ea,
547 1270 702 1304 quorum
724 1270 836 1292 unum
859 1258 1044 1292 ordinatur
1072 1257 1115 1291 ad
1150 1257 1258 1299 aliud,
1292 1268 1366 1291 non
1401 1255 1643 1290 diversificant

80 1314 250 1360 speciem,
273 1321 333 1347 aut
353 1312 589 1347 substantiam
611 1312 771 1346 habitus:
793 1312 854 1346 sed
877 1312 1015 1346 bonum
1049 1311 1247 1357 proprium,
1282 1311 1377 1356 quod
1412 1310 1565 1356 pertinet
1600 1308 1643 1341 ad

81 1367 306 1414 prudentiam
328 1366 538 1412 simpliciter
560 1365 705 1408 dictam,
729 1365 914 1399 ordinatur
936 1365 978 1398 ad
1000 1365 1138 1399 bonum
1154 1375 1363 1406 commune,
1379 1363 1475 1409 quod
1490 1362 1643 1409 pertinet

83 1421 126 1455 ad
148 1420 353 1467 politicam3
377 1431 463 1465 ergo
486 1419 644 1464 politica,
665 1427 699 1454 et
720 1419 907 1464 prudentia
929 1430 1045 1464 neque
1061 1417 1227 1452 differunt
1243 1417 1374 1464 specie,
1390 1428 1506 1462 neque
1522 1427 1644 1450 secun-

83 1476 169 1509 dum
190 1474 331 1507 habitus
353 1473 598 1507 substantiam.

155 1528 229 1561 SED
257 1537 411 1561 CONTRA
438 1535 501 1567 est,
523 1526 619 1572 quod
654 1525 815 1560 diversae
845 1525 1015 1560 scientiae
1042 1533 1141 1559 sunt:
1169 1525 1319 1571 politica,
1343 1534 1434 1570 quae
1461 1523 1645 1557 ordinatur

85 1582 127 1615 ad
149 1582 286 1615 bonurn
309 1591 504 1614 commune
527 1580 697 1621 civitatis;
720 1587 754 1613 et
775 1581 995 1621 oeconomica,
1023 1590 1114 1624 quae
1133 1578 1176 1612 de
1198 1578 1254 1612 his
1277 1586 1339 1619 est,
1360 1588 1451 1623 quae
1467 1577 1645 1622 pertinent

85 1636 128 1669 ad
149 1636 287 1668 bonum
314 1645 510 1668 commune
533 1634 674 1674 domus,
695 1632 753 1666 vel
774 1632 952 1674 familiae3
975 1641 1009 1666 et
1030 1633 1224 1674 monastica,
1240 1643 1331 1677 quae
1347 1639 1399 1665 est
1413 1631 1456 1664 de
1470 1630 1538 1671 his,
1553 1640 1644 1675 quae

84 1689 262 1735 pertinent
283 1688 326 1721 ad
347 1687 485 1721 bonum
506 1687 610 1720 unius
632 1697 827 1732 personae;
851 1697 937 1731 ergo
971 1686 1048 1732 pari
1081 1685 1219 1719 ratione
1255 1693 1289 1719 et
1322 1683 1531 1731 prudentiae
1565 1691 1646 1717 sunt

84 1742 221 1788 species
243 1741 414 1782 diversae,
437 1740 636 1774 secundum
658 1740 751 1772 hanc
774 1740 1018 1773 diversitatem
1043 1739 1224 1772 materiae.

155 1795 384 1829 RESPONDEO
408 1794 611 1834 dicendum,
635 1793 742 1838 quod,
765 1793 855 1826 sicut
876 1804 983 1838 supra
1005 1793 1141 1826 dictum
1163 1800 1218 1826 est
1239 1792 1320 1836 (art.
1339 1802 1367 1837 5.
1391 1791 1458 1836 huj.
1482 1802 1511 1836 q.
1531 1795 1560 1824 et
1581 1799 1644 1824 1-2.

85 1861 114 1895 q.
133 1860 184 1895 54.
208 1853 270 1883 art.
293 1860 324 1883 2.
346 1847 388 1881 czd
408 1847 466 1891 L),
489 1847 626 1892 species
648 1846 837 1880 habituum
860 1845 1145 1879 diversificantur
1167 1845 1368 1879 secundum
1399 1843 1645 1878 diversitatem

87 1903 228 1948 objecti,
250 1912 341 1948 quae
361 1901 553 1934 attenditur
572 1910 681 1945 penes
695 1899 874 1933 rationem
889 1899 1082 1933 formalem
1097 1899 1224 1944 ipsius:
1242 1898 1332 1932 ratio
1349 1905 1469 1931 autem
1484 1896 1648 1931 formalis

87 1957 264 1998 omnium,
291 1966 381 2001 quae
404 1963 485 1988 sunt
508 1954 551 1987 ad
575 1953 696 1995 finem,
720 1953 912 1987 attenditur
935 1964 976 1987 ex
997 1961 1097 1999 parte
1119 1952 1209 1994 finis,
1232 1953 1324 1986 sicut
1346 1964 1387 1986 ex
1409 1963 1515 1997 supra
1546 1950 1648 1984 dictis

88 2017 185 2057 patet
205 2010 282 2055 (1-2.
306 2011 340 2042 in
361 2009 486 2054 prolog.
509 2012 537 2041 ot
558 2019 587 2052 q.
614 2017 688 2042 102.
711 2011 773 2041 art.
796 2008 866 2052 1.);
887 2014 921 2040 et
942 2006 1023 2040 ideo
1046 2017 1194 2040 necesse
1217 2014 1280 2048 est,
1303 2005 1398 2052 quod
1415 2017 1457 2039 ex
1472 2004 1648 2038 relatione

88 2064 132 2098 ad
154 2064 313 2097 diversos
336 2062 424 2095 fines
447 2060 730 2094 diversificentur
751 2060 889 2106 species
911 2060 1071 2094 habitus:
1095 2059 1226 2093 diversi
1244 2067 1364 2093 autem
1383 2058 1472 2092 fines
1491 2065 1572 2092 sunt
1589 2057 1649 2090 bo-

87 2129 175 2151 num
197 2116 382 2162 proprium
404 2115 520 2155 unius,
543 2121 577 2147 et
597 2113 733 2147 bonurn
755 2112 924 2155 familiae,
948 2120 981 2147 et
1002 2113 1140 2147 bonum
1163 2112 1326 2154 civitatis,
1350 2120 1384 2146 et
1402 2111 1523 2157 regni3
1554 2111 1648 2144 unde

88 2181 235 2204 necesse
257 2177 320 2211 est,
343 2168 439 2214 quod
462 2167 671 2214 prudentiae
693 2166 858 2201 differant
880 2167 999 2213 specie
1022 2167 1221 2201 secundum
1255 2165 1493 2200 differentiam
1517 2165 1648 2198 horum

88 2223 232 2263 finium3
256 2231 294 2256 ut
315 2222 451 2256 scilicet
472 2232 542 2254 una
565 2221 609 2254 sit
623 2220 801 2266 prudentia
822 2220 1033 2265 simpliciter
1055 2220 1161 2262 dicta,
1183 2231 1275 2266 quae
1307 2219 1491 2254 ordinatur
1518 2218 1560 2251 ad
1590 2217 1651 2250 bo-

89 2288 177 2310 num
199 2276 402 2322 propriun1;
426 2274 496 2308 alia
519 2282 638 2308 autem
661 2276 879 2316 oeconomica,
909 2285 1000 2320 quae
1021 2274 1205 2307 ordinatur
1228 2273 1270 2307 ad
1294 2274 1431 2307 bonum
1454 2281 1650 2306 commune

90 2331 231 2371 domus,
253 2328 311 2362 vel
332 2327 510 2370 familiae3
533 2335 567 2361 et
587 2327 690 2361 tertia
706 2328 857 2373 politica,
893 2339 984 2373 quae
1018 2327 1203 2361 ordinatur
1223 2327 1265 2360 ad
1289 2327 1425 2360 bonum
1453 2335 1650 2359 commune

91 2383 254 2424 civitatis,
275 2381 333 2415 vel
354 2381 466 2426 regni.

162 2437 222 2470 AD
248 2445 397 2470 PRIMUM
419 2445 506 2479 ergo
528 2434 732 2475 dicendum,
754 2434 850 2480 quod
872 2433 1011 2468 Philos.
1031 2445 1105 2468 non
1127 2433 1278 2468 intendit
1309 2433 1438 2474 dicere,
1474 2430 1569 2477 quod
1592 2441 1652 2476 po-

90 2490 187 2524 litica
209 2489 252 2523 sit
272 2489 369 2522 idem
391 2488 590 2521 secundum
612 2487 846 2521 substantiam
865 2487 1007 2521 habitus
1023 2487 1168 2521 cuilibet
1183 2486 1412 2533 prudentiae3
1428 2485 1487 2518 sed
1503 2483 1653 2529 pruden-

91 2544 173 2585 tiae,
195 2553 286 2588 quae
309 2541 492 2575 ordinatur
514 2541 557 2574 ad
579 2541 715 2574 bonum
738 2552 956 2574 commune:
981 2552 1070 2586 quae
1094 2541 1240 2586 quidem
1259 2539 1438 2586 prudentia
1458 2538 1586 2571 dicitur
1604 2547 1653 2569 se-

94 2595 251 2630 cundum
275 2605 510 2628 communem
532 2594 709 2627 rationem
731 2595 951 2640 prudentiae,
974 2602 1079 2640 prout
1100 2594 1238 2628 scilicet
1271 2602 1323 2627 est
1356 2591 1533 2637 quaedam
1566 2591 1652 2624 ratio

93 2654 182 2684 recta
202 2648 374 2693 agilulfum
388 2660 398 2680 .·
414 2647 543 2680 dicitur
558 2655 676 2681 autem
685 2648 824 2693 politica
840 2647 1038 2681 secundum
1054 2647 1218 2680 ordinem
1234 2646 1276 2679 ad
1291 2646 1428 2679 bonum
1445 2654 1651 2677 commune.

166 2702 224 2735 AD
248 2711 453 2735 SECUNDUM
476 2700 680 2742 dicendum,
702 2701 810 2746 quod,
832 2701 924 2734 sicut
945 2700 1081 2734 Philos.
1104 2701 1186 2733 ibid.
1211 2700 1313 2733 dicit:
1340 2711 1356 2729 «
1376 2698 1432 2731 Ad
1451 2698 1588 2731 bonum
1606 2696 1654 2729 vi-

94 2766 174 2790 rum
197 2755 350 2800 pertinet
371 2765 474 2799 posse
496 2754 586 2787 bene
609 2754 812 2800 principari,
836 2762 868 2788 et
890 2754 980 2788 bene
1003 2754 1129 2799 subjici
1151 2766 1182 2794 »3
1206 2761 1239 2786 et
1261 2753 1341 2785 ideo
1364 2751 1399 2784 in
1421 2751 1549 2784 virtute
1567 2750 1654 2783 boni

95 2809 161 2842 viri
182 2807 374 2841 includitur
396 2808 504 2841 etiam
525 2807 636 2841 virtus
657 2807 743 2841 boni
764 2808 956 2853 principis:
979 2807 1040 2841 sed
1062 2807 1173 2840 virtus
1195 2805 1375 2851 principi5‚
1395 2812 1428 2838 et
1447 2803 1576 2838 subditi
1595 2803 1656 2837 dif-

97 2861 164 2896 fert
185 2861 323 2907 specie3
346 2861 437 2895 sicut
459 2860 567 2894 etiam
589 2860 699 2894 virtus
721 2861 799 2902 viri,
822 2869 856 2895 et
877 2860 1049 2902 mulieris,
1072 2868 1109 2893 ut
1130 2859 1263 2893 ibidem
1285 2857 1424 2892 dicitur.
