1859 3122
539 189 758 225 QUAESTIO
793 189 894 218 XLII.
928 189 1172 220 ARTICULUS
1205 191 1232 220 Ι.
1575 192 1654 235 323

175 272 235 305 AD
263 281 432 306 'run'rmM
459 271 661 314 dicendum,
676 270 772 317 quod
794 270 933 313 seditio,
947 271 1039 305 sicut
1060 279 1095 306 et
1115 272 1284 314 schisma,
1300 273 1362 306 sub
1382 272 1561 307 discordia
1575 284 1661 306 con-

104 325 254 359 tinetur:
278 333 468 370 utrumque
491 325 588 359 enim
611 332 663 359 est
684 323 864 358 discordia
885 324 1075 370 quaedam,
1090 336 1163 359 non
1186 327 1290 360 unius
1305 326 1348 360 ad
1367 337 1491 368 unum,
1505 325 1566 360 sed
1586 337 1662 373 par-

105 378 194 413 tium
217 378 456 413 multitudinis
478 378 520 412 ad
542 378 710 412 invicem.

683 530 1026 576 ARTICULUS
1040 506 1107 574 Π.
1594 555 1660 591 232

311 653 464 683 UTRUM
492 653 668 683 SEDITIO
692 653 758 683 SIT
787 654 948 683 SEMPER
971 653 1208 683 PECCATUM
1230 653 1451 684 MORTALE.

176 754 235 787 AD
258 763 464 788 SECUNDUM
486 753 535 786 sic
557 753 771 798 proceditur.
794 752 955 795 Videtur,
983 752 1079 798 quod
1101 753 1229 787 seditio
1256 764 1329 787 non
1355 764 1496 799 semper
1518 755 1561 788 sit
1582 766 1662 800 pec-

106 816 227 841 catum
249 807 418 841 mortale:
450 807 577 841 seditio
607 807 703 841 enim
731 806 904 852 importat
930 806 1126 840 tumultum
1154 807 1197 841 ad
1226 818 1397 853 pugnam,
1420 815 1456 841 ut
1478 816 1574 853 patet
1600 820 1661 854 per

107 861 227 895 Gloss.
250 871 356 907 supra
376 860 559 894 inductam
581 860 658 904 (art.
677 861 822 907 prczcc.):
838 860 897 894 sed
917 872 1036 906 pugna
1051 871 1125 894 non
1141 872 1283 906 semper
1297 868 1350 894 est
1364 869 1553 906 peccatum
1570 873 1662 895 mor-

105 914 188 957 tale,
210 914 271 948 scd
294 913 508 960 quandoque
532 922 566 948 et
587 914 689 958 justa,
713 922 746 948 et
767 913 875 955 licita,
899 922 937 948 ut
959 925 1064 960 supra
1093 914 1257 948 habitum
1288 921 1340 948 est
1362 914 1408 959 (q.
1431 926 1487 959 40.
1508 920 1571 949 art.
1594 916 1659 960 r.);

106 978 192 1013 ergo
216 967 330 1001 multo
353 967 468 1012 magis
491 967 620 1001 seditio
642 975 761 1013 potest
782 978 859 1001 esse
882 967 958 1001 sine
981 975 1132 1013 peccato
1155 966 1310 1001 mortali.

177 1030 208 1054 2.
230 1021 465 1055 PRAETEREA.
494 1020 631 1054 Seditio
655 1029 707 1054 est
729 1020 909 1054 discordia
931 1021 1122 1066 quaedam,
1144 1029 1182 1054 ut
1208 1021 1345 1055 dictum
1367 1029 1420 1055 est
1441 1021 1523 1066 (art.
1546 1028 1660 1068 praec.

105 1074 147 1108 ad
163 1074 224 1120 3.).·
246 1073 307 1108 sed
329 1073 508 1107 discordia
530 1082 648 1119 potest
677 1085 754 1108 esse
775 1075 853 1108 sine
883 1081 1034 1120 peccato
1066 1073 1222 1116 mortali,
1250 1082 1284 1108 et
1313 1074 1530 1121 quandoque
1553 1075 1661 1109 etiam

105 1127 180 1162 sine
204 1127 304 1161 omni
322 1135 489 1173 peccat03
512 1138 598 1172 ergo
621 1127 731 1162 etiam
753 1127 892 1162 seditio.

179 1192 207 1226 3.
234 1180 468 1214 PRAETEREA.
496 1180 716 1222 Laudamur,
739 1181 799 1227 qui
821 1180 1091 1215 multitudinem
1118 1192 1138 1215 a
1164 1189 1341 1226 potestate
1367 1181 1555 1228 tyrannica
1580 1181 1663 1215 libe-

105 1241 199 1268 rant:
222 1233 283 1267 sed
305 1233 376 1267 hoc
398 1244 472 1267 non
495 1233 537 1268 de
558 1233 655 1268 facili
677 1242 795 1279 potest
815 1234 892 1269 fieri
910 1234 986 1268 sine
1009 1234 1128 1280 aliqua
1150 1234 1373 1269 dissensione
1404 1234 1662 1277 multitudinis;

103 1287 189 1320 dum
211 1298 281 1320 una
302 1298 384 1333 pars
402 1286 639 1322 multitudinis
661 1288 785 1322 nititur
805 1290 956 1322 retinere
978 1296 1184 1334 tyrannum,
1215 1287 1284 1322 alia
1310 1299 1397 1322 vero
1426 1288 1549 1322 nititur
1578 1300 1662 1322 eum

103 1340 272 1385 abjicere;
296 1351 382 1386 ergo
405 1340 532 1374 seditio
555 1349 673 1386 potest
694 1341 771 1375 fieri
792 1341 868 1375 sine
894 1349 1056 1387 peccato.

175 1393 249 1427 SED
265 1402 420 1429 CONTRA
437 1402 499 1436 est,
515 1395 611 1439 quod
634 1395 760 1440 Apost.
777 1405 808 1428 2.
825 1394 869 1428 ad
885 1394 970 1428 Cor.
996 1405 1046 1429 12.
1066 1395 1233 1440 prohibet
1255 1394 1448 1429 seditiones
1467 1395 1559 1429 inter
1581 1394 1662 1437 alia,

101 1458 193 1493 quae
215 1455 297 1480 sunt
317 1455 467 1492 peccata
488 1447 672 1490 mortalia3
695 1459 782 1493 ergo
806 1448 934 1482 seditio
957 1456 1009 1482 est
1030 1456 1221 1494 peccatum
1243 1447 1408 1482 mortale.

174 1501 401 1535 RESPONDEO
431 1501 634 1542 dicendum,
655 1501 763 1547 quod,
786 1502 877 1536 sicut
906 1502 1042 1535 dictum
1065 1510 1119 1536 est
1141 1501 1219 1544 (art.
1237 1508 1351 1548 praec.
1375 1502 1417 1535 ad
1446 1502 1509 1546 2.),
1532 1502 1661 1536 seditio

104 1555 298 1600 opponitur
328 1555 453 1588 unitati
483 1554 734 1596 multitudinis,
756 1555 848 1589 idest
868 1555 993 1601 populi
1022 1555 1186 1597 civitatis,
1207 1555 1265 1589 vel
1286 1556 1406 1601 regni:
1435 1556 1520 1590 dicit
1542 1565 1662 1590 autem

104 1607 200 1652 Aug.
224 1617 254 1641 2.
283 1607 325 1641 de
349 1607 429 1641 Civ.
452 1607 521 1641 Dei
542 1608 632 1654 (cap.
647 1620 697 1643 21.
712 1613 739 1642 ct
753 1609 808 1642 lib.
831 1621 881 1654 19.
901 1616 971 1655 cap.
986 1610 1064 1653 ει),
1085 1609 1181 1654 quod
1201 1609 1408 1655 «populum
1423 1609 1664 1644 determinant

103 1661 294 1706 sapientes,
316 1672 390 1694 non
413 1672 561 1694 ornnem
589 1669 735 1695 coetum
764 1661 1012 1703 multitudinis,
1036 1662 1097 1696 sed
1125 1670 1271 1696 coetum
1297 1663 1382 1707 juris
1411 1674 1602 1705 consensu,
1629 1671 1664 1697 et

104 1714 264 1748 utilitatis
287 1715 547 1749 communione
570 1715 769 1757 sociatum;
792 1716 885 1749 unde
912 1715 1144 1749 manifestum
1171 1723 1234 1757 est⁷
1262 1716 1448 1758 unitatem,
1471 1718 1527 1750 cui
1554 1727 1663 1762 oppo-

102 1768 198 1802 nitur
219 1768 358 1811 seditio,
374 1779 452 1802 esse
468 1769 642 1802 unitatem
661 1769 758 1813 juris,
773 1777 807 1803 et
821 1769 1027 1802 communis
1045 1768 1224 1810 utilitatis;
1244 1769 1475 1803 manifestum
1494 1778 1546 1803 est
1564 1781 1662 1815 ergo,

103 1821 200 1867 quod
222 1821 350 1855 seditio
374 1822 568 1867 opponitur
589 1830 623 1855 et
643 1822 810 1866 justitiae,
834 1830 867 1856 et
889 1822 1077 1856 communi
1098 1822 1215 1864 bon03
1235 1831 1269 1856 et
1286 1822 1368 1856 ideo
1388 1834 1430 1856 ex
1448 1833 1513 1856 suo
1533 1834 1663 1868 genere

104 1882 157 1909 est
178 1882 368 1920 peccatum
387 1875 559 1916 mortale3
581 1882 615 1909 et
636 1883 737 1909 tanto
761 1875 916 1921 gravius,
939 1883 1074 1921 quanto
1096 1876 1233 1909 bonum
1256 1887 1464 1917 commune,
1487 1876 1583 1922 quod
1601 1876 1664 1909 im-

102 1935 282 1974 pugnatur
300 1939 362 1974 per
380 1928 607 1970 seditionem,
623 1937 675 1963 est
690 1929 816 1973 majus,
833 1940 941 1974 quam
954 1929 1092 1963 bonurn
1111 1929 1303 1974 privatum,
1319 1929 1415 1975 quod
1433 1929 1664 1975 impugnatur

102 1992 165 2027 per
185 1981 310 2015 rixam.
333 1981 528 2015 Peccatum
551 1989 671 2015 autem
694 1982 879 2016 seditionis
896 1983 1010 2029 primo
1025 1982 1182 2028 quidem,
1197 1990 1231 2016 et
1249 1982 1493 2028 principaliter
1511 1982 1664 2028 pertinet

103 2034 147 2068 ad
170 2045 244 2076 eos,
266 2035 327 2080 qui
347 2034 563 2069 seditionem
584 2044 798 2081 procurant,
820 2037 880 2081 qui
902 2036 1112 2080 gravissime
1134 2044 1302 2081 peccant:
1323 2036 1459 2070 secundo
1480 2043 1599 2069 autern
1620 2035 1663 2068 ad

104 2097 177 2130 eos,
200 2088 260 2133 qui
282 2099 343 2122 eos
365 2096 573 2134 sequuntur,
596 2089 842 2134 perturbantes
865 2089 1003 2122 bonum
1025 2100 1239 2122 commune:
1262 2088 1314 2122 illi
1328 2100 1426 2130 vero,
1449 2089 1509 2134 qui
1526 2089 1662 2122 bonurn

104 2151 300 2175 commune
323 2140 528 2183 defendunt,
550 2142 600 2176 eis
623 2142 840 2184 resistentes,
854 2153 928 2176 non
950 2150 1032 2176 sunt
1053 2142 1196 2176 dicendi
1210 2142 1390 2184 seditiosi;
1412 2142 1504 2176 sicut
1517 2153 1583 2175 nec
1599 2141 1663 2180 illi,

104 2193 164 2239 qui
185 2205 222 2227 se
241 2193 446 2236 defendunt,
469 2195 635 2229 dicuntur
655 2196 775 2237 rixosi,
798 2203 836 2229 ut
857 2207 961 2242 supra
984 2195 1120 2229 dictum
1142 2203 1195 2229 est
1216 2196 1264 2241 (q.
1286 2207 1337 2239 41.
1360 2201 1424 2230 art.
1447 2196 1503 2240 1.).

174 2247 234 2281 AD
248 2257 397 2281 PR1MUM
419 2259 505 2293 ergo
528 2248 733 2290 dicendum,
750 2248 846 2294 quod
869 2260 1000 2295 pugna,
1016 2260 1107 2294 quae
1131 2256 1182 2282 est
1204 2249 1313 2290 licita,
1335 2248 1373 2282 fit
1394 2259 1458 2294 pro
1475 2248 1663 2282 communi

103 2299 267 2342 utilitate,
288 2301 380 2334 sicut
400 2312 507 2347 supra
528 2301 664 2336 dictum
686 2310 739 2336 est
761 2302 806 2348 (q.
821 2313 877 2346 40.
892 2307 955 2336 art.
971 2302 1030 2347 1.):
1050 2302 1111 2336 sed
1130 2302 1257 2336 seditio
1273 2301 1310 2336 fit
1325 2310 1450 2335 contra
1466 2312 1661 2335 commune

103 2352 240 2387 bonum
262 2353 511 2396 multitudinis,
533 2355 627 2389 unde
649 2367 792 2402 semper
814 2364 867 2390 est
888 2364 1079 2402 peccatum
1101 2355 1265 2389 mortale.

174 2406 234 2440 AD
256 2417 462 2442 SECUNDUM
485 2408 690 2450 dicendum,
712 2409 809 2455 quod
831 2409 1010 2443 discordia
1033 2409 1074 2442 ab
1098 2420 1154 2450 eo,
1177 2409 1273 2454 quod
1294 2420 1368 2442 non
1396 2415 1447 2442 est
1473 2406 1661 2441 manifeste

103 2459 253 2501 bonurn,
275 2468 393 2506 potest
414 2472 491 2495 esse
514 2462 590 2495 sine
615 2472 786 2508 peccato:
818 2463 878 2496 sed
909 2462 1088 2496 discordia
1119 2462 1160 2495 ab
1189 2473 1244 2503 eo,
1267 2462 1363 2507 quod
1394 2469 1445 2495 est
1474 2459 1661 2493 manifeste

103 2512 252 2554 bonurn,
275 2525 347 2547 non
368 2522 485 2559 potest
500 2526 576 2548 esse
595 2516 672 2549 sine
687 2524 856 2561 peccato:
877 2524 912 2550 et
930 2515 1009 2549 talis
1028 2515 1207 2548 discordia
1223 2522 1275 2548 est
1290 2514 1428 2554 seditio,
1444 2524 1533 2558 quae
1553 2523 1662 2557 oppo-

104 2566 199 2599 nitur
221 2567 346 2600 unitati
368 2567 618 2609 multitudinis,
641 2580 732 2614 quae
756 2577 808 2602 est
830 2568 1018 2602 manifeste
1041 2569 1189 2601 bonum.

175 2619 234 2652 AD
258 2630 427 2654 TERTIUM
451 2621 654 2662 dicendum,
677 2622 772 2666 quod
796 2622 957 2666 regimen
979 2621 1207 2666 tyrannicum
1234 2631 1306 2653 non
1329 2626 1380 2652 est
1401 2619 1550 2662 justum3
1579 2618 1661 2662 quia

104 2683 179 2705 non
206 2673 390 2706 ordinatur
409 2674 451 2707 ad
470 2674 607 2707 bonum
627 2686 832 2716 commune,
853 2675 914 2708 sed
931 2674 973 2706 ad
989 2674 1124 2707 bonum
1141 2673 1318 2717 privatum
1333 2671 1499 2714 regentis,
1516 2678 1551 2703 ut
1566 2678 1662 2714 patet

105 2736 167 2770 per
193 2725 285 2759 Phil.
312 2726 347 2759 in
378 2738 406 2771 3.
434 2726 539 2761 Polit.
563 2729 650 2773 (sap.
670 2728 716 2772 5.)
739 2728 829 2761 etin
852 2728 883 2760 8.
907 2727 1020 2760 Ethic.
1044 2728 1129 2771 (cap.
1153 2726 1241 2768 10.)‚·
1272 2732 1306 2757 et
1332 2724 1414 2756 ideo
1441 2723 1659 2768 perturbatio

105 2777 210 2823 hujus
232 2779 416 2824 regiminis
438 2791 512 2813 non
533 2780 641 2814 habet
662 2780 841 2814 rationem
863 2779 1071 2813 seditionis:
1094 2778 1162 2811 nisi
1183 2777 1274 2810 forte
1294 2776 1437 2821 quando
1459 2776 1509 2809 sic
1531 2776 1661 2809 inordi-

105 2839 187 2864 nate
202 2832 425 2876 perturbatur
442 2833 585 2878 tyranni
598 2833 772 2877 regimen,
787 2832 882 2877 quod
898 2831 1089 2864 multitudo
1105 2830 1261 2873 subjecta
1276 2829 1390 2873 majus
1406 2828 1660 2862 detrimentum

107 2884 238 2929 patitur
253 2896 295 2919 ex
310 2885 575 2930 perturbatione
591 2885 836 2930 consequenti,
858 2896 966 2930 quam
981 2895 1022 2918 ex
1037 2882 1178 2929 tyranni
1192 2881 1384 2927 regimine:
1409 2883 1523 2927 magis
1539 2889 1659 2916 autem
