1859 3122
509 204 730 241 Qum-:sno
765 203 942 234 chvni.
975 202 1220 233 ART1cULus
1254 202 1282 232 1.
1562 189 1669 244 1089

110 286 193 320 dere
215 298 248 327 »3
269 293 304 320 et
324 286 394 320 hoc
417 286 571 332 pertinet
590 286 633 320 ad
651 287 826 332 primum:
850 292 1024 331 quantum
1047 292 1167 318 autern
1198 283 1242 318 ad
1274 282 1460 324 secundum,
1494 282 1673 317 subditur:

113 353 130 371 «
143 339 209 373 Hic
221 340 311 373 ordo
323 347 508 384 gestorum
524 341 693 386 optimus,
703 339 760 372 hic
779 346 925 373 ornatus
942 338 984 372 ad
1001 349 1150 372 omnem
1166 338 1345 371 actionem
1363 336 1624 371 accommodus
1640 347 1673 377 »3

110 400 144 427 et
165 392 247 427 ideo
269 394 363 426 circa
386 393 594 437 hujusmodi
617 393 811 427 exteriores
834 400 954 426 motus
977 391 1079 437 ponit
1100 391 1331 424 Andronicus
1353 390 1439 424 duo:
1467 389 1603 424 scilicet
1624 400 1675 422 or-

110 451 238 487 natum,
262 447 322 492 qui
344 447 488 493 respicit
518 447 810 480 convenientiam
840 456 1036 492 personae;
1064 445 1158 478 unde
1187 444 1283 486 dicit,
1316 443 1412 490 quod
1443 451 1495 477 est
1525 442 1674 477 scientia

110 499 204 534 circa
231 499 361 534 decens
383 500 418 533 in
441 508 554 540 motu,
577 508 611 534 et
632 500 861 541 habitudine;
884 508 917 533 et
939 499 1075 533 bonam
1097 497 1378 538 ordinationem,
1405 508 1496 542 quae
1530 495 1676 541 respicit

111 553 401 587 convenientiam
425 553 467 587 ad
491 553 631 587 diversa
652 553 810 598 negotia,
830 561 864 587 et
885 564 926 587 ea
948 563 1039 598 quae
1062 552 1318 593 circumstant3
1342 551 1435 585 unde
1459 549 1555 592 dicit,
1578 549 1675 595 quod

111 614 164 640 est
185 606 401 652 experientia
423 607 671 652 separationis,
692 606 784 640 idest
805 605 1043 640 distinctionis
1065 605 1262 639 actionum.

184 660 244 694 AD
267 670 416 694 PRIMUM
439 671 526 705 ergo
549 660 753 701 dicendum,
776 660 871 705 quod
894 667 1015 693 motus
1043 660 1235 693 exteriores
1261 666 1343 692 sunt
1369 657 1548 704 quaedam
1573 656 1677 702 signa

113 713 294 748 interioris
324 713 580 759 dispositionis,
607 714 807 748 secundum
833 712 921 746 illud
948 712 1059 746 Eccli.
1082 723 1153 758 19.:
1181 713 1330 746 Amictus
1352 713 1511 757 corporis,
1538 715 1566 745 et
1591 711 1675 744 risus

114 766 272 808 dantium,
294 771 322 800 et
344 768 503 811 ingressus
524 767 666 801 hominis
686 768 858 801 enuntiant
879 766 914 801 de
935 767 1010 806 ill0;
1034 774 1069 800 et
1090 765 1259 800 Ambros.
1282 765 1367 799 dicit
1388 765 1423 798 in
1450 776 1477 798 1.
1500 764 1543 798 de
1567 763 1675 799 Offic.

113 821 204 866 (sap.
226 821 292 865 18.)
317 820 413 865 quod
439 833 456 851 «
478 821 620 854 habitus
642 820 772 854 mentis
794 820 830 854 in
853 820 1014 866 corporis
1036 827 1127 853 statu
1151 819 1306 853 cernitur
1327 831 1366 861 »ς
1389 827 1423 852 et
1444 818 1540 864 quod
1566 829 1584 849 ‹<
1604 829 1676 851 vox

113 873 292 919 quaedam
312 873 425 907 animi
447 882 499 908 est
521 874 682 919 corporis
701 881 821 907 motus
843 887 874 906 n.

185 927 245 960 AD
272 937 480 961 SECUNDUM
504 927 711 968 dicendum,
735 927 831 972 quod
854 926 1018 972 quamvis
1041 937 1082 959 ex
1103 925 1258 960 naturali
1284 925 1520 971 dispositione
1546 924 1678 958 habeat

114 979 228 1014 homo
252 980 489 1025 aptitudinem
511 980 554 1013 ad
577 980 682 1022 hanc,
704 979 762 1013 vel
777 980 820 1013 ad
839 979 939 1012 illam
962 979 1236 1024 dispositionem
1258 980 1476 1013 exteriorum
1497 986 1676 1012 motuum:

114 1041 237 1066 tamen
259 1033 356 1078 quod
379 1033 478 1067 deest
498 1041 658 1073 naturae,
677 1040 796 1078 potest
808 1031 966 1077 suppleri
984 1043 1026 1066 ex
1045 1032 1219 1066 industria
1232 1031 1398 1073 rationis3
1417 1032 1510 1065 unde
1525 1031 1679 1065 Ambro-

115 1087 187 1120 sius
210 1086 296 1120 dicit
316 1087 352 1120 in
379 1097 406 1121 1.
422 1086 465 1120 de
489 1085 595 1121 Offic.
614 1086 700 1132 (cap.
719 1086 807 1129 189:
833 1098 850 1117 ‹<
872 1085 1016 1119 Motum
1037 1093 1164 1119 natura
1185 1083 1373 1119 informet:
1396 1085 1426 1118 si
1440 1084 1524 1130 quid
1538 1095 1624 1118 sane
1642 1084 1678 1117 in

114 1148 242 1174 natura
263 1140 340 1173 vitii
361 1147 424 1181 est,
445 1139 619 1173 industria
641 1139 809 1173 emendet
830 1152 861 1172 ».

187 1194 246 1227 AD
269 1203 440 1227 TERTIUM
462 1192 668 1234 dicendum,
687 1192 796 1238 quod,
815 1193 907 1226 sicut
928 1192 1065 1225 dictum
1080 1200 1133 1226 est
1155 1191 1206 1235 (in
1226 1198 1310 1238 resp.
1333 1191 1375 1225 ad
1400 1191 1458 1236 1.),
1486 1191 1679 1225 exteriores

115 1254 236 1280 motus
253 1253 336 1280 sunt
356 1246 534 1292 quaedam
555 1246 658 1291 signa
679 1245 859 1280 interioris
882 1245 1139 1291 dispositionis,
1162 1256 1254 1291 quae
1275 1245 1466 1291 praecipue
1489 1245 1681 1279 attenditur

115 1299 314 1334 secundum
338 1299 480 1333 animae
502 1299 704 1345 passiones:
728 1307 762 1333 et
779 1299 861 1333 ideo
881 1299 1083 1333 moderatio
1103 1299 1322 1333 exteriorum
1344 1308 1510 1333 motuum
1533 1297 1681 1343 requirit

116 1353 407 1387 moderationem
416 1353 627 1387 interiorum
639 1353 862 1399 passionum3
872 1353 966 1387 unde
978 1353 1007 1387 A
1014 1353 1147 1386 mbros.
1158 1352 1244 1387 dicit
1253 1353 1289 1386 in
1302 1364 1330 1387 1.
1341 1353 1384 1386 de
1399 1351 1505 1387 Offic.
1518 1351 1680 1397 (cap.18.)

117 1406 213 1452 quod
235 1406 363 1448 «hinc,
385 1406 523 1440 scilicet
543 1417 586 1440 ex
607 1406 764 1440 motibus
779 1407 1025 1448 exterioribus,
1039 1406 1154 1440 homo
1170 1407 1288 1440 cordis
1302 1406 1416 1440 nostri
1437 1405 1679 1446 absconditus,

118 1467 178 1493 aut
202 1458 328 1501 levior,
351 1467 412 1493 aut
436 1460 638 1505 jactantior,
666 1468 726 1493 aut
751 1459 925 1493 turbidior
952 1459 1012 1504 [al.
1041 1460 1198 1505 tzzr‘pi01·],
1226 1468 1286 1493 aut
1312 1468 1438 1493 contra
1464 1459 1618 1505 gravior,
1646 1466 1681 1492 et

118 1513 353 1554 constantior,
375 1521 410 1546 et
430 1513 563 1558 purior,
586 1521 621 1547 et
642 1513 817 1546 maturior
843 1513 1051 1546 aestimatur
1064 1524 1100 1546 »t
1124 1524 1186 1558 per
1207 1521 1328 1546 motus
1355 1513 1464 1546 etiam
1486 1512 1679 1546 exteriores

120 1566 181 1600 alii
201 1566 370 1600 homines
393 1566 436 1600 de
462 1566 566 1600 nobis
587 1566 760 1611 judicium
787 1566 942 1612 capiunt,
965 1566 1165 1600 secundum
1192 1565 1279 1599 illud
1302 1565 1412 1599 Eccli.
1438 1576 1509 1611 19.:
1532 1566 1586 1600 Ex
1605 1566 1680 1599 visu

121 1620 331 1665 cognoscitur
351 1621 419 1661 vir,
443 1625 472 1654 et
493 1620 532 1653 ab
552 1631 689 1654 occursu
702 1620 810 1665 faciei
831 1621 1035 1663 cognoscitur
1054 1625 1215 1659 sensatum
1239 1626 1273 1653 et
1294 1619 1376 1652 ideo
1398 1619 1602 1652 moderatio
1626 1629 1681 1652 ex-

119 1673 294 1707 teriorum
324 1681 492 1706 motuum
521 1673 795 1718 quodammodo
827 1673 870 1706 ad
901 1672 991 1706 alios
1021 1673 1216 1714 ordinatur,
1246 1673 1446 1706 secundum
1472 1671 1560 1706 illud
1584 1671 1679 1717 quod

120 1725 345 1771 Augustinus
367 1726 453 1759 dicit
473 1726 509 1759 in
528 1725 668 1771 Regula
692 1726 774 1769 (scil.
793 1726 914 1772 epistol.
938 1738 1004 1760 211.
1021 1726 1060 1760 ol.
1080 1738 1149 1771 119.
1170 1727 1209 1768 ):
1235 1739 1252 1757 ‹<
1274 1726 1314 1759 In
1337 1726 1504 1759 omnibus
1523 1725 1680 1759 motibus

120 1779 246 1813 vestris
267 1778 358 1812 nihil
379 1779 450 1820 fiat,
469 1779 565 1825 quod
581 1781 795 1825 cujusquam
811 1778 970 1813 offendat
984 1787 1182 1825 aspectum,
1199 1779 1260 1813 sed
1275 1779 1371 1825 quod
1384 1787 1542 1813 vestram
1556 1779 1682 1813 deceat

120 1832 349 1866 sanctitatem
371 1845 408 1875 >);
432 1841 466 1866 et
486 1833 569 1866 ideo
593 1832 794 1866 moderatio
818 1833 1037 1866 exteriorum
1058 1841 1226 1866 motuum
1248 1840 1366 1878 potest
1387 1833 1510 1866 reduci
1532 1832 1574 1866 ad
1602 1832 1682 1866 duas

121 1886 281 1927 virtutes,
303 1897 391 1932 quas
418 1885 553 1920 Philos.
576 1886 691 1931 tangit
711 1886 747 1919 in
769 1896 801 1928 4.
824 1886 940 1919 Ethic.
964 1886 1049 1932 (cap.
1073 1888 1104 1920 6.
1127 1891 1155 1920 ct
1173 1887 1242 1932 7.):
1269 1886 1483 1931 inquantum
1505 1886 1602 1919 enim
1620 1897 1682 1932 per

123 1940 318 1974 exteriores
340 1949 460 1974 motus
483 1940 692 1974 ordinamur
708 1940 751 1973 ad
774 1940 875 1981 alios,
892 1940 1044 1985 pertinet
1058 1940 1278 1973 exteriorum
1297 1948 1464 1973 motuum
1480 1940 1681 1973 moderatio

123 1993 167 2027 ad
189 1995 390 2036 amicitiam,
405 1993 463 2027 vel
485 1994 726 2039 affabilitatem,
743 2004 833 2038 quae
849 1993 1042 2027 attenditur
1061 1993 1155 2026 circa
1171 1992 1440 2034 delectationes,
1456 2002 1491 2026 et
1511 1993 1681 2036 tristitias,

124 2057 215 2092 quae
236 2054 318 2080 sunt
338 2047 374 2079 in
395 2047 524 2088 verbis,
547 2054 581 2080 et
606 2046 708 2080 factis
729 2046 765 2079 in
793 2046 917 2080 ordine
940 2046 983 2079 ad
1006 2046 1106 2087 alios,
1134 2046 1261 2092 quibus
1287 2046 1403 2080 homo
1430 2046 1607 2081 convivit:
1633 2046 1684 2079 in-

124 2107 299 2146 quantum
324 2111 411 2133 vero
438 2100 633 2134 exteriores
660 2107 780 2133 motus
807 2107 888 2133 sunt
913 2099 1016 2144 signa
1042 2099 1222 2133 interioris
1248 2099 1505 2145 dispositionis,
1531 2099 1683 2145 pertinet

125 2164 253 2187 eorum
274 2153 476 2187 moderatio
501 2153 543 2187 ad
563 2154 730 2186 virtutem
751 2154 913 2195 veritatis,
935 2152 1134 2186 secundum
1156 2164 1265 2198 quam
1287 2153 1414 2199 aliquis
1431 2152 1543 2187 talem
1564 2164 1602 2187 se
1628 2164 1684 2186 ex-

125 2207 223 2240 hibet
239 2206 276 2239 in
297 2206 426 2248 verbis,
448 2213 482 2239 et
502 2205 616 2248 factis,
639 2205 753 2251 qualis
775 2214 828 2240 est
847 2206 1005 2240 interius.

197 2260 256 2293 AD
279 2269 466 2297 QUARTUM
488 2259 692 2300 dicendum,
715 2259 811 2304 quod
832 2259 867 2292 in
890 2259 1155 2305 compositione
1177 2259 1394 2294 exteriorum
1420 2268 1587 2293 motuum
1615 2268 1684 2294 stu-

126 2313 226 2346 dium
246 2312 477 2357 vituperatur,
499 2323 562 2358 per
583 2312 679 2358 quod
707 2312 833 2358 aliquis
855 2312 999 2347 fictione
1023 2313 1177 2359 quadam
1204 2313 1240 2347 in
1268 2314 1503 2347 exterioribus
1525 2313 1682 2347 motibus

127 2366 246 2407 utitur,
267 2366 316 2399 ita
337 2366 433 2411 quod
455 2365 617 2399 interiori
638 2366 863 2412 dispositioni
884 2377 957 2400 non
978 2368 1211 2401 conveniant:
1240 2367 1345 2400 debet
1369 2375 1492 2400 tamen
1517 2366 1588 2401 tale
1615 2375 1683 2401 stu-

127 2419 226 2452 dium
249 2419 421 2459 adhiberi,
443 2427 482 2452 ut
502 2418 531 2452 si
553 2418 635 2464 quid
657 2419 694 2452 in
716 2419 765 2452 eis
786 2419 1032 2453 inordinatum
1062 2428 1125 2461 est,
1149 2420 1367 2465 corrigatur3
1390 2421 1483 2453 unde
1510 2420 1680 2454 Ambros.

128 2472 214 2506 dicit
233 2472 270 2505 in
296 2482 326 2508 1.
348 2472 392 2506 de
416 2471 526 2506 Offic.
549 2472 638 2518 (cap.
660 2472 750 2517 18.):
773 2485 790 2504 «
811 2473 880 2507 Ars
903 2473 1011 2514 desit3
1032 2484 1106 2516 non
1129 2473 1218 2507 desit
1237 2473 1414 2507 correctio
1437 2486 1468 2506 ³).
