1859 3122
485 162 705 198 QUAESTIO
739 162 853 191 LXXI.
887 162 1132 192 ARTICULUS
1166 162 1209 192 11.
1533 163 1619 206 519

126 246 185 280 AD
208 255 415 279 SECUNDUM
443 245 647 286 dicendum,
674 245 770 290 quod
798 244 889 278 sicut
910 244 1020 278 virtus
1048 244 1291 290 corrumpitur
1317 256 1379 291 per
1406 244 1622 291 superabun-

53 299 225 339 dantiam,
248 306 283 332 et
305 297 509 340 defectum3
533 299 579 332 ita
603 297 730 344 aliquis
755 297 791 331 fit
812 298 983 332 indecens
1006 305 1040 331 et
1060 310 1122 344 per
1144 299 1271 343 majus,
1293 306 1328 332 ct
1349 309 1410 344 per
1428 298 1566 341 minus;
1587 306 1621 332 et

54 360 198 399 propter
219 352 289 385 hoc
314 351 458 397 quidam
484 359 650 385 arcentur
672 362 691 384 a
714 351 915 397 patrocinio
947 351 1163 397 praestando
1193 351 1229 384 in
1261 352 1399 393 causis3
1430 351 1512 398 quia
1539 360 1621 385 sunt

54 407 209 450 majores
231 404 293 439 tali
317 403 456 446 officim
480 405 571 438 sicut
598 404 784 449 Religiosi,
808 412 842 438 et
864 404 1021 447 Clerici3
1045 405 1191 450 quidam
1218 416 1316 446 vero,
1339 405 1423 451 quia
1449 413 1531 439 sunt
1558 405 1621 438 mi·
1658 403 1660 408 ’

53 470 172 501 nores,
195 469 304 504 quam
328 466 364 491 ut
386 458 436 491 eis
460 457 529 491 hoc
553 456 714 491 officium
737 465 943 503 competat3
967 458 1058 492 sicut
1080 457 1244 499 infames,
1268 466 1302 492 et
1323 457 1495 492 infideles.

127 513 186 546 AD
215 521 386 546 TERTmM
416 511 622 552 dicendum,
646 511 742 556 quod
764 521 838 544 non
860 511 908 544 ita
930 511 1098 544 imminet
1118 511 1262 544 homini
1283 511 1478 546 necessitas
1499 519 1619 558 patro—

55 565 165 600 cinari
189 565 304 599 causis
328 564 494 606 aliorum,
519 564 611 599 sicut
632 564 801 610 propriis:
823 564 905 610 quia
928 563 987 598 alii
1009 572 1160 610 possunt
1185 564 1252 598 sibi
1279 564 1381 598 aliter
1407 565 1616 607 subvenire;

54 620 149 654 unde
171 630 245 653 non
269 627 320 653 est
342 618 469 652 similis
492 618 594 652 ratio.

623 741 966 786 ARTICULUS
1007 742 1086 785 III.
1555 765 1615 801 395

116 853 268 883 UTRUM
295 851 561 881 ADVOCATUS
590 851 773 890 PECCET,
804 850 840 879 SI
868 849 1079 892 INJUSTAM
1107 850 1281 879 CAUSAM
1308 850 1558 880 DEFENDAT.

126 941 185 974 AD
221 950 391 974 TERTIUM
429 939 478 972 sic
512 937 726 984 proceditur.
754 937 916 978 Videtur,
951 937 1047 983 quod
1083 937 1280 971 advocatus
1313 948 1387 970 non
1422 944 1556 982 peccet,
1591 937 1620 971 si

55 994 225 1038 injustam
249 1004 396 1026 causam
419 991 602 1026 defendat:
630 991 722 1025 sicut
749 991 845 1025 enim
873 990 1073 1024 ostenditur
1101 990 1227 1036 peritia
1255 990 1398 1032 medici,
1420 990 1449 1023 si
1476 990 1621 1023 infirmi-

54 1055 166 1081 tatem
190 1047 416 1092 desperatam
438 1053 557 1079 sanet:
588 1045 635 1078 ita
663 1046 771 1078 etiam
796 1044 994 1078 ostenditur
1024 1043 1150 1089 peritia
1182 1043 1360 1084 advocati,
1391 1043 1419 1077 si
1450 1043 1619 1088 injustam

55 1111 203 1134 causam
227 1098 416 1133 defendere
439 1098 573 1144 possit:
597 1097 658 1132 sed
682 1098 844 1131 medicus
866 1096 1041 1138 laudatur,
1064 1098 1092 1130 si
1115 1096 1364 1131 infirmitatem
1391 1097 1617 1142 desperatam

56 1161 178 1194 sanet3
201 1163 287 1197 ergo
311 1152 419 1185 etiam
435 1151 630 1185 advocatus
645 1162 718 1184 non
741 1159 877 1196 peccat,
893 1150 954 1184 sed
974 1150 1090 1196 magis
1106 1149 1305 1184 laudandus
1321 1158 1385 1192 est,
1404 1150 1431 1183 si
1450 1150 1619 1195 injustam
1645 1150 1649 1152 ’

57 1217 205 1240 causam
228 1204 404 1239 defendat.

128 1269 158 1293 2.
181 1259 418 1293 PRAETEREA.
441 1258 474 1291 A
497 1257 657 1304 quolibet
678 1265 829 1304 peccato
852 1256 935 1291 licet
957 1257 1145 1290 desistere:
1166 1256 1227 1290 sed
1247 1256 1444 1290 advocatus
1464 1257 1619 1302 punitur,

53 1313 84 1347 si
107 1323 254 1347 causam
276 1323 380 1345 suam
402 1311 608 1357 prodiderit,
631 1319 668 1345 ut
690 1311 841 1344 habetur
863 1320 892 1344 2.
917 1322 948 1356 q.
976 1322 1003 1356 3.
1025 1311 1075 1355 (in
1098 1316 1174 1357 app.
1194 1310 1289 1345 (ἓν-αἰ,
1306 1309 1348 1344 ad
1363 1316 1450 1356 caps
1472 1310 1508 1344 δι’
1526 1322 1618 1355 quem

51 1366 289 1413 poeazitzm·it),·
314 1376 400 1410 ergo
424 1366 619 1399 advocatus
638 1376 712 1398 non
731 1371 857 1410 peccat
875 1364 1045 1408 injustam
1065 1375 1212 1397 causam
1231 1363 1470 1405 defendendo,
1490 1363 1519 1397 si
1539 1375 1619 1397 eam

55 1418 320 1453 defendendam
342 1418 549 1464 susceperit.

130 1483 158 1517 3.
180 1472 416 1506 PRAETEREA.
435 1471 553 1516 MaJus
572 1470 711 1505 videtur
731 1481 807 1504 esse
827 1478 1028 1516 peccatum,
1048 1470 1076 1504 si
1098 1470 1269 1516 injustitia
1289 1477 1407 1503 utatur
1426 1469 1469 1503 ad
1487 1470 1620 1514 justam

57 1537 207 1559 causam
240 1524 503 1559 defendendam
534 1525 635 1569 (puta
662 1523 896 1569 producendo
927 1522 1037 1557 falsos
1067 1532 1186 1565 testes,
1207 1522 1266 1557 vel
1293 1523 1485 1569 allegando
1513 1522 1619 1556 falsas

55 1579 181 1624 leges),
204 1590 313 1625 quam
335 1578 505 1623 injustam
528 1589 676 1611 causam
699 1576 938 1618 defendendo,
960 1578 1040 1622 quia
1062 1577 1133 1610 hoc
1154 1584 1206 1610 est
1223 1584 1414 1622 peccatum
1432 1576 1468 1610 in
1490 1575 1620 1617 forma,

55 1631 142 1665 illud
165 1632 200 1665 in
223 1632 388 1665 materia:
413 1631 474 1665 sed
496 1631 636 1664 videtur
659 1631 836 1664 advocato
860 1629 967 1663 licere
990 1630 1119 1663 talibus
1141 1629 1279 1663 astutiis
1302 1629 1370 1671 uti,
1393 1629 1497 1663 sicuti
1516 1629 1620 1663 militi

54 1684 137 1719 licet
153 1696 193 1718 ex
207 1685 344 1718 insidiis
364 1695 523 1730 pugnare
537 1696 544 1726 ;
567 1694 654 1729 ergo
668 1683 820 1724 videtur,
836 1684 931 1728 quod
949 1683 1146 1716 advocatus
1161 1694 1233 1716 non
1249 1691 1386 1727 peccet,
1402 1683 1432 1716 si
1449 1683 1619 1728 injustam

51 1749 203 1772 causam
227 1737 405 1772 defendat.

128 1792 202 1826 SED
223 1802 378 1826 CONTRA
406 1799 469 1833 est,
492 1791 589 1836 quod
611 1790 740 1824 dicitur
762 1800 792 1823 2.
816 1789 971 1835 Paralip.
1003 1801 1073 1836 19.:
1101 1790 1207 1836 Impio
1229 1790 1367 1836 praebes
1392 1790 1568 1831 czzcxilizmz,
1592 1795 1621 1824 ct

50 1844 123 1878 ideo
146 1846 233 1879 iram
253 1845 398 1878 Domini
418 1845 613 1878 mereberis:
634 1843 695 1877 sed
715 1843 911 1877 advocatus
930 1842 1123 1877 defendens
1145 1854 1292 1876 causam
1310 1842 1492 1888 injustam,
1507 1843 1619 1889 impio

54 1898 200 1943 praebet
222 1897 414 1939 auxilium3
438 1908 524 1943 ergo
547 1897 734 1942 peccando
758 1898 848 1930 iram
870 1896 1023 1930 Domini
1046 1904 1213 1930 meretur.

130 1950 360 1985 RESPONDEO
389 1950 594 1991 dicendum,
617 1949 713 1995 quod
736 1949 903 1983 illicitum
926 1958 979 1983 est
1001 1948 1108 1982 alicui
1136 1949 1324 1995 cooperari
1346 1949 1390 1983 ad
1412 1948 1549 1982 malum
1576 1948 1623 1982 fa-

51 2004 236 2045 ciendum,
258 2004 332 2038 sive
352 2003 588 2045 consulendo,
604 2004 677 2036 sive
694 2002 910 2047 adjuvando,
925 2002 999 2036 sive
1015 2002 1325 2048 qualitercumque
1341 2002 1620 2036 consentiendo:

56 2057 140 2103 quia
175 2056 381 2099 consilians,
416 2065 451 2091 et
484 2057 703 2101 coadjuvans
739 2055 1012 2102 quodammodo
1049 2063 1101 2090 est
1134 2055 1290 2098 faciens3
1317 2063 1352 2090 et
1380 2056 1508 2102 Apost.
1537 2056 1622 2090 dicit

54 2110 163 2144 Rom.
190 2121 218 2144 1.
242 2110 338 2156 quod
361 2110 452 2155 digni
471 2115 544 2144 sunt
565 2115 681 2152 morte,
709 2122 773 2143 noaz
798 2109 902 2143 solum
927 2109 1133 2155 qzcifaciunt
1155 2114 1336 2155 peccatum,
1363 2109 1414 2144 sed
1439 2111 1539 2144 etiam
1566 2110 1622 2154 qni

56 2165 257 2198 consentiunt
271 2164 492 2209 facientibus;
517 2163 610 2197 unde
634 2171 668 2196 et
690 2174 797 2208 supra
820 2163 956 2196 dictum
979 2170 1031 2196 est
1054 2162 1098 2208 (q.
1123 2163 1177 2197 62.
1202 2167 1264 2196 art.
1288 2163 1349 2208 7.),
1373 2163 1469 2208 quod
1489 2173 1617 2196 omnes

54 2217 144 2251 tales
167 2217 209 2250 ad
232 2217 496 2250 restitutionem
512 2224 697 2251 tenentur:
721 2215 955 2250 manifestum
975 2224 1027 2249 est
1045 2224 1178 2257 autem,
1197 2216 1293 2261 quod
1314 2215 1510 2249 advocatus
1529 2215 1622 2248 auxi-

55 2270 157 2312 lium,
184 2278 218 2303 et
245 2269 437 2304 consilium
459 2278 615 2316 praestat
642 2270 686 2311 ei,
714 2271 815 2314 cujus
839 2280 966 2303 causae
991 2269 1254 2315 patrocinatur3
1283 2269 1376 2303 unde
1407 2269 1437 2303 si
1467 2269 1621 2302 scienter

53 2323 225 2369 injustam
249 2334 396 2357 causam
419 2323 587 2364 defendit,
611 2323 743 2369 absque
767 2323 874 2356 dubio
898 2323 1054 2368 graviter
1075 2331 1212 2368 peccat,
1236 2330 1270 2356 et
1292 2322 1335 2356 ad
1354 2322 1620 2356 restitutionem

53 2384 196 2410 tenetur
219 2377 294 2421 ejus
317 2376 450 2418 damni,
474 2377 569 2422 quod
590 2385 715 2410 contra
742 2376 915 2421 justitiam
945 2387 1007 2422 per
1036 2376 1110 2420 ejus
1138 2375 1310 2409 auxilium
1338 2375 1448 2409 altera
1471 2386 1551 2420 pars
1572 2375 1623 2407 in—

57 2430 183 2463 currit:
211 2430 240 2463 si
267 2438 388 2463 autem
414 2430 623 2475 ignoranter
650 2430 821 2475 injustam
850 2440 997 2463 causam
1025 2428 1192 2471 defendit,
1220 2436 1348 2474 putans
1376 2439 1451 2462 esse
1477 2429 1620 2472 justam,

54 2490 246 2516 excusatur
269 2482 467 2516 secundum
491 2482 656 2524 modum,
679 2494 750 2528 quo
772 2482 977 2528 ignorantia
999 2482 1162 2516 excusari
1182 2489 1311 2528 potest.

128 2536 187 2569 AD
209 2546 358 2570 PRIMUM
381 2546 467 2581 ergo
491 2535 696 2577 dicendum,
719 2535 815 2581 quod
834 2535 996 2569 medicus
1019 2535 1199 2581 accipiens
1217 2535 1253 2568 in
1273 2545 1356 2568 cura
1375 2533 1621 2567 infirmitatem

58 2587 296 2633 desperatam,
311 2588 401 2621 nulli
415 2588 500 2622 facit
514 2589 697 2633 injuriam:
715 2589 911 2622 advocatus
928 2596 1048 2621 autem
1064 2588 1261 2633 suscipiens
1278 2598 1424 2620 causam
1439 2586 1620 2631 injustam,

58 2640 190 2686 injuste
212 2641 321 2675 laedit
348 2653 442 2683 eum,
466 2649 591 2675 contra
618 2653 725 2687 quem
752 2642 882 2686 injuste
909 2641 1150 2687 patrocinium
1178 2648 1350 2686 praestat3
1379 2648 1414 2673 et
1438 2639 1520 2673 ideo
1547 2651 1621 2673 non

56 2701 111 2726 est
128 2693 253 2727 similis
272 2695 382 2728 ratio:
402 2694 566 2740 quamvis
583 2695 680 2729 enim
694 2694 882 2728 laudabilis
897 2695 1060 2728 videatur
1075 2702 1250 2740 quantum
1269 2693 1312 2726 ad
1332 2692 1497 2738 peritiam
1517 2694 1622 2741 artis3

56 2753 180 2780 tamen
198 2755 324 2792 peccat
339 2756 513 2793 quantum
533 2748 576 2781 ad
593 2748 805 2794 injustitiam
819 2748 1033 2789 voluntatis3
1053 2748 1134 2793 quia
1152 2747 1305 2780 abutitur
1320 2754 1392 2780 arte
1409 2747 1452 2780 ad
1468 2747 1617 2781 malum.

130 2799 188 2832 AD
210 2809 416 2834 SECUNDUM
438 2800 643 2842 dicendum,
666 2801 761 2846 quod
781 2801 976 2834 advocatus
999 2801 1027 2834 si
1049 2801 1084 2833 in
1103 2800 1280 2845 principio
1304 2799 1453 2834 credidit
1472 2811 1618 2834 causam

56 2850 190 2904 justam
213 2863 301 2894 esse,
325 2860 359 2886 et
380 2861 505 2898 postea
526 2853 562 2887 in
583 2864 754 2899 processu
774 2861 920 2899 apparet
935 2864 1015 2887 eam
1038 2864 1114 2887 esse
1137 2853 1319 2898 injustam,
1333 2863 1407 2886 non
1422 2853 1526 2887 debet
1540 2865 1621 2887 eam
