1859 3122
444 179 664 214 QUAESTIO
700 179 892 209 CXXXVII.
925 179 1169 209 ARTICULUS
1203 179 1262 210 111.
1553 181 1635 224 907

154 272 182 306 3.
205 260 441 295 PRAETEREA.
466 260 504 294 Si
527 261 569 294 ad
591 260 894 305 perseverantiam
916 261 1108 306 pertineret
1130 260 1342 302 constantia,
1364 260 1399 294 in
1421 260 1522 295 nullo
1544 261 1638 295 vide-

79 321 174 347 retur
200 325 219 348 a
239 313 503 360 perseverantia
526 312 683 348 differre:
707 314 789 360 quia
817 322 1008 359 utrumque
1035 313 1328 348 immobilitatem
1355 314 1549 360 quamdam
1570 314 1638 348 im-

78 374 214 413 portat:
237 366 405 400 differunt
427 374 566 407 autem3
593 378 678 400 nam
700 367 904 401 Macrobius
926 367 1001 411 (lib.
1023 379 1049 402 ι.
1074 368 1108 400 in
1137 367 1249 401 Somn.
1268 367 1354 413 Scip.
1377 373 1447 413 cap.
1469 368 1532 412 8.),
1556 379 1639 401 con-

78 420 202 454 dividit
223 420 462 454 constantiam
494 419 662 462 firmitati,
689 432 750 466 per
782 432 891 466 quam
921 420 1131 465 intelligitur
1164 421 1440 466 perseverantia,
1469 430 1506 454 ut
1532 433 1637 467 supra

78 473 214 508 dictum
237 482 288 508 est
311 474 355 519 (q.
377 474 449 508 123.
472 473 514 507 ad
539 473 612 518 6.)‚·
636 484 722 519 ergo
746 474 948 508 constantia
982 485 1056 507 non
1078 473 1231 519 pertinet
1253 473 1297 508 ad
1319 475 1638 520 perseverantiam.

149 527 223 562 SED
239 537 394 562 CONTRA
413 535 476 568 est,
495 527 591 572 quod
614 526 740 573 aliquis
762 527 890 561 dicitur
912 538 989 561 esse
1013 535 1180 562 constans
1203 538 1245 561 ex
1272 538 1316 561 eo
1340 528 1436 572 quod
1458 529 1494 560 in
1517 527 1638 573 aliquo

78 588 164 615 stat:
187 580 249 614 sed
271 580 469 614 immanere
492 579 666 625 aliquibus
693 581 844 626 pertinet
871 580 914 613 ad
936 581 1254 626 perseverantiam,
1279 587 1315 614 ut
1337 588 1434 626 patet
1455 592 1497 614 ex
1519 580 1640 614 defini-

77 635 186 675 tione,
208 645 316 679 quam
342 633 574 667 Andronicus
596 634 713 679 ponit3
735 645 822 679 ergo
851 633 1051 667 constantia
1074 634 1227 679 pertinet
1254 634 1296 668 ad
1318 634 1637 679 perseverantiam.

148 687 376 721 ResPONDEo
399 686 602 728 dicendum,
624 686 720 732 quod
742 687 1019 732 perseverantia,
1042 694 1076 721 et
1098 687 1299 721 constantia
1324 687 1545 721 conveniunt
1567 687 1640 733 qui-

79 740 159 774 dem
187 741 223 774 in
249 740 336 782 fine;
359 740 442 786 quia
469 739 512 774 ad
535 748 725 786 utrumque
748 741 900 785 pertinet
925 740 1073 774 firmiter
1093 740 1281 786 persistere
1303 740 1340 773 in
1368 739 1489 786 aliquo
1517 740 1636 774 bono:

78 792 244 827 differunt
265 801 385 827 autem
404 793 602 827 secundum
625 805 677 835 ea,
696 804 786 839 quae
806 792 1054 827 difficultatem
1077 792 1230 827 afferunt
1252 793 1295 827 ad
1316 793 1580 839 persistendum
1600 794 1635 827 in

77 847 192 882 bono:
214 858 299 881 nam
321 847 431 880 virtus
452 847 736 893 perseverantiae
752 847 891 893 proprie
913 846 998 880 facit
1019 847 1168 881 firmiter
1189 847 1378 893 persistere
1393 848 1584 882 hominem
1602 848 1639 882 in

77 900 174 934 bono
197 908 322 934 contra
341 899 599 942 difficultatem,
615 911 705 945 quae
727 900 892 946 provenit
906 911 948 933 ex
962 900 1039 946 ipsa
1056 900 1285 934 diuturnitate
1301 908 1418 935 actus:
1435 902 1639 935 constantia

79 960 199 987 autem
221 953 305 988 facit
326 953 474 987 firmiter
495 953 681 998 persistere
696 953 732 986 in
753 953 850 987 bono
874 961 999 986 contra
1018 952 1278 995 difficultatem,
1298 965 1390 999 quae
1411 955 1578 1000 provenit
1597 965 1639 988 ex

78 1007 362 1052 quibuscumque
385 1006 461 1040 aliis
485 1006 717 1041 exterioribus
735 1006 1021 1052 impedimentis;
1037 1014 1072 1040 et
1091 1006 1174 1040 ideo
1190 1006 1422 1052 principalior
1439 1019 1520 1052 pars
1543 1007 1641 1042 forti-

77 1060 208 1094 tudinis
224 1069 277 1094 est
294 1060 568 1105 perseverantia,
584 1071 692 1105 quam
707 1060 919 1102 constantia,
934 1059 1017 1105 quia
1038 1059 1240 1101 difficultas,
1256 1071 1348 1106 quae
1371 1068 1424 1094 est
1441 1072 1484 1094 ex
1506 1061 1639 1094 diutur-

78 1113 188 1147 nitate
212 1121 321 1154 actus‚
343 1121 396 1147 est
416 1112 640 1147 essentialior
656 1113 751 1146 actui
770 1113 920 1155 virtutis,
939 1124 1048 1159 quam
1068 1112 1142 1154 illa,
1163 1124 1255 1159 quae
1271 1121 1323 1148 est
1342 1124 1383 1147 ex
1405 1114 1638 1148 exterioribus

79 1166 357 1212 impedimentis.

149 1220 209 1254 AD
235 1229 383 1253 PR1MUM
410 1230 496 1264 ergo
525 1219 728 1261 dicendum,
756 1219 851 1265 quod
878 1219 1055 1254 exteriora
1081 1219 1341 1265 impedimenta
1366 1219 1578 1265 persistendi
1604 1220 1639 1254 in

77 1272 174 1306 bono
195 1272 386 1318 praecipue
407 1279 490 1306 sunt
510 1272 582 1314 illa,
605 1283 695 1318 quae
721 1272 900 1307 tristitiam
921 1271 1096 1307 inferunt:
1120 1273 1216 1308 circa
1236 1273 1416 1307 tristitiam
1444 1282 1565 1307 autem
1588 1281 1640 1307 est

77 1325 260 1372 patientia,
282 1333 320 1360 ut
333 1325 469 1359 dictum
487 1334 539 1360 est
561 1326 607 1371 (q.
623 1332 736 1372 praec.
759 1331 822 1360 art.
843 1326 902 1371 1.),
931 1334 966 1360 et
985 1326 1068 1361 ideo
1088 1327 1289 1361 constantia
1308 1327 1508 1361 secundum
1530 1326 1641 1361 finem

81 1379 252 1413 convenit
270 1390 352 1413 cum
371 1379 651 1425 perseverantia:
675 1380 872 1413 secundum
896 1388 1017 1414 autem
1039 1391 1079 1414 ea
1095 1391 1186 1426 quae
1209 1379 1458 1414 difficultatem
1472 1379 1641 1423 inferunt,

81 1434 249 1467 convenit
270 1444 353 1466 cum
367 1433 554 1478 patientia:
577 1432 656 1466 finis
679 1441 799 1467 autern
819 1433 939 1478 potior
961 1442 1031 1475 est;
1054 1441 1088 1467 et
1104 1433 1187 1468 ideo
1204 1433 1410 1468 constantia
1432 1435 1549 1479 magis
1568 1445 1642 1480 per-

79 1485 168 1520 tinet
189 1486 232 1519 ad
253 1487 566 1531 perseverantiam,
590 1497 699 1531 quam
722 1486 764 1519 ad
786 1486 1007 1532 patientiam.

149 1539 210 1573 AD
232 1549 438 1573 SECUNDUM
452 1539 656 1580 dicendum,
673 1539 768 1584 quod
783 1539 819 1573 in
831 1539 971 1584 magnis
984 1539 1150 1585 operibus
1166 1539 1355 1586 persistere
1370 1539 1550 1573 difficilius
1570 1547 1641 1582 est3

80 1592 141 1626 sed
162 1592 198 1625 in
219 1593 349 1637 parvis,
370 1591 428 1626 vel
448 1592 485 1625 in
504 1592 744 1626 mediocribus
767 1592 826 1625 diu
847 1592 1035 1638 persistere
1057 1592 1166 1627 habet
1183 1592 1443 1634 difficultatem,
1466 1601 1501 1627 et
1516 1593 1546 1627 si
1566 1604 1641 1627 non

80 1655 122 1679 ex
142 1645 390 1690 magnitudine
411 1653 523 1687 actus,
545 1656 655 1691 quam
681 1645 823 1690 respicit
844 1645 1124 1691 magnificentia,
1154 1645 1282 1680 saltem
1309 1657 1352 1681 ex
1372 1647 1448 1692 ipsa
1471 1646 1643 1680 diuturni-

80 1706 164 1740 tate,
187 1710 296 1744 quam
317 1698 461 1744 respicit
479 1699 762 1743 perseverantia3
782 1706 816 1732 et
836 1698 918 1732 ideo
939 1699 1141 1733 constantia
1159 1707 1278 1744 potest
1297 1699 1340 1733 ad
1358 1707 1552 1745 utrumque
1566 1711 1643 1746 per-

80 1752 206 1786 tinere.

151 1806 211 1840 AD
235 1816 406 1840 TERTHJM
434 1805 638 1847 dicendum,
666 1805 762 1851 quod
784 1805 986 1840 constantia
1007 1806 1159 1850 pertinet
1184 1805 1330 1852 quidem
1348 1805 1391 1840 ad
1414 1817 1644 1851 perseveran-

81 1858 181 1901 tiam,
201 1859 416 1905 inquantum
439 1859 609 1893 convenit
624 1870 707 1892 cum
729 1870 786 1893 ea:
809 1866 1018 1893 nontamen
1040 1867 1092 1893 est
1112 1859 1209 1893 idern
1227 1859 1271 1901 ei,
1289 1859 1504 1905 inquantum
1527 1859 1644 1894 differt

82 1912 123 1946 ab
146 1923 200 1954 ea,
223 1920 261 1946 ut
282 1912 419 1946 dictum
440 1920 494 1946 est
513 1913 564 1957 (in
585 1913 702 1958 corp).

642 2029 986 2074 ARTICULUS
1015 2031 1091 2073 [V.
1570 2041 1590 2077 6

260 2126 415 2156 UTRUM
440 2126 789 2156 PERSEVERANTIA
820 2126 1032 2156 INDIGEAT
1059 2127 1240 2156 Auximo
1276 2127 1476 2157 GRATIAE.

1617 2041 1638 2077 6

1596 2054 1612 2087 xj

389 2201 468 2245 (1-2.
490 2213 520 2247 q.
542 2211 617 2247 109.
639 2207 702 2236 art.
730 2213 762 2247 9.
784 2207 813 2236 et
832 2214 883 2237 10.
905 2207 933 2236 et
950 2214 980 2248 q.
998 2213 1067 2247 114.
1090 2207 1152 2236 art.
1179 2215 1210 2238 2.
1233 2209 1322 2249 corp.

83 2259 111 2288 et
131 2265 162 2289 2.
184 2255 272 2288 Dist.
286 2266 342 2290 20.
357 2256 391 2289 in
404 2261 508 2301 expos.
523 2260 552 2289 at
568 2254 609 2288 ad
626 2266 657 2289 2.
673 2260 702 2289 et
715 2255 808 2301 lib.3.
831 2256 944 2290 Contr.
955 2267 986 2301 g.
1002 2263 1074 2302 cap.
1089 2268 1155 2302 125.
1174 2261 1204 2291 et
1225 2257 1306 2290 Virt.
1322 2268 1350 2301 q.
1371 2267 1425 2300 24.
1442 2261 1505 2290 art.
1517 2267 1546 2301 5.
1562 2256 1603 2290 ad
1614 2268 1641 2301 3.

503 2313 534 2342 et
553 2308 640 2342 Psal.
660 2319 706 2353 31.
724 2313 753 2343 et
769 2309 867 2352 Joan.
890 2321 916 2343 1.
944 2309 1014 2344 lect.
1037 2321 1067 2343 2.
1089 2309 1228 2355 princ).

154 2389 214 2423 AD
242 2400 429 2428 QUARTUM
455 2390 505 2425 sic
527 2390 742 2436 proceditur.
770 2390 934 2433 Videtur,
968 2392 1066 2437 quod
1088 2393 1352 2438 perseverantia
1378 2402 1451 2425 non
1485 2391 1645 2436 indigeat

85 2442 216 2476 auxilio
238 2443 390 2488 gratiae:
409 2443 673 2489 perseverantia
693 2443 788 2478 enim
811 2452 864 2478 est
883 2445 1062 2490 quaedam
1083 2445 1205 2486 virtus,
1228 2454 1266 2478 ut
1286 2445 1422 2478 dictum
1438 2453 1490 2478 est
1510 2444 1594 2491 (art.
1616 2457 1644 2479 ι.

84 2496 152 2541 huj.
174 2497 219 2541 q.)
233 2509 243 2530 :
266 2496 327 2530 sed
348 2497 470 2538 virtus,
492 2505 531 2531 ut
553 2496 696 2531 Tullius
719 2497 803 2531 dicit
824 2497 860 2531 in
882 2509 946 2532 sua
970 2497 1120 2531 Rhetor.
1144 2498 1215 2541 (lib.
1234 2509 1265 2532 2.
1280 2497 1315 2531 cla
1328 2497 1486 2540 Ineunt),
1515 2497 1588 2542 agit
1608 2498 1644 2531 in

84 2549 237 2582 modum
257 2557 422 2592 naturae3
445 2561 532 2596 ergo
548 2550 626 2584 sola
647 2549 832 2584 inclinatio
847 2551 986 2585 virtutis
1009 2550 1141 2584 sufficit
1160 2551 1202 2584 ad
1224 2550 1547 2595 perseverantiam3
1569 2561 1643 2584 non

85 2612 172 2647 ergo
195 2602 239 2635 ad
259 2601 331 2636 hoc
353 2603 542 2648 requiritur
563 2602 709 2649 aliquod
731 2603 903 2637 auxilium
925 2604 1071 2649 gratiae.

156 2664 188 2688 2.
202 2655 437 2690 PRAETEREA.
453 2656 602 2690 Donum
618 2656 752 2701 gratiae
768 2656 903 2690 Christi
916 2664 969 2691 est
986 2657 1115 2701 majus,
1134 2667 1241 2701 quam
1256 2663 1531 2697 nocumentum,
1547 2656 1643 2701 quod

85 2707 205 2741 Adam
223 2707 352 2749 intulit,
373 2716 411 2742 ut
424 2716 521 2754 patet
543 2709 585 2742 ad
604 2708 711 2743 Rom.
731 2719 776 2753 5.:
792 2710 854 2743 sed
877 2717 957 2744 ante
979 2718 1170 2755 peccatum
1185 2709 1236 2743 sic
1252 2709 1415 2742 conditus
1433 2708 1498 2742 fuit
1515 2708 1644 2749 homo,

84 2768 123 2794 ut
142 2768 264 2806 posset
284 2771 511 2806 perseverare
534 2773 595 2807 per
624 2761 671 2803 id,
693 2762 789 2807 quod
820 2771 1018 2807 acceperat,
1041 2763 1133 2796 sicut
1160 2762 1314 2807 August.
1341 2761 1425 2795 dicit
1446 2761 1481 2794 in
1513 2761 1572 2795 lib.
1600 2761 1644 2795 de

87 2811 250 2859 Corrept.
275 2820 308 2847 et
328 2813 427 2848 Grat.
442 2814 530 2860 (cap.
547 2814 631 2858 11.);
649 2825 734 2860 ergo
755 2815 870 2849 multo
887 2815 1002 2861 magis
1017 2815 1130 2848 homo
1147 2825 1208 2860 per
1222 2815 1374 2860 gratiam
1393 2814 1530 2849 Christi
1546 2825 1647 2860 repa-

86 2873 182 2899 ratus
202 2874 322 2911 potest
342 2877 571 2912 perseverare
594 2867 727 2912 absque
750 2867 882 2901 auxilio
904 2879 1020 2902 novae
1043 2867 1190 2912 gratiae.
