1905 3137
497 155 715 191 QUAESTIO
747 155 837 185 VIII.
870 155 1114 186 ARTICULUS
1146 155 1235 185 VIII.
1585 144 1638 199 87

89 247 265 279 cam‚non
281 236 473 282 respondet
484 236 610 283 aliquis
624 236 758 271 fructus
773 236 946 283 proprius:
958 237 1060 272 donis
1076 246 1196 272 autem
1212 238 1417 285 sapientiae,
1428 238 1640 282 intellectus,

88 298 123 325 et
145 290 326 332 scientiae,
348 302 439 336 quae
462 298 611 336 possunt
632 290 740 324 etiam
763 290 806 324 ad
828 290 1085 336 speculativam
1116 292 1363 337 cognitionem
1384 292 1571 339 pertinere,
1593 304 1643 326 re-

87 344 240 390 spondet
260 343 380 378 solum
402 355 492 378 unus
513 343 660 385 fructus,
682 343 742 389 qui
769 351 822 378 est
848 344 1023 378 certitudo
1049 344 1109 389 [al.
1129 345 1307 390 beatitudo]
1332 345 1471 391 signata
1492 345 1640 380 nomine

87 396 187 432 fidei:
204 397 322 442 plures
337 405 457 431 autem
471 396 604 431 fructus
618 404 801 442 ponuntur
819 397 1036 442 pertinentes
1055 398 1098 431 ad
1118 406 1255 443 partem
1275 399 1528 445 appetitivam3
1547 399 1640 444 quia,

87 450 179 485 sicut
198 451 271 496 jam
293 450 429 484 dictum
452 458 505 485 est
526 450 574 494 (in
589 450 708 496 corp),
728 450 818 484 ratio
841 449 931 492 finis,
954 451 1014 496 qui
1035 451 1248 497 importatur
1269 452 1304 485 in
1325 452 1473 486 nomine
1495 451 1640 494 fructus,

87 504 203 550 magis
224 504 376 550 pertinet
397 504 438 538 ad
460 504 534 538 virn
557 504 800 550 appetitivam,
822 515 931 549 quam
952 503 1221 539 intellectivam.

625 769 980 830 QUAESTIO
1020 770 1105 818 IX.

158 894 222 925 DE
261 894 394 926 DONO
432 893 694 933 SCIENTIAE,
735 893 786 925 IN
824 893 1051 934 QUATUOR
1090 894 1350 926 ARTICULOS
1389 895 1562 926 DIVISA.

159 1033 300 1068 Deinde
323 1033 624 1068 considerandum
643 1041 696 1068 est
717 1033 759 1068 de
781 1034 879 1068 dono
903 1033 1093 1067 Scientiae.

547 1124 590 1158 Et
611 1124 701 1158 circa
723 1123 781 1158 hoc
802 1129 1008 1169 quaeruntur
1029 1129 1180 1169 quatuor.

159 1194 294 1228 Primo.
318 1194 450 1228 Utrum
468 1193 616 1228 scientia
638 1195 682 1228 sit
702 1194 850 1227 donum.

160 1247 340 1281 Secundo.
364 1247 495 1281 Utrum
517 1247 561 1281 sit
582 1247 677 1281 circa
699 1247 829 1281 divina.

161 1300 298 1335 Tertio.
321 1301 452 1335 Utrum
473 1301 518 1347 sit
539 1300 770 1346 speculativa,
792 1300 850 1334 vel
871 1300 1039 1346 practica.

163 1354 315 1395 Quarto.
339 1353 444 1395 Quae
465 1354 648 1388 beatitudo
671 1354 703 1388 ei
725 1355 949 1400 respondeat.

669 1496 1011 1540 ARTICULUS
1041 1497 1072 1539 Ι.
1601 1521 1644 1555 47

521 1605 674 1634 UTRUM
706 1605 907 1636 SCIENTIA
940 1605 1005 1635 SIT
1039 1605 1211 1635 DONUM.

621 1691 734 1738 (Szzpr.
757 1705 786 1738 q.
808 1694 840 1728 8.
859 1698 921 1727 art.
944 1705 974 1727 2.
997 1694 1115 1739 corp).

162 1781 222 1814 AD
243 1790 391 1814 PR1MUM
412 1780 462 1814 sic
493 1781 706 1826 proceditur.
729 1781 890 1824 Videtur,
917 1783 1012 1828 quod
1040 1783 1188 1817 scientia
1209 1794 1283 1817 non
1306 1783 1350 1817 sit
1371 1783 1529 1826 donum3
1552 1784 1646 1818 dona

92 1833 189 1868 enim
211 1833 362 1879 Spiritus
384 1833 508 1867 Sancti
533 1834 733 1868 naturalem
760 1835 968 1869 facultatem
996 1836 1190 1871 excedunt:
1214 1837 1275 1870 sed
1302 1837 1450 1871 scientia
1476 1838 1648 1883 importat

91 1886 260 1921 effectum
281 1887 476 1932 quemdam
497 1887 668 1921 naturalis
689 1888 853 1922 rationis:
877 1889 962 1922 dicit
984 1890 1079 1923 enim
1098 1889 1234 1923 Philos.
1250 1890 1286 1923 in
1306 1901 1332 1923 1.
1348 1890 1484 1924 Poster.
1499 1891 1647 1937 (tany),

92 1940 188 1986 quod
206 1940 465 1974 demonstratio
482 1948 534 1974 est
547 1940 781 1987 syllogismus
796 1941 1053 1984 faciens‘scire3
1076 1954 1163 1988 ergo
1186 1943 1334 1977 scientia
1349 1955 1421 1977 non
1445 1952 1496 1978 est
1511 1945 1647 1978 donum

93 1993 242 2039 Spiritus
267 1993 400 2028 Sancti.

162 2057 194 2080 2.
215 2046 449 2081 PRAETEREA.
472 2047 580 2081 Dona
603 2047 754 2094 Spiritus
777 2048 899 2082 Sancti
922 2057 1003 2083 sunt
1025 2050 1234 2083 communia
1257 2051 1423 2084 omnibus
1445 2051 1587 2092 sanctis,
1610 2060 1647 2085 ut

92 2112 198 2147 supra
224 2100 359 2134 dictum
382 2109 435 2134 est
455 2101 626 2148 (q.praec.
641 2106 704 2136 art.
720 2112 752 2145 4.
768 2107 795 2136 et
809 2114 869 2137 1-2.
885 2114 914 2147 q.
931 2103 985 2137 68.
1002 2108 1065 2137 art.
1081 2114 1111 2137 2.
1134 2109 1164 2137 ct
1185 2104 1250 2141 6.):
1273 2104 1334 2137 sed
1353 2105 1505 2149 August.
1532 2114 1583 2146 14.
1602 2104 1646 2138 de

94 2152 194 2187 Trin.
218 2154 306 2200 (cap.
328 2154 383 2197 1.),
403 2154 499 2195 dicit,
523 2154 619 2200 quod
641 2155 789 2188 scientia
810 2166 884 2189 non
906 2155 1042 2201 pollent
1060 2155 1205 2202 plurimi
1230 2156 1364 2199 fideles,
1387 2159 1550 2202 quamvis
1572 2157 1645 2203 pol-

93 2206 189 2241 leant
213 2207 289 2253 ipsa
310 2206 400 2248 fide;
423 2218 509 2251 ergo
532 2207 681 2241 scientia
702 2219 775 2242 non
798 2216 851 2242 est
872 2209 1020 2242 donum.

166 2271 195 2306 3,
210 2260 444 2294 PRAETEREA.
463 2261 614 2294 Donum
632 2269 686 2295 est
703 2261 894 2307 perfectius
908 2262 1048 2303 virtute,
1064 2270 1101 2296 ut
1119 2274 1225 2308 supra
1239 2263 1375 2297 dictum
1390 2271 1442 2296 est
1456 2264 1531 2307 (1-2.
1546 2276 1574 2309 q.
1591 2264 1645 2298 63.

93 2319 156 2348 art.
177 2314 224 2358 8.)
236 2326 248 2354 ,·
272 2325 358 2359 ergo
380 2325 491 2347 unum
514 2314 651 2348 donum
672 2313 803 2348 sufficit
829 2315 872 2348 ad
897 2315 1159 2360 perfectionem
1185 2316 1294 2361 ipsius
1316 2316 1474 2357 virtutis;
1497 2317 1557 2350 sed
1579 2317 1647 2350 vir-

92 2367 158 2401 tuti
178 2366 261 2400 fidei
282 2367 473 2412 respondet
494 2367 631 2401 donum
653 2367 868 2409 intellectus,
887 2377 924 2402 ut
942 2380 1048 2414 supra
1068 2369 1203 2403 dictum
1223 2377 1275 2404 est
1289 2370 1336 2415 (q.
1352 2370 1383 2404 8.
1400 2375 1464 2404 art.
1480 2371 1542 2415 2.),·
1559 2381 1646 2415 ergo

93 2431 166 2454 non
188 2420 379 2466 respondet
400 2420 432 2454 ei
452 2420 589 2454 donum
616 2421 798 2463 scientiae,
819 2433 885 2455 nec
913 2430 1069 2467 apparet,
1097 2423 1154 2456 cui
1181 2423 1241 2456 alii
1262 2423 1383 2457 virtuti
1409 2424 1645 2468 respondeat3

93 2484 192 2519 ergo,
215 2484 298 2506 cum
319 2473 413 2506 dona
447 2473 516 2507 sint
545 2473 783 2519 perfectiones
805 2475 988 2517 virtutum,
1010 2484 1048 2509 ut
1074 2487 1180 2521 supra
1207 2476 1342 2510 dictum
1365 2484 1416 2510 est
1437 2477 1516 2520 (1-2.
1538 2488 1567 2522 q.
1590 2477 1645 2512 68.

94 2531 158 2562 art.
180 2538 210 2561 2.
233 2531 260 2560 et
277 2526 340 2570 8.),
359 2526 508 2568 videtur,
531 2527 628 2572 quod
649 2527 797 2561 scientia
819 2539 893 2562 non
915 2529 959 2562 sit
981 2529 1127 2563 donum.

165 2579 239 2614 SED
267 2589 421 2614 CONTRA
443 2587 506 2621 est,
529 2580 625 2625 quod
646 2580 759 2614 Isaiae
786 2592 835 2614 11.
860 2590 1089 2627 computatur
1110 2583 1201 2616 inter
1221 2591 1359 2628 septem
1381 2582 1486 2616 dona.

165 2632 393 2667 RESPONDEO
410 2632 612 2674 dicendum,
629 2633 723 2679 quod
739 2634 851 2679 gratia
874 2643 926 2668 est
946 2634 1149 2680 perfectior,
1165 2647 1273 2681 quam
1291 2643 1436 2676 natura;
1458 2635 1551 2669 unde
1572 2647 1646 2670 non

95 2685 214 2719 deficit
233 2685 270 2718 in
292 2685 359 2726 his,
381 2686 417 2718 in
439 2685 566 2731 quibus
583 2686 698 2720 homo
717 2698 780 2732 per
801 2695 966 2721 naturam
985 2688 1109 2733 perfici
1126 2696 1261 2734 potest:
1286 2700 1369 2721 cum
1391 2696 1510 2722 autem
1532 2689 1646 2723 homo

95 2749 158 2784 per
178 2737 378 2772 naturalem
400 2738 577 2772 rationem
599 2740 748 2774 assentit
768 2740 967 2774 secundum
992 2740 1216 2775 intellectum
1243 2740 1349 2775 alicui
1369 2741 1521 2783 veritati,
1543 2742 1647 2788 dupli-

96 2793 176 2827 citer
196 2791 376 2838 perficitur
397 2791 492 2826 circa
512 2792 701 2827 veritatem
719 2792 837 2827 illam:
855 2795 968 2840 primo
988 2794 1144 2839 quidem,
1163 2794 1245 2839 quia
1265 2794 1358 2839 capit
1377 2805 1475 2828 eam:
1497 2795 1644 2838 secundo,

97 2845 179 2892 quia
201 2845 243 2880 de
265 2856 306 2880 ea
329 2852 466 2879 certum
486 2845 659 2891 judicium
680 2846 804 2889 habet,
827 2855 861 2881 et
881 2847 963 2882 ideo
983 2847 1025 2882 ad
1044 2847 1114 2882 hoc
1138 2847 1232 2893 quod
1248 2846 1448 2882 intellectus
1466 2848 1645 2883 humanus
