1859 3122
185 171 293 214 1172
558 165 776 202 QUAESTIO
811 163 969 194 CLXXX.
1002 161 1248 192 ARTICULUS
1280 160 1370 191 VIII·

179 251 316 287 Philos.
339 250 425 284 dicit
445 249 482 282 in
507 258 558 282 10.
582 246 741 281 Ethicor.
763 246 850 291 (cap.
874 244 920 290 7.)
931 256 943 286 ,·
967 254 1054 289 ergo
1076 243 1227 284 videtur,
1247 241 1345 288 quod
1365 242 1438 276 vita
1459 239 1743 288 contemplativa

180 316 254 340 non
281 304 323 338 sit
345 303 524 336 diuturna.

253 358 326 392 SED
349 365 504 390 CONTRA
526 361 588 395 est,
611 352 708 399 quod
725 351 908 386 Dominus
929 350 1015 385 dicit
1032 350 1118 384 Luc.
1146 360 1215 384 10.:
1231 349 1348 383 Maria
1366 349 1527 395 optimam
1539 353 1671 395 partem
1689 347 1745 382 ele-

178 413 238 458 git,
259 422 339 456 quaa
359 421 424 443 non
449 409 618 454 auferetur
643 408 683 441 ab
711 418 772 441 ea.-
804 405 898 452 quia,
927 413 966 439 ut
997 404 1106 450 Greg.
1135 403 1220 438 dicit
1252 413 1358 448 super
1386 402 1516 437 Ezech.
1537 402 1640 447 (hom.
1662 401 1746 447 14).

183 479 202 497 «
217 462 477 509 contemplatio
499 461 558 495 hic
580 460 716 506 incipit,
738 467 777 494 ut
797 459 833 492 in
856 458 1004 493 coelesti
1030 457 1144 503 patria
1165 456 1368 503 perficiatur
1382 468 1414 489 ».

252 518 481 552 RESPONDEO
497 514 703 555 dicendum,
726 512 822 559 quod
842 512 975 559 aliquid
997 519 1115 558 potest
1137 510 1207 544 dici
1228 509 1436 543 diuturnum
1461 508 1658 555 dupliciter:
1681 520 1746 544 uno

182 571 277 606 modo
300 569 500 604 secundum
521 579 625 602 suam
646 575 831 601 naturam:
855 566 920 600 alio
942 565 1037 599 morlo
1060 564 1179 610 quoad
1201 574 1279 597 nos.
1304 562 1513 597 Secundum
1535 573 1573 597 se
1600 561 1747 608 quidem

184 623 416 659 manifestum
443 630 506 664 est,
535 621 631 668 quod
657 621 729 654 vita
752 618 1033 664 contemplativa
1056 619 1221 652 diuturna
1248 625 1302 651 est
1327 616 1519 662 dupliciter.-
1545 627 1610 650 uno
1637 614 1748 658 modo,

185 690 228 713 eo
252 677 347 724 quod
369 684 531 710 versatur
558 675 653 709 circa
682 672 979 719 incorruptibilia,
1011 680 1045 706 et
1078 670 1300 705 immobilia:
1327 671 1393 704 alio
1420 669 1528 712 modo,
1558 669 1642 715 quia
1674 680 1749 703 non

184 732 293 767 habet
315 730 556 764 contrarium:
579 727 811 763 delectationi
833 727 941 768 enim,
963 737 1054 772 quae
1077 734 1129 759 est
1150 726 1185 759 in
1208 723 1584 765 considerand0,nihil
1601 731 1654 758 est
1668 734 1754 758 con-

184 785 346 825 trarium,
374 791 411 818 ut
432 783 561 817 dicitur
582 782 618 815 in
649 792 676 816 1.
701 780 830 826 Topic.
865 780 955 825 (cap.
978 791 1020 825 13.
1057 780 1089 812 in
1117 779 1230 825 explic.
1259 779 1321 812 loci
1346 776 1411 825 2.).
1440 777 1511 812 Sed
1538 777 1658 823 quoad
1682 787 1751 811 nos

186 839 294 874 etiam
316 837 390 871 vita
412 834 695 881 contemplativa
717 834 882 867 diuturna
905 840 972 867 est:
1008 837 1075 867 tum
1098 832 1181 878 quia
1204 832 1377 877 competit
1409 831 1514 866 nobis
1552 830 1752 865 secundum

186 893 368 928 actionem
390 889 669 935 incorruptibilis
691 888 800 934 partis
824 887 978 928 animae,
1005 886 1143 920 scilicet
1165 885 1364 920 secundum
1386 884 1629 926 intellectum;
1656 884 1751 919 uncle

187 954 306 994 potest
326 953 408 992 post
433 945 527 978 hanc
553 944 665 976 vitam
688 942 831 975 durare:
855 946 923 975 tum
945 940 1054 974 etiam
1082 939 1164 985 quia
1190 939 1226 973 in
1254 938 1421 984 operibus
1449 938 1754 984 contemplativae

189 998 424 1046 corporaliter
441 1009 514 1032 non
530 996 738 1031 laboramus
753 1006 760 1028 :
783 995 876 1028 unde
899 994 1015 1039 magis
1029 993 1065 1026 in
1080 992 1289 1038 hujusmodi
1305 991 1473 1038 operibus
1493 992 1663 1026 continue
1681 1003 1757 1038 per-

188 1054 312 1089 sistere
339 1063 542 1099 possmnus,
566 1051 657 1084 sicut
678 1049 814 1083 Pliilos.
839 1048 924 1082 dicit
944 1048 980 1081 in
1007 1058 1057 1081 10.
1084 1046 1244 1080 Ethicor.
1268 1046 1357 1092 (cap.
1381 1057 1410 1091 7.
1429 1052 1554 1092 parum
1576 1056 1597 1080 a
1614 1046 1755 1092 princ).

261 1108 320 1141 AD
343 1116 492 1141 PRIMUM
514 1115 600 1150 ergo
620 1104 825 1143 dicendum,
845 1101 941 1147 quod
964 1100 1094 1134 modus
1115 1099 1386 1145 contemplandi
1404 1110 1479 1133 non
1498 1106 1552 1133 est
1569 1098 1666 1132 idem
1683 1098 1756 1139 hic,

190 1169 225 1196 et
245 1161 282 1195 in
303 1160 436 1206 patria:
459 1158 521 1193 sed
542 1158 615 1191 vita
638 1155 919 1202 contemplativa
941 1154 1070 1188 dicitur
1093 1164 1238 1187 manere
1261 1154 1399 1187 ratione
1419 1152 1614 1194 charitatis,
1632 1152 1669 1186 in
1688 1163 1758 1198 qua

189 1215 299 1249 habet
325 1221 359 1248 et
387 1212 616 1259 principium,
647 1218 679 1244 et
707 1210 837 1251 finem3
866 1216 901 1242 et
932 1208 1004 1241 hoc
1039 1214 1092 1241 est
1118 1207 1214 1252 quod
1243 1205 1352 1252 Greg.
1380 1206 1467 1240 dicit
1491 1217 1598 1252 super
1626 1205 1758 1240 Ezech.

192 1269 296 1314 (hom.
319 1278 368 1311 14.
387 1271 460 1314 post
482 1265 604 1310 mecl.):
633 1277 650 1296 ‹<
667 1261 962 1308 Contemplativa
977 1261 1035 1294 hic
1051 1261 1187 1306 incipit,
1201 1267 1239 1294 ut
1253 1260 1289 1293 in
1309 1259 1457 1294 coelesti
1471 1260 1584 1305 patria
1602 1259 1761 1305 perficia-

192 1330 263 1356 tur:
288 1321 371 1367 quia
393 1319 526 1354 amoris
547 1318 652 1363 ignis,
675 1318 735 1363 qui
756 1316 815 1350 hic
839 1316 962 1349 ardere
988 1314 1148 1355 inchoat,
1176 1325 1260 1347 cum
1286 1314 1415 1358 ipsum,
1443 1324 1552 1359 quem
1579 1320 1688 1355 amat,
1709 1312 1760 1346 vi-

194 1375 296 1416 derit,
314 1374 350 1408 in
374 1384 498 1407 amore
520 1371 632 1418 ipsius
655 1369 809 1416 amplius
832 1368 1032 1415 ignescit».

269 1428 328 1462 AD
344 1436 551 1462 SECUNDUM
567 1424 772 1464 dicendum,
788 1422 883 1468 quod
899 1421 997 1455 nulla
1013 1420 1107 1454 actio
1123 1427 1241 1466 potest
1258 1419 1319 1453 diu
1337 1418 1464 1453 durare
1479 1419 1514 1453 in
1529 1418 1584 1453 sui
1597 1429 1760 1454 summo:

195 1492 381 1518 summurn
413 1488 533 1514 autern
562 1476 880 1523 contemplationis
907 1483 970 1517 est,
997 1483 1036 1508 ut
1062 1474 1213 1519 attingat
1239 1473 1282 1507 ad
1308 1471 1595 1507 uniformitatem
1621 1472 1763 1507 divinae

197 1533 529 1580 contemplationis,
552 1540 590 1566 ut
611 1531 697 1565 dicit
717 1530 870 1576 Dionys.
895 1529 982 1575 (cap.
1004 1539 1037 1573 4.
1056 1527 1091 1562 de
1106 1528 1190 1561 Div.
1210 1527 1310 1561 Nom.
1323 1530 1414 1572 part.
1429 1538 1456 1560 r.
1476 1526 1545 1561 lect.
1560 1536 1590 1572 7.
1605 1531 1636 1560 et
1648 1531 1762 1572 cap.3.

199 1589 286 1626 Coel.
308 1587 420 1632 Hier.)
443 1586 536 1621 sicut
556 1596 662 1632 supra
684 1584 844 1630 positum
866 1590 918 1617 est
939 1583 1023 1628 (art.
1042 1582 1075 1617 6.
1097 1582 1165 1627 huj.
1185 1592 1214 1626 q.
1237 1579 1279 1614 ad
1299 1580 1347 1622 2.)
1359 1592 1372 1621 ,·
1392 1579 1487 1615 unde
1505 1579 1571 1613 etsi
1589 1586 1764 1626 quantum

199 1644 243 1678 ad
260 1643 331 1678 hoc
355 1639 616 1687 contemplatio
639 1639 699 1672 diu
722 1638 848 1673 durare
870 1647 946 1671 non
968 1635 1097 1682 possit;
1115 1642 1238 1669 tamen
1252 1640 1426 1680 quantum
1442 1632 1485 1668 ad
1501 1632 1591 1668 alios
1605 1640 1765 1668 contem-

198 1696 367 1745 plationis
390 1702 489 1729 actus
511 1700 630 1740 potest
653 1692 711 1726 diu
734 1692 874 1725 durare.

271 1750 330 1784 AD
357 1758 529 1783 TERTmM
557 1745 762 1786 dicendum,
789 1744 885 1790 quod
912 1742 1048 1777 Philos.
1077 1742 1173 1783 dicit,
1199 1740 1311 1775 vitam
1340 1738 1662 1786 contemplativam
1688 1750 1766 1775 esse

200 1816 307 1852 supra
327 1803 530 1843 hominem,
553 1800 636 1847 quia
658 1799 831 1844 competit
856 1797 960 1831 nobis
985 1796 1187 1831 secundum
1214 1795 1297 1837 hoc,
1325 1793 1421 1840 quod
1449 1793 1583 1839 ahquid
1605 1793 1767 1827 divinum

201 1866 254 1893 est
275 1858 310 1892 in
332 1856 453 1899 nobis;
476 1854 613 1890 scilicet
634 1852 848 1894 intellectus,
870 1851 931 1898 qui
958 1858 1011 1885 est
1037 1847 1325 1896 incorruptibilis,
1347 1856 1383 1882 et
1403 1846 1633 1894 impassibilis
1654 1846 1690 1881 in
1712 1857 1767 1889 se;

202 1921 237 1947 et
256 1911 339 1946 ideo
363 1911 456 1945 actio
479 1909 555 1955 ejus
576 1915 697 1954 potest
719 1917 797 1941 esse
820 1903 1030 1939 diuturnior.

650 2170 1005 2234 QUAESTIO
1048 2168 1329 2217 CLXXXI.

369 2301 431 2331 DE
458 2299 570 2331 VITA
595 2296 785 2334 ACTIVA,
816 2295 866 2326 IN
894 2293 1123 2334 QUATUOR
1149 2291 1411 2323 ARTICULOS
1438 2291 1612 2322 DIVISA.

281 2441 423 2477 Deinde
445 2438 749 2474 considerandum
771 2443 825 2471 est
846 2435 888 2470 de
910 2436 982 2469 vita
1006 2433 1133 2468 activa.

678 2527 722 2562 Et
743 2527 833 2561 circa
854 2525 911 2559 hoc
933 2527 1138 2570 quaeruntur
1159 2526 1310 2569 quatuor.

283 2602 419 2637 Primo.
453 2601 585 2635 Utrum
621 2598 744 2633 omnia
781 2607 892 2643 opera
922 2595 1094 2629 virtutum
1125 2593 1321 2628 moralium
1355 2592 1555 2638 pertineant
1585 2590 1629 2625 ad
1662 2590 1775 2625 vitam

215 2657 380 2690 activam.

287 2708 469 2743 Secundo.
498 2707 628 2741 Utrum
651 2703 838 2751 prudentia
860 2702 1034 2748 pertineat
1061 2701 1103 2735 ad
1126 2701 1236 2735 vitam
1260 2699 1427 2734 activam.

290 2762 426 2796 Tertio.
451 2761 582 2795 Utrum
605 2758 768 2793 doctrina
791 2757 965 2803 pertineat
985 2755 1027 2788 ad
1050 2756 1160 2788 vitam
1189 2753 1356 2788 activam.

291 2816 432 2856 Quarto
455 2815 497 2848 dc
526 2813 755 2848 diuturnitate
777 2812 870 2845 vitae
890 2809 1039 2842 activae.
