<?xml version="1.0" encoding="UTF-8"?>
<!DOCTYPE html PUBLIC "-//W3C//DTD XHTML 1.0 Transitional//EN"
    "http://www.w3.org/TR/xhtml1/DTD/xhtml1-transitional.dtd">
<html xmlns="http://www.w3.org/1999/xhtml" xml:lang="en" lang="en">
 <head>
  <title>
</title>
<meta http-equiv="Content-Type" content="text/html;charset=utf-8" />
  <meta name='ocr-system' content='tesseract 3.04.00' />
  <meta name='ocr-capabilities' content='ocr_page ocr_carea ocr_par ocr_line ocrx_word'/>
</head>
<body>
  <div class='ocr_page' id='page_1' title='image "./divithomaeaquina03thomuoft_0605.png"; bbox 0 0 1859 3122; ppageno 0'>
   <div class='ocr_carea' id='block_1_1' title="bbox 451 132 1640 175">
    <p class='ocr_par' dir='ltr' id='par_1_1' title="bbox 451 132 1640 175">
     <span class='ocr_line' id='line_1_1' title="bbox 451 132 1640 175; baseline -0.004 -10"><span class='ocrx_word' id='word_1_1' title='bbox 451 134 670 171; x_wconf 88' lang='lat' dir='ltr'><strong>QUAESTIO</strong></span> <span class='ocrx_word' id='word_1_2' title='bbox 705 133 883 164; x_wconf 83' lang='lat' dir='ltr'><strong>LXXXIII.</strong></span> <span class='ocrx_word' id='word_1_3' title='bbox 917 132 1165 164; x_wconf 91' lang='lat' dir='ltr'><strong>ARTICULUS</strong></span> <span class='ocrx_word' id='word_1_4' title='bbox 1199 132 1270 162; x_wconf 87' lang='lat' dir='ltr'>XV.</span> <span class='ocrx_word' id='word_1_5' title='bbox 1558 132 1640 175; x_wconf 72' lang='lat'>597</span> 
     </span>
    </p>
   </div>
   <div class='ocr_carea' id='block_1_2' title="bbox 75 213 1644 2885">
    <p class='ocr_par' dir='ltr' id='par_1_2' title="bbox 79 213 1644 1334">
     <span class='ocr_line' id='line_1_2' title="bbox 158 213 1641 263; baseline -0.001 -13"><span class='ocrx_word' id='word_1_6' title='bbox 158 216 386 252; x_wconf 79' lang='lat' dir='ltr'>RESPONDEO</span> <span class='ocrx_word' id='word_1_7' title='bbox 412 216 618 258; x_wconf 88' lang='lat' dir='ltr'>dicendum,</span> <span class='ocrx_word' id='word_1_8' title='bbox 641 216 749 263; x_wconf 85' lang='lat' dir='ltr'>quod,</span> <span class='ocrx_word' id='word_1_9' title='bbox 782 216 874 250; x_wconf 87' lang='lat' dir='ltr'>sicut</span> <span class='ocrx_word' id='word_1_10' title='bbox 909 216 1047 250; x_wconf 91' lang='lat' dir='ltr'>dictum</span> <span class='ocrx_word' id='word_1_11' title='bbox 1068 223 1121 249; x_wconf 89' lang='lat' dir='ltr'>est</span> <span class='ocrx_word' id='word_1_12' title='bbox 1143 214 1221 259; x_wconf 80' lang='lat' dir='ltr'>(art.</span> <span class='ocrx_word' id='word_1_13' title='bbox 1249 226 1291 261; x_wconf 81' lang='lat'>13.</span> <span class='ocrx_word' id='word_1_14' title='bbox 1319 214 1388 260; x_wconf 78' lang='lat' dir='ltr'><em>huj.</em></span> <span class='ocrx_word' id='word_1_15' title='bbox 1410 213 1469 260; x_wconf 83' lang='lat' dir='ltr'>q.)‚</span> <span class='ocrx_word' id='word_1_16' title='bbox 1492 226 1509 245; x_wconf 88' lang='lat'>‹&lt;</span> <span class='ocrx_word' id='word_1_17' title='bbox 1525 215 1641 248; x_wconf 89' lang='lat' dir='ltr'>oratio</span> 
     </span>
     <span class='ocr_line' id='line_1_3' title="bbox 86 266 1641 316; baseline -0.003 -12"><span class='ocrx_word' id='word_1_18' title='bbox 86 277 224 316; x_wconf 88' lang='lat' dir='ltr'>praeter</span> <span class='ocrx_word' id='word_1_19' title='bbox 235 269 401 304; x_wconf 84' lang='lat' dir='ltr'>effectum</span> <span class='ocrx_word' id='word_1_20' title='bbox 417 270 609 316; x_wconf 87' lang='lat' dir='ltr'>spiritualis</span> <span class='ocrx_word' id='word_1_21' title='bbox 625 269 896 311; x_wconf 82' lang='lat' dir='ltr'>consolationis,</span> <span class='ocrx_word' id='word_1_22' title='bbox 912 280 1021 315; x_wconf 88' lang='lat' dir='ltr'>quam</span> <span class='ocrx_word' id='word_1_23' title='bbox 1037 267 1320 314; x_wconf 78' lang='lat' dir='ltr'>praesentialiter</span> <span class='ocrx_word' id='word_1_24' title='bbox 1336 267 1448 309; x_wconf 83' lang='lat' dir='ltr'>affert,</span> <span class='ocrx_word' id='word_1_25' title='bbox 1460 266 1641 313; x_wconf 87' lang='lat' dir='ltr'>duplicem</span> 
     </span>
     <span class='ocr_line' id='line_1_4' title="bbox 86 321 1641 369; baseline -0.001 -13"><span class='ocrx_word' id='word_1_26' title='bbox 86 322 193 357; x_wconf 88' lang='lat' dir='ltr'>habet</span> <span class='ocrx_word' id='word_1_27' title='bbox 206 323 373 357; x_wconf 85' lang='lat' dir='ltr'>virtutem</span> <span class='ocrx_word' id='word_1_28' title='bbox 391 332 552 369; x_wconf 85' lang='lat' dir='ltr'>respectu</span> <span class='ocrx_word' id='word_1_29' title='bbox 570 323 675 357; x_wconf 85' lang='lat' dir='ltr'>futuri</span> <span class='ocrx_word' id='word_1_30' title='bbox 692 323 858 365; x_wconf 80' lang='lat' dir='ltr'>effectus3</span> <span class='ocrx_word' id='word_1_31' title='bbox 881 322 1035 356; x_wconf 83' lang='lat' dir='ltr'>scilicet:</span> <span class='ocrx_word' id='word_1_32' title='bbox 1052 323 1220 356; x_wconf 76' lang='lat' dir='ltr'>virtutem</span> <span class='ocrx_word' id='word_1_33' title='bbox 1237 321 1409 363; x_wconf 82' lang='lat' dir='ltr'>merendi,</span> <span class='ocrx_word' id='word_1_34' title='bbox 1424 329 1459 355; x_wconf 89' lang='lat' dir='ltr'>et</span> <span class='ocrx_word' id='word_1_35' title='bbox 1472 322 1641 355; x_wconf 81' lang='lat' dir='ltr'>virtutem</span> 
     </span>
     <span class='ocr_line' id='line_1_5' title="bbox 85 373 1644 422; baseline -0.001 -13"><span class='ocrx_word' id='word_1_36' title='bbox 85 376 298 422; x_wconf 87' lang='lat' dir='ltr'>impetrandi</span> <span class='ocrx_word' id='word_1_37' title='bbox 320 389 351 410; x_wconf 76' lang='lat'>»1</span> <span class='ocrx_word' id='word_1_38' title='bbox 375 377 490 411; x_wconf 89' lang='lat' dir='ltr'>oratio</span> <span class='ocrx_word' id='word_1_39' title='bbox 514 385 646 419; x_wconf 84' lang='lat' dir='ltr'>autem,</span> <span class='ocrx_word' id='word_1_40' title='bbox 668 377 758 410; x_wconf 87' lang='lat' dir='ltr'>sicut</span> <span class='ocrx_word' id='word_1_41' title='bbox 780 384 814 410; x_wconf 93' lang='lat' dir='ltr'>et</span> <span class='ocrx_word' id='word_1_42' title='bbox 835 375 983 422; x_wconf 86' lang='lat' dir='ltr'>quilibet</span> <span class='ocrx_word' id='word_1_43' title='bbox 1005 375 1093 409; x_wconf 87' lang='lat' dir='ltr'>alius</span> <span class='ocrx_word' id='word_1_44' title='bbox 1116 384 1214 409; x_wconf 85' lang='lat' dir='ltr'>actus</span> <span class='ocrx_word' id='word_1_45' title='bbox 1232 375 1383 417; x_wconf 85' lang='lat' dir='ltr'>virtutis,</span> <span class='ocrx_word' id='word_1_46' title='bbox 1402 375 1510 408; x_wconf 86' lang='lat' dir='ltr'>habet</span> <span class='ocrx_word' id='word_1_47' title='bbox 1528 373 1644 408; x_wconf 85' lang='lat' dir='ltr'>effica-</span> 
     </span>
     <span class='ocr_line' id='line_1_6' title="bbox 86 427 1644 477; baseline -0.001 -14"><span class='ocrx_word' id='word_1_48' title='bbox 86 431 179 464; x_wconf 88' lang='lat' dir='ltr'>ciam</span> <span class='ocrx_word' id='word_1_49' title='bbox 201 431 373 472; x_wconf 85' lang='lat' dir='ltr'>merendi,</span> <span class='ocrx_word' id='word_1_50' title='bbox 394 431 607 476; x_wconf 74' lang='lat' dir='ltr'>inquantum</span> <span class='ocrx_word' id='word_1_51' title='bbox 630 430 791 477; x_wconf 83' lang='lat' dir='ltr'>procedit</span> <span class='ocrx_word' id='word_1_52' title='bbox 812 442 852 464; x_wconf 76' lang='lat' dir='ltr'>ex</span> <span class='ocrx_word' id='word_1_53' title='bbox 875 430 994 464; x_wconf 78' lang='lat' dir='ltr'>radice</span> <span class='ocrx_word' id='word_1_54' title='bbox 1010 429 1203 470; x_wconf 78' lang='lat' dir='ltr'>charitatis,</span> <span class='ocrx_word' id='word_1_55' title='bbox 1224 430 1323 473; x_wconf 86' lang='lat' dir='ltr'>cujus</span> <span class='ocrx_word' id='word_1_56' title='bbox 1343 428 1528 474; x_wconf 89' lang='lat' dir='ltr'>proprium</span> <span class='ocrx_word' id='word_1_57' title='bbox 1548 427 1644 473; x_wconf 85' lang='lat' dir='ltr'>obje—</span> 
     </span>
     <span class='ocr_line' id='line_1_7' title="bbox 85 481 1640 530; baseline -0.001 -13"><span class='ocrx_word' id='word_1_58' title='bbox 85 490 183 517; x_wconf 90' lang='lat' dir='ltr'>ctum</span> <span class='ocrx_word' id='word_1_59' title='bbox 205 491 256 518; x_wconf 90' lang='lat' dir='ltr'>est</span> <span class='ocrx_word' id='word_1_60' title='bbox 276 484 413 518; x_wconf 90' lang='lat' dir='ltr'>bonum</span> <span class='ocrx_word' id='word_1_61' title='bbox 436 492 633 526; x_wconf 85' lang='lat' dir='ltr'>aeternum,</span> <span class='ocrx_word' id='word_1_62' title='bbox 656 485 755 530; x_wconf 89' lang='lat' dir='ltr'>cujus</span> <span class='ocrx_word' id='word_1_63' title='bbox 770 483 976 518; x_wconf 83' lang='lat' dir='ltr'>fruitionem</span> <span class='ocrx_word' id='word_1_64' title='bbox 993 494 1191 517; x_wconf 85' lang='lat' dir='ltr'>meremur:</span> <span class='ocrx_word' id='word_1_65' title='bbox 1207 482 1370 528; x_wconf 81' lang='lat' dir='ltr'>procedit</span> <span class='ocrx_word' id='word_1_66' title='bbox 1383 490 1505 516; x_wconf 88' lang='lat' dir='ltr'>tamen</span> <span class='ocrx_word' id='word_1_67' title='bbox 1525 481 1640 515; x_wconf 87' lang='lat' dir='ltr'>oratio</span> 
     </span>
     <span class='ocr_line' id='line_1_8' title="bbox 85 535 1640 588; baseline -0.002 -17"><span class='ocrx_word' id='word_1_68' title='bbox 85 548 105 571; x_wconf 86' lang='lat' dir='ltr'>a</span> <span class='ocrx_word' id='word_1_69' title='bbox 127 537 299 572; x_wconf 85' lang='lat' dir='ltr'>charitate</span> <span class='ocrx_word' id='word_1_70' title='bbox 321 538 502 572; x_wconf 86' lang='lat' dir='ltr'>mediante</span> <span class='ocrx_word' id='word_1_71' title='bbox 524 537 710 588; x_wconf 39' lang='lat' dir='ltr'>religione)</span> <span class='ocrx_word' id='word_1_72' title='bbox 734 539 834 583; x_wconf 87' lang='lat' dir='ltr'>cujus</span> <span class='ocrx_word' id='word_1_73' title='bbox 857 545 909 571; x_wconf 89' lang='lat' dir='ltr'>est</span> <span class='ocrx_word' id='word_1_74' title='bbox 931 544 1029 571; x_wconf 90' lang='lat' dir='ltr'>actus</span> <span class='ocrx_word' id='word_1_75' title='bbox 1052 536 1180 578; x_wconf 89' lang='lat' dir='ltr'>oratio,</span> <span class='ocrx_word' id='word_1_76' title='bbox 1203 543 1241 569; x_wconf 89' lang='lat' dir='ltr'>ut</span> <span class='ocrx_word' id='word_1_77' title='bbox 1262 535 1398 569; x_wconf 89' lang='lat' dir='ltr'>dictum</span> <span class='ocrx_word' id='word_1_78' title='bbox 1427 543 1479 570; x_wconf 90' lang='lat' dir='ltr'>est</span> <span class='ocrx_word' id='word_1_79' title='bbox 1509 535 1589 578; x_wconf 79' lang='lat' dir='ltr'>(art.</span> <span class='ocrx_word' id='word_1_80' title='bbox 1614 546 1640 580; x_wconf 81' lang='lat'>3.</span> 
     </span>
     <span class='ocr_line' id='line_1_9' title="bbox 84 588 1640 637; baseline -0.001 -13"><span class='ocrx_word' id='word_1_81' title='bbox 84 590 152 636; x_wconf 83' lang='lat' dir='ltr'>huj.</span> <span class='ocrx_word' id='word_1_82' title='bbox 167 591 228 636; x_wconf 84' lang='lat' dir='ltr'>q.),</span> <span class='ocrx_word' id='word_1_83' title='bbox 244 591 572 626; x_wconf 82' lang='lat' dir='ltr'>concomitantibus</span> <span class='ocrx_word' id='word_1_84' title='bbox 594 591 704 625; x_wconf 87' lang='lat' dir='ltr'>etiam</span> <span class='ocrx_word' id='word_1_85' title='bbox 726 591 938 637; x_wconf 88' lang='lat' dir='ltr'>quibusdam</span> <span class='ocrx_word' id='word_1_86' title='bbox 959 589 1036 624; x_wconf 90' lang='lat' dir='ltr'>aliis</span> <span class='ocrx_word' id='word_1_87' title='bbox 1057 589 1256 632; x_wconf 83' lang='lat' dir='ltr'>virtutibus,</span> <span class='ocrx_word' id='word_1_88' title='bbox 1277 600 1367 635; x_wconf 89' lang='lat' dir='ltr'>quae</span> <span class='ocrx_word' id='word_1_89' title='bbox 1384 588 1426 622; x_wconf 88' lang='lat' dir='ltr'>ad</span> <span class='ocrx_word' id='word_1_90' title='bbox 1441 589 1640 622; x_wconf 85' lang='lat' dir='ltr'>bonitatem</span> 
     </span>
     <span class='ocr_line' id='line_1_10' title="bbox 85 642 1643 690; baseline -0.002 -12"><span class='ocrx_word' id='word_1_91' title='bbox 85 644 256 678; x_wconf 90' lang='lat' dir='ltr'>orationis</span> <span class='ocrx_word' id='word_1_92' title='bbox 284 646 520 690; x_wconf 85' lang='lat' dir='ltr'>requiruntur,</span> <span class='ocrx_word' id='word_1_93' title='bbox 542 644 679 679; x_wconf 91' lang='lat' dir='ltr'>scilicet</span> <span class='ocrx_word' id='word_1_94' title='bbox 701 644 914 687; x_wconf 86' lang='lat' dir='ltr'>humilitate,</span> <span class='ocrx_word' id='word_1_95' title='bbox 934 651 968 678; x_wconf 90' lang='lat' dir='ltr'>et</span> <span class='ocrx_word' id='word_1_96' title='bbox 985 643 1074 678; x_wconf 88' lang='lat' dir='ltr'>fide:</span> <span class='ocrx_word' id='word_1_97' title='bbox 1089 643 1132 677; x_wconf 89' lang='lat' dir='ltr'>ad</span> <span class='ocrx_word' id='word_1_98' title='bbox 1148 643 1363 688; x_wconf 85' lang='lat' dir='ltr'>religionem</span> <span class='ocrx_word' id='word_1_99' title='bbox 1378 644 1474 676; x_wconf 90' lang='lat' dir='ltr'>enim</span> <span class='ocrx_word' id='word_1_100' title='bbox 1490 642 1643 687; x_wconf 85' lang='lat' dir='ltr'>pertinet</span> 
     </span>
     <span class='ocr_line' id='line_1_11' title="bbox 82 696 1642 743; baseline -0.001 -13"><span class='ocrx_word' id='word_1_101' title='bbox 82 697 198 743; x_wconf 87' lang='lat' dir='ltr'>ipsam</span> <span class='ocrx_word' id='word_1_102' title='bbox 220 699 424 732; x_wconf 87' lang='lat' dir='ltr'>orationem</span> <span class='ocrx_word' id='word_1_103' title='bbox 444 698 525 733; x_wconf 94' lang='lat' dir='ltr'>Deo</span> <span class='ocrx_word' id='word_1_104' title='bbox 548 697 691 732; x_wconf 84' lang='lat' dir='ltr'>offerre:</span> <span class='ocrx_word' id='word_1_105' title='bbox 715 698 758 731; x_wconf 86' lang='lat' dir='ltr'>ad</span> <span class='ocrx_word' id='word_1_106' title='bbox 782 698 994 732; x_wconf 87' lang='lat' dir='ltr'>charitatem</span> <span class='ocrx_word' id='word_1_107' title='bbox 1024 709 1110 732; x_wconf 86' lang='lat' dir='ltr'>vero</span> <span class='ocrx_word' id='word_1_108' title='bbox 1142 697 1295 743; x_wconf 88' lang='lat' dir='ltr'>pertinet</span> <span class='ocrx_word' id='word_1_109' title='bbox 1329 696 1547 730; x_wconf 88' lang='lat' dir='ltr'>desiderium</span> <span class='ocrx_word' id='word_1_110' title='bbox 1579 696 1642 738; x_wconf 88' lang='lat' dir='ltr'>rei,</span> 
     </span>
     <span class='ocr_line' id='line_1_12' title="bbox 85 749 1641 797; baseline -0.001 -12"><span class='ocrx_word' id='word_1_111' title='bbox 85 751 184 796; x_wconf 90' lang='lat' dir='ltr'>cujus</span> <span class='ocrx_word' id='word_1_112' title='bbox 207 751 515 797; x_wconf 86' lang='lat' dir='ltr'>complementum</span> <span class='ocrx_word' id='word_1_113' title='bbox 538 752 653 786; x_wconf 89' lang='lat' dir='ltr'>oratio</span> <span class='ocrx_word' id='word_1_114' title='bbox 676 751 778 797; x_wconf 91' lang='lat' dir='ltr'>petit:</span> <span class='ocrx_word' id='word_1_115' title='bbox 814 751 901 786; x_wconf 84' lang='lat' dir='ltr'>fides</span> <span class='ocrx_word' id='word_1_116' title='bbox 936 759 1057 785; x_wconf 91' lang='lat' dir='ltr'>autern</span> <span class='ocrx_word' id='word_1_117' title='bbox 1079 758 1132 785; x_wconf 88' lang='lat' dir='ltr'>est</span> <span class='ocrx_word' id='word_1_118' title='bbox 1152 750 1355 785; x_wconf 87' lang='lat' dir='ltr'>necessaria</span> <span class='ocrx_word' id='word_1_119' title='bbox 1376 761 1418 784; x_wconf 77' lang='lat' dir='ltr'>ex</span> <span class='ocrx_word' id='word_1_120' title='bbox 1439 757 1537 795; x_wconf 89' lang='lat' dir='ltr'>parte</span> <span class='ocrx_word' id='word_1_121' title='bbox 1559 749 1641 792; x_wconf 90' lang='lat' dir='ltr'>Dei,</span> 
     </span>
     <span class='ocr_line' id='line_1_13' title="bbox 84 803 1640 851; baseline -0.001 -13"><span class='ocrx_word' id='word_1_122' title='bbox 84 815 191 850; x_wconf 90' lang='lat' dir='ltr'>quem</span> <span class='ocrx_word' id='word_1_123' title='bbox 214 816 379 847; x_wconf 87' lang='lat' dir='ltr'>oramus;</span> <span class='ocrx_word' id='word_1_124' title='bbox 402 813 440 839; x_wconf 89' lang='lat' dir='ltr'>ut</span> <span class='ocrx_word' id='word_1_125' title='bbox 460 804 597 840; x_wconf 90' lang='lat' dir='ltr'>scilicet</span> <span class='ocrx_word' id='word_1_126' title='bbox 618 805 819 847; x_wconf 81' lang='lat' dir='ltr'>credamus,</span> <span class='ocrx_word' id='word_1_127' title='bbox 842 805 883 838; x_wconf 86' lang='lat' dir='ltr'>ab</span> <span class='ocrx_word' id='word_1_128' title='bbox 907 816 950 839; x_wconf 91' lang='lat' dir='ltr'>eo</span> <span class='ocrx_word' id='word_1_129' title='bbox 972 816 1038 839; x_wconf 92' lang='lat' dir='ltr'>nos</span> <span class='ocrx_word' id='word_1_130' title='bbox 1056 815 1160 851; x_wconf 89' lang='lat' dir='ltr'>posse</span> <span class='ocrx_word' id='word_1_131' title='bbox 1180 804 1340 838; x_wconf 89' lang='lat' dir='ltr'>obtinere</span> <span class='ocrx_word' id='word_1_132' title='bbox 1360 804 1456 849; x_wconf 91' lang='lat' dir='ltr'>quod</span> <span class='ocrx_word' id='word_1_133' title='bbox 1475 803 1640 849; x_wconf 86' lang='lat' dir='ltr'>petimus:</span> 
     </span>
     <span class='ocr_line' id='line_1_14' title="bbox 82 856 1641 905; baseline -0.001 -14"><span class='ocrx_word' id='word_1_134' title='bbox 82 858 267 893; x_wconf 83' lang='lat' dir='ltr'>humilitas</span> <span class='ocrx_word' id='word_1_135' title='bbox 289 867 409 893; x_wconf 87' lang='lat' dir='ltr'>autem</span> <span class='ocrx_word' id='word_1_136' title='bbox 431 867 484 893; x_wconf 87' lang='lat' dir='ltr'>est</span> <span class='ocrx_word' id='word_1_137' title='bbox 503 860 706 893; x_wconf 87' lang='lat' dir='ltr'>necessaria</span> <span class='ocrx_word' id='word_1_138' title='bbox 728 870 771 892; x_wconf 78' lang='lat' dir='ltr'>ex</span> <span class='ocrx_word' id='word_1_139' title='bbox 791 867 890 905; x_wconf 90' lang='lat' dir='ltr'>parte</span> <span class='ocrx_word' id='word_1_140' title='bbox 909 859 1019 904; x_wconf 86' lang='lat' dir='ltr'>ipsius</span> <span class='ocrx_word' id='word_1_141' title='bbox 1034 858 1197 904; x_wconf 87' lang='lat' dir='ltr'>petentis,</span> <span class='ocrx_word' id='word_1_142' title='bbox 1212 858 1272 904; x_wconf 88' lang='lat' dir='ltr'>qui</span> <span class='ocrx_word' id='word_1_143' title='bbox 1287 869 1388 891; x_wconf 91' lang='lat' dir='ltr'>suam</span> <span class='ocrx_word' id='word_1_144' title='bbox 1404 856 1641 901; x_wconf 81' lang='lat' dir='ltr'>indigentiam</span> 
     </span>
     <span class='ocr_line' id='line_1_15' title="bbox 83 910 1643 958; baseline -0.001 -13"><span class='ocrx_word' id='word_1_145' title='bbox 83 913 332 958; x_wconf 82' lang='lat' dir='ltr'>recognoscit3</span> <span class='ocrx_word' id='word_1_146' title='bbox 355 920 408 947; x_wconf 91' lang='lat' dir='ltr'>est</span> <span class='ocrx_word' id='word_1_147' title='bbox 429 912 537 947; x_wconf 86' lang='lat' dir='ltr'>etiam</span> <span class='ocrx_word' id='word_1_148' title='bbox 561 920 595 946; x_wconf 94' lang='lat' dir='ltr'>et</span> <span class='ocrx_word' id='word_1_149' title='bbox 616 912 762 946; x_wconf 80' lang='lat' dir='ltr'>devotio</span> <span class='ocrx_word' id='word_1_150' title='bbox 783 912 1005 946; x_wconf 88' lang='lat' dir='ltr'>necessaria:</span> <span class='ocrx_word' id='word_1_151' title='bbox 1029 912 1091 946; x_wconf 91' lang='lat' dir='ltr'>sed</span> <span class='ocrx_word' id='word_1_152' title='bbox 1113 912 1203 946; x_wconf 84' lang='lat' dir='ltr'>haec</span> <span class='ocrx_word' id='word_1_153' title='bbox 1227 912 1271 945; x_wconf 86' lang='lat' dir='ltr'>ad</span> <span class='ocrx_word' id='word_1_154' title='bbox 1292 910 1510 956; x_wconf 83' lang='lat' dir='ltr'>religionem</span> <span class='ocrx_word' id='word_1_155' title='bbox 1538 910 1643 956; x_wconf 90' lang='lat' dir='ltr'>perti-</span> 
     </span>
     <span class='ocr_line' id='line_1_16' title="bbox 82 963 1643 1012; baseline -0.001 -13"><span class='ocrx_word' id='word_1_156' title='bbox 82 973 153 1008; x_wconf 91' lang='lat' dir='ltr'>net,</span> <span class='ocrx_word' id='word_1_157' title='bbox 177 967 276 1012; x_wconf 89' lang='lat' dir='ltr'>cujus</span> <span class='ocrx_word' id='word_1_158' title='bbox 299 974 352 1001; x_wconf 88' lang='lat' dir='ltr'>est</span> <span class='ocrx_word' id='word_1_159' title='bbox 372 967 507 1012; x_wconf 90' lang='lat' dir='ltr'>primus</span> <span class='ocrx_word' id='word_1_160' title='bbox 530 974 628 1000; x_wconf 86' lang='lat' dir='ltr'>actus</span> <span class='ocrx_word' id='word_1_161' title='bbox 650 966 871 1000; x_wconf 90' lang='lat' dir='ltr'>necessarius</span> <span class='ocrx_word' id='word_1_162' title='bbox 898 967 941 1000; x_wconf 88' lang='lat' dir='ltr'>ad</span> <span class='ocrx_word' id='word_1_163' title='bbox 964 977 1091 1000; x_wconf 89' lang='lat' dir='ltr'>omnes</span> <span class='ocrx_word' id='word_1_164' title='bbox 1114 973 1387 1011; x_wconf 81' lang='lat' dir='ltr'>consequentes,</span> <span class='ocrx_word' id='word_1_165' title='bbox 1409 972 1447 998; x_wconf 90' lang='lat' dir='ltr'>ut</span> <span class='ocrx_word' id='word_1_166' title='bbox 1467 974 1574 1010; x_wconf 82' lang='lat' dir='ltr'>supra</span> <span class='ocrx_word' id='word_1_167' title='bbox 1595 963 1643 997; x_wconf 84' lang='lat' dir='ltr'>di-</span> 
     </span>
     <span class='ocr_line' id='line_1_17' title="bbox 83 1017 1641 1066; baseline -0.002 -13"><span class='ocrx_word' id='word_1_168' title='bbox 83 1027 180 1053; x_wconf 91' lang='lat' dir='ltr'>ctum</span> <span class='ocrx_word' id='word_1_169' title='bbox 204 1027 257 1054; x_wconf 88' lang='lat' dir='ltr'>est</span> <span class='ocrx_word' id='word_1_170' title='bbox 279 1019 323 1066; x_wconf 85' lang='lat' dir='ltr'>(q.</span> <span class='ocrx_word' id='word_1_171' title='bbox 342 1026 455 1066; x_wconf 80' lang='lat' dir='ltr'>praec.</span> <span class='ocrx_word' id='word_1_172' title='bbox 477 1025 540 1054; x_wconf 80' lang='lat' dir='ltr'>art.</span> <span class='ocrx_word' id='word_1_173' title='bbox 563 1032 590 1054; x_wconf 80' lang='grc' dir='ltr'>Ι.</span> <span class='ocrx_word' id='word_1_174' title='bbox 612 1024 640 1054; x_wconf 79' lang='lat' dir='ltr'>et</span> <span class='ocrx_word' id='word_1_175' title='bbox 660 1021 723 1066; x_wconf 87' lang='lat'><em>2.):</em></span> <span class='ocrx_word' id='word_1_176' title='bbox 747 1019 947 1054; x_wconf 84' lang='lat' dir='ltr'>efficaciam</span> <span class='ocrx_word' id='word_1_177' title='bbox 974 1028 1095 1054; x_wconf 84' lang='lat' dir='ltr'>autem</span> <span class='ocrx_word' id='word_1_178' title='bbox 1116 1018 1333 1065; x_wconf 87' lang='lat' dir='ltr'>impetrandi</span> <span class='ocrx_word' id='word_1_179' title='bbox 1344 1018 1453 1052; x_wconf 87' lang='lat' dir='ltr'>habet</span> <span class='ocrx_word' id='word_1_180' title='bbox 1467 1028 1509 1051; x_wconf 83' lang='lat' dir='ltr'>ex</span> <span class='ocrx_word' id='word_1_181' title='bbox 1528 1017 1641 1063; x_wconf 85' lang='lat' dir='ltr'>gratia</span> 
     </span>
     <span class='ocr_line' id='line_1_18' title="bbox 81 1070 1642 1119; baseline -0.002 -13"><span class='ocrx_word' id='word_1_182' title='bbox 81 1073 162 1115; x_wconf 88' lang='lat' dir='ltr'>Dei,</span> <span class='ocrx_word' id='word_1_183' title='bbox 185 1085 292 1119; x_wconf 91' lang='lat' dir='ltr'>quem</span> <span class='ocrx_word' id='word_1_184' title='bbox 315 1084 480 1115; x_wconf 88' lang='lat' dir='ltr'>oramus;</span> <span class='ocrx_word' id='word_1_185' title='bbox 503 1073 563 1119; x_wconf 92' lang='lat' dir='ltr'>qui</span> <span class='ocrx_word' id='word_1_186' title='bbox 585 1073 694 1107; x_wconf 89' lang='lat' dir='ltr'>etiam</span> <span class='ocrx_word' id='word_1_187' title='bbox 715 1085 782 1107; x_wconf 89' lang='lat' dir='ltr'>nos</span> <span class='ocrx_word' id='word_1_188' title='bbox 805 1074 848 1107; x_wconf 89' lang='lat' dir='ltr'>ad</span> <span class='ocrx_word' id='word_1_189' title='bbox 871 1073 1050 1107; x_wconf 90' lang='lat' dir='ltr'>orandum</span> <span class='ocrx_word' id='word_1_190' title='bbox 1072 1073 1225 1115; x_wconf 86' lang='lat' dir='ltr'>inducit;</span> <span class='ocrx_word' id='word_1_191' title='bbox 1247 1072 1340 1106; x_wconf 90' lang='lat' dir='ltr'>unde</span> <span class='ocrx_word' id='word_1_192' title='bbox 1371 1072 1523 1117; x_wconf 82' lang='lat' dir='ltr'>August.</span> <span class='ocrx_word' id='word_1_193' title='bbox 1556 1070 1642 1104; x_wconf 89' lang='lat' dir='ltr'>dicit</span> 
     </span>
     <span class='ocr_line' id='line_1_19' title="bbox 81 1123 1643 1174; baseline -0.001 -15"><span class='ocrx_word' id='word_1_194' title='bbox 81 1127 116 1159; x_wconf 88' lang='lat' dir='ltr'>in</span> <span class='ocrx_word' id='word_1_195' title='bbox 139 1126 198 1160; x_wconf 89' lang='lat' dir='ltr'>lib.</span> <span class='ocrx_word' id='word_1_196' title='bbox 221 1126 264 1160; x_wconf 91' lang='lat' dir='ltr'>de</span> <span class='ocrx_word' id='word_1_197' title='bbox 286 1126 393 1160; x_wconf 88' lang='lat' dir='ltr'>Verb.</span> <span class='ocrx_word' id='word_1_198' title='bbox 427 1127 537 1160; x_wconf 74' lang='lat' dir='ltr'>Doni.</span> <span class='ocrx_word' id='word_1_199' title='bbox 569 1128 678 1171; x_wconf 78' lang='lat' dir='ltr'>(serm.</span> <span class='ocrx_word' id='word_1_200' title='bbox 697 1139 724 1173; x_wconf 78' lang='lat'>5.</span> <span class='ocrx_word' id='word_1_201' title='bbox 748 1134 820 1174; x_wconf 77' lang='lat' dir='ltr'>cap.</span> <span class='ocrx_word' id='word_1_202' title='bbox 839 1138 872 1172; x_wconf 77' lang='lat'>4.</span> <span class='ocrx_word' id='word_1_203' title='bbox 895 1132 923 1162; x_wconf 79' lang='lat' dir='ltr'>et</span> <span class='ocrx_word' id='word_1_204' title='bbox 940 1139 1034 1161; x_wconf 66' lang='lat' dir='ltr'>serm.</span> <span class='ocrx_word' id='word_1_205' title='bbox 1057 1139 1112 1172; x_wconf 85' lang='lat'>29.</span> <span class='ocrx_word' id='word_1_206' title='bbox 1135 1133 1207 1173; x_wconf 79' lang='lat' dir='ltr'>cap.</span> <span class='ocrx_word' id='word_1_207' title='bbox 1230 1127 1298 1171; x_wconf 82' lang='lat'><em>1.):</em></span> <span class='ocrx_word' id='word_1_208' title='bbox 1325 1138 1342 1156; x_wconf 85' lang='grc'>(&lt;</span> <span class='ocrx_word' id='word_1_209' title='bbox 1364 1125 1449 1159; x_wconf 87' lang='lat' dir='ltr'>Non</span> <span class='ocrx_word' id='word_1_210' title='bbox 1470 1135 1537 1158; x_wconf 86' lang='lat' dir='ltr'>nos</span> <span class='ocrx_word' id='word_1_211' title='bbox 1559 1123 1643 1157; x_wconf 88' lang='lat' dir='ltr'>hor-</span> 
     </span>
     <span class='ocr_line' id='line_1_20' title="bbox 80 1178 1641 1226; baseline -0.001 -13"><span class='ocrx_word' id='word_1_212' title='bbox 80 1187 215 1214; x_wconf 87' lang='lat' dir='ltr'>taretur</span> <span class='ocrx_word' id='word_1_213' title='bbox 235 1188 273 1214; x_wconf 92' lang='lat' dir='ltr'>ut</span> <span class='ocrx_word' id='word_1_214' title='bbox 293 1188 508 1226; x_wconf 84' lang='lat' dir='ltr'>peteremus,</span> <span class='ocrx_word' id='word_1_215' title='bbox 530 1180 598 1214; x_wconf 89' lang='lat' dir='ltr'>nisi</span> <span class='ocrx_word' id='word_1_216' title='bbox 620 1181 703 1214; x_wconf 86' lang='lat' dir='ltr'>dare</span> <span class='ocrx_word' id='word_1_217' title='bbox 737 1180 846 1215; x_wconf 85' lang='lat' dir='ltr'>vellet</span> <span class='ocrx_word' id='word_1_218' title='bbox 867 1193 899 1222; x_wconf 80' lang='lat'>»3</span> <span class='ocrx_word' id='word_1_219' title='bbox 934 1189 968 1215; x_wconf 93' lang='lat' dir='ltr'>et</span> <span class='ocrx_word' id='word_1_220' title='bbox 1002 1180 1132 1226; x_wconf 84' lang='lat' dir='ltr'>Chrys.</span> <span class='ocrx_word' id='word_1_221' title='bbox 1168 1179 1254 1214; x_wconf 87' lang='lat' dir='ltr'>dicit</span> <span class='ocrx_word' id='word_1_222' title='bbox 1298 1179 1389 1224; x_wconf 79' lang='lat' dir='ltr'>(hab.</span> <span class='ocrx_word' id='word_1_223' title='bbox 1412 1180 1446 1212; x_wconf 76' lang='lat' dir='ltr'>in</span> <span class='ocrx_word' id='word_1_224' title='bbox 1470 1178 1543 1212; x_wconf 81' lang='lat' dir='ltr'>Cat.</span> <span class='ocrx_word' id='word_1_225' title='bbox 1567 1188 1641 1211; x_wconf 80' lang='lat' dir='ltr'>aur.</span> 
     </span>
     <span class='ocr_line' id='line_1_21' title="bbox 80 1233 1642 1280; baseline -0.001 -13"><span class='ocrx_word' id='word_1_226' title='bbox 80 1234 126 1267; x_wconf 92' lang='lat' dir='ltr'>D.</span> <span class='ocrx_word' id='word_1_227' title='bbox 148 1234 264 1267; x_wconf 85' lang='lat' dir='ltr'>Thom.</span> <span class='ocrx_word' id='word_1_228' title='bbox 280 1235 313 1267; x_wconf 81' lang='lat' dir='ltr'>in</span> <span class='ocrx_word' id='word_1_229' title='bbox 328 1240 399 1280; x_wconf 75' lang='lat' dir='ltr'>cap.</span> <span class='ocrx_word' id='word_1_230' title='bbox 413 1235 463 1269; x_wconf 77' lang='lat'>18.</span> <span class='ocrx_word' id='word_1_231' title='bbox 478 1234 592 1279; x_wconf 83' lang='lat' dir='ltr'>Luc.):</span> <span class='ocrx_word' id='word_1_232' title='bbox 611 1247 628 1266; x_wconf 84' lang='lat'>‹&lt;</span> <span class='ocrx_word' id='word_1_233' title='bbox 643 1235 854 1280; x_wconf 86' lang='lat' dir='ltr'>Numquam</span> <span class='ocrx_word' id='word_1_234' title='bbox 870 1235 986 1269; x_wconf 91' lang='lat' dir='ltr'>oranti</span> <span class='ocrx_word' id='word_1_235' title='bbox 1000 1234 1174 1268; x_wconf 88' lang='lat' dir='ltr'>beneficia</span> <span class='ocrx_word' id='word_1_236' title='bbox 1189 1234 1356 1280; x_wconf 83' lang='lat' dir='ltr'>denegat,</span> <span class='ocrx_word' id='word_1_237' title='bbox 1370 1233 1431 1280; x_wconf 90' lang='lat' dir='ltr'>qui</span> <span class='ocrx_word' id='word_1_238' title='bbox 1445 1241 1483 1267; x_wconf 90' lang='lat' dir='ltr'>ut</span> <span class='ocrx_word' id='word_1_239' title='bbox 1497 1240 1642 1267; x_wconf 88' lang='lat' dir='ltr'>orantes</span> 
     </span>
     <span class='ocr_line' id='line_1_22' title="bbox 79 1287 811 1334; baseline 0 -13"><span class='ocrx_word' id='word_1_240' title='bbox 79 1298 154 1321; x_wconf 91' lang='lat' dir='ltr'>non</span> <span class='ocrx_word' id='word_1_241' title='bbox 175 1287 354 1330; x_wconf 83' lang='lat' dir='ltr'>deficiant,</span> <span class='ocrx_word' id='word_1_242' title='bbox 375 1299 439 1322; x_wconf 88' lang='lat' dir='ltr'>sua</span> <span class='ocrx_word' id='word_1_243' title='bbox 460 1288 591 1334; x_wconf 88' lang='lat' dir='ltr'>pietate</span> <span class='ocrx_word' id='word_1_244' title='bbox 612 1289 759 1334; x_wconf 87' lang='lat' dir='ltr'>instigat</span> <span class='ocrx_word' id='word_1_245' title='bbox 780 1303 811 1322; x_wconf 82' lang='grc'>&gt;).</span> 
     </span>
    </p>

    <p class='ocr_par' dir='ltr' id='par_1_3' title="bbox 78 1340 1642 1603">
     <span class='ocr_line' id='line_1_23' title="bbox 149 1340 1642 1389; baseline -0.001 -13"><span class='ocrx_word' id='word_1_246' title='bbox 149 1341 209 1375; x_wconf 87' lang='lat' dir='ltr'>AD</span> <span class='ocrx_word' id='word_1_247' title='bbox 231 1352 379 1376; x_wconf 76' lang='lat' dir='ltr'><strong>PRIMUM</strong></span> <span class='ocrx_word' id='word_1_248' title='bbox 401 1353 488 1388; x_wconf 85' lang='lat' dir='ltr'>ergo</span> <span class='ocrx_word' id='word_1_249' title='bbox 511 1342 715 1384; x_wconf 88' lang='lat' dir='ltr'>dicendum,</span> <span class='ocrx_word' id='word_1_250' title='bbox 737 1343 834 1389; x_wconf 90' lang='lat' dir='ltr'>quod</span> <span class='ocrx_word' id='word_1_251' title='bbox 856 1343 973 1377; x_wconf 71' lang='lat' dir='ltr'>oratio</span> <span class='ocrx_word' id='word_1_252' title='bbox 995 1343 1071 1377; x_wconf 89' lang='lat' dir='ltr'>sine</span> <span class='ocrx_word' id='word_1_253' title='bbox 1094 1342 1208 1388; x_wconf 87' lang='lat' dir='ltr'>gratia</span> <span class='ocrx_word' id='word_1_254' title='bbox 1230 1349 1373 1388; x_wconf 86' lang='lat' dir='ltr'>gratum</span> <span class='ocrx_word' id='word_1_255' title='bbox 1394 1340 1547 1375; x_wconf 87' lang='lat' dir='ltr'>faciente</span> <span class='ocrx_word' id='word_1_256' title='bbox 1570 1351 1642 1374; x_wconf 91' lang='lat' dir='ltr'>me-</span> 
     </span>
     <span class='ocr_line' id='line_1_24' title="bbox 78 1394 1640 1442; baseline -0.001 -13"><span class='ocrx_word' id='word_1_257' title='bbox 78 1394 201 1429; x_wconf 87' lang='lat' dir='ltr'>ritoria</span> <span class='ocrx_word' id='word_1_258' title='bbox 223 1406 296 1429; x_wconf 92' lang='lat' dir='ltr'>non</span> <span class='ocrx_word' id='word_1_259' title='bbox 319 1403 388 1438; x_wconf 80' lang='lat' dir='ltr'>est3</span> <span class='ocrx_word' id='word_1_260' title='bbox 411 1396 503 1430; x_wconf 90' lang='lat' dir='ltr'>sicut</span> <span class='ocrx_word' id='word_1_261' title='bbox 523 1407 590 1430; x_wconf 93' lang='lat' dir='ltr'>nec</span> <span class='ocrx_word' id='word_1_262' title='bbox 613 1395 741 1442; x_wconf 88' lang='lat' dir='ltr'>aliquis</span> <span class='ocrx_word' id='word_1_263' title='bbox 764 1396 853 1431; x_wconf 87' lang='lat' dir='ltr'>alius</span> <span class='ocrx_word' id='word_1_264' title='bbox 873 1405 972 1431; x_wconf 86' lang='lat' dir='ltr'>actus</span> <span class='ocrx_word' id='word_1_265' title='bbox 986 1396 1185 1430; x_wconf 85' lang='lat' dir='ltr'>virtuosus:</span> <span class='ocrx_word' id='word_1_266' title='bbox 1203 1404 1237 1430; x_wconf 93' lang='lat' dir='ltr'>et</span> <span class='ocrx_word' id='word_1_267' title='bbox 1250 1403 1373 1430; x_wconf 80' lang='lat' dir='ltr'>tamen</span> <span class='ocrx_word' id='word_1_268' title='bbox 1389 1395 1496 1430; x_wconf 87' lang='lat' dir='ltr'>etiam</span> <span class='ocrx_word' id='word_1_269' title='bbox 1512 1394 1640 1435; x_wconf 83' lang='lat' dir='ltr'>oratio,</span> 
     </span>
     <span class='ocr_line' id='line_1_25' title="bbox 80 1449 1640 1496; baseline -0.001 -14"><span class='ocrx_word' id='word_1_270' title='bbox 80 1460 171 1494; x_wconf 86' lang='lat' dir='ltr'>quae</span> <span class='ocrx_word' id='word_1_271' title='bbox 192 1449 360 1495; x_wconf 84' lang='lat' dir='ltr'>impetrat</span> <span class='ocrx_word' id='word_1_272' title='bbox 381 1450 534 1495; x_wconf 83' lang='lat' dir='ltr'>gratiam</span> <span class='ocrx_word' id='word_1_273' title='bbox 557 1458 699 1495; x_wconf 88' lang='lat' dir='ltr'>gratum</span> <span class='ocrx_word' id='word_1_274' title='bbox 720 1449 926 1492; x_wconf 75' lang='lat' dir='ltr'>facientem,</span> <span class='ocrx_word' id='word_1_275' title='bbox 949 1450 1110 1496; x_wconf 86' lang='lat' dir='ltr'>procedit</span> <span class='ocrx_word' id='word_1_276' title='bbox 1132 1461 1173 1483; x_wconf 79' lang='lat' dir='ltr'>ex</span> <span class='ocrx_word' id='word_1_277' title='bbox 1196 1449 1315 1495; x_wconf 89' lang='lat' dir='ltr'>aliqua</span> <span class='ocrx_word' id='word_1_278' title='bbox 1333 1449 1459 1495; x_wconf 87' lang='lat' dir='ltr'>gratia,</span> <span class='ocrx_word' id='word_1_279' title='bbox 1478 1449 1578 1494; x_wconf 85' lang='lat' dir='ltr'>quasi</span> <span class='ocrx_word' id='word_1_280' title='bbox 1598 1459 1640 1482; x_wconf 76' lang='lat' dir='ltr'>ex</span> 
     </span>
     <span class='ocr_line' id='line_1_26' title="bbox 81 1501 1639 1550; baseline -0.001 -15"><span class='ocrx_word' id='word_1_281' title='bbox 81 1502 236 1547; x_wconf 88' lang='lat' dir='ltr'>gratuito</span> <span class='ocrx_word' id='word_1_282' title='bbox 260 1502 375 1536; x_wconf 89' lang='lat' dir='ltr'>dono:</span> <span class='ocrx_word' id='word_1_283' title='bbox 398 1504 481 1548; x_wconf 89' lang='lat' dir='ltr'>quia</span> <span class='ocrx_word' id='word_1_284' title='bbox 502 1503 621 1549; x_wconf 85' lang='lat' dir='ltr'>ipsum</span> <span class='ocrx_word' id='word_1_285' title='bbox 643 1514 739 1538; x_wconf 61' lang='lat' dir='ltr'>orara</span> <span class='ocrx_word' id='word_1_286' title='bbox 761 1512 814 1537; x_wconf 89' lang='lat' dir='ltr'>est</span> <span class='ocrx_word' id='word_1_287' title='bbox 835 1504 1016 1550; x_wconf 89' lang='lat' dir='ltr'>quoddam</span> <span class='ocrx_word' id='word_1_288' title='bbox 1041 1504 1178 1538; x_wconf 88' lang='lat' dir='ltr'>donum</span> <span class='ocrx_word' id='word_1_289' title='bbox 1207 1503 1288 1545; x_wconf 86' lang='lat' dir='ltr'>Dei,</span> <span class='ocrx_word' id='word_1_290' title='bbox 1311 1510 1349 1536; x_wconf 88' lang='lat' dir='ltr'>ut</span> <span class='ocrx_word' id='word_1_291' title='bbox 1370 1503 1464 1548; x_wconf 86' lang='lat' dir='ltr'>Aug.</span> <span class='ocrx_word' id='word_1_292' title='bbox 1497 1501 1582 1535; x_wconf 89' lang='lat' dir='ltr'>dicit</span> <span class='ocrx_word' id='word_1_293' title='bbox 1602 1501 1639 1534; x_wconf 89' lang='lat' dir='ltr'>in</span> 
     </span>
     <span class='ocr_line' id='line_1_27' title="bbox 79 1555 581 1603; baseline 0.002 -14"><span class='ocrx_word' id='word_1_294' title='bbox 79 1555 138 1590; x_wconf 86' lang='lat' dir='ltr'>lib.</span> <span class='ocrx_word' id='word_1_295' title='bbox 162 1555 205 1603; x_wconf 80' lang='lat' dir='ltr'>de</span> <span class='ocrx_word' id='word_1_296' title='bbox 227 1556 370 1590; x_wconf 79' lang='lat' dir='ltr'>PerseV.</span> <span class='ocrx_word' id='word_1_297' title='bbox 394 1557 482 1602; x_wconf 77' lang='lat' dir='ltr'>(cap.</span> <span class='ocrx_word' id='word_1_298' title='bbox 504 1557 581 1602; x_wconf 71' lang='lat'>25).</span> 
     </span>
    </p>

    <p class='ocr_par' dir='ltr' id='par_1_4' title="bbox 75 1609 1640 2885">
     <span class='ocr_line' id='line_1_28' title="bbox 150 1609 1639 1657; baseline -0.001 -14"><span class='ocrx_word' id='word_1_299' title='bbox 150 1609 210 1644; x_wconf 73' lang='grc' dir='ltr'>ΑΒ</span> <span class='ocrx_word' id='word_1_300' title='bbox 233 1620 439 1645; x_wconf 72' lang='lat' dir='ltr'>SECUNDUM</span> <span class='ocrx_word' id='word_1_301' title='bbox 467 1610 672 1652; x_wconf 89' lang='lat' dir='ltr'>dicendum,</span> <span class='ocrx_word' id='word_1_302' title='bbox 706 1611 802 1656; x_wconf 92' lang='lat' dir='ltr'>quod</span> <span class='ocrx_word' id='word_1_303' title='bbox 825 1611 867 1645; x_wconf 90' lang='lat' dir='ltr'>ad</span> <span class='ocrx_word' id='word_1_304' title='bbox 890 1611 985 1645; x_wconf 88' lang='lat' dir='ltr'>aliud</span> <span class='ocrx_word' id='word_1_305' title='bbox 1018 1611 1262 1657; x_wconf 84' lang='lat' dir='ltr'>principaliter</span> <span class='ocrx_word' id='word_1_306' title='bbox 1294 1610 1438 1656; x_wconf 84' lang='lat' dir='ltr'>respicit</span> <span class='ocrx_word' id='word_1_307' title='bbox 1470 1609 1639 1643; x_wconf 89' lang='lat' dir='ltr'>meritum</span> 
     </span>
     <span class='ocr_line' id='line_1_29' title="bbox 79 1663 1640 1711; baseline -0.001 -14"><span class='ocrx_word' id='word_1_308' title='bbox 79 1663 252 1697; x_wconf 88' lang='lat' dir='ltr'>orationis</span> <span class='ocrx_word' id='word_1_309' title='bbox 274 1664 501 1709; x_wconf 87' lang='lat' dir='ltr'>quandoque,</span> <span class='ocrx_word' id='word_1_310' title='bbox 524 1675 633 1710; x_wconf 91' lang='lat' dir='ltr'>quam</span> <span class='ocrx_word' id='word_1_311' title='bbox 653 1663 697 1698; x_wconf 87' lang='lat' dir='ltr'>ad</span> <span class='ocrx_word' id='word_1_312' title='bbox 719 1664 754 1697; x_wconf 94' lang='lat' dir='ltr'>id</span> <span class='ocrx_word' id='word_1_313' title='bbox 777 1665 873 1710; x_wconf 90' lang='lat' dir='ltr'>quod</span> <span class='ocrx_word' id='word_1_314' title='bbox 894 1665 1042 1711; x_wconf 88' lang='lat' dir='ltr'>petitur:</span> <span class='ocrx_word' id='word_1_315' title='bbox 1066 1665 1236 1698; x_wconf 88' lang='lat' dir='ltr'>meritum</span> <span class='ocrx_word' id='word_1_316' title='bbox 1259 1664 1355 1698; x_wconf 88' lang='lat' dir='ltr'>enim</span> <span class='ocrx_word' id='word_1_317' title='bbox 1374 1664 1567 1709; x_wconf 88' lang='lat' dir='ltr'>praecipue</span> <span class='ocrx_word' id='word_1_318' title='bbox 1585 1674 1640 1697; x_wconf 86' lang='lat' dir='ltr'>or-</span> 
     </span>
     <span class='ocr_line' id='line_1_30' title="bbox 78 1716 1638 1763; baseline 0 -13"><span class='ocrx_word' id='word_1_319' title='bbox 78 1717 218 1750; x_wconf 86' lang='lat' dir='ltr'>dinatur</span> <span class='ocrx_word' id='word_1_320' title='bbox 241 1716 284 1750; x_wconf 88' lang='lat' dir='ltr'>ad</span> <span class='ocrx_word' id='word_1_321' title='bbox 305 1717 583 1751; x_wconf 86' lang='lat' dir='ltr'>beatitudinem:</span> <span class='ocrx_word' id='word_1_322' title='bbox 606 1717 668 1751; x_wconf 85' lang='lat' dir='ltr'>sed</span> <span class='ocrx_word' id='word_1_323' title='bbox 691 1718 815 1763; x_wconf 87' lang='lat' dir='ltr'>petitio</span> <span class='ocrx_word' id='word_1_324' title='bbox 839 1719 1012 1753; x_wconf 89' lang='lat' dir='ltr'>orationis</span> <span class='ocrx_word' id='word_1_325' title='bbox 1034 1718 1168 1752; x_wconf 84' lang='lat' dir='ltr'>directe</span> <span class='ocrx_word' id='word_1_326' title='bbox 1191 1729 1227 1752; x_wconf 89' lang='lat' dir='ltr'>se</span> <span class='ocrx_word' id='word_1_327' title='bbox 1247 1718 1404 1752; x_wconf 76' lang='lat' dir='ltr'>extendit</span> <span class='ocrx_word' id='word_1_328' title='bbox 1423 1717 1638 1763; x_wconf 87' lang='lat' dir='ltr'>quandoque</span> 
     </span>
     <span class='ocr_line' id='line_1_31' title="bbox 79 1769 1638 1818; baseline -0.001 -14"><span class='ocrx_word' id='word_1_329' title='bbox 79 1770 122 1804; x_wconf 92' lang='lat' dir='ltr'>ad</span> <span class='ocrx_word' id='word_1_330' title='bbox 145 1769 263 1816; x_wconf 87' lang='lat' dir='ltr'>aliqua</span> <span class='ocrx_word' id='word_1_331' title='bbox 284 1770 365 1812; x_wconf 87' lang='lat' dir='ltr'>alia,</span> <span class='ocrx_word' id='word_1_332' title='bbox 387 1778 425 1804; x_wconf 89' lang='lat' dir='ltr'>ut</span> <span class='ocrx_word' id='word_1_333' title='bbox 446 1782 489 1804; x_wconf 80' lang='lat' dir='ltr'>ex</span> <span class='ocrx_word' id='word_1_334' title='bbox 510 1770 612 1804; x_wconf 88' lang='lat' dir='ltr'>dictis</span> <span class='ocrx_word' id='word_1_335' title='bbox 647 1779 744 1816; x_wconf 88' lang='lat' dir='ltr'>patet</span> <span class='ocrx_word' id='word_1_336' title='bbox 775 1771 854 1815; x_wconf 81' lang='lat' dir='ltr'>(art.</span> <span class='ocrx_word' id='word_1_337' title='bbox 879 1772 910 1806; x_wconf 78' lang='lat'>6.</span> <span class='ocrx_word' id='word_1_338' title='bbox 930 1777 958 1806; x_wconf 68' lang='lat' dir='ltr'>et</span> <span class='ocrx_word' id='word_1_339' title='bbox 979 1783 1009 1818; x_wconf 91' lang='lat'>7.</span> <span class='ocrx_word' id='word_1_340' title='bbox 1032 1772 1099 1817; x_wconf 77' lang='lat' dir='ltr'>huj.</span> <span class='ocrx_word' id='word_1_341' title='bbox 1123 1773 1168 1817; x_wconf 83' lang='lat' dir='ltr'>q.)</span> <span class='ocrx_word' id='word_1_342' title='bbox 1178 1784 1190 1812; x_wconf 85' lang='lat'>,·</span> <span class='ocrx_word' id='word_1_343' title='bbox 1225 1772 1254 1805; x_wconf 87' lang='lat' dir='ltr'>si</span> <span class='ocrx_word' id='word_1_344' title='bbox 1289 1783 1375 1817; x_wconf 85' lang='lat' dir='ltr'>ergo</span> <span class='ocrx_word' id='word_1_345' title='bbox 1409 1770 1497 1804; x_wconf 85' lang='lat' dir='ltr'>illud</span> <span class='ocrx_word' id='word_1_346' title='bbox 1532 1769 1638 1812; x_wconf 86' lang='lat' dir='ltr'>aliud,</span> 
     </span>
     <span class='ocr_line' id='line_1_32' title="bbox 78 1823 1639 1870; baseline 0.001 -13"><span class='ocrx_word' id='word_1_347' title='bbox 78 1823 174 1869; x_wconf 89' lang='lat' dir='ltr'>quod</span> <span class='ocrx_word' id='word_1_348' title='bbox 195 1824 283 1870; x_wconf 87' lang='lat' dir='ltr'>petit</span> <span class='ocrx_word' id='word_1_349' title='bbox 304 1823 430 1870; x_wconf 86' lang='lat' dir='ltr'>aliquis</span> <span class='ocrx_word' id='word_1_350' title='bbox 452 1835 516 1870; x_wconf 89' lang='lat' dir='ltr'>pro</span> <span class='ocrx_word' id='word_1_351' title='bbox 538 1824 669 1870; x_wconf 88' lang='lat' dir='ltr'>seipso,</span> <span class='ocrx_word' id='word_1_352' title='bbox 691 1836 765 1859; x_wconf 89' lang='lat' dir='ltr'>non</span> <span class='ocrx_word' id='word_1_353' title='bbox 787 1825 831 1859; x_wconf 87' lang='lat' dir='ltr'>sit</span> <span class='ocrx_word' id='word_1_354' title='bbox 853 1825 885 1859; x_wconf 90' lang='lat' dir='ltr'>ei</span> <span class='ocrx_word' id='word_1_355' title='bbox 906 1825 949 1859; x_wconf 89' lang='lat' dir='ltr'>ad</span> <span class='ocrx_word' id='word_1_356' title='bbox 971 1826 1228 1860; x_wconf 88' lang='lat' dir='ltr'>beatitudinem</span> <span class='ocrx_word' id='word_1_357' title='bbox 1252 1824 1348 1867; x_wconf 88' lang='lat' dir='ltr'>utile,</span> <span class='ocrx_word' id='word_1_358' title='bbox 1379 1836 1452 1859; x_wconf 90' lang='lat' dir='ltr'>non</span> <span class='ocrx_word' id='word_1_359' title='bbox 1481 1833 1639 1858; x_wconf 89' lang='lat' dir='ltr'>meretur</span> 
     </span>
     <span class='ocr_line' id='line_1_33' title="bbox 76 1876 1638 1923; baseline 0.001 -13"><span class='ocrx_word' id='word_1_360' title='bbox 76 1876 180 1911; x_wconf 88' lang='lat' dir='ltr'>illud:</span> <span class='ocrx_word' id='word_1_361' title='bbox 203 1877 265 1911; x_wconf 88' lang='lat' dir='ltr'>sed</span> <span class='ocrx_word' id='word_1_362' title='bbox 287 1877 503 1923; x_wconf 84' lang='lat' dir='ltr'>quandoque</span> <span class='ocrx_word' id='word_1_363' title='bbox 525 1877 596 1911; x_wconf 91' lang='lat' dir='ltr'>hoc</span> <span class='ocrx_word' id='word_1_364' title='bbox 619 1878 786 1923; x_wconf 89' lang='lat' dir='ltr'>petendo,</span> <span class='ocrx_word' id='word_1_365' title='bbox 809 1886 843 1912; x_wconf 91' lang='lat' dir='ltr'>et</span> <span class='ocrx_word' id='word_1_366' title='bbox 865 1878 1104 1913; x_wconf 88' lang='lat' dir='ltr'>desiderando</span> <span class='ocrx_word' id='word_1_367' title='bbox 1127 1879 1298 1913; x_wconf 88' lang='lat' dir='ltr'>meritum</span> <span class='ocrx_word' id='word_1_368' title='bbox 1320 1878 1469 1919; x_wconf 80' lang='lat' dir='ltr'>amittit3</span> <span class='ocrx_word' id='word_1_369' title='bbox 1503 1885 1588 1923; x_wconf 87' lang='lat' dir='ltr'>puta</span> <span class='ocrx_word' id='word_1_370' title='bbox 1609 1877 1638 1911; x_wconf 92' lang='lat' dir='ltr'>si</span> 
     </span>
     <span class='ocr_line' id='line_1_34' title="bbox 76 1930 1639 1978; baseline 0 -14"><span class='ocrx_word' id='word_1_371' title='bbox 76 1938 175 1976; x_wconf 89' lang='lat' dir='ltr'>petat</span> <span class='ocrx_word' id='word_1_372' title='bbox 196 1942 215 1964; x_wconf 89' lang='lat' dir='ltr'>a</span> <span class='ocrx_word' id='word_1_373' title='bbox 235 1931 317 1965; x_wconf 92' lang='lat' dir='ltr'>Deo</span> <span class='ocrx_word' id='word_1_374' title='bbox 340 1930 649 1977; x_wconf 86' lang='lat' dir='ltr'>complementum</span> <span class='ocrx_word' id='word_1_375' title='bbox 671 1931 822 1977; x_wconf 80' lang='lat' dir='ltr'>alicujus</span> <span class='ocrx_word' id='word_1_376' title='bbox 843 1932 994 1978; x_wconf 87' lang='lat' dir='ltr'>peccati,</span> <span class='ocrx_word' id='word_1_377' title='bbox 1017 1932 1113 1978; x_wconf 90' lang='lat' dir='ltr'>quod</span> <span class='ocrx_word' id='word_1_378' title='bbox 1137 1940 1188 1966; x_wconf 90' lang='lat' dir='ltr'>est</span> <span class='ocrx_word' id='word_1_379' title='bbox 1209 1943 1283 1966; x_wconf 89' lang='lat' dir='ltr'>non</span> <span class='ocrx_word' id='word_1_380' title='bbox 1306 1932 1362 1978; x_wconf 91' lang='lat' dir='ltr'>pie</span> <span class='ocrx_word' id='word_1_381' title='bbox 1385 1942 1507 1966; x_wconf 88' lang='lat' dir='ltr'>orare:</span> <span class='ocrx_word' id='word_1_382' title='bbox 1531 1942 1639 1977; x_wconf 89' lang='lat' dir='ltr'>quan-</span> 
     </span>
     <span class='ocr_line' id='line_1_35' title="bbox 77 1984 1637 2030; baseline 0 -12"><span class='ocrx_word' id='word_1_383' title='bbox 77 1984 196 2030; x_wconf 91' lang='lat' dir='ltr'>doque</span> <span class='ocrx_word' id='word_1_384' title='bbox 217 1995 303 2018; x_wconf 89' lang='lat' dir='ltr'>vero</span> <span class='ocrx_word' id='word_1_385' title='bbox 325 1996 399 2018; x_wconf 88' lang='lat' dir='ltr'>non</span> <span class='ocrx_word' id='word_1_386' title='bbox 421 1993 474 2018; x_wconf 90' lang='lat' dir='ltr'>est</span> <span class='ocrx_word' id='word_1_387' title='bbox 493 1984 738 2019; x_wconf 88' lang='lat' dir='ltr'>necessarium</span> <span class='ocrx_word' id='word_1_388' title='bbox 761 1985 804 2018; x_wconf 90' lang='lat' dir='ltr'>ad</span> <span class='ocrx_word' id='word_1_389' title='bbox 820 1985 985 2027; x_wconf 87' lang='lat' dir='ltr'>salutem,</span> <span class='ocrx_word' id='word_1_390' title='bbox 1000 1997 1066 2020; x_wconf 89' lang='lat' dir='ltr'>nec</span> <span class='ocrx_word' id='word_1_391' title='bbox 1082 1985 1269 2019; x_wconf 90' lang='lat' dir='ltr'>manifeste</span> <span class='ocrx_word' id='word_1_392' title='bbox 1284 1985 1391 2019; x_wconf 84' lang='lat' dir='ltr'>saluti</span> <span class='ocrx_word' id='word_1_393' title='bbox 1405 1986 1637 2019; x_wconf 88' lang='lat' dir='ltr'>contrarium:</span> 
     </span>
     <span class='ocr_line' id='line_1_36' title="bbox 78 2037 1638 2084; baseline 0 -12"><span class='ocrx_word' id='word_1_394' title='bbox 78 2046 113 2072; x_wconf 90' lang='lat' dir='ltr'>et</span> <span class='ocrx_word' id='word_1_395' title='bbox 132 2046 216 2072; x_wconf 91' lang='lat' dir='ltr'>tunc</span> <span class='ocrx_word' id='word_1_396' title='bbox 238 2037 322 2072; x_wconf 91' lang='lat' dir='ltr'>licet</span> <span class='ocrx_word' id='word_1_397' title='bbox 344 2049 450 2072; x_wconf 90' lang='lat' dir='ltr'>orans</span> <span class='ocrx_word' id='word_1_398' title='bbox 472 2039 584 2084; x_wconf 84' lang='lat' dir='ltr'>possit</span> <span class='ocrx_word' id='word_1_399' title='bbox 605 2039 743 2073; x_wconf 89' lang='lat' dir='ltr'>orando</span> <span class='ocrx_word' id='word_1_400' title='bbox 765 2039 895 2073; x_wconf 86' lang='lat' dir='ltr'>mereri</span> <span class='ocrx_word' id='word_1_401' title='bbox 916 2040 1027 2074; x_wconf 86' lang='lat' dir='ltr'>vitam</span> <span class='ocrx_word' id='word_1_402' title='bbox 1043 2048 1239 2081; x_wconf 86' lang='lat' dir='ltr'>aeternam,</span> <span class='ocrx_word' id='word_1_403' title='bbox 1255 2050 1328 2073; x_wconf 91' lang='lat' dir='ltr'>non</span> <span class='ocrx_word' id='word_1_404' title='bbox 1343 2047 1465 2073; x_wconf 86' lang='lat' dir='ltr'>tamen</span> <span class='ocrx_word' id='word_1_405' title='bbox 1481 2046 1638 2072; x_wconf 86' lang='lat' dir='ltr'>meretur</span> 
     </span>
     <span class='ocr_line' id='line_1_37' title="bbox 76 2091 1635 2138; baseline 0.001 -13"><span class='ocrx_word' id='word_1_406' title='bbox 76 2091 165 2126; x_wconf 92' lang='lat' dir='ltr'>illud</span> <span class='ocrx_word' id='word_1_407' title='bbox 187 2092 348 2126; x_wconf 87' lang='lat' dir='ltr'>obtinere</span> <span class='ocrx_word' id='word_1_408' title='bbox 370 2092 466 2138; x_wconf 90' lang='lat' dir='ltr'>quod</span> <span class='ocrx_word' id='word_1_409' title='bbox 487 2093 593 2138; x_wconf 85' lang='lat' dir='ltr'>petit3</span> <span class='ocrx_word' id='word_1_410' title='bbox 615 2092 709 2126; x_wconf 89' lang='lat' dir='ltr'>unde</span> <span class='ocrx_word' id='word_1_411' title='bbox 730 2092 885 2138; x_wconf 83' lang='lat' dir='ltr'>August.</span> <span class='ocrx_word' id='word_1_412' title='bbox 907 2093 992 2127; x_wconf 89' lang='lat' dir='ltr'>dicit</span> <span class='ocrx_word' id='word_1_413' title='bbox 1006 2093 1042 2127; x_wconf 92' lang='lat' dir='ltr'>in</span> <span class='ocrx_word' id='word_1_414' title='bbox 1056 2092 1114 2127; x_wconf 81' lang='lat' dir='ltr'>lib.</span> <span class='ocrx_word' id='word_1_415' title='bbox 1132 2093 1230 2127; x_wconf 87' lang='lat' dir='ltr'>Sent.</span> <span class='ocrx_word' id='word_1_416' title='bbox 1246 2093 1415 2138; x_wconf 90' lang='lat' dir='ltr'>Prosperi</span> <span class='ocrx_word' id='word_1_417' title='bbox 1431 2092 1517 2138; x_wconf 73' lang='lat' dir='ltr'>(cap.</span> <span class='ocrx_word' id='word_1_418' title='bbox 1532 2092 1635 2136; x_wconf 81' lang='lat'><em>212.):</em></span> 
     </span>
     <span class='ocr_line' id='line_1_38' title="bbox 80 2145 1638 2192; baseline 0 -14"><span class='ocrx_word' id='word_1_419' title='bbox 80 2158 98 2177; x_wconf 89' lang='grc'>«</span> <span class='ocrx_word' id='word_1_420' title='bbox 116 2145 284 2179; x_wconf 89' lang='lat' dir='ltr'>Fideliter</span> <span class='ocrx_word' id='word_1_421' title='bbox 304 2145 506 2192; x_wconf 86' lang='lat' dir='ltr'>supplicans</span> <span class='ocrx_word' id='word_1_422' title='bbox 528 2146 608 2180; x_wconf 91' lang='lat' dir='ltr'>Deo</span> <span class='ocrx_word' id='word_1_423' title='bbox 635 2157 700 2192; x_wconf 92' lang='lat' dir='ltr'>pro</span> <span class='ocrx_word' id='word_1_424' title='bbox 733 2146 1004 2180; x_wconf 89' lang='lat' dir='ltr'>necessitatibus</span> <span class='ocrx_word' id='word_1_425' title='bbox 1036 2146 1142 2191; x_wconf 85' lang='lat' dir='ltr'>hujus</span> <span class='ocrx_word' id='word_1_426' title='bbox 1174 2146 1280 2188; x_wconf 78' lang='lat' dir='ltr'>vitae,</span> <span class='ocrx_word' id='word_1_427' title='bbox 1303 2154 1337 2180; x_wconf 91' lang='lat' dir='ltr'>et</span> <span class='ocrx_word' id='word_1_428' title='bbox 1357 2145 1638 2179; x_wconf 87' lang='lat' dir='ltr'>misericorditer</span> 
     </span>
     <span class='ocr_line' id='line_1_39' title="bbox 78 2198 1635 2245; baseline -0.001 -13"><span class='ocrx_word' id='word_1_429' title='bbox 78 2199 229 2240; x_wconf 86' lang='lat' dir='ltr'>auditur,</span> <span class='ocrx_word' id='word_1_430' title='bbox 252 2207 286 2233; x_wconf 93' lang='lat' dir='ltr'>et</span> <span class='ocrx_word' id='word_1_431' title='bbox 307 2199 585 2233; x_wconf 85' lang='lat' dir='ltr'>misericorditer</span> <span class='ocrx_word' id='word_1_432' title='bbox 605 2211 680 2233; x_wconf 89' lang='lat' dir='ltr'>non</span> <span class='ocrx_word' id='word_1_433' title='bbox 702 2199 860 2234; x_wconf 85' lang='lat' dir='ltr'>auditur:</span> <span class='ocrx_word' id='word_1_434' title='bbox 884 2199 967 2245; x_wconf 90' lang='lat' dir='ltr'>quid</span> <span class='ocrx_word' id='word_1_435' title='bbox 1002 2200 1099 2234; x_wconf 88' lang='lat' dir='ltr'>enim</span> <span class='ocrx_word' id='word_1_436' title='bbox 1132 2199 1277 2233; x_wconf 88' lang='lat' dir='ltr'>infirmo</span> <span class='ocrx_word' id='word_1_437' title='bbox 1311 2199 1356 2233; x_wconf 89' lang='lat' dir='ltr'>sit</span> <span class='ocrx_word' id='word_1_438' title='bbox 1387 2198 1485 2239; x_wconf 87' lang='lat' dir='ltr'>utile,</span> <span class='ocrx_word' id='word_1_439' title='bbox 1519 2198 1635 2243; x_wconf 85' lang='lat' dir='ltr'>magis</span> 
     </span>
     <span class='ocr_line' id='line_1_40' title="bbox 76 2251 1637 2299; baseline -0.001 -14"><span class='ocrx_word' id='word_1_440' title='bbox 76 2253 178 2286; x_wconf 89' lang='lat' dir='ltr'>novit</span> <span class='ocrx_word' id='word_1_441' title='bbox 199 2252 372 2294; x_wconf 86' lang='lat' dir='ltr'>medicus,</span> <span class='ocrx_word' id='word_1_442' title='bbox 394 2264 502 2298; x_wconf 88' lang='lat' dir='ltr'>quam</span> <span class='ocrx_word' id='word_1_443' title='bbox 525 2261 692 2298; x_wconf 88' lang='lat' dir='ltr'>aegrotus</span> <span class='ocrx_word' id='word_1_444' title='bbox 713 2265 744 2286; x_wconf 81' lang='lat'>&gt;›:</span> <span class='ocrx_word' id='word_1_445' title='bbox 768 2261 802 2287; x_wconf 89' lang='lat' dir='ltr'>et</span> <span class='ocrx_word' id='word_1_446' title='bbox 823 2261 969 2299; x_wconf 90' lang='lat' dir='ltr'>propter</span> <span class='ocrx_word' id='word_1_447' title='bbox 989 2253 1060 2287; x_wconf 92' lang='lat' dir='ltr'>hoc</span> <span class='ocrx_word' id='word_1_448' title='bbox 1084 2253 1192 2287; x_wconf 87' lang='lat' dir='ltr'>etiam</span> <span class='ocrx_word' id='word_1_449' title='bbox 1210 2252 1344 2286; x_wconf 87' lang='lat' dir='ltr'>Paulus</span> <span class='ocrx_word' id='word_1_450' title='bbox 1361 2263 1434 2286; x_wconf 91' lang='lat' dir='ltr'>non</span> <span class='ocrx_word' id='word_1_451' title='bbox 1452 2251 1517 2285; x_wconf 81' lang='lat' dir='ltr'>fuit</span> <span class='ocrx_word' id='word_1_452' title='bbox 1534 2262 1637 2285; x_wconf 79' lang='lat' dir='ltr'>exau—</span> 
     </span>
     <span class='ocr_line' id='line_1_41' title="bbox 77 2303 1635 2352; baseline -0.001 -13"><span class='ocrx_word' id='word_1_453' title='bbox 77 2305 169 2340; x_wconf 89' lang='lat' dir='ltr'>ditus</span> <span class='ocrx_word' id='word_1_454' title='bbox 191 2313 315 2351; x_wconf 89' lang='lat' dir='ltr'>petens</span> <span class='ocrx_word' id='word_1_455' title='bbox 338 2305 499 2339; x_wconf 82' lang='lat' dir='ltr'>amoveri</span> <span class='ocrx_word' id='word_1_456' title='bbox 520 2305 705 2339; x_wconf 90' lang='lat' dir='ltr'>stimulum</span> <span class='ocrx_word' id='word_1_457' title='bbox 728 2306 854 2348; x_wconf 86' lang='lat' dir='ltr'>carnis,</span> <span class='ocrx_word' id='word_1_458' title='bbox 885 2307 969 2352; x_wconf 88' lang='lat' dir='ltr'>quia</span> <span class='ocrx_word' id='word_1_459' title='bbox 989 2317 1063 2340; x_wconf 90' lang='lat' dir='ltr'>non</span> <span class='ocrx_word' id='word_1_460' title='bbox 1082 2306 1310 2352; x_wconf 77' lang='lat' dir='ltr'>expediebat:</span> <span class='ocrx_word' id='word_1_461' title='bbox 1330 2305 1359 2339; x_wconf 90' lang='lat' dir='ltr'>si</span> <span class='ocrx_word' id='word_1_462' title='bbox 1377 2316 1464 2340; x_wconf 90' lang='lat' dir='ltr'>vero</span> <span class='ocrx_word' id='word_1_463' title='bbox 1483 2305 1518 2338; x_wconf 90' lang='lat' dir='ltr'>id</span> <span class='ocrx_word' id='word_1_464' title='bbox 1538 2303 1635 2349; x_wconf 89' lang='lat' dir='ltr'>quod</span> 
     </span>
     <span class='ocr_line' id='line_1_42' title="bbox 76 2357 1634 2405; baseline -0.001 -13"><span class='ocrx_word' id='word_1_465' title='bbox 76 2359 218 2404; x_wconf 87' lang='lat' dir='ltr'>petitur,</span> <span class='ocrx_word' id='word_1_466' title='bbox 240 2359 284 2393; x_wconf 91' lang='lat' dir='ltr'>sit</span> <span class='ocrx_word' id='word_1_467' title='bbox 305 2358 389 2392; x_wconf 88' lang='lat' dir='ltr'>utile</span> <span class='ocrx_word' id='word_1_468' title='bbox 413 2358 456 2392; x_wconf 90' lang='lat' dir='ltr'>ad</span> <span class='ocrx_word' id='word_1_469' title='bbox 477 2359 736 2393; x_wconf 88' lang='lat' dir='ltr'>beatitudinem</span> <span class='ocrx_word' id='word_1_470' title='bbox 757 2359 929 2401; x_wconf 88' lang='lat' dir='ltr'>hominis,</span> <span class='ocrx_word' id='word_1_471' title='bbox 951 2361 1052 2405; x_wconf 84' lang='lat' dir='ltr'>quasi</span> <span class='ocrx_word' id='word_1_472' title='bbox 1080 2361 1261 2405; x_wconf 84' lang='lat' dir='ltr'>pertinens</span> <span class='ocrx_word' id='word_1_473' title='bbox 1294 2359 1338 2393; x_wconf 89' lang='lat' dir='ltr'>ad</span> <span class='ocrx_word' id='word_1_474' title='bbox 1372 2359 1447 2404; x_wconf 84' lang='lat' dir='ltr'>ejus</span> <span class='ocrx_word' id='word_1_475' title='bbox 1470 2357 1634 2398; x_wconf 85' lang='lat' dir='ltr'>salutem,</span> 
     </span>
     <span class='ocr_line' id='line_1_43' title="bbox 76 2411 1634 2458; baseline -0.002 -12"><span class='ocrx_word' id='word_1_476' title='bbox 76 2420 234 2446; x_wconf 85' lang='lat' dir='ltr'>meretur</span> <span class='ocrx_word' id='word_1_477' title='bbox 254 2412 341 2446; x_wconf 92' lang='lat' dir='ltr'>illud</span> <span class='ocrx_word' id='word_1_478' title='bbox 364 2423 437 2446; x_wconf 92' lang='lat' dir='ltr'>non</span> <span class='ocrx_word' id='word_1_479' title='bbox 459 2412 578 2446; x_wconf 90' lang='lat' dir='ltr'>solum</span> <span class='ocrx_word' id='word_1_480' title='bbox 601 2413 749 2455; x_wconf 89' lang='lat' dir='ltr'>orando,</span> <span class='ocrx_word' id='word_1_481' title='bbox 772 2413 833 2446; x_wconf 89' lang='lat' dir='ltr'>sed</span> <span class='ocrx_word' id='word_1_482' title='bbox 856 2413 965 2447; x_wconf 87' lang='lat' dir='ltr'>etiam</span> <span class='ocrx_word' id='word_1_483' title='bbox 981 2413 1049 2446; x_wconf 88' lang='lat' dir='ltr'>alia</span> <span class='ocrx_word' id='word_1_484' title='bbox 1064 2413 1160 2446; x_wconf 89' lang='lat' dir='ltr'>bona</span> <span class='ocrx_word' id='word_1_485' title='bbox 1176 2423 1286 2458; x_wconf 85' lang='lat' dir='ltr'>opera</span> <span class='ocrx_word' id='word_1_486' title='bbox 1299 2412 1485 2452; x_wconf 86' lang='lat' dir='ltr'>faciendo;</span> <span class='ocrx_word' id='word_1_487' title='bbox 1501 2419 1535 2444; x_wconf 88' lang='lat' dir='ltr'>et</span> <span class='ocrx_word' id='word_1_488' title='bbox 1552 2411 1634 2444; x_wconf 87' lang='lat' dir='ltr'>ideo</span> 
     </span>
     <span class='ocr_line' id='line_1_44' title="bbox 75 2464 1634 2512; baseline -0.001 -13"><span class='ocrx_word' id='word_1_489' title='bbox 75 2465 317 2500; x_wconf 85' lang='lat' dir='ltr'>indubitanter</span> <span class='ocrx_word' id='word_1_490' title='bbox 339 2466 469 2511; x_wconf 88' lang='lat' dir='ltr'>accipit</span> <span class='ocrx_word' id='word_1_491' title='bbox 491 2466 586 2511; x_wconf 89' lang='lat' dir='ltr'>quod</span> <span class='ocrx_word' id='word_1_492' title='bbox 607 2466 705 2511; x_wconf 89' lang='lat' dir='ltr'>petit,</span> <span class='ocrx_word' id='word_1_493' title='bbox 728 2467 789 2500; x_wconf 89' lang='lat' dir='ltr'>sed</span> <span class='ocrx_word' id='word_1_494' title='bbox 812 2467 955 2512; x_wconf 85' lang='lat' dir='ltr'>quando</span> <span class='ocrx_word' id='word_1_495' title='bbox 978 2467 1083 2500; x_wconf 91' lang='lat' dir='ltr'>debet</span> <span class='ocrx_word' id='word_1_496' title='bbox 1098 2469 1278 2512; x_wconf 89' lang='lat' dir='ltr'>accipere:</span> <span class='ocrx_word' id='word_1_497' title='bbox 1305 2466 1514 2511; x_wconf 85' lang='lat' dir='ltr'>«quaedam</span> <span class='ocrx_word' id='word_1_498' title='bbox 1538 2464 1634 2498; x_wconf 91' lang='lat' dir='ltr'>enim</span> 
     </span>
     <span class='ocr_line' id='line_1_45' title="bbox 76 2518 1636 2566; baseline -0.002 -13"><span class='ocrx_word' id='word_1_499' title='bbox 76 2530 150 2553; x_wconf 89' lang='lat' dir='ltr'>non</span> <span class='ocrx_word' id='word_1_500' title='bbox 171 2527 358 2565; x_wconf 87' lang='lat' dir='ltr'>negantur,</span> <span class='ocrx_word' id='word_1_501' title='bbox 381 2520 441 2553; x_wconf 88' lang='lat' dir='ltr'>sed</span> <span class='ocrx_word' id='word_1_502' title='bbox 464 2528 502 2553; x_wconf 87' lang='lat' dir='ltr'>ut</span> <span class='ocrx_word' id='word_1_503' title='bbox 524 2531 686 2564; x_wconf 89' lang='lat' dir='ltr'>congruo</span> <span class='ocrx_word' id='word_1_504' title='bbox 709 2519 836 2554; x_wconf 87' lang='lat' dir='ltr'>dentur</span> <span class='ocrx_word' id='word_1_505' title='bbox 857 2527 1032 2566; x_wconf 90' lang='lat' dir='ltr'>tempore,</span> <span class='ocrx_word' id='word_1_506' title='bbox 1056 2519 1267 2554; x_wconf 82' lang='lat' dir='ltr'>differuntur</span> <span class='ocrx_word' id='word_1_507' title='bbox 1282 2534 1313 2562; x_wconf 68' lang='lat' dir='ltr'>n,</span> <span class='ocrx_word' id='word_1_508' title='bbox 1329 2527 1366 2553; x_wconf 90' lang='lat' dir='ltr'>ut</span> <span class='ocrx_word' id='word_1_509' title='bbox 1382 2520 1534 2563; x_wconf 86' lang='lat' dir='ltr'>August.</span> <span class='ocrx_word' id='word_1_510' title='bbox 1551 2518 1636 2551; x_wconf 87' lang='lat' dir='ltr'>dicit</span> 
     </span>
     <span class='ocr_line' id='line_1_46' title="bbox 77 2571 1635 2619; baseline -0.001 -13"><span class='ocrx_word' id='word_1_511' title='bbox 77 2583 182 2618; x_wconf 88' lang='lat' dir='ltr'>super</span> <span class='ocrx_word' id='word_1_512' title='bbox 199 2572 301 2617; x_wconf 88' lang='lat' dir='ltr'>Joan.</span> <span class='ocrx_word' id='word_1_513' title='bbox 324 2573 435 2618; x_wconf 73' lang='lat' dir='ltr'>(tract.</span> <span class='ocrx_word' id='word_1_514' title='bbox 458 2574 563 2617; x_wconf 80' lang='lat'><em>102.);</em></span> <span class='ocrx_word' id='word_1_515' title='bbox 592 2572 688 2618; x_wconf 88' lang='lat' dir='ltr'>quod</span> <span class='ocrx_word' id='word_1_516' title='bbox 710 2580 830 2607; x_wconf 89' lang='lat' dir='ltr'>tamen</span> <span class='ocrx_word' id='word_1_517' title='bbox 853 2581 971 2619; x_wconf 88' lang='lat' dir='ltr'>potest</span> <span class='ocrx_word' id='word_1_518' title='bbox 992 2573 1167 2619; x_wconf 87' lang='lat' dir='ltr'>impediri,</span> <span class='ocrx_word' id='word_1_519' title='bbox 1190 2573 1220 2607; x_wconf 87' lang='lat' dir='ltr'>si</span> <span class='ocrx_word' id='word_1_520' title='bbox 1240 2573 1276 2606; x_wconf 89' lang='lat' dir='ltr'>in</span> <span class='ocrx_word' id='word_1_521' title='bbox 1298 2571 1452 2618; x_wconf 90' lang='lat' dir='ltr'>petendo</span> <span class='ocrx_word' id='word_1_522' title='bbox 1472 2582 1545 2604; x_wconf 88' lang='lat' dir='ltr'>non</span> <span class='ocrx_word' id='word_1_523' title='bbox 1561 2582 1635 2616; x_wconf 91' lang='lat' dir='ltr'>per-</span> 
     </span>
     <span class='ocr_line' id='line_1_47' title="bbox 77 2624 1632 2672; baseline -0.001 -13"><span class='ocrx_word' id='word_1_524' title='bbox 77 2633 259 2668; x_wconf 80' lang='lat' dir='ltr'>severent3</span> <span class='ocrx_word' id='word_1_525' title='bbox 294 2633 328 2660; x_wconf 92' lang='lat' dir='ltr'>et</span> <span class='ocrx_word' id='word_1_526' title='bbox 355 2635 500 2672; x_wconf 88' lang='lat' dir='ltr'>propter</span> <span class='ocrx_word' id='word_1_527' title='bbox 533 2626 604 2659; x_wconf 88' lang='lat' dir='ltr'>hoc</span> <span class='ocrx_word' id='word_1_528' title='bbox 639 2625 723 2659; x_wconf 90' lang='lat' dir='ltr'>dicit</span> <span class='ocrx_word' id='word_1_529' title='bbox 756 2626 908 2660; x_wconf 82' lang='lat' dir='ltr'>Basilius</span> <span class='ocrx_word' id='word_1_530' title='bbox 943 2627 994 2671; x_wconf 77' lang='lat' dir='ltr'>(in</span> <span class='ocrx_word' id='word_1_531' title='bbox 1017 2627 1072 2660; x_wconf 76' lang='lat' dir='ltr'>lib.</span> <span class='ocrx_word' id='word_1_532' title='bbox 1098 2627 1269 2661; x_wconf 66' lang='lat' dir='ltr'>Constitui.</span> <span class='ocrx_word' id='word_1_533' title='bbox 1305 2627 1449 2659; x_wconf 45' lang='lat' dir='ltr'>asomum.</span> <span class='ocrx_word' id='word_1_534' title='bbox 1473 2631 1542 2670; x_wconf 70' lang='lat' dir='ltr'>cup.</span> <span class='ocrx_word' id='word_1_535' title='bbox 1565 2624 1632 2668; x_wconf 87' lang='lat'><em>1.):</em></span> 
     </span>
     <span class='ocr_line' id='line_1_48' title="bbox 81 2676 1635 2725; baseline -0.001 -13"><span class='ocrx_word' id='word_1_536' title='bbox 81 2691 97 2710; x_wconf 79' lang='lat' dir='ltr'>t(</span> <span class='ocrx_word' id='word_1_537' title='bbox 118 2678 204 2712; x_wconf 88' lang='lat' dir='ltr'>Ideo</span> <span class='ocrx_word' id='word_1_538' title='bbox 227 2679 442 2725; x_wconf 88' lang='lat' dir='ltr'>quandoque</span> <span class='ocrx_word' id='word_1_539' title='bbox 464 2679 565 2725; x_wconf 90' lang='lat' dir='ltr'>petis,</span> <span class='ocrx_word' id='word_1_540' title='bbox 589 2687 623 2712; x_wconf 91' lang='lat' dir='ltr'>et</span> <span class='ocrx_word' id='word_1_541' title='bbox 643 2690 717 2712; x_wconf 87' lang='lat' dir='ltr'>non</span> <span class='ocrx_word' id='word_1_542' title='bbox 741 2679 883 2725; x_wconf 88' lang='lat' dir='ltr'>accipis,</span> <span class='ocrx_word' id='word_1_543' title='bbox 906 2680 988 2725; x_wconf 89' lang='lat' dir='ltr'>quia</span> <span class='ocrx_word' id='word_1_544' title='bbox 1010 2691 1199 2725; x_wconf 84' lang='lat' dir='ltr'>perperam</span> <span class='ocrx_word' id='word_1_545' title='bbox 1221 2678 1420 2724; x_wconf 84' lang='lat' dir='ltr'>postulasti,</span> <span class='ocrx_word' id='word_1_546' title='bbox 1439 2677 1497 2710; x_wconf 84' lang='lat' dir='ltr'>vel</span> <span class='ocrx_word' id='word_1_547' title='bbox 1514 2676 1635 2711; x_wconf 81' lang='lat' dir='ltr'>infide-</span> 
     </span>
     <span class='ocr_line' id='line_1_49' title="bbox 76 2731 1632 2777; baseline -0.001 -12"><span class='ocrx_word' id='word_1_548' title='bbox 76 2731 166 2773; x_wconf 87' lang='lat' dir='ltr'>liter,</span> <span class='ocrx_word' id='word_1_549' title='bbox 187 2731 246 2765; x_wconf 88' lang='lat' dir='ltr'>vel</span> <span class='ocrx_word' id='word_1_550' title='bbox 266 2731 402 2774; x_wconf 90' lang='lat' dir='ltr'>leviter,</span> <span class='ocrx_word' id='word_1_551' title='bbox 423 2732 482 2766; x_wconf 89' lang='lat' dir='ltr'>vel</span> <span class='ocrx_word' id='word_1_552' title='bbox 502 2743 576 2766; x_wconf 90' lang='lat' dir='ltr'>non</span> <span class='ocrx_word' id='word_1_553' title='bbox 599 2731 820 2766; x_wconf 87' lang='lat' dir='ltr'>conferentia</span> <span class='ocrx_word' id='word_1_554' title='bbox 840 2733 914 2774; x_wconf 87' lang='lat' dir='ltr'>tibi,</span> <span class='ocrx_word' id='word_1_555' title='bbox 929 2732 988 2766; x_wconf 85' lang='lat' dir='ltr'>vel</span> <span class='ocrx_word' id='word_1_556' title='bbox 1003 2733 1166 2766; x_wconf 78' lang='lat' dir='ltr'>destitisti</span> <span class='ocrx_word' id='word_1_557' title='bbox 1181 2743 1212 2765; x_wconf 79' lang='lat' dir='ltr'>»z</span> <span class='ocrx_word' id='word_1_558' title='bbox 1229 2732 1311 2777; x_wconf 89' lang='lat' dir='ltr'>quia</span> <span class='ocrx_word' id='word_1_559' title='bbox 1325 2742 1411 2765; x_wconf 76' lang='lat' dir='ltr'>vero</span> <span class='ocrx_word' id='word_1_560' title='bbox 1426 2731 1540 2764; x_wconf 89' lang='lat' dir='ltr'>homo</span> <span class='ocrx_word' id='word_1_561' title='bbox 1559 2741 1632 2764; x_wconf 89' lang='lat' dir='ltr'>non</span> 
     </span>
     <span class='ocr_line' id='line_1_50' title="bbox 77 2784 1633 2831; baseline -0.002 -12"><span class='ocrx_word' id='word_1_562' title='bbox 77 2792 195 2830; x_wconf 85' lang='lat' dir='ltr'>potest</span> <span class='ocrx_word' id='word_1_563' title='bbox 216 2784 275 2818; x_wconf 87' lang='lat' dir='ltr'>alii</span> <span class='ocrx_word' id='word_1_564' title='bbox 296 2786 426 2820; x_wconf 90' lang='lat' dir='ltr'>mereri</span> <span class='ocrx_word' id='word_1_565' title='bbox 440 2787 552 2819; x_wconf 90' lang='lat' dir='ltr'>vitam</span> <span class='ocrx_word' id='word_1_566' title='bbox 568 2793 751 2819; x_wconf 86' lang='lat' dir='ltr'>aeternam</span> <span class='ocrx_word' id='word_1_567' title='bbox 766 2796 808 2819; x_wconf 79' lang='lat' dir='ltr'>ex</span> <span class='ocrx_word' id='word_1_568' title='bbox 823 2786 1018 2831; x_wconf 90' lang='lat' dir='ltr'>condigno,</span> <span class='ocrx_word' id='word_1_569' title='bbox 1033 2793 1070 2819; x_wconf 88' lang='lat' dir='ltr'>ut</span> <span class='ocrx_word' id='word_1_570' title='bbox 1084 2796 1189 2831; x_wconf 89' lang='lat' dir='ltr'>supra</span> <span class='ocrx_word' id='word_1_571' title='bbox 1205 2785 1340 2818; x_wconf 88' lang='lat' dir='ltr'>dictum</span> <span class='ocrx_word' id='word_1_572' title='bbox 1356 2792 1407 2818; x_wconf 92' lang='lat' dir='ltr'>est</span> <span class='ocrx_word' id='word_1_573' title='bbox 1421 2784 1503 2828; x_wconf 76' lang='lat'><em>(1-2.</em></span> <span class='ocrx_word' id='word_1_574' title='bbox 1519 2795 1548 2829; x_wconf 78' lang='lat' dir='ltr'>q.</span> <span class='ocrx_word' id='word_1_575' title='bbox 1563 2795 1633 2827; x_wconf 77' lang='lat'><em>114.</em></span> 
     </span>
     <span class='ocr_line' id='line_1_51' title="bbox 77 2837 1636 2885; baseline -0.001 -14"><span class='ocrx_word' id='word_1_576' title='bbox 77 2843 141 2873; x_wconf 83' lang='lat' dir='ltr'>art.</span> <span class='ocrx_word' id='word_1_577' title='bbox 164 2838 226 2882; x_wconf 83' lang='lat'><em>6.);</em></span> <span class='ocrx_word' id='word_1_578' title='bbox 249 2838 331 2872; x_wconf 91' lang='lat' dir='ltr'>ideo</span> <span class='ocrx_word' id='word_1_579' title='bbox 353 2850 415 2885; x_wconf 90' lang='lat' dir='ltr'>per</span> <span class='ocrx_word' id='word_1_580' title='bbox 437 2849 661 2885; x_wconf 90' lang='lat' dir='ltr'>consequens</span> <span class='ocrx_word' id='word_1_581' title='bbox 683 2849 749 2872; x_wconf 90' lang='lat' dir='ltr'>nec</span> <span class='ocrx_word' id='word_1_582' title='bbox 772 2849 813 2873; x_wconf 89' lang='lat' dir='ltr'>ea</span> <span class='ocrx_word' id='word_1_583' title='bbox 836 2850 926 2884; x_wconf 90' lang='lat' dir='ltr'>quae</span> <span class='ocrx_word' id='word_1_584' title='bbox 950 2838 993 2872; x_wconf 87' lang='lat' dir='ltr'>ad</span> <span class='ocrx_word' id='word_1_585' title='bbox 1015 2839 1126 2872; x_wconf 88' lang='lat' dir='ltr'>vitam</span> <span class='ocrx_word' id='word_1_586' title='bbox 1149 2845 1332 2872; x_wconf 84' lang='lat' dir='ltr'>aeternam</span> <span class='ocrx_word' id='word_1_587' title='bbox 1362 2837 1551 2883; x_wconf 88' lang='lat' dir='ltr'>pertinent,</span> <span class='ocrx_word' id='word_1_588' title='bbox 1573 2847 1636 2882; x_wconf 90' lang='lat' dir='ltr'>po-</span> 
     </span>
    </p>
   </div>
   <div class='ocr_carea' id='block_1_3' title="bbox 220 2919 1493 2954">
    <p class='ocr_par' dir='ltr' id='par_1_5' title="bbox 220 2919 1493 2954">
     <span class='ocr_line' id='line_1_52' title="bbox 220 2919 1493 2954; baseline 0.002 -8"><span class='ocrx_word' id='word_1_589' title='bbox 220 2919 247 2946; x_wconf 81' lang='lat' dir='ltr'>S.</span> <span class='ocrx_word' id='word_1_590' title='bbox 268 2920 392 2946; x_wconf 72' lang='grc' dir='ltr'>ΤΗοΜΑε</span> <span class='ocrx_word' id='word_1_591' title='bbox 414 2920 517 2947; x_wconf 80' lang='lat' dir='ltr'>Summa</span> <span class='ocrx_word' id='word_1_592' title='bbox 543 2920 704 2954; x_wconf 71' lang='lat' dir='ltr'>Theologica.</span> <span class='ocrx_word' id='word_1_593' title='bbox 725 2920 792 2948; x_wconf 83' lang='lat' dir='ltr'>Vol.</span> <span class='ocrx_word' id='word_1_594' title='bbox 814 2919 866 2948; x_wconf 88' lang='lat'>111.</span> <span class='ocrx_word' id='word_1_595' title='bbox 1461 2926 1493 2952; x_wconf 87' lang='lat'>39</span> 
     </span>
    </p>
   </div>
  </div>
 </body>
</html>
