1859 3122
471 186 690 222 QUAESTIO
725 186 858 217 CXXII.
891 187 1118 217 ARTCULUS
1151 187 1208 217 1v.
1536 175 1619 230 825

67 278 164 309 vasa,
191 275 225 302 et
252 266 320 301 alia
346 267 576 312 hujusmodi:
603 268 767 303 similiter
788 269 896 303 etiarn
920 277 1019 303 erant
1046 268 1148 304 multi
1170 269 1262 303 sacri
1285 268 1360 304 dies
1387 277 1527 316 praeter
1548 269 1624 303 sab-

66 320 210 362 batum;
236 320 494 355 inconveniens
520 330 572 356 est
598 333 697 367 ergo,
725 323 832 368 quod,
859 323 1118 368 praetermissis
1146 322 1223 357 aliis
1249 323 1417 357 omnibus
1439 333 1623 357 caeremo-

66 373 229 415 nialibus,
257 374 299 407 de
325 373 403 407 sola
430 375 656 410 observantia
682 376 819 410 sabbati
844 375 905 410 fiat
931 378 1077 410 mentio.

141 438 169 473 3.
192 427 426 461 PRAETEREA.
460 427 692 475 Quicumque
725 430 983 475 transgreditur
1009 438 1241 475 praeceptum
1275 429 1451 476 decalogi,
1478 437 1623 475 peccat:

67 480 128 515 sed
154 480 189 514 in
216 480 327 514 veteri
360 480 440 525 lege
468 481 577 527 aliqui
602 483 902 527 transgredientes
932 483 1198 517 observantiam
1226 483 1361 517 sabbati
1399 495 1472 517 non
1499 494 1622 529 pecca-

66 533 170 576 bant;
192 534 283 568 sicut
309 534 607 570 circumcidentes
634 547 764 582 pueros
791 545 919 571 octava
942 537 1017 580 die3
1037 545 1072 571 et
1093 538 1297 572 sacerdotes
1323 539 1359 572 in
1385 537 1522 584 templo
1545 538 1620 572 sab-

67 587 140 621 bati
166 595 374 633 operantes;
403 596 436 621 et
463 588 558 622 Elias
589 589 630 635 (3.
659 591 733 635 Reg.
768 592 834 636 19.)
873 602 955 624 curn
990 590 1226 637 quadraginta
1253 591 1375 626 diebus
1402 592 1624 638 pervenisset

68 640 112 674 ad
133 648 296 674 montem
318 641 388 674 Dei
412 641 521 683 Oreb,
545 653 769 689 consequens
792 651 843 677 est
871 644 966 689 quod
993 644 1028 678 in
1055 644 1203 678 sabbato
1230 645 1431 679 itineravit:
1459 644 1622 679 similiter

68 695 175 728 etiam
203 693 420 736 sacerdotes,
449 694 534 728 dum
561 704 699 742 septem
726 697 848 731 diebus
876 696 1148 732 circumferrent
1174 709 1295 732 arcam
1325 699 1487 740 Domini,
1514 707 1552 732 ut
1578 698 1624 732 le-

67 747 161 793 gitur
177 747 286 793 Josue
324 746 369 789 6„
407 748 655 794 intelliguntur
685 761 766 783 earn
799 750 855 784 die
873 751 1011 784 sabbati
1037 751 1317 786 circumtulisse:
1344 752 1472 786 dicitur
1500 753 1621 794 etiam,

68 800 155 835 Luc.
181 811 244 846 13.:
264 801 382 835 Nonne
403 804 618 848 unusquisque
643 808 787 837 vestrum
812 804 944 838 sabbalo
965 804 1063 839 solvit
1085 805 1197 838 bovem
1219 817 1324 846 suum,
1352 811 1409 839 ant
1427 807 1571 846 asinum,
1595 810 1624 840 et

67 854 158 889 ducit
182 854 378 900 adaquare?
395 855 489 901 Ergo
512 856 806 890 inconvenienter
831 858 974 902 ponitur
1000 858 1091 891 inter
1117 866 1305 904 praecepta
1333 858 1508 904 decalogi.

136 918 169 950 4.
191 907 426 943 PRAETEREA.
450 909 645 955 Praecepta
667 909 833 955 decalogi
853 918 936 944 sunt
958 911 1067 944 etiam
1093 911 1130 944 in
1155 922 1251 945 nova
1276 911 1357 957 lege
1381 912 1622 946 observanda:

68 962 130 996 sed
151 962 187 995 in
208 973 304 996 nova
325 962 405 1008 lege
426 974 500 997 non
522 971 683 997 servatur
703 963 774 997 hoc
797 972 1040 1010 praeceptum,
1067 975 1132 998 nec
1155 973 1329 1010 quantum
1358 967 1401 999 ad
1428 966 1523 999 diem
1550 966 1627 999 sab-

67 1015 151 1057 bati,
173 1027 239 1049 nec
263 1024 437 1061 quantum
460 1016 502 1049 ad
530 1017 625 1050 diem
652 1016 886 1059 dominicam,
913 1017 949 1050 in
976 1029 1045 1062 qua
1073 1025 1106 1051 et
1133 1018 1201 1051 cibi
1228 1026 1440 1064 coquuntur,
1468 1028 1501 1053 et
1528 1019 1627 1053 itine-

67 1078 200 1111 rantur,
223 1077 257 1103 et
279 1069 459 1114 piscantur
481 1069 659 1111 homines,
684 1077 718 1104 et
739 1069 808 1103 alia
831 1070 944 1104 multa
966 1070 1179 1117 hujusmodi
1203 1070 1361 1114 faciunt;
1390 1083 1476 1118 ergo
1503 1073 1626 1106 incon—

66 1124 250 1157 venienter
270 1123 418 1156 traditur
439 1131 672 1169 praeceptum
695 1123 738 1157 de
761 1124 1013 1159 observatione
1035 1125 1182 1159 sabbati.

140 1176 213 1210 SED
235 1187 390 1211 CONTRA
412 1184 464 1210 est
483 1176 687 1222 Scripturae
710 1178 914 1220 auctoritas.

136 1229 365 1264 RESPONDEO
387 1229 591 1273 dicendum,
615 1231 723 1276 quod,
751 1223 899 1265 remotis
921 1231 1190 1277 impedimentis
1216 1243 1323 1267 verae
1350 1231 1536 1278 religionis
1562 1243 1625 1279 per

67 1283 236 1330 primum,
259 1291 294 1318 et
313 1284 514 1318 secundum
535 1291 770 1330 praeceptum
793 1285 970 1330 decalogi,
987 1293 1025 1319 ut
1041 1297 1147 1332 supra
1169 1286 1307 1320 dictum
1329 1294 1382 1320 est
1402 1288 1481 1330 (art.
1503 1298 1535 1321 2.
1554 1291 1582 1321 et
1595 1299 1624 1333 3.

67 1336 135 1382 huj.
157 1337 218 1382 q.),
239 1348 464 1383 consequens
485 1337 550 1371 fuit
572 1346 609 1372 ut
629 1338 773 1372 tertium
792 1347 1025 1384 praeceptum
1046 1347 1249 1385 poneretur,
1264 1351 1326 1385 per
1346 1340 1442 1385 quod
1456 1340 1624 1374 homines

66 1390 103 1424 in
124 1401 207 1424 vera
221 1390 398 1436 religione
420 1390 670 1425 fundarentur:
687 1392 731 1425 ad
752 1392 930 1426 rationem
955 1401 1075 1426 autem
1096 1393 1250 1438 pertinet
1276 1393 1412 1427 cultum
1431 1394 1512 1427 Deo
1532 1393 1626 1427 exhi-

67 1443 169 1477 bere:
193 1443 285 1478 sicut
306 1452 427 1478 autem
449 1444 484 1478 in
507 1444 692 1490 Scriptura
718 1444 839 1479 divina
864 1445 1014 1480 traditur
1034 1445 1138 1480 nobis
1165 1445 1280 1480 cultus
1302 1446 1450 1480 interior
1475 1446 1538 1480 sub
1567 1446 1627 1480 ali-

69 1497 196 1542 quibus
218 1497 462 1543 corporalium
483 1509 602 1532 rerum
618 1498 930 1541 similitudinibus;
952 1499 1000 1533 ita
1023 1498 1138 1533 cultus
1161 1499 1315 1533 exterior
1336 1499 1417 1533 Deo
1440 1499 1626 1534 exhibetur

68 1561 131 1596 per
153 1549 298 1596 aliquod
320 1550 487 1585 sensibile
510 1551 674 1597 signum;
697 1559 730 1585 et
752 1552 835 1597 quia
857 1552 901 1586 ad
921 1552 1132 1586 interiorem
1155 1552 1304 1594 cultum,
1326 1554 1386 1598 qui
1406 1553 1569 1587 consistit
1587 1553 1622 1587 in

71 1603 247 1645 oratione,
275 1611 310 1638 et
335 1604 542 1646 devotione,
569 1604 686 1649 magis
712 1604 891 1639 inducitur
915 1605 1030 1640 homo
1059 1617 1100 1640 ex
1133 1605 1296 1639 interiori
1323 1605 1475 1652 Spiritus
1503 1606 1627 1640 Sancti

69 1656 252 1698 instinctu,
273 1666 507 1703 praeceptum
527 1657 617 1703 legis
639 1658 798 1691 dandum
818 1658 884 1692 fuit
899 1658 941 1692 de
964 1659 1131 1693 exteriori
1145 1658 1243 1693 cultu
1262 1659 1462 1693 secundum
1479 1659 1625 1706 aliquod

68 1709 236 1744 sensibile
254 1710 416 1756 signum;
443 1719 476 1745 et
498 1711 580 1756 quia
602 1719 793 1757 praecepta
814 1711 981 1758 decalogi
1007 1720 1088 1746 sunt
1114 1712 1216 1758 quasi
1237 1712 1415 1758 quaedam
1438 1713 1564 1758 prima,
1591 1721 1625 1747 et

69 1765 280 1799 communia
301 1764 391 1811 legis
413 1765 598 1812 principia,
617 1766 698 1800 ideo
720 1766 756 1799 in
775 1766 879 1800 tertio
901 1774 1094 1812 praecepto
1114 1765 1281 1812 decalogi
1297 1766 1513 1812 praecipitur
1534 1774 1627 1801 exte-

68 1818 141 1852 rior
157 1819 226 1852 Dei
248 1818 364 1853 cultus
387 1819 449 1853 sub
472 1819 576 1864 signo
600 1819 804 1853 communis
828 1819 1004 1861 beneficii,
1032 1819 1128 1865 quod
1154 1821 1309 1866 pertinet
1335 1820 1377 1853 ad
1401 1831 1539 1861 omnes,
1561 1819 1626 1853 sci-

67 1871 153 1906 licet
174 1872 217 1906 ad
239 1872 583 1918 repraesentandum
610 1883 700 1918 opus
728 1872 919 1906 creationis
947 1873 1084 1914 mundi,
1112 1884 1132 1906 a
1154 1884 1225 1919 quo
1252 1873 1470 1919 requievisse
1497 1873 1626 1906 dicitur

67 1925 167 1960 Deus
197 1925 350 1972 septima
376 1925 450 1959 die:
476 1925 512 1959 in
544 1926 644 1971 cujus
673 1925 818 1971 signum
852 1925 926 1960 dies
953 1926 1106 1972 septima
1139 1926 1330 1960 mandatur
1356 1925 1624 1968 sanctificanda,

67 1979 160 2013 idest
181 1979 384 2025 deputanda
406 1979 450 2013 ad
470 1979 675 2013 vacandum
696 1979 797 2021 De03
820 1986 854 2013 et
874 1979 957 2014 ideo
979 1979 1092 2014 Exod.
1115 1989 1183 2022 20„
1205 1980 1404 2026 praemisso
1427 1987 1622 2026 praecepto

68 2032 112 2066 de
134 2032 419 2067 sanctificatione
440 2032 589 2074 sabbati,
611 2033 812 2078 assignatur
832 2032 942 2076 rati03
966 2033 1060 2079 quia,
1079 2045 1134 2068 sex
1155 2033 1265 2068 diebus
1274 2034 1356 2079 fecit
1374 2034 1464 2068 Deus
1485 2033 1622 2075 coelum,

68 2090 97 2120 et
118 2091 253 2127 terram,
275 2091 302 2120 et
322 2087 357 2120 in
376 2087 515 2132 septima
535 2085 585 2120 die
602 2087 774 2131 requievit.

141 2139 201 2173 AD
227 2149 376 2173 PRIMUM
399 2150 484 2185 ergo
508 2139 712 2182 dicendum,
739 2139 835 2185 quod
862 2148 1095 2186 praeceptum
1119 2140 1160 2174 de
1183 2139 1466 2174 sanctificatione
1489 2139 1626 2174 sabbati

69 2191 254 2226 literaliter
275 2191 510 2234 intellectum,
543 2200 596 2226 est
616 2193 746 2238 partim
768 2192 919 2235 morale,
942 2193 1072 2239 partim
1100 2201 1220 2228 autem
1248 2193 1530 2235 caeremoniale3
1552 2203 1627 2226 mo—

70 2245 144 2280 rale
166 2245 311 2292 quidem
331 2253 384 2279 est
405 2253 579 2291 quantum
601 2245 644 2279 ad
665 2246 748 2288 hoc,
771 2246 867 2292 quod
888 2246 1002 2281 homo
1031 2247 1175 2292 deputet
1202 2246 1347 2292 aliquod
1367 2254 1510 2292 tempus
1531 2246 1625 2279 vitae

71 2310 156 2333 suae
181 2299 223 2332 ad
250 2299 455 2332 vacandum
489 2298 634 2332 divinis:
657 2299 749 2333 inest
771 2299 867 2333 enirn
894 2299 1035 2333 homini
1060 2299 1232 2333 naturalis
1261 2299 1446 2333 inclinatio
1470 2299 1512 2332 ad
1542 2299 1626 2340 hoc,

71 2352 166 2398 quod
195 2351 341 2386 cuilibet
362 2351 412 2385 rei
433 2352 658 2386 necessariae
681 2352 869 2398 deputetur
896 2353 1042 2398 aliquod
1068 2361 1230 2399 tempus;
1253 2353 1345 2387 sicut
1371 2351 1552 2398 corporali
1577 2363 1628 2385 re-

69 2405 229 2448 fectioni,
256 2416 399 2446 somno,
428 2414 461 2438 et
495 2404 572 2439 aliis
597 2405 825 2450 hujusmodi3
852 2406 946 2440 unde
974 2406 1083 2440 etiam
1117 2406 1291 2452 spirituali
1323 2405 1521 2446 refectioni,
1557 2416 1626 2450 qua

71 2470 174 2493 mens
196 2459 356 2492 hominis
370 2459 406 2491 in
421 2458 502 2492 Deo
525 2458 691 2501 reficitur,
713 2459 911 2493 secundum
927 2459 1107 2493 dictamen
1122 2459 1293 2493 naturalis
1307 2459 1466 2500 rationis,
1481 2458 1627 2504 aliquod

70 2519 211 2557 ternpus
233 2512 379 2557 deputat
399 2511 531 2553 hom03
554 2520 587 2545 et
605 2513 653 2545 sic
670 2512 801 2546 habere
817 2512 961 2558 aliquod
983 2521 1124 2558 tempus
1140 2513 1349 2558 deputatum
1365 2512 1407 2545 ad
1423 2511 1626 2545 vacandum

72 2565 211 2606 divinis,
234 2565 328 2598 cadit
349 2564 412 2598 sub
443 2572 634 2610 praecepto
657 2565 804 2599 morali:
827 2566 888 2600 sed
910 2566 1124 2612 inquantum
1146 2566 1181 2600 in
1203 2566 1274 2600 hoc
1297 2573 1489 2612 praecepto
1517 2565 1627 2599 deter-

71 2618 227 2651 minatur
248 2617 403 2663 speciale
424 2625 565 2663 tempus
581 2620 616 2651 in
638 2619 779 2663 signum
796 2619 987 2653 creationis
1010 2620 1145 2660 mundi,
1164 2619 1214 2653 sic
1235 2627 1287 2653 est
1301 2626 1532 2664 praeceptum
1551 2629 1627 2652 cae-

70 2671 280 2705 remoniale.
304 2670 477 2704 Similiter
499 2671 606 2705 etiam
629 2672 893 2706 caeremoniale
917 2681 969 2706 est
983 2673 1183 2707 secundum
1201 2672 1434 2717 allegoricam
1450 2671 1627 2717 significa-

70 2724 220 2766 tionem,
242 2732 348 2770 prout
367 2723 441 2757 fuit‘
454 2724 597 2770 signum
617 2725 744 2770 quietis
763 2725 899 2759 Christi
914 2726 949 2759 in
964 2726 1168 2772 sepulchro,
1184 2737 1274 2770 quae
1298 2724 1363 2758 fuit
1384 2725 1535 2770 septima
1551 2725 1623 2758 die:

73 2786 108 2812 et
128 2778 292 2812 similiter
310 2778 509 2812 secundum
531 2778 709 2813 moralem
723 2779 1037 2825 significationem,
1059 2787 1165 2826 prout
1187 2779 1365 2824 significat
1387 2779 1626 2813 cessationem

73 2831 115 2865 ab
139 2831 240 2866 omni
258 2840 338 2866 actu
358 2832 508 2876 peccati,
531 2840 566 2866 et
581 2832 739 2878 quietem
760 2833 889 2867 mentis
911 2833 948 2867 in
965 2833 1066 2867 Deo:
1090 2841 1124 2866 et
1145 2832 1343 2866 secundum
1364 2832 1433 2867 hoc
1456 2832 1628 2878 quodam-

72 2884 184 2919 modo
207 2892 259 2919 est
280 2892 513 2931 praeceptum
535 2885 718 2932 generale:
743 2885 907 2921 similiter
933 2886 1043 2920 etiarn
1065 2885 1329 2920 caeremoniale
1351 2893 1404 2920 est
1425 2885 1624 2920 secundum
