1920 3142
499 151 718 188 QUAESTIO
754 151 795 181 ΙΙ.
830 150 1072 180 ARTICULUS
1107 149 1133 178 1.
1552 147 1602 190 41

121 234 191 270 Sed
214 245 252 270 m
273 244 525 269 CONTRARIUM
541 241 604 276 est,
619 232 715 280 quod
730 232 883 278 August.
899 231 948 266 sic
964 230 1086 265 definit
1101 230 1228 266 credere
1241 229 1277 263 in
1293 228 1352 263 lib.
1370 228 1413 262 de
1428 227 1608 262 Praedcst.

52 288 172 323 Sanct.
195 288 283 335 (rap.
299 288 358 333 2.).

122 342 348 376 Rzzspoxmao
370 341 573 382 dicendum,
588 340 683 386 quod
701 340 860 385 cogitare
877 339 1051 385 triplicitsr
1065 338 1158 372 sumi
1173 345 1305 383 potest:
1325 348 1389 371 uno
1406 335 1499 370 modo
1515 346 1612 369 com-

52 395 207 429 muniter
221 406 284 441 pro
301 395 554 441 qualicumque
567 393 697 427 actuali
714 393 1002 427 consideratione
1019 391 1237 433 intellectus3
1253 391 1344 424 sicut
1359 390 1510 434 August.
1526 388 1612 422 dicit

51 449 87 483 in
113 459 163 491 14.
186 449 229 483 de
253 448 428 483 Trinitate
452 449 542 494 (cap.
558 448 602 493 7.)
625 460 634 481 :
654 448 753 481 Hanc
772 459 857 480 nnus
875 446 946 480 dico
963 445 1223 489 intelligentiam,
1247 456 1310 490 qma
1335 443 1542 489 intelligimus
1563 453 1612 476 co-

50 504 210 549 gitantes:
233 503 298 536 alio
315 501 408 536 modo
423 501 551 535 dicitur
566 500 726 546 cogitare
742 500 858 545 magis
873 499 1015 546 proprie
1030 498 1271 532 consideratio
1288 496 1501 538 intellectus,
1518 507 1608 541 quae

52 563 105 590 est
126 567 208 590 cum
231 556 384 602 quadam
415 554 657 601 inquisitione,
686 562 879 599 antequam
909 551 1136 598 perveniatur
1163 551 1206 584 ad
1229 550 1487 596 perfectionem
1510 548 1612 583 intel-

51 608 164 643 lectus
186 620 247 655 per
268 608 517 643 certitudinem
540 607 703 641 visionis:
728 615 761 641 et
783 606 983 640 secundum
1005 605 1076 639 hoc
1099 605 1251 649 August.
1267 604 1352 638 dicit
1378 614 1428 646 15.
1450 604 1492 637 de
1509 602 1609 637 Trin.

52 663 142 710 (cap.
162 663 243 708 16),
268 662 364 708 quod
386 662 455 696 Dei
477 661 585 695 Filius
607 672 680 694 non
701 660 873 705 cogitatio
893 659 1033 701 dicitur,
1052 658 1112 692 sed
1131 657 1280 692 verbum
1299 657 1370 691 Dei
1388 657 1526 690 dicitur.
1543 656 1614 690 Co-

53 715 178 762 gitatio
201 715 331 762 quippe
361 723 484 749 nostra
512 714 722 761 perveniens
752 713 794 747 ad
826 713 872 754 id,
902 712 998 758 quod
1026 711 1172 753 scimus,
1203 719 1308 756 atque
1337 710 1419 744 inde
1445 709 1612 750 formata,

52 769 201 804 verbum
222 777 386 803 nostrum
408 776 470 803 est.
489 767 532 801 Et
553 767 634 802 ideo
653 767 802 801 verbum
817 766 887 800 Dei
901 766 977 800 sine
997 765 1217 811 cogitatione
1236 764 1306 798 Dei
1325 763 1429 798 debet
1446 762 1610 808 intelligi,

53 834 126 857 non
142 821 275 868 aliquid
296 821 433 856 habens
454 820 655 863 formabile,
671 820 766 866 quod
782 820 893 865 possit
915 830 991 853 esse
1009 818 1175 852 informe.
1191 817 1235 851 Et
1253 817 1451 852 secundum
1469 816 1541 850 hoc
1557 827 1614 849 co-

54 876 178 922 gitatio
201 875 342 922 proprie
364 875 492 909 dicitur
510 882 630 908 motus
649 873 761 907 animi
778 872 1018 914 deliberantis,
1037 871 1200 906 nondum
1219 870 1367 917 perfecti
1385 881 1448 916 per
1465 869 1611 916 plenam

53 929 231 964 visionem
252 928 427 963 veritatis:
451 927 512 962 sed
535 927 617 973 quia
631 926 711 961 talis
726 934 847 960 motus
861 933 980 972 potest
995 936 1072 959 esse
1086 925 1137 959 vel
1151 925 1262 958 animi
1277 923 1504 958 deliberantis
1520 924 1614 956 circa

52 982 269 1016 intentiones
291 980 520 1023 universales,
543 980 639 1027 quod
662 980 814 1026 pertinet
841 979 885 1012 ad
912 978 1170 1013 intellectivam
1194 985 1344 1024 partem,
1365 977 1418 1011 vel
1440 976 1535 1010 circa
1562 976 1615 1009 in-

53 1037 231 1070 tentiones
252 1034 496 1082 particulares,
518 1034 614 1080 quod
635 1033 788 1080 pertinet
810 1033 853 1066 ad
875 1040 1015 1078 partem
1037 1032 1264 1073 sensitivam3
1287 1031 1369 1064 ideo
1397 1030 1556 1076 cogitare
1574 1041 1616 1063 sc-

55 1088 158 1124 cundo
181 1089 292 1123 modo
314 1088 465 1122 sumitur
491 1099 556 1134 pro
579 1095 659 1121 actu
686 1086 889 1120 intellectus
917 1085 1163 1120 deliberantis:
1193 1085 1286 1119 tertio
1308 1083 1420 1117 rnodo
1442 1094 1506 1129 pro
1535 1090 1615 1116 actu

54 1143 192 1177 virtutis
214 1142 446 1188 cogitativae3
469 1141 498 1175 si
517 1152 602 1187 ergo
623 1140 782 1186 cogitare
802 1147 964 1174 sumatur
983 1138 1227 1173 communiter
1245 1137 1443 1172 secundum
1458 1136 1615 1183 primum

56 1196 217 1238 modum,
240 1196 289 1230 sic
311 1195 382 1229 hoc
405 1194 501 1241 quod
533 1194 661 1228 dicitur
683 1205 766 1228 curn
793 1193 1000 1227 assensione
1024 1192 1196 1238 cogitare,
1223 1203 1297 1225 non
1319 1191 1405 1224 dicit
1425 1198 1540 1224 totam
1567 1201 1618 1223 ra-

55 1249 191 1284 tionem
214 1250 288 1295 ejus
308 1248 403 1295 quod
421 1256 473 1283 est
487 1248 648 1282 credere:
667 1258 753 1281 nam
771 1258 834 1293 per
851 1246 948 1279 hunc
968 1246 1119 1280 modum
1139 1245 1248 1279 etiam
1267 1244 1327 1291 qui
1346 1244 1549 1278 considerat
1564 1254 1617 1284 ea,

57 1314 147 1350 quae
169 1302 244 1345 scit,
265 1302 323 1336 vel
344 1301 523 1347 intelligit,
546 1312 629 1335 cum
651 1300 859 1334 assensione
880 1299 1032 1344 cogitat:
1056 1298 1085 1333 si
1103 1309 1189 1332 vero
1208 1306 1370 1332 sumatur
1389 1297 1548 1343 cogitare
1567 1308 1618 1330 se-

58 1356 175 1391 cundo
197 1356 320 1398 modo,
343 1356 392 1390 sic
422 1355 458 1389 in
478 1355 550 1389 hoc
572 1354 783 1399 intelligitur
809 1361 885 1388 tota
911 1353 1002 1387 ratio
1023 1352 1130 1397 hujus
1153 1359 1265 1394 actus,
1293 1351 1353 1398 qui
1380 1359 1433 1385 est
1459 1350 1616 1384 credere.

57 1411 217 1445 Actuum
239 1409 335 1444 enirn
358 1409 401 1443 ad
422 1408 646 1442 intellectum
668 1407 923 1453 pertinentium
950 1405 1097 1452 quidam
1123 1405 1258 1439 habent
1278 1404 1422 1438 firmam
1445 1403 1618 1438 assensio-

57 1475 142 1498 nem
165 1463 296 1509 absque
317 1462 380 1496 tali
398 1462 641 1507 cogitatione:
664 1461 756 1495 sicut
778 1472 862 1494 cum
885 1459 1012 1505 aliquis
1035 1458 1239 1493 considerat
1261 1469 1314 1499 ea,
1337 1469 1428 1504 quae
1456 1457 1532 1499 scit,
1559 1455 1618 1489 vel

58 1516 236 1562 intelligit,
257 1515 337 1550 talis
359 1515 455 1549 enirn
479 1514 719 1549 consideratio
747 1514 821 1559 jam
844 1520 898 1546 est
918 1512 1088 1546 formata:
1112 1512 1258 1558 quidam
1280 1522 1367 1545 vero
1395 1519 1493 1544 actus
1519 1508 1619 1543 intel-

59 1569 172 1604 lectus
192 1569 326 1603 habent
347 1568 492 1614 quidem
514 1567 775 1613 cogitationem
806 1564 1002 1599 informem
1025 1565 1157 1611 absque
1180 1564 1282 1598 firma
1305 1564 1531 1605 assensione3
1552 1564 1619 1597 sive

60 1623 96 1657 in
117 1631 281 1657 neutram
303 1630 442 1668 partem
471 1621 662 1662 declinent,
690 1620 782 1654 sicut
809 1619 938 1653 accidit
966 1619 1158 1660 dubitanti;
1185 1620 1252 1652 sive
1280 1618 1316 1652 in
1345 1629 1453 1651 unam
1480 1624 1618 1662 partem

60 1676 176 1722 magis
206 1675 396 1718 declinent,
426 1675 486 1709 sed
516 1682 682 1708 tenentur
705 1673 765 1718 [al.
789 1673 965 1717 tentantur]
997 1672 1116 1718 aliquo
1139 1671 1210 1705 levi
1231 1671 1346 1717 signo,
1373 1671 1464 1705 sicut
1491 1669 1620 1704 accidit

61 1730 273 1776 suspicanti3
294 1731 360 1764 sive
381 1729 443 1763 uni
460 1728 552 1774 parti
570 1728 799 1769 adhaereant,
817 1735 939 1760 tamen
961 1737 1042 1760 cum
1062 1725 1254 1760 formidine
1275 1724 1431 1766 alterius,
1451 1723 1545 1770 quod
1567 1734 1621 1756 ac-

61 1784 146 1818 cidit
167 1783 343 1830 opinanti:
366 1783 428 1817 sed
451 1790 549 1816 actus
572 1782 648 1823 iste,
672 1781 731 1827 qui
755 1789 806 1815 est
829 1780 986 1821 credere,
1007 1780 1118 1813 habet
1134 1779 1277 1816 firmam
1297 1778 1555 1812 adhaesionem
1576 1776 1619 1810 ad

61 1848 170 1871 unam
186 1845 342 1883 partem,
365 1836 401 1869 in
420 1847 491 1882 quo
512 1835 681 1869 convenit
699 1834 846 1868 credens
866 1844 949 1867 cum
968 1833 1115 1874 sciente,
1135 1840 1169 1866 et
1186 1831 1426 1877 intelligente:
1446 1839 1480 1865 et
1498 1839 1619 1864 tamen

62 1891 136 1936 ejus
158 1890 317 1936 cognitio
344 1901 418 1923 non
445 1897 498 1923 est
522 1888 679 1935 perfecta
705 1898 767 1934 per
793 1886 989 1920 maximam
1018 1885 1078 1931 [al.
1100 1885 1328 1930 manifestam]
1356 1885 1558 1926 visionem;
1585 1884 1620 1917 in

63 1955 133 1990 quo
156 1943 325 1977 convenit
347 1954 430 1976 curn
452 1942 646 1983 dubitante,
668 1940 882 1986 suspicante,
902 1948 935 1974 et
950 1939 1137 1985 opinante:
1162 1948 1196 1973 et
1210 1939 1259 1973 sic
1276 1939 1459 1985 proprium
1480 1945 1531 1972 est
1551 1949 1622 1971 cre-

63 1997 188 2039 dentis,
211 2005 248 2031 ut
270 2008 353 2030 curn
377 2007 522 2030 assensu
545 1996 697 2041 cogitet3
720 2002 755 2028 et
775 2001 920 2040 propter
941 1993 1012 2026 hoc
1032 1993 1259 2038 distinguitur
1276 1992 1341 2026 iste
1365 2000 1475 2032 actus,
1491 1991 1550 2037 qui
1569 1998 1622 2025 est

64 2050 220 2092 credere,
243 2050 283 2083 ab
308 2049 474 2084 omnibus
496 2049 632 2083 actibus
654 2046 869 2088 intellectus,
892 2046 953 2092 qui
971 2054 1053 2080 sunt
1076 2046 1171 2080 circa
1191 2057 1329 2087 verum,
1352 2044 1409 2079 vel
1430 2044 1572 2079 falsum.

133 2103 192 2137 AD
214 2113 362 2138 PRIMUM
381 2114 467 2148 ergo
490 2102 694 2143 dicendum,
717 2100 813 2146 quod
835 2099 921 2134 fides
943 2111 1017 2134 non
1044 2099 1152 2134 habet
1173 2099 1445 2145 inquisitionem
1472 2098 1621 2132 rationis

64 2155 233 2190 naturalis
256 2156 534 2190 demonstrantis
555 2155 601 2196 id,
624 2154 719 2200 quod
743 2153 918 2188 creditur:
939 2153 1049 2187 habet
1069 2161 1190 2187 tamen
1210 2152 1480 2198 inquisitionem
1500 2163 1622 2197 quam-

65 2210 149 2243 dam
170 2221 308 2251 eorum,
330 2221 393 2255 per
414 2220 505 2255 quae
526 2208 693 2242 indicitur
713 2207 828 2241 homo
852 2206 895 2240 ad
918 2206 1154 2249 credendum3
1177 2214 1261 2252 puta
1283 2206 1366 2252 quia
1388 2214 1469 2239 sunt
1488 2205 1582 2239 dicta
1603 2216 1621 2238 a

64 2263 157 2305 Deo,
180 2271 214 2297 et
235 2262 417 2297 miraculis
437 2262 660 2297 confirmata.

137 2317 195 2351 AD
215 2327 420 2351 SECUNDUM
442 2316 646 2357 dicendum,
669 2314 765 2361 quod
788 2314 946 2359 cogitare
967 2325 1041 2348 non
1063 2313 1215 2348 sumitur
1232 2313 1302 2354 hic,
1321 2320 1427 2359 prout
1448 2320 1500 2346 est
1519 2319 1622 2349 acuus

67 2370 282 2416 cogitativae
293 2370 442 2412 virtutis,
451 2369 512 2404 sed
524 2377 629 2415 prout
639 2368 790 2414 pertinet
802 2368 844 2401 ad
857 2366 1091 2409 intellectum,
1100 2375 1137 2400 ut
1151 2367 1287 2400 dictum
1303 2374 1354 2400 est
1366 2366 1413 2409 (in
1427 2372 1514 2411 corp.
1527 2365 1621 2409 art).

138 2425 197 2459 AD
221 2434 391 2459 TERTIUM
413 2423 618 2465 dicendum,
641 2421 736 2468 quod
751 2421 953 2455 intellectus
969 2421 1145 2455 credentis
1160 2420 1418 2454 determinatur
1434 2419 1475 2452 ad
1495 2429 1624 2459 unum,

68 2489 142 2512 non
165 2489 227 2524 per
249 2478 438 2519 rationem,
456 2477 517 2511 sed
532 2488 593 2523 per
606 2476 844 2516 voluntatem,
860 2482 894 2508 et
908 2474 990 2508 ideo
1007 2485 1172 2508 assensus
1190 2474 1248 2508 hic
1267 2473 1440 2519 accipitur
1459 2483 1523 2517 pro
1541 2478 1623 2505 actu

69 2531 283 2573 intellectus,
305 2531 503 2565 secundum
525 2529 620 2576 quod
641 2540 660 2563 a
680 2528 866 2563 voluntate
889 2528 1146 2562 determinatur
1169 2527 1212 2561 ad
1234 2538 1357 2560 unum.
