1859 3122
458 171 677 207 QUAESTIO
713 171 844 201 CXVII.
878 172 1120 202 ARTICULUS
1154 173 1209 202 IV.
1536 175 1618 217 799

67 249 146 284 litas
168 258 220 285 cst
241 251 455 298 principium
477 253 642 296 dationis,
664 265 738 288 non
765 255 916 300 pertinet
942 254 985 288 ad
1011 253 1208 296 liberalem,
1231 262 1268 288 ut
1294 255 1337 289 sit
1364 263 1552 301 promptus
1577 255 1620 289 ad

69 304 326 350 recipiendum,
348 314 382 340 et
403 306 517 341 multo
540 308 658 342 minus
681 307 723 341 ad
746 308 962 354 petendum3
985 308 1078 342 unde
1099 319 1240 342 versus:

399 378 435 413 Sl
456 380 526 424 quis
548 380 581 413 ῐιι
603 379 660 414 hoc
683 379 801 414 mundo
825 380 933 414 multis
952 379 1025 414 vult
1044 384 1158 425 gratus
1179 379 1304 423 haberi,

398 432 474 473 Dat,
498 434 620 479 capiat,
644 438 791 479 (Indural,
810 434 972 479 plurima,
990 440 1114 479 pansa,
1137 433 1230 467 nihil.

141 519 296 554 Ordinat
318 529 438 554 autem
462 522 503 555 ad
526 522 685 556 dandum
709 522 827 568 aliqua
854 523 1052 557 secundum
1076 522 1368 556 convenientiam
1390 522 1621 564 liberalitatis,

70 572 206 607 scilicet
227 573 360 608 fructus
382 575 607 621 propriarum
629 577 911 622 possessionum,
934 588 1024 622 quos
1045 575 1184 610 solicite
1208 584 1388 622 procurat,
1411 584 1447 610 ut
1469 577 1518 610 eis
1542 577 1624 610 libe-

70 626 189 660 raliter
210 635 336 662 utatur.

140 681 200 714 An
216 692 402 720 QL'ARTUM
419 682 622 725 dicendum,
635 684 731 730 quod
748 684 790 717 ad
807 683 1079 730 expendendum
1093 684 1127 717 in
1144 685 1301 730 seipsum
1315 692 1441 718 natura
1457 683 1621 717 inclinat:

70 734 163 768 unde
178 735 248 769 hoc
264 736 359 781 quod
374 737 566 782 pecuniam
582 738 659 783 quis
675 736 866 784 profundat
880 738 914 771 in
934 737 1036 780 alios,
1052 738 1204 783 pertinet
1221 738 1365 785 proprie
1385 738 1427 771 ad
1443 737 1623 772 virtutem.

623 880 967 925 ARTICULUS
1008 881 1060 924 V.
1560 902 1625 940 594

375 988 528 1018 UTRUM
554 988 832 1018 LtssERALITAs
862 990 929 1018 s1T
956 989 1057 1018 PARS
1080 989 1318 1030 JUSTITIAE.

227 1075 340 1122 (Supr.
363 1088 393 1122 q.
412 1077 463 1122 58.
486 1081 548 1111 art.
572 1088 620 1112 12.
641 1077 683 1110 ml
704 1090 730 1112 r.
753 1082 781 1112 ct
801 1089 830 1123 q.
850 1077 921 1112 116.
944 1083 1007 1111 art.
1030 1089 1059 1112 2.
1084 1077 1125 1111 ad
1142 1089 1169 1123 3.
1193 1083 1222 1112 ct
1243 1083 1307 1112 art.
1327 1089 1354 1123 3.
1379 1077 1420 1111 ad
1441 1089 1472 1112 2.

119 1133 147 1163 et
169 1129 246 1174 infr.
266 1141 295 1175 q.
318 1141 382 1175 157.
405 1135 467 1164 art.
490 1143 517 1165 Ι.
540 1135 569 1165 ct
582 1142 610 1176 3.
633 1131 721 1165 Dist.
744 1142 796 1177 27.
812 1143 841 1176 t]-
864 1143 895 1166 2.
917 1136 981 1165 art.
1004 1142 1037 1175 4.
1060 1143 1089 1176 q.
1111 1142 1142 1165 2.
1165 1136 1193 1165 et
1216 1131 1299 1165 Mul.
1322 1143 1350 1176 q.
1373 1143 1416 1177 13.
1439 1135 1502 1165 ιινί.
1524 1131 1578 1175 L).

141 1218 201 1252 AD
216 1229 396 1258 QUINTUM
409 1219 460 1253 sic
478 1219 693 1265 proceditur.
709 1219 871 1262 Videtur,
885 1220 981 1266 quod
1000 1219 1193 1253 liberalitas
1211 1230 1285 1253 non
1300 1219 1344 1254 sit
1358 1230 1439 1265 pars
1454 1219 1626 1265 justitiae:

70 1271 203 1317 justitia
226 1272 322 1306 enim
344 1273 489 1319 respicit
510 1273 687 1308 debitum:
710 1273 771 1308 sed
793 1282 928 1319 quanto
956 1281 1009 1308 est
1035 1273 1162 1319 aliquis
1188 1273 1305 1319 magis
1332 1272 1504 1315 debitum,
1527 1281 1627 1307 tanto

71 1326 190 1360 minus
204 1325 396 1361 liberaliter
415 1328 536 1371 datur3
557 1339 642 1373 ergo
658 1327 851 1362 liberalitas
866 1339 939 1362 non
960 1336 1011 1362 est
1029 1338 1110 1373 pars
1131 1327 1297 1372 justitiae,
1313 1327 1374 1361 sed
1390 1327 1422 1361 ei
1440 1335 1626 1373 repugnat.

143 1390 174 1414 2.
196 1380 431 1416 PRAETEREA.
455 1381 595 1426 Justitia
618 1389 669 1416 est
692 1382 787 1415 circa
809 1381 1050 1428 operationes,
1073 1388 1111 1414 ut
1132 1391 1238 1426 supra
1259 1380 1421 1414 habitum
1445 1389 1497 1414 est
1517 1381 1623 1426 (q.53.

72 1438 135 1468 art.
158 1445 189 1480 9.
211 1439 240 1468 et
263 1444 326 1469 1-2.
344 1447 373 1480 q.
389 1435 445 1470 60.
462 1440 525 1469 art.
548 1447 579 1470 2.
601 1440 630 1470 et
646 1436 715 1481 3.):
738 1435 800 1469 sed
821 1434 1015 1469 liberalitas
1037 1442 1090 1469 est
1112 1434 1305 1480 praecipue
1329 1434 1423 1468 circa
1446 1446 1623 1475 amorem,

73 1495 108 1520 et
129 1488 460 1534 concupiscentiam
488 1489 736 1535 pecuniarum,
764 1500 855 1534 quae
882 1497 964 1522 sunt
992 1488 1198 1535 passiones;
1227 1498 1313 1533 ergo
1342 1488 1458 1533 magis
1488 1487 1628 1522 videtur

72 1539 266 1575 liberalitas
293 1542 336 1575 ad
358 1543 637 1588 temperantiam
663 1542 851 1588 pertinere,
875 1554 983 1588 quam
1006 1542 1048 1576 ad
1072 1542 1258 1587 justitiam.

148 1607 176 1641 3.
199 1595 434 1630 PRAETEREA.
458 1596 514 1630 Ad
536 1595 787 1630 liberalitatem
809 1597 962 1642 pertinet
983 1596 1174 1642 praecipue
1198 1595 1454 1629 convenienter
1475 1594 1572 1637 dare,
1590 1603 1629 1629 ut

74 1648 209 1682 dictum
232 1657 285 1683 est
311 1649 389 1694 (art.
407 1656 520 1696 praec.
543 1649 585 1684 ad
605 1650 674 1693 2.).·
697 1650 758 1684 sed
781 1651 1040 1684 convenienter
1070 1649 1154 1683 dare
1180 1649 1334 1695 pertinet
1360 1649 1403 1682 ad
1429 1648 1629 1683 beneficen-

73 1703 171 1745 tiam,
194 1711 228 1737 et
254 1703 551 1747 misericordiam,
579 1715 669 1750 quae
696 1704 873 1750 pertinent
900 1703 943 1737 ad
971 1703 1195 1744 charitatem,
1218 1711 1256 1736 ut
1282 1714 1388 1749 supra
1415 1703 1551 1736 dictum
1577 1711 1630 1737 est

75 1756 120 1802 (q.
139 1768 191 1802 30.
215 1762 244 1791 et
260 1758 344 1803 31.);
372 1768 458 1803 ergo
480 1756 674 1792 liberalitas
697 1757 813 1803 magis
837 1765 889 1791 est
910 1768 991 1803 pars
1015 1756 1210 1797 charitatis,
1234 1767 1343 1802 quam
1364 1756 1532 1801 justitiae.

146 1809 220 1844 SED
240 1820 394 1845 CONTRA
417 1818 480 1852 est,
503 1810 600 1856 quod
621 1811 790 1845 Ambros.
813 1811 898 1844 dicit
918 1810 955 1844 in
981 1821 1008 1844 1.
1032 1810 1075 1844 de
1099 1809 1206 1845 Offic.
1229 1810 1318 1855 (cap.
1342 1809 1434 1854 28.).·
1461 1809 1629 1854 «Justitia

73 1863 116 1896 ad
137 1863 351 1898 societatem
365 1864 506 1909 generis
522 1864 674 1898 humani
687 1863 856 1898 refertur:
880 1863 1065 1898 societatis
1084 1863 1179 1898 enim
1195 1863 1288 1897 ratio
1304 1863 1473 1897 dividitur
1491 1863 1527 1896 in
1542 1862 1630 1896 duas

71 1924 206 1962 partes:
228 1917 400 1962 justitiam
422 1917 570 1959 scilicet,
599 1925 633 1952 et
659 1917 947 1959 beneficentiam,
971 1929 1080 1963 quam
1107 1917 1275 1951 eamdem
1302 1915 1567 1958 liberalitatem,
1595 1924 1630 1950 et

72 1968 332 2015 benignitatem
352 1979 486 2005 vocant
498 1983 538 2013 »3
561 1982 647 2017 ergo
670 1970 864 2005 liberalitas
883 1971 926 2004 ad
948 1971 1122 2016 justitiam
1145 1969 1309 2016 pertinet.

143 2023 372 2059 RESPONDEO
400 2025 604 2067 dicendum,
632 2024 729 2070 quod
763 2024 958 2059 liberalitas
991 2035 1066 2058 non
1096 2031 1149 2058 est
1176 2023 1313 2069 species
1341 2023 1514 2068 justitiae:
1546 2022 1628 2069 quia

74 2077 209 2123 justitia
231 2078 374 2112 exhibet
395 2078 496 2112 alteri
510 2078 606 2124 quod
625 2086 678 2112 est
696 2079 789 2124 ejus3
812 2078 874 2112 sed
892 2077 1086 2112 liberalitas
1105 2077 1251 2112 exhibet
1268 2077 1303 2110 id
1318 2077 1414 2122 quod
1433 2088 1538 2111 suum
1558 2084 1628 2110 est:

74 2130 183 2165 habet
195 2139 318 2166 tamen
333 2132 528 2177 quamdam
549 2132 842 2166 convenientiam
861 2143 943 2166 curn
965 2131 1100 2177 justitia
1118 2131 1154 2165 in
1172 2130 1317 2165 duobus:
1335 2132 1448 2177 primo
1471 2130 1629 2176 quidem,

76 2185 158 2230 quia
180 2185 424 2231 principaliter
445 2193 498 2220 est
519 2186 561 2219 ad
585 2185 750 2227 alterum,
772 2185 864 2220 sicut
885 2193 920 2220 et
940 2185 1092 2231 justitia:
1115 2184 1265 2226 seczmdo,
1288 2185 1370 2230 quia
1390 2192 1442 2218 est
1458 2185 1551 2218 circa
1573 2195 1629 2217 res

77 2239 282 2281 exteriores,
304 2239 396 2273 sicut
417 2247 450 2273 et
475 2239 626 2285 justitia3
653 2239 738 2273 licet
763 2240 963 2273 secundum
994 2238 1104 2273 aliam
1131 2238 1322 2280 rationem,
1349 2246 1386 2272 ut
1412 2238 1548 2272 dictum
1576 2249 1628 2271 est

76 2292 158 2337 (hic,
179 2298 208 2327 et
227 2298 292 2328 art.
315 2305 344 2328 2.
369 2293 435 2338 huj.
455 2305 485 2339 q.
508 2292 549 2327 ad
566 2293 636 2339 3.),·
661 2301 694 2327 et
715 2293 796 2327 ideo
820 2292 1017 2328 liberalita,
1039 2304 1058 2326 a
1077 2291 1292 2339 quibusdam
1315 2293 1460 2338 ponitur
1480 2302 1561 2338 pars
1582 2292 1631 2336 ju-

76 2346 204 2388 stitiae,
225 2346 317 2380 sicut
337 2346 447 2380 virtus
470 2357 609 2380 annexa
632 2346 664 2380 ei
686 2354 723 2380 ut
748 2346 946 2393 principali.

147 2400 206 2434 AD
228 2411 378 2435 PRIMUM
400 2411 486 2445 ergo
514 2399 717 2442 dicendum,
744 2399 841 2446 quod
868 2399 1061 2434 liberalitas
1091 2399 1156 2434 etsi
1182 2410 1256 2433 non
1284 2398 1442 2433 attendat
1469 2397 1627 2431 debitum

75 2452 203 2499 legale,
225 2453 322 2500 quod
342 2453 491 2487 attendit
510 2453 653 2498 justitia,
673 2454 821 2487 attendit
838 2461 962 2488 tamen
983 2453 1143 2487 debitum
1165 2452 1349 2498 quoddam
1370 2451 1520 2493 morale,
1535 2450 1632 2497 quod

77 2506 269 2541 attenditur
291 2518 332 2540 ex
354 2506 511 2552 quadam
532 2506 642 2552 ipsius
664 2507 838 2549 decentia,
859 2518 934 2541 non
957 2518 998 2541 ex
1020 2507 1090 2540 hoc
1119 2505 1215 2552 quod
1242 2506 1286 2540 sit
1308 2505 1410 2539 alteri
1432 2504 1630 2550 obligatus;

77 2560 171 2594 unde
193 2560 386 2594 minimum
407 2559 516 2593 habet
537 2559 580 2593 de
602 2560 740 2594 ratione
763 2560 884 2594 debiti.

148 2613 208 2647 AD
234 2623 440 2648 SECUNDUM
467 2612 671 2654 dicendum,
699 2613 794 2659 quod
821 2613 1059 2659 temperantia
1091 2621 1143 2646 est
1171 2612 1265 2645 circa
1297 2610 1630 2657 concupiscentiam

78 2666 322 2712 corporalium
337 2665 635 2700 delectationum:
652 2667 945 2712 concupiscentia
962 2674 1083 2700 autem
1098 2665 1286 2712 pecuniae,
1302 2673 1336 2698 et
1350 2664 1542 2698 delectatio
1556 2675 1631 2698 non

58 2727 131 2753 ·est
151 2719 362 2765 corporalis,
384 2719 445 2753 sed
467 2719 582 2765 magis
605 2719 790 2762 animalis;
813 2720 907 2754 unde
929 2719 1122 2753 liberalitas
1145 2730 1218 2752 non
1241 2718 1394 2764 pertinet
1418 2718 1558 2764 proprie
1587 2717 1630 2750 ad

77 2772 367 2818 temperantiam.

150 2825 209 2860 AD
236 2820 407 2860 TERTIUM
429 2825 633 2868 dicendum,
668 2826 764 2872 quod
787 2826 884 2860 datio
905 2825 1175 2866 beneficentiae,
1199 2832 1232 2858 et
1254 2823 1522 2858 misericordiae
1553 2834 1632 2870 pro-

83 2878 177 2912 cedit
198 2890 239 2913 ex
262 2889 318 2920 eo,
340 2878 436 2924 quod
458 2879 572 2913 homo
595 2887 648 2914 est
670 2879 870 2922 aliqualiter
893 2878 1041 2914 affectus
1068 2879 1163 2912 circa
1191 2888 1273 2912 eum
1300 2877 1358 2911 cui
1385 2877 1462 2919 dat;
1490 2885 1524 2911 et
1549 2877 1630 2911 ideo
