1859 3122
175 171 286 213 1024
581 169 802 204 QUAESTIO
837 169 966 198 CLVII.
1001 168 1245 198 ARTICULUS
1277 168 1304 197 1.

169 251 304 292 odium,
327 258 365 284 ut
386 250 539 295 August.
562 249 647 283 dicit
669 249 776 296 (epist.
803 261 871 284 2rr.
895 249 934 283 ol.
963 250 1067 295 109),
1092 256 1258 282 causatur
1280 248 1321 282 ab
1343 248 1406 290 ira,
1429 248 1524 283 circa
1545 260 1655 294 quam
1675 256 1728 283 est

168 303 421 343 mansuetudo,
444 311 477 336 et
500 302 712 343 clementia3
732 313 818 348 ergo
836 302 987 343 videtur,
1011 302 1105 347 quod
1129 301 1332 343 clementia,
1355 309 1389 335 et
1403 302 1643 335 mansuetudo
1658 302 1728 336 sint
1751 299 1755 304 ¹

168 357 308 403 penitus
331 356 437 389 idem.

242 421 270 454 3.
293 410 528 443 PRAETEREA.
553 408 653 442 Idem
674 408 802 442 vitium
817 419 891 441 non
907 408 1145 441 contrariatur
1166 407 1313 442 diversis
1327 407 1530 442 virtutibus:
1554 408 1727 442 sedidem

167 463 294 496 vitium
317 462 511 507 opponitur
532 462 810 503 mansuetudini,
834 470 867 495 et
886 461 1112 503 clementiae,
1135 461 1272 496 scilicet
1293 461 1503 504 crudelitas;
1522 473 1609 508 ergo
1635 462 1730 497 vide-

168 524 236 557 tur,
259 515 354 560 quod
377 515 630 557 mansuetudo,
653 523 687 549 et
714 514 905 549 clementia
925 516 995 549 sint
1016 515 1155 560 penitus
1177 514 1288 550 idem.

243 568 317 602 SED
341 578 496 602 CONTRA
508 575 571 610 est,
588 568 695 613 quod,
712 569 911 602 secundum
933 569 1153 615 praedictam
1177 568 1425 602 definitionem
1442 568 1613 611 Senecae,
1629 581 1647 600 «
1664 568 1732 603 cle-

171 622 306 656 mentia
329 629 381 655 est
402 621 529 655 lenitas
552 621 744 667 superioris
769 622 937 656 adversus
959 621 1169 656 inferiorem
1187 633 1218 654 »ε
1242 622 1481 655 mansuetudo
1509 630 1630 656 autem
1655 633 1731 656 non

171 675 291 710 solum
314 683 366 709 est
387 675 581 720 superioris
612 675 655 708 ad
677 674 898 716 inferiorem,
920 675 982 709 sed
1005 674 1194 720 cujuslibet
1215 674 1258 708 ad
1279 674 1492 720 quemlibet3
1519 686 1607 720 ergo
1634 686 1732 709 man-

171 728 335 770 suetudo,
359 737 393 762 et
415 728 607 762 clementia
627 739 701 762 non
723 736 806 761 sunt
831 728 972 774 penitus
994 728 1102 762 idem.

240 782 470 816 RESPONDEO
493 782 697 823 dicendum,
715 782 822 827 quod,
844 782 936 816 sicut
957 782 1085 815 dicitur
1103 782 1138 815 in
1155 791 1185 815 2.
1207 781 1323 815 Ethic.
1346 782 1434 828 (cap.
1450 781 1510 828 3.)‚
1528 781 1639 815 virtus
1656 792 1732 815 mo-

170 835 253 870 ralis
276 836 438 870 consistit
460 835 556 869 circa
585 835 781 881 passiones,
812 843 846 869 et
875 835 1053 869 actiones:
1077 835 1262 880 passiones
1293 842 1415 869 autem
1437 835 1624 869 interiores
1650 842 1733 868 sunt

172 891 389 924 exteriorum
413 889 597 923 actionum
619 888 805 934 principia,
821 896 882 922 aut
896 888 1004 921 etiam
1019 888 1296 934 impedimenta3
1318 895 1353 921 et
1367 888 1449 922 ideo
1463 888 1622 930 virtutes,
1641 897 1732 933 quae

172 943 404 977 moderantur
426 942 623 988 passiones,
655 941 929 987 quodammodo
959 949 1178 975 concurrunt
1198 941 1235 974 in
1257 941 1428 974 eumdem
1451 940 1621 975 effectum
1648 951 1732 974 cum

173 996 370 1037 virtutibus,
393 1006 484 1041 quae
506 996 741 1029 moderantur
773 996 943 1036 actiones,
975 994 1060 1028 licet
1093 994 1212 1040 specie
1243 993 1423 1028 differant:
1455 994 1547 1028 sicut
1573 993 1616 1028 ad
1637 993 1731 1038 justi-

170 1051 258 1084 tiam
280 1050 421 1095 proprie
443 1049 596 1094 pertinet
618 1048 786 1082 cohibere
808 1048 998 1081 hominem
1021 1059 1040 1080 a
1061 1046 1168 1088 furto,
1196 1047 1239 1080 ad
1265 1047 1362 1092 quod
1389 1046 1516 1092 aliquis
1537 1046 1730 1080 inclinatur

171 1116 234 1150 per
252 1103 498 1137 inordinatum
518 1113 694 1143 amorem,
712 1101 770 1135 vel
790 1101 1122 1146 concupiscentiam
1142 1100 1329 1145 pecuniae,
1343 1111 1434 1145 quae
1449 1099 1658 1133 moderatur
1671 1110 1734 1145 per

171 1156 434 1196 liberalitatem,
459 1163 492 1189 et
513 1155 594 1188 ideo
618 1154 811 1188 liberalitas
836 1154 1018 1188 concurrit
1040 1165 1123 1187 cum
1145 1153 1278 1198 justitia
1300 1153 1336 1186 in
1355 1153 1426 1187 hoc
1445 1152 1587 1194 effectu,
1605 1152 1667 1198 qui
1681 1159 1734 1186 est

173 1210 350 1244 abstinere
373 1220 391 1242 a
413 1208 530 1251 furto;
554 1216 588 1242 et
608 1208 679 1241 hoc
699 1208 808 1241 etiam
829 1207 1132 1241 considerandum
1152 1214 1204 1240 est
1218 1206 1253 1239 in
1269 1206 1473 1252 proposito:
1495 1217 1581 1239 narn
1599 1216 1642 1239 ex
1660 1216 1735 1251 pas-

172 1263 273 1298 sione
295 1263 368 1296 irae
395 1270 614 1308 provocatur
641 1261 767 1306 aliquis
795 1260 838 1294 ad
865 1260 948 1302 hoc,
976 1260 1072 1306 quod
1100 1259 1305 1305 graviorem
1332 1258 1461 1293 inferat
1487 1270 1662 1305 poenam:
1690 1257 1734 1292 ad

174 1317 406 1351 clementiam
428 1324 548 1349 autem
571 1315 724 1360 pertinet
746 1314 891 1355 directe,
911 1313 1007 1359 quod
1025 1313 1070 1347 sit
1088 1313 1302 1346 diminutiva
1320 1323 1532 1357 poenarum,
1551 1312 1647 1358 quod
1662 1312 1736 1358 qui—

175 1372 257 1404 dem
279 1369 445 1416 impediri
466 1376 588 1414 posset
613 1379 674 1413 per
701 1378 888 1400 excessum
914 1367 1008 1410 irae3
1030 1374 1065 1400 et
1085 1366 1167 1399 ideo
1189 1365 1412 1407 mansuetudo,
1440 1365 1652 1411 inquantum
1680 1376 1735 1398 re-

175 1422 314 1457 fraenat
335 1423 511 1468 impetum
533 1421 620 1462 irae,
642 1420 824 1454 concurrit
844 1420 880 1453 in
900 1419 1068 1453 eumdem
1096 1418 1265 1452 effectum
1293 1429 1376 1452 cum
1403 1417 1618 1453 clementia:
1639 1417 1736 1452 diffe-

177 1485 258 1510 runt
271 1484 393 1510 tamen
413 1475 454 1508 ab
471 1474 645 1515 invicem3
668 1473 881 1519 inquantum
904 1472 1097 1506 clementia
1120 1480 1172 1505 est
1193 1471 1418 1505 moderativa
1436 1471 1620 1505 exterioris
1637 1471 1736 1518 puni-

173 1530 301 1571 tionis;
328 1528 568 1562 mansuetudo
592 1535 713 1561 autem
734 1526 877 1572 proprie
901 1526 1068 1559 diminuit
1088 1525 1296 1571 passionem
1316 1525 1401 1560 irae.

244 1583 303 1617 AD
330 1592 479 1616 PRIMUM
501 1592 587 1627 ergo
610 1580 816 1622 dicendum,
838 1579 935 1626 quod
957 1578 1198 1612 mansuetudo
1217 1578 1360 1624 proprie
1374 1578 1519 1624 respicit
1531 1578 1648 1624 ipsum
1663 1577 1737 1612 vin-

175 1637 290 1671 dictae
313 1636 527 1682 appetitum3
549 1634 610 1669 sed
634 1633 828 1668 clementia
849 1633 994 1678 respicit
1013 1633 1108 1679 ipsas
1127 1643 1274 1679 poenas,
1293 1643 1383 1678 quae
1402 1632 1554 1666 exterius
1569 1631 1736 1666 adhiben-

172 1698 230 1724 tur
252 1690 294 1723 ad
316 1689 525 1723 vindictam.

245 1743 305 1777 Ar>
332 1752 538 1777 SECUNDUM
558 1740 763 1782 dicendum,
783 1740 880 1786 quod
899 1738 1047 1773 affectus
1068 1739 1227 1773 hominis
1249 1738 1442 1772 inclinatur
1464 1739 1507 1772 ad
1529 1739 1738 1773 minoratio-

173 1807 257 1830 nem
289 1807 428 1837 eorum,
451 1806 541 1840 quae
565 1793 708 1828 homini
729 1805 792 1839 per
814 1804 851 1827 se
873 1804 946 1827 non
969 1792 1129 1839 placent:
1159 1803 1201 1826 ex
1231 1792 1302 1826 hoc
1333 1799 1454 1826 autern
1482 1792 1578 1838 quod
1609 1792 1737 1838 aliquis

175 1858 274 1883 amat
295 1849 464 1894 aliquem,
487 1847 652 1894 provenit
675 1847 771 1892 quod
793 1858 866 1880 non
888 1845 1008 1892 placet
1029 1846 1062 1879 ei
1082 1857 1146 1892 per
1167 1856 1204 1879 se
1223 1856 1339 1891 poena
1367 1846 1453 1890 ejus,
1476 1845 1538 1879 sed
1559 1844 1679 1879 solum
1700 1845 1737 1878 in

176 1903 300 1937 ordine
323 1902 366 1936 ad
390 1902 495 1944 aliud,
518 1909 603 1947 puta
626 1902 669 1934 ad
691 1901 875 1946 justitiam,
901 1899 959 1933 vel
982 1899 1024 1933 ad
1046 1899 1311 1933 correctionem
1334 1900 1409 1944 ejus
1431 1898 1492 1944 qui
1513 1899 1676 1944 punitur;
1703 1906 1738 1932 et

175 1956 257 1990 ideo
281 1967 321 1989 ex
345 1967 470 1989 amore
492 1955 668 2001 provenit,
691 1955 787 1999 quod
811 1953 937 1999 aliquis
960 1953 1005 1987 sit
1025 1960 1212 1999 promptus
1235 1952 1279 1986 ad
1301 1952 1575 1985 diminuendum
1601 1962 1738 1998 poenas

177 2010 291 2056 (quod
303 2010 455 2054 pertinet
471 2009 513 2042 ad
530 2008 793 2051 clementiam),
809 2015 843 2041 et
860 2018 901 2041 ex
917 2007 1001 2040 odio
1020 2006 1213 2052 impeditur
1227 2005 1307 2039 talis
1322 2005 1531 2048 diminuti03
1547 2013 1580 2039 et
1593 2013 1738 2051 propter

175 2063 247 2096 hoc
271 2061 413 2095 Tullius
435 2061 531 2102 dicit,
554 2061 651 2106 quod
666 2062 796 2094 unimus
811 2061 991 2094 concitatus
1007 2061 1038 2093 in
1059 2059 1182 2101 odium,
1201 2058 1340 2093 scilicet
1361 2058 1406 2092 ad
1428 2058 1571 2103 gravius
1592 2058 1739 2105 punien-

177 2116 275 2156 dum,
294 2122 356 2161 per
378 2115 580 2149 clamantium
605 2115 775 2154 retinetur,
798 2125 842 2146 ne
863 2113 1000 2146 scilicet
1019 2112 1196 2146 acriorem
1215 2123 1371 2158 poenam
1392 2111 1531 2154 inferat,
1548 2123 1622 2146 non
1640 2112 1736 2158 quod

179 2168 371 2202 clementia
392 2167 436 2201 sit
458 2167 591 2200 directe
614 2167 686 2200 odii
708 2166 943 2207 moderatim,
966 2165 1026 2199 sed
1049 2176 1198 2212 poenae.

249 2222 308 2256 AD
336 2231 506 2255 TERTIUM
529 2219 734 2261 dicendum,
757 2220 851 2264 quod
875 2219 1153 2260 mansuetudini,
1176 2229 1266 2264 quae
1294 2226 1347 2252 est
1374 2217 1507 2252 directe
1535 2218 1629 2252 circa
1655 2217 1737 2260 iras,

177 2275 320 2322 proprie
344 2274 537 2320 opponitur
558 2273 686 2307 *sitium
708 2273 926 2313 iracundiae,
948 2272 1044 2318 quod
1067 2272 1239 2318 importat
1260 2282 1447 2306 excessum
1469 2271 1560 2306 irae:
1582 2271 1645 2306 sed
1663 2283 1739 2305 cru-

179 2328 304 2362 delitas
327 2329 497 2373 importat
519 2337 705 2360 excessum
728 2327 762 2359 in
785 2326 988 2371 puniendo;
1011 2326 1104 2359 unde
1127 2325 1212 2358 dicit
1231 2325 1371 2359 Seneca
1388 2325 1424 2359 in
1444 2335 1475 2358 2.
1494 2325 1536 2358 de
1557 2324 1737 2359 Clement.

180 2381 268 2428 (cap.
280 2381 342 2425 4.),
359 2381 453 2426 quod
468 2379 659 2414 «crudeles
670 2387 856 2420 vocantur,
873 2379 932 2423 qui
947 2378 1116 2424 puniendi
1132 2389 1279 2412 causam
1293 2378 1437 2420 habent,
1452 2377 1601 2411 modum
1616 2385 1738 2412 tamen

179 2446 253 2468 non
274 2434 408 2468 habent
426 2445 464 2467 »z
488 2434 546 2479 qui
571 2441 691 2467 autem
713 2432 748 2465 in
771 2432 896 2477 poenis
919 2432 1110 2465 bominum
1133 2439 1276 2477 propter
1306 2442 1343 2466 se
1369 2430 1602 2472 delectantur,
1629 2431 1738 2465 etiam

179 2489 255 2522 sine
278 2499 397 2529 causa,
420 2494 570 2533 possunt
583 2486 653 2520 dici
669 2486 776 2525 saevi,
790 2484 846 2518 vel
861 2484 937 2525 feri,
953 2487 1050 2529 quasi
1069 2483 1237 2519 affectum
1251 2484 1450 2518 humanum
1466 2495 1540 2518 non
1554 2483 1738 2526 habentes,

181 2553 222 2576 cx
244 2552 315 2587 quo
337 2540 547 2575 naturaliter
567 2540 681 2574 homo
704 2538 819 2584 diligit
839 2539 1039 2572 hominem.

1851 203 1853 214 -
1851 151 1853 154 i
1839 0 1853 146 bna-Q
