<?xml version="1.0" encoding="UTF-8"?>
<!DOCTYPE html PUBLIC "-//W3C//DTD XHTML 1.0 Transitional//EN"
    "http://www.w3.org/TR/xhtml1/DTD/xhtml1-transitional.dtd">
<html xmlns="http://www.w3.org/1999/xhtml" xml:lang="en" lang="en">
 <head>
  <title>
</title>
<meta http-equiv="Content-Type" content="text/html;charset=utf-8" />
  <meta name='ocr-system' content='tesseract 3.04.00' />
  <meta name='ocr-capabilities' content='ocr_page ocr_carea ocr_par ocr_line ocrx_word'/>
</head>
<body>
  <div class='ocr_page' id='page_1' title='image "./divithomaeaquina03thomuoft_0946.png"; bbox 0 0 1859 3122; ppageno 0'>
   <div class='ocr_carea' id='block_1_1' title="bbox 181 159 1343 214">
    <p class='ocr_par' dir='ltr' id='par_1_1' title="bbox 181 159 1343 214">
     <span class='ocr_line' id='line_1_1' title="bbox 181 159 1343 214; baseline -0.004 -13"><span class='ocrx_word' id='word_1_1' title='bbox 181 159 265 214; x_wconf 85' lang='lat'>938</span> <span class='ocrx_word' id='word_1_2' title='bbox 577 167 797 203; x_wconf 84' lang='lat' dir='ltr'><strong>QUAESTIO</strong></span> <span class='ocrx_word' id='word_1_3' title='bbox 831 168 974 202; x_wconf 73' lang='lat' dir='ltr'>cxmv.</span> <span class='ocrx_word' id='word_1_4' title='bbox 1007 166 1251 198; x_wconf 84' lang='lat' dir='ltr'>ARTICULUS</span> <span class='ocrx_word' id='word_1_5' title='bbox 1283 167 1343 196; x_wconf 90' lang='lat'>111.</span> 
     </span>
    </p>
   </div>
   <div class='ocr_carea' id='block_1_2' title="bbox 180 247 1758 2911">
    <p class='ocr_par' dir='ltr' id='par_1_2' title="bbox 180 247 1739 456">
     <span class='ocr_line' id='line_1_2' title="bbox 252 247 1737 295; baseline -0.003 -9"><span class='ocrx_word' id='word_1_6' title='bbox 252 262 283 286; x_wconf 89' lang='lat'>2.</span> <span class='ocrx_word' id='word_1_7' title='bbox 305 251 541 286; x_wconf 80' lang='lat' dir='ltr'>PRAETEREA.</span> <span class='ocrx_word' id='word_1_8' title='bbox 555 249 621 283; x_wconf 85' lang='lat' dir='ltr'>-Hli</span> <span class='ocrx_word' id='word_1_9' title='bbox 642 249 807 284; x_wconf 84' lang='lat' dir='ltr'>videntur</span> <span class='ocrx_word' id='word_1_10' title='bbox 825 260 902 284; x_wconf 90' lang='lat' dir='ltr'>esse</span> <span class='ocrx_word' id='word_1_11' title='bbox 924 248 1040 295; x_wconf 85' lang='lat' dir='ltr'>magis</span> <span class='ocrx_word' id='word_1_12' title='bbox 1063 247 1259 294; x_wconf 80' lang='lat' dir='ltr'>conjuncti,</span> <span class='ocrx_word' id='word_1_13' title='bbox 1280 247 1342 293; x_wconf 91' lang='lat' dir='ltr'>qui</span> <span class='ocrx_word' id='word_1_14' title='bbox 1363 255 1444 282; x_wconf 88' lang='lat' dir='ltr'>sunt</span> <span class='ocrx_word' id='word_1_15' title='bbox 1461 247 1634 282; x_wconf 79' lang='lat' dir='ltr'><strong>similium</strong></span> <span class='ocrx_word' id='word_1_16' title='bbox 1655 258 1737 293; x_wconf 92' lang='lat' dir='ltr'>ope-</span> 
     </span>
     <span class='ocr_line' id='line_1_3' title="bbox 180 300 1736 348; baseline -0.003 -9"><span class='ocrx_word' id='word_1_17' title='bbox 180 314 279 339; x_wconf 89' lang='lat' dir='ltr'>rum:</span> <span class='ocrx_word' id='word_1_18' title='bbox 302 304 363 338; x_wconf 87' lang='lat' dir='ltr'>sed</span> <span class='ocrx_word' id='word_1_19' title='bbox 385 304 499 338; x_wconf 89' lang='lat' dir='ltr'>homo</span> <span class='ocrx_word' id='word_1_20' title='bbox 513 314 588 337; x_wconf 90' lang='lat' dir='ltr'>non</span> <span class='ocrx_word' id='word_1_21' title='bbox 607 302 783 337; x_wconf 87' lang='lat' dir='ltr'>erubescit</span> <span class='ocrx_word' id='word_1_22' title='bbox 802 303 845 337; x_wconf 90' lang='lat' dir='ltr'>de</span> <span class='ocrx_word' id='word_1_23' title='bbox 860 313 926 337; x_wconf 87' lang='lat' dir='ltr'>suo</span> <span class='ocrx_word' id='word_1_24' title='bbox 948 310 1099 348; x_wconf 89' lang='lat' dir='ltr'>peccato</span> <span class='ocrx_word' id='word_1_25' title='bbox 1123 302 1164 335; x_wconf 90' lang='lat' dir='ltr'>ab</span> <span class='ocrx_word' id='word_1_26' title='bbox 1179 301 1246 343; x_wconf 91' lang='lat' dir='ltr'>his,</span> <span class='ocrx_word' id='word_1_27' title='bbox 1269 312 1359 346; x_wconf 92' lang='lat' dir='ltr'>quos</span> <span class='ocrx_word' id='word_1_28' title='bbox 1377 300 1443 335; x_wconf 89' lang='lat' dir='ltr'>scit</span> <span class='ocrx_word' id='word_1_29' title='bbox 1463 301 1572 335; x_wconf 85' lang='lat' dir='ltr'>simili</span> <span class='ocrx_word' id='word_1_30' title='bbox 1584 308 1736 348; x_wconf 87' lang='lat' dir='ltr'>peccato</span> 
     </span>
     <span class='ocr_line' id='line_1_4' title="bbox 180 353 1737 403; baseline -0.003 -11"><span class='ocrx_word' id='word_1_31' title='bbox 180 359 382 403; x_wconf 79' lang='lat' dir='ltr'>subjacere3</span> <span class='ocrx_word' id='word_1_32' title='bbox 405 358 498 402; x_wconf 86' lang='lat' dir='ltr'>quia,</span> <span class='ocrx_word' id='word_1_33' title='bbox 521 356 613 390; x_wconf 88' lang='lat' dir='ltr'>sicut</span> <span class='ocrx_word' id='word_1_34' title='bbox 639 355 768 390; x_wconf 86' lang='lat' dir='ltr'>dicitur</span> <span class='ocrx_word' id='word_1_35' title='bbox 788 356 824 389; x_wconf 89' lang='lat' dir='ltr'>in</span> <span class='ocrx_word' id='word_1_36' title='bbox 847 366 877 390; x_wconf 87' lang='lat'>2.</span> <span class='ocrx_word' id='word_1_37' title='bbox 904 355 1053 389; x_wconf 87' lang='lat' dir='ltr'>Rhetor.</span> <span class='ocrx_word' id='word_1_38' title='bbox 1077 355 1167 401; x_wconf 73' lang='lat' dir='ltr'>(cap.</span> <span class='ocrx_word' id='word_1_39' title='bbox 1191 354 1258 398; x_wconf 81' lang='grc'><em>6.),</em></span> <span class='ocrx_word' id='word_1_40' title='bbox 1292 366 1309 386; x_wconf 82' lang='grc'>(&lt;</span> <span class='ocrx_word' id='word_1_41' title='bbox 1328 364 1419 400; x_wconf 88' lang='lat' dir='ltr'>quae</span> <span class='ocrx_word' id='word_1_42' title='bbox 1446 354 1523 400; x_wconf 90' lang='lat' dir='ltr'>quis</span> <span class='ocrx_word' id='word_1_43' title='bbox 1544 355 1620 401; x_wconf 88' lang='lat' dir='ltr'>ipse</span> <span class='ocrx_word' id='word_1_44' title='bbox 1639 353 1737 396; x_wconf 89' lang='lat' dir='ltr'>facit,</span> 
     </span>
     <span class='ocr_line' id='line_1_5' title="bbox 180 406 1739 456; baseline -0.004 -10"><span class='ocrx_word' id='word_1_45' title='bbox 180 412 271 446; x_wconf 86' lang='lat' dir='ltr'>haec</span> <span class='ocrx_word' id='word_1_46' title='bbox 286 410 459 456; x_wconf 81' lang='lat' dir='ltr'>proximis</span> <span class='ocrx_word' id='word_1_47' title='bbox 473 421 547 443; x_wconf 90' lang='lat' dir='ltr'>non</span> <span class='ocrx_word' id='word_1_48' title='bbox 562 417 659 443; x_wconf 86' lang='lat' dir='ltr'>vetat</span> <span class='ocrx_word' id='word_1_49' title='bbox 673 422 710 452; x_wconf 76' lang='lat'>»3</span> <span class='ocrx_word' id='word_1_50' title='bbox 727 420 813 455; x_wconf 87' lang='lat' dir='ltr'>ergo</span> <span class='ocrx_word' id='word_1_51' title='bbox 824 420 899 442; x_wconf 92' lang='lat' dir='ltr'>non</span> <span class='ocrx_word' id='word_1_52' title='bbox 913 409 1030 453; x_wconf 82' lang='lat' dir='ltr'>magis</span> <span class='ocrx_word' id='word_1_53' title='bbox 1044 407 1307 442; x_wconf 75' lang='lat' dir='ltr'>verecundatur</span> <span class='ocrx_word' id='word_1_54' title='bbox 1321 418 1340 440; x_wconf 92' lang='lat' dir='ltr'>a</span> <span class='ocrx_word' id='word_1_55' title='bbox 1354 407 1511 441; x_wconf 79' lang='lat' dir='ltr'>maxime</span> <span class='ocrx_word' id='word_1_56' title='bbox 1526 406 1739 453; x_wconf 85' lang='lat' dir='ltr'>conjunctis.</span> 
     </span>
    </p>

    <p class='ocr_par' dir='ltr' id='par_1_3' title="bbox 181 460 1741 670">
     <span class='ocr_line' id='line_1_6' title="bbox 255 460 1740 509; baseline -0.003 -11"><span class='ocrx_word' id='word_1_57' title='bbox 255 475 283 509; x_wconf 80' lang='lat'>3.</span> <span class='ocrx_word' id='word_1_58' title='bbox 310 464 546 498; x_wconf 66' lang='lat' dir='ltr'>PRAETEREA.</span> <span class='ocrx_word' id='word_1_59' title='bbox 570 462 706 496; x_wconf 82' lang='lat' dir='ltr'>Philos.</span> <span class='ocrx_word' id='word_1_60' title='bbox 734 462 820 496; x_wconf 90' lang='lat' dir='ltr'>dicit</span> <span class='ocrx_word' id='word_1_61' title='bbox 841 462 877 495; x_wconf 91' lang='lat' dir='ltr'>in</span> <span class='ocrx_word' id='word_1_62' title='bbox 893 472 922 495; x_wconf 86' lang='lat'>2.</span> <span class='ocrx_word' id='word_1_63' title='bbox 946 461 1051 495; x_wconf 87' lang='lat' dir='ltr'>Rhet.</span> <span class='ocrx_word' id='word_1_64' title='bbox 1077 460 1200 505; x_wconf 70' lang='lat' dir='ltr'>(ibid),</span> <span class='ocrx_word' id='word_1_65' title='bbox 1224 460 1319 506; x_wconf 90' lang='lat' dir='ltr'>quod</span> <span class='ocrx_word' id='word_1_66' title='bbox 1345 460 1491 494; x_wconf 85' lang='lat' dir='ltr'>«homo</span> <span class='ocrx_word' id='word_1_67' title='bbox 1507 461 1622 506; x_wconf 89' lang='lat' dir='ltr'>magis</span> <span class='ocrx_word' id='word_1_68' title='bbox 1642 471 1740 495; x_wconf 90' lang='lat' dir='ltr'>vere-</span> 
     </span>
     <span class='ocr_line' id='line_1_7' title="bbox 182 513 1741 562; baseline -0.003 -12"><span class='ocrx_word' id='word_1_69' title='bbox 182 516 357 550; x_wconf 87' lang='lat' dir='ltr'>cundatur</span> <span class='ocrx_word' id='word_1_70' title='bbox 378 517 420 550; x_wconf 89' lang='lat' dir='ltr'>ab</span> <span class='ocrx_word' id='word_1_71' title='bbox 450 516 517 558; x_wconf 89' lang='lat' dir='ltr'>his,</span> <span class='ocrx_word' id='word_1_72' title='bbox 541 516 601 562; x_wconf 92' lang='lat' dir='ltr'>qui</span> <span class='ocrx_word' id='word_1_73' title='bbox 627 515 818 562; x_wconf 79' lang='lat' dir='ltr'>propalant</span> <span class='ocrx_word' id='word_1_74' title='bbox 847 514 969 549; x_wconf 89' lang='lat' dir='ltr'>multis</span> <span class='ocrx_word' id='word_1_75' title='bbox 999 514 1095 560; x_wconf 92' lang='lat' dir='ltr'>quod</span> <span class='ocrx_word' id='word_1_76' title='bbox 1122 513 1255 556; x_wconf 81' lang='lat' dir='ltr'>sciunt3</span> <span class='ocrx_word' id='word_1_77' title='bbox 1283 513 1376 548; x_wconf 90' lang='lat' dir='ltr'>sicut</span> <span class='ocrx_word' id='word_1_78' title='bbox 1396 521 1478 548; x_wconf 89' lang='lat' dir='ltr'>sunt</span> <span class='ocrx_word' id='word_1_79' title='bbox 1505 513 1679 555; x_wconf 84' lang='lat' dir='ltr'>irrisores,</span> <span class='ocrx_word' id='word_1_80' title='bbox 1705 520 1741 547; x_wconf 92' lang='lat' dir='ltr'>et</span> 
     </span>
     <span class='ocr_line' id='line_1_8' title="bbox 181 565 1740 614; baseline -0.002 -11"><span class='ocrx_word' id='word_1_81' title='bbox 181 569 383 603; x_wconf 85' lang='lat' dir='ltr'>fabularum</span> <span class='ocrx_word' id='word_1_82' title='bbox 405 568 549 603; x_wconf 87' lang='lat' dir='ltr'>fictores</span> <span class='ocrx_word' id='word_1_83' title='bbox 560 580 599 602; x_wconf 77' lang='grc' dir='ltr'>»ε</span> <span class='ocrx_word' id='word_1_84' title='bbox 622 569 685 603; x_wconf 89' lang='lat' dir='ltr'>sed</span> <span class='ocrx_word' id='word_1_85' title='bbox 706 568 758 602; x_wconf 91' lang='lat' dir='ltr'>illi</span> <span class='ocrx_word' id='word_1_86' title='bbox 777 568 838 614; x_wconf 91' lang='lat' dir='ltr'>qui</span> <span class='ocrx_word' id='word_1_87' title='bbox 859 576 941 602; x_wconf 91' lang='lat' dir='ltr'>sunt</span> <span class='ocrx_word' id='word_1_88' title='bbox 963 567 1079 613; x_wconf 82' lang='lat' dir='ltr'>magis</span> <span class='ocrx_word' id='word_1_89' title='bbox 1102 566 1297 612; x_wconf 79' lang='lat' dir='ltr'>conjuncti,</span> <span class='ocrx_word' id='word_1_90' title='bbox 1319 577 1393 600; x_wconf 89' lang='lat' dir='ltr'>non</span> <span class='ocrx_word' id='word_1_91' title='bbox 1413 565 1532 601; x_wconf 86' lang='lat' dir='ltr'>solent</span> <span class='ocrx_word' id='word_1_92' title='bbox 1551 566 1638 601; x_wconf 91' lang='lat' dir='ltr'>vitia</span> <span class='ocrx_word' id='word_1_93' title='bbox 1661 577 1740 613; x_wconf 91' lang='lat' dir='ltr'>pro-</span> 
     </span>
     <span class='ocr_line' id='line_1_9' title="bbox 181 620 1273 670; baseline -0.004 -13"><span class='ocrx_word' id='word_1_94' title='bbox 181 622 325 670; x_wconf 80' lang='lat' dir='ltr'>palare3</span> <span class='ocrx_word' id='word_1_95' title='bbox 348 634 433 668; x_wconf 84' lang='lat' dir='ltr'>ergo</span> <span class='ocrx_word' id='word_1_96' title='bbox 457 623 499 656; x_wconf 86' lang='lat' dir='ltr'>ab</span> <span class='ocrx_word' id='word_1_97' title='bbox 523 622 572 656; x_wconf 88' lang='lat' dir='ltr'>eis</span> <span class='ocrx_word' id='word_1_98' title='bbox 594 633 669 656; x_wconf 91' lang='lat' dir='ltr'>non</span> <span class='ocrx_word' id='word_1_99' title='bbox 689 622 846 656; x_wconf 78' lang='lat' dir='ltr'>maxime</span> <span class='ocrx_word' id='word_1_100' title='bbox 871 629 924 655; x_wconf 88' lang='lat' dir='ltr'>est</span> <span class='ocrx_word' id='word_1_101' title='bbox 944 620 1273 655; x_wconf 88' lang='lat' dir='ltr'>verecundandum.</span> 
     </span>
    </p>

    <p class='ocr_par' dir='ltr' id='par_1_4' title="bbox 182 673 1742 882">
     <span class='ocr_line' id='line_1_10' title="bbox 253 673 1741 721; baseline -0.003 -10"><span class='ocrx_word' id='word_1_102' title='bbox 253 686 284 718; x_wconf 74' lang='lat'>4.</span> <span class='ocrx_word' id='word_1_103' title='bbox 308 676 543 710; x_wconf 71' lang='lat' dir='ltr'>PRAETEREA.</span> <span class='ocrx_word' id='word_1_104' title='bbox 567 675 780 721; x_wconf 89' lang='lat' dir='ltr'>Philosoph.</span> <span class='ocrx_word' id='word_1_105' title='bbox 803 675 937 709; x_wconf 79' lang='lat' dir='ltr'>ibidem</span> <span class='ocrx_word' id='word_1_106' title='bbox 952 674 1047 716; x_wconf 89' lang='lat' dir='ltr'>dicit,</span> <span class='ocrx_word' id='word_1_107' title='bbox 1063 674 1159 720; x_wconf 90' lang='lat' dir='ltr'>quod</span> <span class='ocrx_word' id='word_1_108' title='bbox 1176 686 1194 705; x_wconf 85' lang='lat'>«</span> <span class='ocrx_word' id='word_1_109' title='bbox 1212 673 1380 707; x_wconf 87' lang='lat' dir='ltr'>homines</span> <span class='ocrx_word' id='word_1_110' title='bbox 1402 673 1559 708; x_wconf 84' lang='lat' dir='ltr'>maxime</span> <span class='ocrx_word' id='word_1_111' title='bbox 1572 683 1741 708; x_wconf 86' lang='lat' dir='ltr'>verecun-</span> 
     </span>
     <span class='ocr_line' id='line_1_11' title="bbox 183 726 1742 775; baseline -0.002 -12"><span class='ocrx_word' id='word_1_112' title='bbox 183 729 311 763; x_wconf 88' lang='lat' dir='ltr'>dantur</span> <span class='ocrx_word' id='word_1_113' title='bbox 338 729 379 763; x_wconf 87' lang='lat' dir='ltr'>ab</span> <span class='ocrx_word' id='word_1_114' title='bbox 404 729 464 771; x_wconf 86' lang='lat' dir='ltr'>eis,</span> <span class='ocrx_word' id='word_1_115' title='bbox 486 729 578 763; x_wconf 90' lang='lat' dir='ltr'>inter</span> <span class='ocrx_word' id='word_1_116' title='bbox 599 740 689 775; x_wconf 88' lang='lat' dir='ltr'>quos</span> <span class='ocrx_word' id='word_1_117' title='bbox 711 729 748 762; x_wconf 90' lang='lat' dir='ltr'>in</span> <span class='ocrx_word' id='word_1_118' title='bbox 768 728 869 762; x_wconf 89' lang='lat' dir='ltr'>nullo</span> <span class='ocrx_word' id='word_1_119' title='bbox 896 727 1120 771; x_wconf 78' lang='lat' dir='ltr'>defecerunt3</span> <span class='ocrx_word' id='word_1_120' title='bbox 1144 735 1179 762; x_wconf 87' lang='lat' dir='ltr'>et</span> <span class='ocrx_word' id='word_1_121' title='bbox 1200 727 1241 761; x_wconf 87' lang='lat' dir='ltr'>ab</span> <span class='ocrx_word' id='word_1_122' title='bbox 1265 727 1326 769; x_wconf 87' lang='lat' dir='ltr'>eis,</span> <span class='ocrx_word' id='word_1_123' title='bbox 1354 738 1373 760; x_wconf 87' lang='lat' dir='ltr'>a</span> <span class='ocrx_word' id='word_1_124' title='bbox 1395 727 1521 773; x_wconf 90' lang='lat' dir='ltr'>quibus</span> <span class='ocrx_word' id='word_1_125' title='bbox 1542 728 1659 773; x_wconf 79' lang='lat' dir='ltr'>primo</span> <span class='ocrx_word' id='word_1_126' title='bbox 1682 726 1742 760; x_wconf 91' lang='lat' dir='ltr'>ali-</span> 
     </span>
     <span class='ocr_line' id='line_1_12' title="bbox 184 780 1740 829; baseline -0.002 -12"><span class='ocrx_word' id='word_1_127' title='bbox 184 783 267 829; x_wconf 83' lang='lat' dir='ltr'>quid</span> <span class='ocrx_word' id='word_1_128' title='bbox 282 782 484 829; x_wconf 84' lang='lat' dir='ltr'>postulant;</span> <span class='ocrx_word' id='word_1_129' title='bbox 500 791 533 817; x_wconf 90' lang='lat' dir='ltr'>et</span> <span class='ocrx_word' id='word_1_130' title='bbox 556 794 711 828; x_wconf 88' lang='lat' dir='ltr'>quorum</span> <span class='ocrx_word' id='word_1_131' title='bbox 725 794 819 816; x_wconf 88' lang='lat' dir='ltr'>nunc</span> <span class='ocrx_word' id='word_1_132' title='bbox 842 782 960 828; x_wconf 88' lang='lat' dir='ltr'>primo</span> <span class='ocrx_word' id='word_1_133' title='bbox 974 781 1101 816; x_wconf 89' lang='lat' dir='ltr'>volunt</span> <span class='ocrx_word' id='word_1_134' title='bbox 1115 792 1192 815; x_wconf 89' lang='lat' dir='ltr'>esse</span> <span class='ocrx_word' id='word_1_135' title='bbox 1214 780 1354 814; x_wconf 89' lang='lat' dir='ltr'>amici»</span> <span class='ocrx_word' id='word_1_136' title='bbox 1368 793 1376 816; x_wconf 89' lang='lat'>:</span> <span class='ocrx_word' id='word_1_137' title='bbox 1390 780 1600 826; x_wconf 76' lang='lat' dir='ltr'>hujusmodi</span> <span class='ocrx_word' id='word_1_138' title='bbox 1620 788 1740 815; x_wconf 88' lang='lat' dir='ltr'>autem</span> 
     </span>
     <span class='ocr_line' id='line_1_13' title="bbox 182 834 1740 882; baseline -0.002 -12"><span class='ocrx_word' id='word_1_139' title='bbox 182 844 264 871; x_wconf 86' lang='lat' dir='ltr'>sunt</span> <span class='ocrx_word' id='word_1_140' title='bbox 274 837 391 870; x_wconf 88' lang='lat' dir='ltr'>minus</span> <span class='ocrx_word' id='word_1_141' title='bbox 404 836 605 881; x_wconf 78' lang='lat' dir='ltr'>conjuncti3</span> <span class='ocrx_word' id='word_1_142' title='bbox 622 847 708 882; x_wconf 82' lang='lat' dir='ltr'>ergo</span> <span class='ocrx_word' id='word_1_143' title='bbox 720 847 794 870; x_wconf 89' lang='lat' dir='ltr'>non</span> <span class='ocrx_word' id='word_1_144' title='bbox 810 836 926 880; x_wconf 85' lang='lat' dir='ltr'>magis</span> <span class='ocrx_word' id='word_1_145' title='bbox 940 835 1203 869; x_wconf 85' lang='lat' dir='ltr'>verecundatur</span> <span class='ocrx_word' id='word_1_146' title='bbox 1212 834 1327 868; x_wconf 91' lang='lat' dir='ltr'>homo</span> <span class='ocrx_word' id='word_1_147' title='bbox 1343 834 1386 868; x_wconf 91' lang='lat' dir='ltr'>de</span> <span class='ocrx_word' id='word_1_148' title='bbox 1400 834 1516 880; x_wconf 86' lang='lat' dir='ltr'>magis</span> <span class='ocrx_word' id='word_1_149' title='bbox 1527 834 1740 880; x_wconf 84' lang='lat' dir='ltr'>conjunctis.</span> 
     </span>
    </p>

    <p class='ocr_par' dir='ltr' id='par_1_5' title="bbox 184 887 1742 988">
     <span class='ocr_line' id='line_1_14' title="bbox 255 887 1742 935; baseline -0.002 -11"><span class='ocrx_word' id='word_1_150' title='bbox 255 890 328 924; x_wconf 76' lang='lat' dir='ltr'>SED</span> <span class='ocrx_word' id='word_1_151' title='bbox 349 900 503 924; x_wconf 80' lang='lat' dir='ltr'><strong>CONTRA</strong></span> <span class='ocrx_word' id='word_1_152' title='bbox 523 897 586 931; x_wconf 86' lang='lat' dir='ltr'>est,</span> <span class='ocrx_word' id='word_1_153' title='bbox 608 889 705 935; x_wconf 91' lang='lat' dir='ltr'>quod</span> <span class='ocrx_word' id='word_1_154' title='bbox 728 889 856 923; x_wconf 90' lang='lat' dir='ltr'>dicitur</span> <span class='ocrx_word' id='word_1_155' title='bbox 876 889 913 922; x_wconf 90' lang='lat' dir='ltr'>in</span> <span class='ocrx_word' id='word_1_156' title='bbox 935 898 966 923; x_wconf 90' lang='lat'>2.</span> <span class='ocrx_word' id='word_1_157' title='bbox 989 888 1138 923; x_wconf 88' lang='lat' dir='ltr'>Rhetor.</span> <span class='ocrx_word' id='word_1_158' title='bbox 1164 887 1288 934; x_wconf 64' lang='lat' dir='ltr'>(ibid),</span> <span class='ocrx_word' id='word_1_159' title='bbox 1311 887 1408 934; x_wconf 91' lang='lat' dir='ltr'>quod</span> <span class='ocrx_word' id='word_1_160' title='bbox 1423 898 1497 930; x_wconf 87' lang='lat' dir='ltr'>eos,</span> <span class='ocrx_word' id='word_1_161' title='bbox 1519 888 1580 934; x_wconf 92' lang='lat' dir='ltr'>qui</span> <span class='ocrx_word' id='word_1_162' title='bbox 1599 898 1742 933; x_wconf 87' lang='lat' dir='ltr'>semper</span> 
     </span>
     <span class='ocr_line' id='line_1_15' title="bbox 184 942 920 988; baseline -0.001 -11"><span class='ocrx_word' id='word_1_163' title='bbox 184 943 345 984; x_wconf 85' lang='lat' dir='ltr'>aderunt,</span> <span class='ocrx_word' id='word_1_164' title='bbox 366 943 535 977; x_wconf 89' lang='lat' dir='ltr'>homines</span> <span class='ocrx_word' id='word_1_165' title='bbox 557 943 673 988; x_wconf 86' lang='lat' dir='ltr'>magis</span> <span class='ocrx_word' id='word_1_166' title='bbox 696 942 920 977; x_wconf 87' lang='lat' dir='ltr'>erubescunt.</span> 
     </span>
    </p>

    <p class='ocr_par' dir='ltr' id='par_1_6' title="bbox 183 993 1754 2164">
     <span class='ocr_line' id='line_1_16' title="bbox 255 993 1744 1042; baseline -0.002 -12"><span class='ocrx_word' id='word_1_167' title='bbox 255 996 484 1031; x_wconf 57' lang='lat' dir='ltr'>REspox-mzo</span> <span class='ocrx_word' id='word_1_168' title='bbox 518 996 723 1038; x_wconf 85' lang='lat' dir='ltr'>dicendum,</span> <span class='ocrx_word' id='word_1_169' title='bbox 753 996 850 1042; x_wconf 90' lang='lat' dir='ltr'>quod</span> <span class='ocrx_word' id='word_1_170' title='bbox 885 1007 969 1030; x_wconf 90' lang='lat' dir='ltr'>cum</span> <span class='ocrx_word' id='word_1_171' title='bbox 995 995 1213 1041; x_wconf 81' lang='lat' dir='ltr'>vituperium</span> <span class='ocrx_word' id='word_1_172' title='bbox 1241 993 1375 1028; x_wconf 89' lang='lat' dir='ltr'>honori</span> <span class='ocrx_word' id='word_1_173' title='bbox 1403 999 1618 1040; x_wconf 82' lang='lat' dir='ltr'>opponatur,</span> <span class='ocrx_word' id='word_1_174' title='bbox 1652 993 1744 1028; x_wconf 89' lang='lat' dir='ltr'>sicut</span> 
     </span>
     <span class='ocr_line' id='line_1_17' title="bbox 183 1047 1744 1095; baseline -0.002 -11"><span class='ocrx_word' id='word_1_175' title='bbox 183 1049 304 1084; x_wconf 90' lang='lat' dir='ltr'>honor</span> <span class='ocrx_word' id='word_1_176' title='bbox 329 1049 501 1095; x_wconf 81' lang='lat' dir='ltr'>importat</span> <span class='ocrx_word' id='word_1_177' title='bbox 522 1051 771 1084; x_wconf 83' lang='lat' dir='ltr'>testimonium</span> <span class='ocrx_word' id='word_1_178' title='bbox 793 1049 977 1094; x_wconf 84' lang='lat' dir='ltr'>quoddam</span> <span class='ocrx_word' id='word_1_179' title='bbox 1000 1049 1042 1082; x_wconf 92' lang='lat' dir='ltr'>de</span> <span class='ocrx_word' id='word_1_180' title='bbox 1065 1047 1276 1082; x_wconf 83' lang='lat' dir='ltr'>excellentia</span> <span class='ocrx_word' id='word_1_181' title='bbox 1305 1047 1467 1093; x_wconf 80' lang='lat' dir='ltr'>alicujus,</span> <span class='ocrx_word' id='word_1_182' title='bbox 1498 1055 1533 1082; x_wconf 91' lang='lat' dir='ltr'>et</span> <span class='ocrx_word' id='word_1_183' title='bbox 1552 1047 1744 1094; x_wconf 85' lang='lat' dir='ltr'>praecipue</span> 
     </span>
     <span class='ocr_line' id='line_1_18' title="bbox 185 1101 1746 1149; baseline -0.001 -13"><span class='ocrx_word' id='word_1_184' title='bbox 185 1114 276 1149; x_wconf 89' lang='lat' dir='ltr'>quae</span> <span class='ocrx_word' id='word_1_185' title='bbox 299 1111 351 1137; x_wconf 87' lang='lat' dir='ltr'>est</span> <span class='ocrx_word' id='word_1_186' title='bbox 371 1103 571 1137; x_wconf 85' lang='lat' dir='ltr'>secundum</span> <span class='ocrx_word' id='word_1_187' title='bbox 589 1103 775 1144; x_wconf 80' lang='lat' dir='ltr'>virtutem3</span> <span class='ocrx_word' id='word_1_188' title='bbox 797 1103 846 1136; x_wconf 88' lang='lat' dir='ltr'>ita</span> <span class='ocrx_word' id='word_1_189' title='bbox 869 1102 978 1136; x_wconf 85' lang='lat' dir='ltr'>etiarn</span> <span class='ocrx_word' id='word_1_190' title='bbox 994 1101 1241 1147; x_wconf 87' lang='lat' dir='ltr'>opprobrium,</span> <span class='ocrx_word' id='word_1_191' title='bbox 1263 1102 1363 1146; x_wconf 86' lang='lat' dir='ltr'>cujus</span> <span class='ocrx_word' id='word_1_192' title='bbox 1384 1101 1496 1135; x_wconf 89' lang='lat' dir='ltr'>timor</span> <span class='ocrx_word' id='word_1_193' title='bbox 1510 1108 1562 1135; x_wconf 89' lang='lat' dir='ltr'>est</span> <span class='ocrx_word' id='word_1_194' title='bbox 1576 1111 1746 1134; x_wconf 89' lang='lat' dir='ltr'>verecun-</span> 
     </span>
     <span class='ocr_line' id='line_1_19' title="bbox 185 1153 1745 1202; baseline -0.002 -12"><span class='ocrx_word' id='word_1_195' title='bbox 185 1157 254 1198; x_wconf 86' lang='lat' dir='ltr'>dia,</span> <span class='ocrx_word' id='word_1_196' title='bbox 273 1157 444 1202; x_wconf 82' lang='lat' dir='ltr'>importat</span> <span class='ocrx_word' id='word_1_197' title='bbox 458 1156 708 1190; x_wconf 89' lang='lat' dir='ltr'>testimonium</span> <span class='ocrx_word' id='word_1_198' title='bbox 723 1156 765 1190; x_wconf 87' lang='lat' dir='ltr'>de</span> <span class='ocrx_word' id='word_1_199' title='bbox 780 1154 921 1190; x_wconf 87' lang='lat' dir='ltr'>defectu</span> <span class='ocrx_word' id='word_1_200' title='bbox 937 1155 1098 1200; x_wconf 81' lang='lat' dir='ltr'>alicujus,</span> <span class='ocrx_word' id='word_1_201' title='bbox 1118 1163 1151 1188; x_wconf 92' lang='lat' dir='ltr'>et</span> <span class='ocrx_word' id='word_1_202' title='bbox 1164 1154 1356 1200; x_wconf 83' lang='lat' dir='ltr'>praecipue</span> <span class='ocrx_word' id='word_1_203' title='bbox 1371 1153 1571 1188; x_wconf 89' lang='lat' dir='ltr'>secundum</span> <span class='ocrx_word' id='word_1_204' title='bbox 1586 1153 1745 1200; x_wconf 84' lang='lat' dir='ltr'>aliquam</span> 
     </span>
     <span class='ocr_line' id='line_1_20' title="bbox 187 1206 1745 1256; baseline -0.003 -12"><span class='ocrx_word' id='word_1_205' title='bbox 187 1209 352 1256; x_wconf 79' lang='lat' dir='ltr'>c&#39;ulpam3</span> <span class='ocrx_word' id='word_1_206' title='bbox 375 1218 410 1244; x_wconf 88' lang='lat' dir='ltr'>et</span> <span class='ocrx_word' id='word_1_207' title='bbox 442 1209 525 1244; x_wconf 83' lang='lat' dir='ltr'>ideo</span> <span class='ocrx_word' id='word_1_208' title='bbox 556 1218 689 1255; x_wconf 86' lang='lat' dir='ltr'>quanto</span> <span class='ocrx_word' id='word_1_209' title='bbox 717 1209 966 1244; x_wconf 87' lang='lat' dir='ltr'>testimonium</span> <span class='ocrx_word' id='word_1_210' title='bbox 997 1208 1148 1253; x_wconf 84' lang='lat' dir='ltr'>alicujus</span> <span class='ocrx_word' id='word_1_211' title='bbox 1174 1215 1358 1254; x_wconf 85' lang='lat' dir='ltr'>reputatur</span> <span class='ocrx_word' id='word_1_212' title='bbox 1387 1207 1535 1253; x_wconf 85' lang='lat' dir='ltr'>majoris</span> <span class='ocrx_word' id='word_1_213' title='bbox 1564 1206 1745 1253; x_wconf 88' lang='lat' dir='ltr'>ponderis,</span> 
     </span>
     <span class='ocr_line' id='line_1_21' title="bbox 186 1259 1745 1309; baseline -0.002 -12"><span class='ocrx_word' id='word_1_214' title='bbox 186 1271 287 1297; x_wconf 84' lang='lat' dir='ltr'>tanto</span> <span class='ocrx_word' id='word_1_215' title='bbox 311 1263 352 1296; x_wconf 87' lang='lat' dir='ltr'>ab</span> <span class='ocrx_word' id='word_1_216' title='bbox 375 1274 419 1297; x_wconf 92' lang='lat' dir='ltr'>eo</span> <span class='ocrx_word' id='word_1_217' title='bbox 442 1263 569 1309; x_wconf 88' lang='lat' dir='ltr'>aliquis</span> <span class='ocrx_word' id='word_1_218' title='bbox 596 1263 712 1309; x_wconf 80' lang='lat' dir='ltr'>magis</span> <span class='ocrx_word' id='word_1_219' title='bbox 733 1262 1014 1296; x_wconf 69' lang='lat' dir='ltr'>verecundatur:</span> <span class='ocrx_word' id='word_1_220' title='bbox 1037 1269 1156 1307; x_wconf 88' lang='lat' dir='ltr'>potest</span> <span class='ocrx_word' id='word_1_221' title='bbox 1178 1269 1299 1295; x_wconf 89' lang='lat' dir='ltr'>autem</span> <span class='ocrx_word' id='word_1_222' title='bbox 1322 1261 1573 1295; x_wconf 88' lang='lat' dir='ltr'>testimonium</span> <span class='ocrx_word' id='word_1_223' title='bbox 1599 1259 1745 1306; x_wconf 89' lang='lat' dir='ltr'>aliquod</span> 
     </span>
     <span class='ocr_line' id='line_1_22' title="bbox 188 1314 1747 1362; baseline -0.002 -12"><span class='ocrx_word' id='word_1_224' title='bbox 188 1316 336 1361; x_wconf 79' lang='lat' dir='ltr'>majoris</span> <span class='ocrx_word' id='word_1_225' title='bbox 357 1316 527 1362; x_wconf 85' lang='lat' dir='ltr'>ponderis</span> <span class='ocrx_word' id='word_1_226' title='bbox 548 1316 716 1362; x_wconf 83' lang='lat' dir='ltr'>reputari,</span> <span class='ocrx_word' id='word_1_227' title='bbox 737 1316 789 1350; x_wconf 67' lang='lat' dir='ltr'>vel</span> <span class='ocrx_word' id='word_1_228' title='bbox 810 1323 955 1361; x_wconf 89' lang='lat' dir='ltr'>propter</span> <span class='ocrx_word' id='word_1_229' title='bbox 974 1316 1048 1360; x_wconf 85' lang='lat' dir='ltr'>ejus</span> <span class='ocrx_word' id='word_1_230' title='bbox 1072 1314 1323 1349; x_wconf 85' lang='lat' dir='ltr'>certitudinem</span> <span class='ocrx_word' id='word_1_231' title='bbox 1344 1314 1514 1356; x_wconf 85' lang='lat' dir='ltr'>veritatis,</span> <span class='ocrx_word' id='word_1_232' title='bbox 1532 1314 1584 1349; x_wconf 81' lang='lat' dir='ltr'>vel</span> <span class='ocrx_word' id='word_1_233' title='bbox 1601 1322 1747 1360; x_wconf 89' lang='lat' dir='ltr'>propter</span> 
     </span>
     <span class='ocr_line' id='line_1_23' title="bbox 189 1367 1746 1414; baseline -0.001 -10"><span class='ocrx_word' id='word_1_234' title='bbox 189 1369 368 1404; x_wconf 80' lang='lat' dir='ltr'>effectum.</span> <span class='ocrx_word' id='word_1_235' title='bbox 385 1369 573 1403; x_wconf 89' lang='lat' dir='ltr'>Certitudo</span> <span class='ocrx_word' id='word_1_236' title='bbox 589 1378 710 1404; x_wconf 82' lang='lat' dir='ltr'>autem</span> <span class='ocrx_word' id='word_1_237' title='bbox 724 1369 882 1403; x_wconf 85' lang='lat' dir='ltr'>veritatis</span> <span class='ocrx_word' id='word_1_238' title='bbox 906 1369 1005 1403; x_wconf 89' lang='lat' dir='ltr'>adest</span> <span class='ocrx_word' id='word_1_239' title='bbox 1019 1368 1228 1402; x_wconf 89' lang='lat' dir='ltr'>testimonio</span> <span class='ocrx_word' id='word_1_240' title='bbox 1248 1367 1397 1413; x_wconf 82' lang='lat' dir='ltr'>alicujus</span> <span class='ocrx_word' id='word_1_241' title='bbox 1415 1375 1560 1414; x_wconf 86' lang='lat' dir='ltr'>propter</span> <span class='ocrx_word' id='word_1_242' title='bbox 1578 1367 1660 1402; x_wconf 74' lang='lat' dir='ltr'>dcco:</span> <span class='ocrx_word' id='word_1_243' title='bbox 1681 1378 1746 1402; x_wconf 86' lang='lat' dir='ltr'>uno</span> 
     </span>
     <span class='ocr_line' id='line_1_24' title="bbox 188 1421 1748 1469; baseline -0.001 -13"><span class='ocrx_word' id='word_1_244' title='bbox 188 1423 335 1469; x_wconf 86' lang='lat' dir='ltr'>quidem</span> <span class='ocrx_word' id='word_1_245' title='bbox 358 1422 450 1456; x_wconf 77' lang='lat' dir='ltr'>modo</span> <span class='ocrx_word' id='word_1_246' title='bbox 473 1431 617 1468; x_wconf 86' lang='lat' dir='ltr'>propter</span> <span class='ocrx_word' id='word_1_247' title='bbox 638 1423 891 1457; x_wconf 87' lang='lat' dir='ltr'>rectitudinem</span> <span class='ocrx_word' id='word_1_248' title='bbox 912 1422 1052 1467; x_wconf 78' lang='lat' dir='ltr'>judicii3</span> <span class='ocrx_word' id='word_1_249' title='bbox 1079 1421 1171 1455; x_wconf 86' lang='lat' dir='ltr'>sicut</span> <span class='ocrx_word' id='word_1_250' title='bbox 1191 1428 1288 1466; x_wconf 90' lang='lat' dir='ltr'>patet</span> <span class='ocrx_word' id='word_1_251' title='bbox 1309 1421 1352 1454; x_wconf 92' lang='lat' dir='ltr'>de</span> <span class='ocrx_word' id='word_1_252' title='bbox 1373 1421 1601 1467; x_wconf 85' lang='lat' dir='ltr'>sapientibus,</span> <span class='ocrx_word' id='word_1_253' title='bbox 1623 1428 1658 1455; x_wconf 90' lang='lat' dir='ltr'>et</span> <span class='ocrx_word' id='word_1_254' title='bbox 1682 1421 1748 1454; x_wconf 89' lang='lat' dir='ltr'>vir-</span> 
     </span>
     <span class='ocr_line' id='line_1_25' title="bbox 188 1474 1747 1522; baseline -0.001 -12"><span class='ocrx_word' id='word_1_255' title='bbox 188 1476 313 1518; x_wconf 85' lang='lat' dir='ltr'>tuosis,</span> <span class='ocrx_word' id='word_1_256' title='bbox 336 1487 355 1509; x_wconf 88' lang='lat' dir='ltr'>a</span> <span class='ocrx_word' id='word_1_257' title='bbox 377 1476 503 1522; x_wconf 86' lang='lat' dir='ltr'>quibus</span> <span class='ocrx_word' id='word_1_258' title='bbox 528 1476 642 1511; x_wconf 90' lang='lat' dir='ltr'>homo</span> <span class='ocrx_word' id='word_1_259' title='bbox 666 1484 701 1510; x_wconf 90' lang='lat' dir='ltr'>et</span> <span class='ocrx_word' id='word_1_260' title='bbox 721 1476 837 1522; x_wconf 82' lang='lat' dir='ltr'>magis</span> <span class='ocrx_word' id='word_1_261' title='bbox 859 1476 1037 1510; x_wconf 81' lang='lat' dir='ltr'>desiderat</span> <span class='ocrx_word' id='word_1_262' title='bbox 1062 1474 1246 1517; x_wconf 87' lang='lat' dir='ltr'>honorari,</span> <span class='ocrx_word' id='word_1_263' title='bbox 1268 1482 1303 1508; x_wconf 92' lang='lat' dir='ltr'>et</span> <span class='ocrx_word' id='word_1_264' title='bbox 1323 1474 1439 1520; x_wconf 86' lang='lat' dir='ltr'>magis</span> <span class='ocrx_word' id='word_1_265' title='bbox 1466 1474 1747 1517; x_wconf 81' lang='lat' dir='ltr'>verecundatur3</span> 
     </span>
     <span class='ocr_line' id='line_1_26' title="bbox 190 1527 1748 1576; baseline -0.001 -13"><span class='ocrx_word' id='word_1_266' title='bbox 190 1530 284 1564; x_wconf 90' lang='lat' dir='ltr'>unde</span> <span class='ocrx_word' id='word_1_267' title='bbox 308 1541 326 1563; x_wconf 89' lang='lat' dir='ltr'>a</span> <span class='ocrx_word' id='word_1_268' title='bbox 348 1530 478 1576; x_wconf 88' lang='lat' dir='ltr'>pueris,</span> <span class='ocrx_word' id='word_1_269' title='bbox 505 1538 540 1564; x_wconf 90' lang='lat' dir='ltr'>et</span> <span class='ocrx_word' id='word_1_270' title='bbox 568 1530 689 1564; x_wconf 81' lang='lat' dir='ltr'>bestiis</span> <span class='ocrx_word' id='word_1_271' title='bbox 710 1529 829 1564; x_wconf 87' lang='lat' dir='ltr'>nullus</span> <span class='ocrx_word' id='word_1_272' title='bbox 851 1529 1125 1571; x_wconf 75' lang='lat' dir='ltr'>verecundatur,</span> <span class='ocrx_word' id='word_1_273' title='bbox 1145 1536 1289 1574; x_wconf 92' lang='lat' dir='ltr'>propter</span> <span class='ocrx_word' id='word_1_274' title='bbox 1315 1527 1494 1563; x_wconf 88' lang='lat' dir='ltr'>defectum</span> <span class='ocrx_word' id='word_1_275' title='bbox 1515 1528 1748 1574; x_wconf 86' lang='lat' dir='ltr'>rectijudicii,</span> 
     </span>
     <span class='ocr_line' id='line_1_27' title="bbox 191 1581 1750 1630; baseline 0 -14"><span class='ocrx_word' id='word_1_276' title='bbox 191 1583 251 1629; x_wconf 91' lang='lat' dir='ltr'>qui</span> <span class='ocrx_word' id='word_1_277' title='bbox 273 1591 326 1618; x_wconf 89' lang='lat' dir='ltr'>est</span> <span class='ocrx_word' id='word_1_278' title='bbox 346 1583 383 1617; x_wconf 92' lang='lat' dir='ltr'>in</span> <span class='ocrx_word' id='word_1_279' title='bbox 410 1584 477 1618; x_wconf 84' lang='lat' dir='ltr'>eis:</span> <span class='ocrx_word' id='word_1_280' title='bbox 496 1583 562 1617; x_wconf 71' lang='lat' dir='ltr'>alio</span> <span class='ocrx_word' id='word_1_281' title='bbox 589 1583 684 1618; x_wconf 76' lang='lat' dir='ltr'>modo</span> <span class='ocrx_word' id='word_1_282' title='bbox 706 1592 852 1630; x_wconf 87' lang='lat' dir='ltr'>propter</span> <span class='ocrx_word' id='word_1_283' title='bbox 875 1583 1124 1629; x_wconf 80' lang='lat' dir='ltr'>cognitionem</span> <span class='ocrx_word' id='word_1_284' title='bbox 1146 1593 1285 1624; x_wconf 86' lang='lat' dir='ltr'>eorum,</span> <span class='ocrx_word' id='word_1_285' title='bbox 1304 1581 1347 1616; x_wconf 90' lang='lat' dir='ltr'>de</span> <span class='ocrx_word' id='word_1_286' title='bbox 1370 1582 1497 1628; x_wconf 92' lang='lat' dir='ltr'>quibus</span> <span class='ocrx_word' id='word_1_287' title='bbox 1519 1589 1572 1616; x_wconf 88' lang='lat' dir='ltr'>est</span> <span class='ocrx_word' id='word_1_288' title='bbox 1591 1581 1750 1616; x_wconf 88' lang='lat' dir='ltr'>testimo-</span> 
     </span>
     <span class='ocr_line' id='line_1_28' title="bbox 190 1635 1751 1683; baseline -0.001 -13"><span class='ocrx_word' id='word_1_289' title='bbox 190 1637 311 1671; x_wconf 88' lang='lat' dir='ltr'>nium:</span> <span class='ocrx_word' id='word_1_290' title='bbox 334 1638 417 1683; x_wconf 88' lang='lat' dir='ltr'>quia</span> <span class='ocrx_word' id='word_1_291' title='bbox 435 1637 679 1683; x_wconf 82' lang='lat' dir='ltr'>unusquisque</span> <span class='ocrx_word' id='word_1_292' title='bbox 700 1637 791 1671; x_wconf 89' lang='lat' dir='ltr'>bene</span> <span class='ocrx_word' id='word_1_293' title='bbox 813 1636 947 1682; x_wconf 87' lang='lat' dir='ltr'>judicat</span> <span class='ocrx_word' id='word_1_294' title='bbox 973 1647 1064 1682; x_wconf 90' lang='lat' dir='ltr'>quae</span> <span class='ocrx_word' id='word_1_295' title='bbox 1087 1635 1293 1682; x_wconf 79' lang='lat' dir='ltr'>cognoscit3</span> <span class='ocrx_word' id='word_1_296' title='bbox 1317 1643 1352 1670; x_wconf 85' lang='lat' dir='ltr'>et</span> <span class='ocrx_word' id='word_1_297' title='bbox 1372 1635 1422 1669; x_wconf 91' lang='lat' dir='ltr'>sic</span> <span class='ocrx_word' id='word_1_298' title='bbox 1444 1635 1560 1681; x_wconf 86' lang='lat' dir='ltr'>magis</span> <span class='ocrx_word' id='word_1_299' title='bbox 1580 1646 1751 1670; x_wconf 87' lang='lat' dir='ltr'>verecun-</span> 
     </span>
     <span class='ocr_line' id='line_1_29' title="bbox 192 1688 1751 1737; baseline -0.001 -13"><span class='ocrx_word' id='word_1_300' title='bbox 192 1690 320 1724; x_wconf 84' lang='lat' dir='ltr'>damur</span> <span class='ocrx_word' id='word_1_301' title='bbox 342 1701 361 1724; x_wconf 89' lang='lat' dir='ltr'>a</span> <span class='ocrx_word' id='word_1_302' title='bbox 382 1691 544 1736; x_wconf 88' lang='lat' dir='ltr'>personis</span> <span class='ocrx_word' id='word_1_303' title='bbox 572 1691 785 1737; x_wconf 71' lang='lat' dir='ltr'>conjunctis,</span> <span class='ocrx_word' id='word_1_304' title='bbox 814 1702 904 1736; x_wconf 88' lang='lat' dir='ltr'>quae</span> <span class='ocrx_word' id='word_1_305' title='bbox 926 1689 1020 1724; x_wconf 87' lang='lat' dir='ltr'>facta</span> <span class='ocrx_word' id='word_1_306' title='bbox 1042 1698 1165 1724; x_wconf 85' lang='lat' dir='ltr'>nostra</span> <span class='ocrx_word' id='word_1_307' title='bbox 1192 1689 1307 1735; x_wconf 86' lang='lat' dir='ltr'>magis</span> <span class='ocrx_word' id='word_1_308' title='bbox 1336 1688 1581 1723; x_wconf 86' lang='lat' dir='ltr'>considerant:</span> <span class='ocrx_word' id='word_1_309' title='bbox 1606 1699 1626 1722; x_wconf 89' lang='lat' dir='ltr'>a</span> <span class='ocrx_word' id='word_1_310' title='bbox 1654 1699 1751 1735; x_wconf 90' lang='lat' dir='ltr'>pere-</span> 
     </span>
     <span class='ocr_line' id='line_1_30' title="bbox 191 1741 1750 1790; baseline -0.002 -12"><span class='ocrx_word' id='word_1_311' title='bbox 191 1744 301 1790; x_wconf 83' lang='lat' dir='ltr'>grinis</span> <span class='ocrx_word' id='word_1_312' title='bbox 323 1752 456 1786; x_wconf 87' lang='lat' dir='ltr'>autern,</span> <span class='ocrx_word' id='word_1_313' title='bbox 479 1752 513 1778; x_wconf 90' lang='lat' dir='ltr'>et</span> <span class='ocrx_word' id='word_1_314' title='bbox 534 1744 685 1778; x_wconf 90' lang='lat' dir='ltr'>omnino</span> <span class='ocrx_word' id='word_1_315' title='bbox 707 1744 852 1789; x_wconf 81' lang='lat' dir='ltr'>ignotis,</span> <span class='ocrx_word' id='word_1_316' title='bbox 875 1744 919 1777; x_wconf 90' lang='lat' dir='ltr'>ad</span> <span class='ocrx_word' id='word_1_317' title='bbox 941 1755 1032 1789; x_wconf 88' lang='lat' dir='ltr'>quos</span> <span class='ocrx_word' id='word_1_318' title='bbox 1053 1743 1147 1777; x_wconf 89' lang='lat' dir='ltr'>facta</span> <span class='ocrx_word' id='word_1_319' title='bbox 1168 1750 1291 1776; x_wconf 85' lang='lat' dir='ltr'>nostra</span> <span class='ocrx_word' id='word_1_320' title='bbox 1309 1753 1383 1776; x_wconf 91' lang='lat' dir='ltr'>non</span> <span class='ocrx_word' id='word_1_321' title='bbox 1404 1742 1628 1788; x_wconf 89' lang='lat' dir='ltr'>perveniunt,</span> <span class='ocrx_word' id='word_1_322' title='bbox 1648 1741 1750 1776; x_wconf 87' lang='lat' dir='ltr'>nullo</span> 
     </span>
     <span class='ocr_line' id='line_1_31' title="bbox 192 1795 1752 1842; baseline -0.001 -11"><span class='ocrx_word' id='word_1_323' title='bbox 192 1798 304 1832; x_wconf 88' lang='lat' dir='ltr'>modo</span> <span class='ocrx_word' id='word_1_324' title='bbox 326 1797 622 1832; x_wconf 83' lang='lat' dir='ltr'>verecundamur.</span> <span class='ocrx_word' id='word_1_325' title='bbox 645 1797 697 1831; x_wconf 83' lang='lat' dir='ltr'>Ex</span> <span class='ocrx_word' id='word_1_326' title='bbox 719 1796 849 1832; x_wconf 87' lang='lat' dir='ltr'>effectu</span> <span class='ocrx_word' id='word_1_327' title='bbox 871 1806 992 1831; x_wconf 87' lang='lat' dir='ltr'>autem</span> <span class='ocrx_word' id='word_1_328' title='bbox 1015 1805 1067 1831; x_wconf 87' lang='lat' dir='ltr'>est</span> <span class='ocrx_word' id='word_1_329' title='bbox 1089 1796 1234 1842; x_wconf 83' lang='lat' dir='ltr'>aliquod</span> <span class='ocrx_word' id='word_1_330' title='bbox 1249 1795 1498 1830; x_wconf 83' lang='lat' dir='ltr'>testimonium</span> <span class='ocrx_word' id='word_1_331' title='bbox 1520 1795 1645 1842; x_wconf 87' lang='lat' dir='ltr'>magni</span> <span class='ocrx_word' id='word_1_332' title='bbox 1666 1806 1752 1841; x_wconf 89' lang='lat' dir='ltr'>pon-</span> 
     </span>
     <span class='ocr_line' id='line_1_32' title="bbox 191 1848 1752 1896; baseline -0.002 -11"><span class='ocrx_word' id='word_1_333' title='bbox 191 1851 284 1886; x_wconf 84' lang='lat' dir='ltr'>deris</span> <span class='ocrx_word' id='word_1_334' title='bbox 299 1859 445 1896; x_wconf 89' lang='lat' dir='ltr'>propter</span> <span class='ocrx_word' id='word_1_335' title='bbox 459 1852 719 1896; x_wconf 78' lang='lat' dir='ltr'>juvamentum,</span> <span class='ocrx_word' id='word_1_336' title='bbox 742 1850 799 1885; x_wconf 77' lang='lat' dir='ltr'>vel</span> <span class='ocrx_word' id='word_1_337' title='bbox 817 1858 1081 1885; x_wconf 87' lang='lat' dir='ltr'>nocumentum</span> <span class='ocrx_word' id='word_1_338' title='bbox 1104 1850 1145 1883; x_wconf 87' lang='lat' dir='ltr'>ab</span> <span class='ocrx_word' id='word_1_339' title='bbox 1161 1861 1204 1883; x_wconf 91' lang='lat' dir='ltr'>eo</span> <span class='ocrx_word' id='word_1_340' title='bbox 1228 1849 1461 1894; x_wconf 72' lang='lat' dir='ltr'>proveniens,</span> <span class='ocrx_word' id='word_1_341' title='bbox 1477 1857 1512 1883; x_wconf 89' lang='lat' dir='ltr'>et</span> <span class='ocrx_word' id='word_1_342' title='bbox 1531 1849 1613 1884; x_wconf 91' lang='lat' dir='ltr'>ideo</span> <span class='ocrx_word' id='word_1_343' title='bbox 1635 1848 1752 1894; x_wconf 82' lang='lat' dir='ltr'>magis</span> 
     </span>
     <span class='ocr_line' id='line_1_33' title="bbox 192 1904 1753 1950; baseline -0.001 -12"><span class='ocrx_word' id='word_1_344' title='bbox 192 1904 395 1939; x_wconf 85' lang='lat' dir='ltr'>desiderant</span> <span class='ocrx_word' id='word_1_345' title='bbox 409 1904 759 1939; x_wconf 85' lang='lat' dir='ltr'>homineshonorari</span> <span class='ocrx_word' id='word_1_346' title='bbox 782 1904 822 1938; x_wconf 89' lang='lat' dir='ltr'>ab</span> <span class='ocrx_word' id='word_1_347' title='bbox 845 1904 912 1946; x_wconf 84' lang='lat' dir='ltr'>his,</span> <span class='ocrx_word' id='word_1_348' title='bbox 929 1904 989 1950; x_wconf 91' lang='lat' dir='ltr'>qui</span> <span class='ocrx_word' id='word_1_349' title='bbox 1007 1911 1157 1950; x_wconf 88' lang='lat' dir='ltr'>possunt</span> <span class='ocrx_word' id='word_1_350' title='bbox 1171 1914 1233 1937; x_wconf 88' lang='lat' dir='ltr'>eos</span> <span class='ocrx_word' id='word_1_351' title='bbox 1252 1904 1385 1949; x_wconf 85' lang='lat' dir='ltr'>juvare,</span> <span class='ocrx_word' id='word_1_352' title='bbox 1406 1910 1441 1937; x_wconf 86' lang='lat' dir='ltr'>et</span> <span class='ocrx_word' id='word_1_353' title='bbox 1454 1904 1571 1948; x_wconf 87' lang='lat' dir='ltr'>magis</span> <span class='ocrx_word' id='word_1_354' title='bbox 1585 1913 1753 1937; x_wconf 90' lang='lat' dir='ltr'>verecun-</span> 
     </span>
     <span class='ocr_line' id='line_1_34' title="bbox 194 1954 1753 2004; baseline -0.001 -13"><span class='ocrx_word' id='word_1_355' title='bbox 194 1958 321 1992; x_wconf 82' lang='lat' dir='ltr'>dantur</span> <span class='ocrx_word' id='word_1_356' title='bbox 337 1958 377 1991; x_wconf 82' lang='lat' dir='ltr'>ab</span> <span class='ocrx_word' id='word_1_357' title='bbox 399 1958 466 1999; x_wconf 86' lang='lat' dir='ltr'>his,</span> <span class='ocrx_word' id='word_1_358' title='bbox 490 1958 549 2003; x_wconf 88' lang='lat' dir='ltr'>qui</span> <span class='ocrx_word' id='word_1_359' title='bbox 568 1966 717 2004; x_wconf 83' lang='lat' dir='ltr'>possunt</span> <span class='ocrx_word' id='word_1_360' title='bbox 731 1969 883 2000; x_wconf 87' lang='lat' dir='ltr'>nocere;</span> <span class='ocrx_word' id='word_1_361' title='bbox 899 1965 932 1991; x_wconf 89' lang='lat' dir='ltr'>et</span> <span class='ocrx_word' id='word_1_362' title='bbox 950 1957 1033 1991; x_wconf 87' lang='lat' dir='ltr'>inde</span> <span class='ocrx_word' id='word_1_363' title='bbox 1050 1957 1158 1991; x_wconf 89' lang='lat' dir='ltr'>etiam</span> <span class='ocrx_word' id='word_1_364' title='bbox 1174 1964 1236 1998; x_wconf 86' lang='lat' dir='ltr'>est,</span> <span class='ocrx_word' id='word_1_365' title='bbox 1259 1956 1355 2002; x_wconf 89' lang='lat' dir='ltr'>quod</span> <span class='ocrx_word' id='word_1_366' title='bbox 1370 1964 1544 2002; x_wconf 86' lang='lat' dir='ltr'>quantum</span> <span class='ocrx_word' id='word_1_367' title='bbox 1561 1955 1604 1990; x_wconf 90' lang='lat' dir='ltr'>ad</span> <span class='ocrx_word' id='word_1_368' title='bbox 1619 1954 1753 2001; x_wconf 89' lang='lat' dir='ltr'>aliquid</span> 
     </span>
     <span class='ocr_line' id='line_1_35' title="bbox 193 2008 1754 2057; baseline -0.001 -12"><span class='ocrx_word' id='word_1_369' title='bbox 193 2012 309 2057; x_wconf 77' lang='lat' dir='ltr'>magis</span> <span class='ocrx_word' id='word_1_370' title='bbox 335 2012 623 2045; x_wconf 69' lang='lat' dir='ltr'>verecundamur</span> <span class='ocrx_word' id='word_1_371' title='bbox 645 2023 663 2044; x_wconf 85' lang='lat' dir='ltr'>a</span> <span class='ocrx_word' id='word_1_372' title='bbox 682 2011 844 2057; x_wconf 85' lang='lat' dir='ltr'>personis</span> <span class='ocrx_word' id='word_1_373' title='bbox 872 2010 1085 2055; x_wconf 84' lang='lat' dir='ltr'>conjunctis,</span> <span class='ocrx_word' id='word_1_374' title='bbox 1107 2021 1190 2044; x_wconf 90' lang='lat' dir='ltr'>cum</span> <span class='ocrx_word' id='word_1_375' title='bbox 1212 2008 1339 2056; x_wconf 89' lang='lat' dir='ltr'>quibus</span> <span class='ocrx_word' id='word_1_376' title='bbox 1361 2020 1504 2055; x_wconf 89' lang='lat' dir='ltr'>semper</span> <span class='ocrx_word' id='word_1_377' title='bbox 1525 2020 1648 2043; x_wconf 91' lang='lat' dir='ltr'>sumus</span> <span class='ocrx_word' id='word_1_378' title='bbox 1671 2019 1754 2042; x_wconf 88' lang='lat' dir='ltr'>con-</span> 
     </span>
     <span class='ocr_line' id='line_1_36' title="bbox 193 2062 1754 2110; baseline -0.001 -13"><span class='ocrx_word' id='word_1_379' title='bbox 193 2064 377 2106; x_wconf 86' lang='lat' dir='ltr'>versaturi,</span> <span class='ocrx_word' id='word_1_380' title='bbox 400 2064 501 2110; x_wconf 81' lang='lat' dir='ltr'>quasi</span> <span class='ocrx_word' id='word_1_381' title='bbox 515 2076 556 2098; x_wconf 83' lang='lat' dir='ltr'>ex</span> <span class='ocrx_word' id='word_1_382' title='bbox 570 2064 641 2098; x_wconf 87' lang='lat' dir='ltr'>hoc</span> <span class='ocrx_word' id='word_1_383' title='bbox 664 2064 767 2098; x_wconf 90' lang='lat' dir='ltr'>nobis</span> <span class='ocrx_word' id='word_1_384' title='bbox 782 2072 995 2110; x_wconf 89' lang='lat' dir='ltr'>perpetuum</span> <span class='ocrx_word' id='word_1_385' title='bbox 1016 2063 1204 2110; x_wconf 86' lang='lat' dir='ltr'>proveniat</span> <span class='ocrx_word' id='word_1_386' title='bbox 1218 2063 1491 2098; x_wconf 86' lang='lat' dir='ltr'>detrimentum:</span> <span class='ocrx_word' id='word_1_387' title='bbox 1514 2062 1611 2109; x_wconf 88' lang='lat' dir='ltr'>quod</span> <span class='ocrx_word' id='word_1_388' title='bbox 1633 2070 1754 2096; x_wconf 88' lang='lat' dir='ltr'>autem</span> 
     </span>
     <span class='ocr_line' id='line_1_37' title="bbox 193 2116 1410 2164; baseline -0.002 -12"><span class='ocrx_word' id='word_1_389' title='bbox 193 2118 357 2164; x_wconf 78' lang='lat' dir='ltr'>provenit</span> <span class='ocrx_word' id='word_1_390' title='bbox 375 2129 395 2151; x_wconf 88' lang='lat' dir='ltr'>a</span> <span class='ocrx_word' id='word_1_391' title='bbox 416 2118 623 2163; x_wconf 80' lang='lat' dir='ltr'>peregrinis,</span> <span class='ocrx_word' id='word_1_392' title='bbox 646 2126 680 2152; x_wconf 87' lang='lat' dir='ltr'>et</span> <span class='ocrx_word' id='word_1_393' title='bbox 701 2118 976 2159; x_wconf 85' lang='lat' dir='ltr'>transeuntibus,</span> <span class='ocrx_word' id='word_1_394' title='bbox 996 2117 1096 2163; x_wconf 84' lang='lat' dir='ltr'>quasi</span> <span class='ocrx_word' id='word_1_395' title='bbox 1118 2117 1189 2150; x_wconf 92' lang='lat' dir='ltr'>cito</span> <span class='ocrx_word' id='word_1_396' title='bbox 1212 2116 1410 2163; x_wconf 81' lang='lat' dir='ltr'>pertransit.</span> 
     </span>
    </p>

    <p class='ocr_par' dir='ltr' id='par_1_7' title="bbox 195 2171 1757 2486">
     <span class='ocr_line' id='line_1_38' title="bbox 266 2171 1755 2217; baseline -0.002 -11"><span class='ocrx_word' id='word_1_397' title='bbox 266 2173 325 2206; x_wconf 86' lang='lat' dir='ltr'>AD</span> <span class='ocrx_word' id='word_1_398' title='bbox 347 2182 495 2206; x_wconf 71' lang='lat' dir='ltr'>PRIMUM</span> <span class='ocrx_word' id='word_1_399' title='bbox 511 2183 596 2217; x_wconf 75' lang='lat' dir='ltr'>ergo</span> <span class='ocrx_word' id='word_1_400' title='bbox 620 2172 825 2213; x_wconf 85' lang='lat' dir='ltr'>dicendum,</span> <span class='ocrx_word' id='word_1_401' title='bbox 845 2172 941 2217; x_wconf 84' lang='lat' dir='ltr'>quod</span> <span class='ocrx_word' id='word_1_402' title='bbox 960 2171 1086 2205; x_wconf 88' lang='lat' dir='ltr'>similis</span> <span class='ocrx_word' id='word_1_403' title='bbox 1109 2171 1199 2205; x_wconf 88' lang='lat' dir='ltr'>ratio</span> <span class='ocrx_word' id='word_1_404' title='bbox 1223 2178 1275 2204; x_wconf 88' lang='lat' dir='ltr'>est</span> <span class='ocrx_word' id='word_1_405' title='bbox 1293 2177 1437 2216; x_wconf 88' lang='lat' dir='ltr'>propter</span> <span class='ocrx_word' id='word_1_406' title='bbox 1458 2180 1566 2215; x_wconf 90' lang='lat' dir='ltr'>quam</span> <span class='ocrx_word' id='word_1_407' title='bbox 1582 2180 1755 2204; x_wconf 88' lang='lat' dir='ltr'>verecun-</span> 
     </span>
     <span class='ocr_line' id='line_1_39' title="bbox 195 2222 1755 2270; baseline -0.001 -11"><span class='ocrx_word' id='word_1_408' title='bbox 195 2226 323 2260; x_wconf 87' lang='lat' dir='ltr'>damur</span> <span class='ocrx_word' id='word_1_409' title='bbox 344 2225 387 2259; x_wconf 90' lang='lat' dir='ltr'>de</span> <span class='ocrx_word' id='word_1_410' title='bbox 403 2225 623 2265; x_wconf 87' lang='lat' dir='ltr'>melioribus,</span> <span class='ocrx_word' id='word_1_411' title='bbox 646 2233 680 2258; x_wconf 91' lang='lat' dir='ltr'>et</span> <span class='ocrx_word' id='word_1_412' title='bbox 702 2225 817 2270; x_wconf 80' lang='lat' dir='ltr'>magis</span> <span class='ocrx_word' id='word_1_413' title='bbox 840 2225 1058 2269; x_wconf 85' lang='lat' dir='ltr'>conjunctis:</span> <span class='ocrx_word' id='word_1_414' title='bbox 1082 2224 1165 2270; x_wconf 89' lang='lat' dir='ltr'>quia</span> <span class='ocrx_word' id='word_1_415' title='bbox 1186 2223 1278 2258; x_wconf 89' lang='lat' dir='ltr'>sicut</span> <span class='ocrx_word' id='word_1_416' title='bbox 1297 2223 1490 2257; x_wconf 89' lang='lat' dir='ltr'>meliorum</span> <span class='ocrx_word' id='word_1_417' title='bbox 1505 2222 1755 2258; x_wconf 88' lang='lat' dir='ltr'>testimonium</span> 
     </span>
     <span class='ocr_line' id='line_1_40' title="bbox 196 2276 1754 2325; baseline -0.002 -12"><span class='ocrx_word' id='word_1_418' title='bbox 196 2287 404 2325; x_wconf 87' lang='lat' dir='ltr'>repuntatur</span> <span class='ocrx_word' id='word_1_419' title='bbox 426 2279 541 2324; x_wconf 83' lang='lat' dir='ltr'>magis</span> <span class='ocrx_word' id='word_1_420' title='bbox 561 2277 687 2312; x_wconf 80' lang='lat' dir='ltr'>efficax</span> <span class='ocrx_word' id='word_1_421' title='bbox 709 2286 854 2324; x_wconf 87' lang='lat' dir='ltr'>propter</span> <span class='ocrx_word' id='word_1_422' title='bbox 876 2277 1117 2311; x_wconf 82' lang='lat' dir='ltr'>universalem</span> <span class='ocrx_word' id='word_1_423' title='bbox 1139 2277 1399 2322; x_wconf 83' lang='lat' dir='ltr'>cognitionem,</span> <span class='ocrx_word' id='word_1_424' title='bbox 1422 2287 1532 2322; x_wconf 88' lang='lat' dir='ltr'>quam</span> <span class='ocrx_word' id='word_1_425' title='bbox 1553 2276 1687 2310; x_wconf 88' lang='lat' dir='ltr'>habent</span> <span class='ocrx_word' id='word_1_426' title='bbox 1711 2276 1754 2310; x_wconf 91' lang='lat' dir='ltr'>de</span> 
     </span>
     <span class='ocr_line' id='line_1_41' title="bbox 195 2329 1757 2376; baseline -0.001 -10"><span class='ocrx_word' id='word_1_427' title='bbox 195 2333 312 2374; x_wconf 82' lang='lat' dir='ltr'>rebus,</span> <span class='ocrx_word' id='word_1_428' title='bbox 335 2340 368 2366; x_wconf 86' lang='lat' dir='ltr'>et</span> <span class='ocrx_word' id='word_1_429' title='bbox 386 2331 648 2366; x_wconf 80' lang='lat' dir='ltr'>immutabilem</span> <span class='ocrx_word' id='word_1_430' title='bbox 672 2331 887 2365; x_wconf 80' lang='lat' dir='ltr'>sententiam</span> <span class='ocrx_word' id='word_1_431' title='bbox 911 2342 930 2364; x_wconf 90' lang='lat' dir='ltr'>a</span> <span class='ocrx_word' id='word_1_432' title='bbox 948 2331 1116 2372; x_wconf 80' lang='lat' dir='ltr'>veritate3</span> <span class='ocrx_word' id='word_1_433' title='bbox 1144 2330 1191 2364; x_wconf 86' lang='lat' dir='ltr'>ita</span> <span class='ocrx_word' id='word_1_434' title='bbox 1215 2330 1323 2364; x_wconf 86' lang='lat' dir='ltr'>etiarn</span> <span class='ocrx_word' id='word_1_435' title='bbox 1342 2329 1562 2363; x_wconf 84' lang='lat' dir='ltr'>familiarum</span> <span class='ocrx_word' id='word_1_436' title='bbox 1589 2341 1757 2376; x_wconf 87' lang='lat' dir='ltr'>persona-</span> 
     </span>
     <span class='ocr_line' id='line_1_42' title="bbox 196 2383 1756 2430; baseline -0.001 -10"><span class='ocrx_word' id='word_1_437' title='bbox 196 2398 275 2420; x_wconf 90' lang='lat' dir='ltr'>rum</span> <span class='ocrx_word' id='word_1_438' title='bbox 298 2385 544 2420; x_wconf 81' lang='lat' dir='ltr'>testimonium</span> <span class='ocrx_word' id='word_1_439' title='bbox 566 2385 707 2419; x_wconf 81' lang='lat' dir='ltr'>videtur</span> <span class='ocrx_word' id='word_1_440' title='bbox 729 2385 844 2430; x_wconf 79' lang='lat' dir='ltr'>magis</span> <span class='ocrx_word' id='word_1_441' title='bbox 867 2383 991 2418; x_wconf 81' lang='lat' dir='ltr'>efficax</span> <span class='ocrx_word' id='word_1_442' title='bbox 1013 2392 1157 2430; x_wconf 84' lang='lat' dir='ltr'>propter</span> <span class='ocrx_word' id='word_1_443' title='bbox 1178 2384 1262 2426; x_wconf 87' lang='lat' dir='ltr'>hoc,</span> <span class='ocrx_word' id='word_1_444' title='bbox 1285 2383 1367 2429; x_wconf 89' lang='lat' dir='ltr'>quia</span> <span class='ocrx_word' id='word_1_445' title='bbox 1391 2383 1506 2429; x_wconf 85' lang='lat' dir='ltr'>magis</span> <span class='ocrx_word' id='word_1_446' title='bbox 1529 2390 1756 2430; x_wconf 85' lang='lat' dir='ltr'>cognoscunt</span> 
     </span>
     <span class='ocr_line' id='line_1_43' title="bbox 196 2439 864 2486; baseline -0.003 -13"><span class='ocrx_word' id='word_1_447' title='bbox 196 2439 434 2486; x_wconf 82' lang='lat' dir='ltr'>particularia,</span> <span class='ocrx_word' id='word_1_448' title='bbox 457 2451 548 2485; x_wconf 86' lang='lat' dir='ltr'>quae</span> <span class='ocrx_word' id='word_1_449' title='bbox 570 2439 663 2472; x_wconf 88' lang='lat' dir='ltr'>circa</span> <span class='ocrx_word' id='word_1_450' title='bbox 685 2449 751 2472; x_wconf 86' lang='lat' dir='ltr'>nos</span> <span class='ocrx_word' id='word_1_451' title='bbox 773 2445 864 2472; x_wconf 90' lang='lat' dir='ltr'>sunt.</span> 
     </span>
    </p>

    <p class='ocr_par' dir='ltr' id='par_1_8' title="bbox 198 2489 1756 2646">
     <span class='ocr_line' id='line_1_44' title="bbox 269 2489 1756 2537; baseline -0.003 -9"><span class='ocrx_word' id='word_1_452' title='bbox 269 2494 328 2527; x_wconf 78' lang='lat' dir='ltr'>AD</span> <span class='ocrx_word' id='word_1_453' title='bbox 367 2503 572 2527; x_wconf 67' lang='lat' dir='ltr'>SECUNDUM</span> <span class='ocrx_word' id='word_1_454' title='bbox 612 2491 820 2533; x_wconf 88' lang='lat' dir='ltr'>dicendum,</span> <span class='ocrx_word' id='word_1_455' title='bbox 855 2490 951 2537; x_wconf 86' lang='lat' dir='ltr'>quod</span> <span class='ocrx_word' id='word_1_456' title='bbox 984 2490 1234 2525; x_wconf 82' lang='lat' dir='ltr'>testimonium</span> <span class='ocrx_word' id='word_1_457' title='bbox 1269 2501 1413 2532; x_wconf 90' lang='lat' dir='ltr'>eorum,</span> <span class='ocrx_word' id='word_1_458' title='bbox 1445 2489 1505 2535; x_wconf 84' lang='lat' dir='ltr'>qui</span> <span class='ocrx_word' id='word_1_459' title='bbox 1538 2497 1621 2524; x_wconf 88' lang='lat' dir='ltr'>sunt</span> <span class='ocrx_word' id='word_1_460' title='bbox 1651 2489 1756 2524; x_wconf 87' lang='lat' dir='ltr'>nobis</span> 
     </span>
     <span class='ocr_line' id='line_1_45' title="bbox 199 2542 1756 2591; baseline -0.003 -11"><span class='ocrx_word' id='word_1_461' title='bbox 199 2546 381 2591; x_wconf 78' lang='lat' dir='ltr'>conjuncti</span> <span class='ocrx_word' id='word_1_462' title='bbox 402 2547 437 2580; x_wconf 88' lang='lat' dir='ltr'>in</span> <span class='ocrx_word' id='word_1_463' title='bbox 464 2545 697 2580; x_wconf 85' lang='lat' dir='ltr'>similitudine</span> <span class='ocrx_word' id='word_1_464' title='bbox 727 2544 877 2590; x_wconf 85' lang='lat' dir='ltr'>peccati,</span> <span class='ocrx_word' id='word_1_465' title='bbox 899 2555 973 2577; x_wconf 87' lang='lat' dir='ltr'>non</span> <span class='ocrx_word' id='word_1_466' title='bbox 1002 2543 1293 2586; x_wconf 85' lang='lat' dir='ltr'>reformidamus,</span> <span class='ocrx_word' id='word_1_467' title='bbox 1315 2543 1398 2589; x_wconf 89' lang='lat' dir='ltr'>quia</span> <span class='ocrx_word' id='word_1_468' title='bbox 1423 2553 1497 2577; x_wconf 93' lang='lat' dir='ltr'>non</span> <span class='ocrx_word' id='word_1_469' title='bbox 1524 2542 1756 2578; x_wconf 87' lang='lat' dir='ltr'>aestimamus</span> 
     </span>
     <span class='ocr_line' id='line_1_46' title="bbox 198 2597 1323 2646; baseline -0.003 -13"><span class='ocrx_word' id='word_1_470' title='bbox 198 2600 292 2646; x_wconf 85' lang='lat' dir='ltr'>quod.</span> <span class='ocrx_word' id='word_1_471' title='bbox 316 2598 495 2633; x_wconf 80' lang='lat' dir='ltr'>defectum</span> <span class='ocrx_word' id='word_1_472' title='bbox 518 2606 682 2633; x_wconf 88' lang='lat' dir='ltr'>nostrum</span> <span class='ocrx_word' id='word_1_473' title='bbox 705 2597 974 2643; x_wconf 83' lang='lat' dir='ltr'>apprehendant</span> <span class='ocrx_word' id='word_1_474' title='bbox 996 2605 1033 2630; x_wconf 92' lang='lat' dir='ltr'>ut</span> <span class='ocrx_word' id='word_1_475' title='bbox 1055 2597 1188 2642; x_wconf 85' lang='lat' dir='ltr'>aliquid</span> <span class='ocrx_word' id='word_1_476' title='bbox 1209 2605 1323 2643; x_wconf 82' lang='lat' dir='ltr'>turpe.</span> 
     </span>
    </p>

    <p class='ocr_par' dir='ltr' id='par_1_9' title="bbox 198 2649 1758 2751">
     <span class='ocr_line' id='line_1_47' title="bbox 269 2649 1758 2696; baseline -0.003 -10"><span class='ocrx_word' id='word_1_477' title='bbox 269 2653 328 2686; x_wconf 84' lang='lat' dir='ltr'>AD</span> <span class='ocrx_word' id='word_1_478' title='bbox 347 2662 518 2686; x_wconf 80' lang='lat' dir='ltr'>TERTIUM</span> <span class='ocrx_word' id='word_1_479' title='bbox 537 2651 743 2692; x_wconf 89' lang='lat' dir='ltr'>dicendum,</span> <span class='ocrx_word' id='word_1_480' title='bbox 765 2650 861 2696; x_wconf 91' lang='lat' dir='ltr'>quod</span> <span class='ocrx_word' id='word_1_481' title='bbox 885 2661 903 2683; x_wconf 90' lang='lat' dir='ltr'>a</span> <span class='ocrx_word' id='word_1_482' title='bbox 929 2649 1199 2695; x_wconf 84' lang='lat' dir='ltr'>propalantibus</span> <span class='ocrx_word' id='word_1_483' title='bbox 1221 2649 1509 2684; x_wconf 88' lang='lat' dir='ltr'>verecundamur</span> <span class='ocrx_word' id='word_1_484' title='bbox 1529 2656 1676 2695; x_wconf 88' lang='lat' dir='ltr'>propter</span> <span class='ocrx_word' id='word_1_485' title='bbox 1695 2659 1758 2683; x_wconf 92' lang='lat' dir='ltr'>no-</span> 
     </span>
     <span class='ocr_line' id='line_1_48' title="bbox 198 2702 1454 2751; baseline -0.002 -12"><span class='ocrx_word' id='word_1_486' title='bbox 198 2713 408 2739; x_wconf 89' lang='lat' dir='ltr'>cumentum</span> <span class='ocrx_word' id='word_1_487' title='bbox 427 2705 508 2739; x_wconf 83' lang='lat' dir='ltr'>inde</span> <span class='ocrx_word' id='word_1_488' title='bbox 530 2704 756 2751; x_wconf 86' lang='lat' dir='ltr'>proveniens,</span> <span class='ocrx_word' id='word_1_489' title='bbox 780 2703 875 2749; x_wconf 88' lang='lat' dir='ltr'>quod</span> <span class='ocrx_word' id='word_1_490' title='bbox 898 2710 949 2737; x_wconf 88' lang='lat' dir='ltr'>est</span> <span class='ocrx_word' id='word_1_491' title='bbox 971 2702 1170 2737; x_wconf 81' lang='lat' dir='ltr'>diffamatio</span> <span class='ocrx_word' id='word_1_492' title='bbox 1194 2703 1287 2749; x_wconf 90' lang='lat' dir='ltr'>apud</span> <span class='ocrx_word' id='word_1_493' title='bbox 1310 2702 1454 2737; x_wconf 86' lang='lat' dir='ltr'>multos.</span> 
     </span>
    </p>

    <p class='ocr_par' dir='ltr' id='par_1_10' title="bbox 198 2754 1758 2911">
     <span class='ocr_line' id='line_1_49' title="bbox 268 2754 1757 2803; baseline -0.003 -10"><span class='ocrx_word' id='word_1_494' title='bbox 268 2759 327 2793; x_wconf 78' lang='lat' dir='ltr'>AD</span> <span class='ocrx_word' id='word_1_495' title='bbox 351 2768 538 2797; x_wconf 71' lang='lat' dir='ltr'><strong>QUARTUM</strong></span> <span class='ocrx_word' id='word_1_496' title='bbox 560 2758 765 2799; x_wconf 86' lang='lat' dir='ltr'>dicendum,</span> <span class='ocrx_word' id='word_1_497' title='bbox 785 2757 881 2803; x_wconf 91' lang='lat' dir='ltr'>quod</span> <span class='ocrx_word' id='word_1_498' title='bbox 900 2757 1008 2790; x_wconf 88' lang='lat' dir='ltr'>etiam</span> <span class='ocrx_word' id='word_1_499' title='bbox 1025 2757 1066 2790; x_wconf 88' lang='lat' dir='ltr'>ab</span> <span class='ocrx_word' id='word_1_500' title='bbox 1082 2756 1162 2798; x_wconf 88' lang='lat' dir='ltr'>illis,</span> <span class='ocrx_word' id='word_1_501' title='bbox 1177 2756 1269 2790; x_wconf 90' lang='lat' dir='ltr'>inter</span> <span class='ocrx_word' id='word_1_502' title='bbox 1284 2767 1374 2802; x_wconf 91' lang='lat' dir='ltr'>quos</span> <span class='ocrx_word' id='word_1_503' title='bbox 1389 2755 1479 2790; x_wconf 89' lang='lat' dir='ltr'>nihil</span> <span class='ocrx_word' id='word_1_504' title='bbox 1493 2755 1579 2790; x_wconf 89' lang='lat' dir='ltr'>mali</span> <span class='ocrx_word' id='word_1_505' title='bbox 1593 2754 1757 2798; x_wconf 89' lang='lat' dir='ltr'>fecimus,</span> 
     </span>
     <span class='ocr_line' id='line_1_50' title="bbox 198 2808 1756 2858; baseline -0.001 -13"><span class='ocrx_word' id='word_1_506' title='bbox 198 2812 314 2857; x_wconf 80' lang='lat' dir='ltr'>magis</span> <span class='ocrx_word' id='word_1_507' title='bbox 343 2812 630 2847; x_wconf 80' lang='lat' dir='ltr'>verecundamur</span> <span class='ocrx_word' id='word_1_508' title='bbox 659 2819 804 2858; x_wconf 90' lang='lat' dir='ltr'>propter</span> <span class='ocrx_word' id='word_1_509' title='bbox 832 2818 1094 2844; x_wconf 89' lang='lat' dir='ltr'>nocumentum</span> <span class='ocrx_word' id='word_1_510' title='bbox 1121 2821 1292 2856; x_wconf 87' lang='lat' dir='ltr'>sequens:</span> <span class='ocrx_word' id='word_1_511' title='bbox 1324 2810 1406 2856; x_wconf 89' lang='lat' dir='ltr'>quia</span> <span class='ocrx_word' id='word_1_512' title='bbox 1433 2808 1570 2844; x_wconf 88' lang='lat' dir='ltr'>scilicet</span> <span class='ocrx_word' id='word_1_513' title='bbox 1597 2820 1661 2855; x_wconf 88' lang='lat' dir='ltr'>per</span> <span class='ocrx_word' id='word_1_514' title='bbox 1685 2809 1756 2843; x_wconf 82' lang='lat' dir='ltr'>hoc</span> 
     </span>
     <span class='ocr_line' id='line_1_51' title="bbox 201 2862 1758 2911; baseline -0.001 -13"><span class='ocrx_word' id='word_1_515' title='bbox 201 2865 399 2899; x_wconf 83' lang='lat' dir='ltr'>amittimus</span> <span class='ocrx_word' id='word_1_516' title='bbox 420 2865 555 2900; x_wconf 83' lang='lat' dir='ltr'>bonam</span> <span class='ocrx_word' id='word_1_517' title='bbox 578 2865 800 2911; x_wconf 88' lang='lat' dir='ltr'>opinionem,</span> <span class='ocrx_word' id='word_1_518' title='bbox 823 2875 932 2910; x_wconf 88' lang='lat' dir='ltr'>quam</span> <span class='ocrx_word' id='word_1_519' title='bbox 954 2863 996 2898; x_wconf 93' lang='lat' dir='ltr'>de</span> <span class='ocrx_word' id='word_1_520' title='bbox 1019 2863 1122 2897; x_wconf 87' lang='lat' dir='ltr'>nobis</span> <span class='ocrx_word' id='word_1_521' title='bbox 1144 2863 1342 2897; x_wconf 87' lang='lat' dir='ltr'>habebant:</span> <span class='ocrx_word' id='word_1_522' title='bbox 1365 2871 1399 2897; x_wconf 87' lang='lat' dir='ltr'>et</span> <span class='ocrx_word' id='word_1_523' title='bbox 1421 2863 1529 2897; x_wconf 86' lang='lat' dir='ltr'>etiam</span> <span class='ocrx_word' id='word_1_524' title='bbox 1561 2862 1643 2908; x_wconf 89' lang='lat' dir='ltr'>quia</span> <span class='ocrx_word' id='word_1_525' title='bbox 1670 2872 1758 2896; x_wconf 91' lang='lat' dir='ltr'>con-</span> 
     </span>
    </p>
   </div>
   <div class='ocr_carea' id='block_1_3' title="bbox 1846 1627 1856 2286">
    <p class='ocr_par' dir='ltr' id='par_1_11' title="bbox 1846 1627 1856 2286">
     <span class='ocr_line' id='line_1_52' title="bbox 1846 1627 1856 2286; baseline 0 0"><span class='ocrx_word' id='word_1_526' title='bbox 1846 1627 1856 2286; x_wconf 95' lang='lat' dir='ltr'> </span> 
     </span>
    </p>
   </div>
   <div class='ocr_carea' id='block_1_4' title="bbox 1812 0 1859 3122">
    <p class='ocr_par' dir='ltr' id='par_1_12' title="bbox 1812 0 1859 3122">
     <span class='ocr_line' id='line_1_53' title="bbox 1812 0 1859 3122; baseline 0 0"><span class='ocrx_word' id='word_1_527' title='bbox 1812 0 1859 3122; x_wconf 95' lang='lat' dir='ltr'> </span> 
     </span>
    </p>
   </div>
   <div class='ocr_carea' id='block_1_5' title="bbox 1841 2430 1857 3114">
    <p class='ocr_par' dir='ltr' id='par_1_13' title="bbox 1841 2430 1857 3114">
     <span class='ocr_line' id='line_1_54' title="bbox 1841 2430 1857 3114; baseline 0 0"><span class='ocrx_word' id='word_1_528' title='bbox 1841 2430 1857 3114; x_wconf 95' lang='lat' dir='ltr'> </span> 
     </span>
    </p>
   </div>
  </div>
 </body>
</html>
