1859 3122
230 153 313 193 262
639 161 860 197 QUAESTIO
894 162 1029 191 XXXII.
1064 162 1308 192 ARTICULUS
1341 162 1385 192 11.

301 247 361 281 AD
382 256 531 281 PRIMUM
554 256 641 290 ergo
663 244 869 287 dicendum,
890 245 987 291 quod
1013 244 1196 290 sepultura
1222 244 1356 279 mortui
1376 255 1451 278 non
1473 243 1611 278 confert
1631 245 1664 279 ei
1685 256 1792 291 quan-

228 308 305 334 tum
329 300 371 333 ad
389 310 547 340 sensum,
570 309 677 344 quem
701 309 830 344 corpus
852 306 933 344 post
954 307 1109 332 mortem
1130 298 1278 331 habeat:
1301 305 1336 331 et
1356 298 1555 332 secundum
1576 298 1648 332 hoc
1666 298 1793 332 Domi-

229 365 294 387 nus
317 354 412 394 dicit,
427 352 523 398 quod
538 351 792 386 interficientes
813 363 942 398 corpus
960 365 1024 386 non
1041 353 1157 386 habant
1173 352 1314 397 amplius
1331 341 1571 397 quidfacicmt;
1592 359 1625 386 et
1645 359 1792 398 propter

228 407 299 440 hoc
323 407 431 440 etiarn
460 405 642 439 Dominus
663 416 737 438 non
769 414 1037 440 commemorat
1067 405 1289 450 sepulturam
1316 405 1406 438 inter
1429 404 1498 438 alia
1519 404 1790 439 misericordiae

227 471 353 506 opera3
375 459 437 493 sed
461 466 648 492 enumerat
669 457 789 492 solum
809 458 882 500 illa,
905 470 995 504 quae
1018 466 1100 492 sunt
1121 458 1352 492 evidentioris
1374 458 1608 492 necessitatis.
1631 458 1791 492 Pertinet

226 522 347 548 tamen
371 512 414 546 ad
436 511 657 553 defunctum,
693 512 777 557 quid
812 512 854 545 de
884 513 958 557 ejus
991 523 1143 558 corpore
1174 519 1318 556 agatur:
1352 519 1430 544 turn
1456 518 1631 556 quantum
1653 511 1696 544 ad
1717 510 1790 545 hoc

227 567 323 613 quod
344 566 432 600 vivit
452 566 489 599 in
515 566 703 600 memoriis
732 565 938 607 hominurn,
962 567 1062 610 cujus
1092 566 1212 599 honor
1235 565 1505 606 dehonestatur,
1532 564 1562 598 si
1590 563 1790 610 insepultus

226 627 428 654 remaneat:
452 627 530 653 tum
553 619 660 653 etiam
684 627 858 664 quantum
886 619 929 652 ad
952 618 1134 660 affectum,
1157 630 1266 664 quem
1288 618 1405 651 adhuc
1427 617 1552 651 vivens
1572 617 1729 651 habebat
1746 617 1790 652 de

226 685 291 708 suo
315 684 486 719 corpore3
509 673 566 706 cui
595 672 740 719 piorum
763 672 910 706 affectus
934 672 1155 706 conformari
1183 672 1287 705 debet
1312 679 1394 717 post
1421 679 1577 705 mortem
1598 671 1727 716 ipsius:
1755 679 1790 705 et

225 727 425 761 secundum
446 727 518 760 hoc
546 726 848 760 commendantur
870 725 980 772 aliqui
1002 726 1044 759 de
1060 734 1290 759 mortuorum
1312 724 1511 770 sepultura;
1527 732 1565 758 ut
1584 723 1732 766 Tobias,
1754 732 1790 758 et

225 780 288 822 illi,
311 780 371 826 qui
391 780 593 813 Dominum
613 779 848 826 sepelierunt3
862 787 900 813 ut
921 787 1018 825 patet
1037 791 1099 824 per
1117 780 1270 824 August.
1293 778 1328 812 in
1350 777 1410 812 lib.
1433 779 1475 812 de
1492 777 1590 811 Cura
1611 788 1675 823 pro
1691 789 1788 812 mor-

225 834 294 868 tuis
317 834 456 879 agenda
483 834 572 879 (cap.
593 834 646 879 3).

295 887 355 921 AD
370 897 576 922 SECUNDUM
588 886 898 932 dicendum,qu0d
914 897 1042 920 omnes
1057 885 1147 919 aliae
1161 885 1393 919 necessitates
1408 885 1451 918 ad
1474 885 1538 918 has
1557 884 1786 918 reducuntur:

223 953 310 975 nam
332 941 498 981 caecitas,
515 948 548 974 et
563 940 778 974 claudicatio
793 947 874 973 sunt
888 939 1112 973 infirmitates
1129 939 1325 984 quaedam3
1348 938 1442 971 unde
1454 938 1608 983 dirigere
1623 948 1785 979 caecum,

224 1002 258 1028 et
279 1002 477 1028 sustentare
494 993 661 1027 claudum
678 994 895 1027 reducuntur
915 993 958 1026 ad
977 992 1221 1026 visitationem
1235 991 1479 1026 infirmorum:
1500 990 1661 1025 similiter
1676 991 1786 1025 etiam

222 1047 411 1082 subvenire
433 1047 575 1081 homini
598 1054 722 1080 contra
743 1057 1011 1092 quamcumque
1031 1045 1305 1091 oppressionem
1327 1044 1466 1078 illatam
1489 1044 1719 1085 extrinsecus,
1734 1055 1786 1078 re-

223 1101 364 1135 ducitur
386 1101 429 1134 ad
451 1101 740 1145 redemptionem
765 1100 1008 1145 captivorum:
1032 1099 1175 1133 divitiae
1195 1107 1328 1140 autem,
1348 1099 1474 1144 quibus
1492 1098 1692 1144 paupertati
1709 1097 1787 1132 sub-

222 1155 374 1196 venitur,
397 1165 470 1187 non
494 1161 714 1199 quaeruntur
735 1153 802 1186 nisi
825 1153 868 1186 ad
891 1152 1177 1186 subveniendum
1200 1152 1390 1198 praedictis
1412 1151 1628 1194 defectibus3
1652 1159 1686 1185 et
1703 1151 1784 1185 ideo

221 1219 296 1242 non
317 1207 382 1241 fuit
400 1206 566 1253 specialis
590 1207 726 1240 mentio
750 1206 792 1240 de
814 1206 886 1240 hoc
909 1205 1050 1240 defectu
1072 1205 1248 1239 facienda.

294 1261 353 1295 Ar>
381 1271 551 1295 TERTIUM
579 1260 784 1301 dicendum,
812 1259 908 1305 quod
936 1259 1114 1293 correctio
1141 1259 1383 1304 peccantium,
1406 1266 1581 1304 quantum
1604 1258 1646 1291 ad
1668 1257 1784 1304 ipsam

222 1314 473 1348 executionem
496 1321 607 1354 actus,
629 1313 861 1347 severitatem
883 1313 1037 1357 justitiae
1060 1314 1245 1346 continere
1266 1312 1422 1346 videtur:
1452 1311 1514 1345 sed
1536 1320 1712 1357 quantum
1739 1311 1782 1345 ad

219 1367 459 1401 intentionem
482 1366 719 1412 corripientis,
743 1366 803 1411 qui
823 1365 900 1399 vult
920 1366 1111 1399 hominem
1134 1377 1153 1398 a
1176 1365 1275 1399 malo
1298 1365 1425 1410 culpae
1446 1365 1610 1406 liberare,
1633 1365 1784 1410 pertinet

221 1421 265 1454 ad
287 1420 587 1461 misericordiam,
610 1427 645 1453 et
671 1419 874 1453 dilectionis
897 1417 1080 1459 affectum,
1103 1419 1302 1452 secundum
1324 1418 1411 1452 illud
1433 1418 1603 1452 Proverb.
1627 1428 1699 1463 27.:
1716 1419 1784 1453 Me-

220 1474 307 1507 liora
327 1478 400 1507 sunt
420 1473 560 1507 vulnera
582 1473 755 1517 diligentis,
783 1483 883 1517 qnam
897 1471 1117 1517 frandulenta
1139 1472 1246 1505 055qu
1269 1471 1414 1506 odientis.

293 1527 353 1560 AD
369 1537 558 1565 QUARTUM
574 1526 780 1567 dicendum,
796 1525 892 1571 quod
903 1536 977 1558 non
993 1524 1173 1570 quaelibet
1186 1525 1383 1559 nescientia
1398 1525 1551 1570 pertinet
1564 1524 1608 1558 ad
1621 1525 1782 1559 hominis

220 1579 411 1622 defectum,
434 1580 495 1613 sed
517 1579 637 1613 solum
660 1590 712 1623 ea,
741 1590 810 1624 qua
838 1579 916 1623 quis
945 1578 1061 1612 nescit
1089 1589 1142 1619 ea,
1173 1589 1264 1624 quae
1287 1578 1456 1612 convenit
1477 1589 1561 1612 eum
1587 1577 1696 1612 scire:
1725 1578 1783 1612 cui

221 1633 376 1667 defectui
398 1644 460 1679 per
487 1633 692 1666 doctrinam
720 1632 909 1666 subvenire
938 1632 980 1665 ad
1008 1631 1282 1677 eleemosynam
1308 1632 1476 1677 pertinet:
1499 1631 1535 1665 in
1563 1642 1634 1677 quo
1660 1639 1782 1666 tamen

220 1687 464 1720 observandae
486 1694 569 1720 sunt
591 1686 730 1720 debitae
755 1685 1047 1719 circumstantiae
1070 1696 1257 1730 personae,
1281 1693 1315 1719 et
1335 1685 1419 1727 loci,
1442 1693 1476 1719 et
1489 1685 1676 1734 temporis,
1689 1685 1782 1720 sicut

220 1748 255 1775 et
275 1741 310 1774 in
333 1740 411 1774 aliis
434 1740 571 1774 actibus
592 1739 773 1773 virtuosis.

777 1867 1122 1912 ARTICULUS
1158 1868 1237 1910 HI.
1716 1881 1780 1926 187

378 1977 531 2007 UTRUM
573 1975 890 2006 ELEEMOSYNAE
939 1975 1221 2005 CORPORALES
1263 1975 1360 2006 SINT
1400 1975 1630 2015 POTIORES,

778 2041 902 2077 QUAM
935 2041 1226 2070 SPIRITUALES.

427 2130 476 2175 (4.
500 2130 586 2164 Dist.
608 2141 651 2175 15.
674 2141 703 2175 q.
726 2141 756 2164 2.
781 2134 845 2164 art.
864 2141 891 2164 Ι.
910 2134 938 2163 et
956 2129 1010 2163 lib.
1031 2141 1059 2174 5.
1081 2129 1197 2163 Contr.
1217 2140 1247 2175 g.
1271 2135 1343 2175 cap.
1366 2140 1432 2175 134.
1452 2128 1494 2163 ad
1512 2129 1570 2175 3.).

291 2219 351 2252 An
373 2228 544 2253 TERTwM
568 2217 619 2251 sic
642 2217 858 2264 proceditur.
880 2217 1042 2259 Videtur,
1065 2217 1162 2263 quod
1191 2216 1446 2263 eleemosynae
1477 2216 1684 2263 corporales
1710 2217 1780 2251 sint

219 2272 390 2318 potiores,
410 2283 519 2318 quam
535 2271 752 2317 spirituales:
776 2270 989 2305 laudabilius
1005 2270 1103 2304 enim
1118 2279 1171 2304 est
1185 2271 1301 2315 magis
1316 2271 1489 2316 indigenti
1504 2270 1778 2316 eleemosynam

217 2325 356 2360 facere:
379 2337 422 2360 ex
443 2325 515 2359 hoc
538 2325 635 2359 enim
658 2324 892 2370 eleemosyna
913 2323 1059 2358 laudem
1076 2324 1196 2366 habet,
1215 2325 1310 2370 quod
1326 2324 1501 2369 indigenti
1515 2324 1696 2359 subvenit:
1715 2324 1777 2359 sed

220 2390 361 2425 corpus,
378 2379 435 2413 cui
453 2378 661 2412 subvenitur
682 2389 744 2423 per
767 2377 1019 2423 eleemosynas
1038 2377 1256 2423 corporales,
1276 2387 1329 2412 est
1350 2378 1599 2424 indigentioris
1616 2385 1776 2419 naturae,

218 2444 328 2478 quam
350 2432 505 2478 spiritus,
527 2431 585 2465 cui
607 2431 814 2465 subvenitur
828 2436 891 2476 per
905 2430 1155 2476 eleemosynas
1170 2431 1390 2476 spirituales;
1413 2442 1499 2477 ergo
1522 2430 1776 2477 eleemosynae

220 2485 427 2532 corporales
449 2493 531 2519 sunt
552 2485 721 2531 potiores.

291 2549 321 2572 2.
345 2539 580 2573 PRAETEREA.
596 2537 903 2583 Recompensatio
919 2537 1083 2571 beneficii
1102 2537 1258 2579 laudem,
1278 2547 1311 2572 et
1333 2538 1502 2572 meritum
1521 2537 1775 2583 eleemosynae

220 2592 368 2634 minuit;
391 2592 485 2626 unde
510 2599 544 2625 et
564 2591 745 2625 Dominus
769 2591 853 2624 dicit
875 2590 995 2624 Lucae
1022 2601 1092 2633 14:
1115 2592 1198 2625 Cum
1214 2592 1302 2637 sach
1324 2592 1521 2638 prandium,
1546 2596 1604 2625 aut
1628 2601 1774 2631 caenam,

219 2646 286 2679 noli
306 2657 426 2680 vocare
447 2646 574 2679 viciuos
594 2645 718 2686 divites,
740 2656 778 2678 ne
792 2644 881 2689 sorta
898 2649 927 2678 et
950 2646 1011 2690 ipsi
1034 2650 1060 2678 ts
1083 2646 1278 2679 reinz·ilunt.·
1301 2646 1363 2679 sed
1390 2645 1426 2678 in
1449 2644 1690 2690 eleemosynis
1709 2643 1776 2689 spi-

219 2698 403 2732 ritualibus
425 2709 568 2744 semper
590 2706 643 2732 est
668 2699 977 2743 recompensati03
1001 2698 1083 2742 quia
1106 2698 1165 2743 qui
1188 2706 1266 2732 orat
1288 2710 1351 2744 pro
1375 2698 1458 2741 alio,
1475 2699 1541 2732 sibi
1562 2697 1704 2744 proficit
1724 2707 1776 2730 se-

221 2752 378 2785 cundum
402 2751 489 2785 illud
511 2751 604 2785 Psal.
631 2761 703 2796 34:
730 2751 850 2786 Oratio
870 2763 941 2785 mea
961 2752 993 2784 in
1015 2752 1089 2784 sinn
1111 2763 1178 2785 mco
1198 2758 1426 2786 (mamertem-r:
1449 2752 1509 2798 qui
1531 2752 1640 2786 etiam
1663 2749 1773 2784 alium

221 2805 338 2846 docet,
359 2805 434 2850 ipse
457 2805 491 2838 in
514 2804 664 2838 scientia
686 2803 845 2849 proficit:
869 2805 964 2849 quod
986 2815 1059 2838 non
1083 2805 1259 2849 contingit
1280 2806 1315 2839 in
1338 2805 1580 2851 eleemosynis
1609 2813 1775 2853 corpora-

219 2857 328 2901 libus3
351 2869 438 2905 crgo
461 2857 715 2905 eleemosynae
738 2856 944 2904 corporales
966 2866 1047 2891 sunt
1068 2859 1238 2904 potiores,
1261 2870 1369 2905 quam
1396 2858 1607 2905 spirituales,
