1859 3122
211 178 293 207 212
648 177 868 212 QUAESTIO
902 177 1001 206 XXV.
1036 176 1279 206 ARTICULUS
1311 177 1352 207 X.

210 258 379 293 animalia
400 270 474 292 non
491 258 668 292 habemus
692 258 918 301 charitatem,
941 266 978 293 ut
999 269 1105 304 supra
1128 257 1264 292 dictum
1283 265 1336 292 est
1354 258 1436 303 (art.
1452 271 1480 305 3.
1498 259 1566 305 huj.
1587 259 1657 306 q.)‚·
1679 270 1765 306 ergo

210 313 319 346 etiam
341 323 458 358 neque
481 312 525 345 ad
548 311 709 356 angelos.

282 377 311 411 3.
334 366 568 400 PRAETEREA.
592 365 691 399 Nihil
719 374 772 400 est
792 366 840 400 ita
861 365 1047 412 proprium
1071 365 1284 407 amicorum,
1311 365 1403 400 sicut
1429 366 1632 408 convivere,
1655 374 1694 400 ut
1719 366 1769 400 di-

211 419 300 453 citur
321 419 357 452 in
380 420 410 452 8.
438 418 553 453 Ethic.
583 419 671 465 (cap.
689 421 759 465 5.).·
782 419 843 453 sed
871 419 990 464 angeli
1016 429 1089 452 non
1118 419 1314 452 convivunt
1339 419 1541 461 nobiscum,
1562 430 1628 453 nec
1657 420 1766 453 etiarn

210 483 272 506 eos
293 472 414 506 videre
436 483 646 518 possumus;
670 483 756 517 ergo
773 473 816 506 ad
839 483 900 506 eos
924 472 1106 506 charitatis
1129 472 1327 506 amicitiam
1350 472 1481 506 habere
1500 483 1574 506 non
1591 472 1766 507 valemus.

283 526 357 560 SED
380 536 535 560 CONTRA
562 533 624 567 est,
653 526 749 572 quod
776 527 928 571 August.
957 526 1042 559 dicit
1066 525 1103 558 in
1134 536 1161 558 1.
1189 525 1232 558 de
1258 526 1383 559 Doctr.
1412 525 1545 560 Christ.
1572 526 1662 572 (cap.
1686 527 1766 572 3o):

214 579 320 624 «Jam
335 590 421 613 vero
438 579 466 613 si
480 579 537 613 vel
556 579 613 612 cui
626 579 871 625 praebendum
893 590 911 612 a
933 579 1036 612 nobis
1056 586 1118 620 cst,
1140 577 1197 611 vel
1212 590 1231 611 a
1251 589 1321 624 quo
1336 579 1439 612 nobis
1458 579 1702 624 praebendum
1715 587 1769 613 est

211 631 372 666 officium
390 632 672 674 misericordiae,
686 641 782 666 recte
798 633 982 678 proximus
998 632 1136 673 dicitur,
1152 631 1383 665 manifestum
1399 640 1461 673 est,
1476 640 1680 678 praecepto,
1695 643 1767 678 quo

209 686 375 731 jubemur
397 686 544 731 diligere
566 686 784 730 proximum,
808 686 916 720 etiam
939 693 1082 719 sanctos
1105 684 1254 730 angelos
1277 685 1464 727 contineri,
1479 696 1499 718 a
1513 685 1640 731 quibus
1655 685 1768 719 multa

211 739 315 773 nobis
337 739 607 773 misericordiae
629 739 884 785 impenduntur
906 738 1072 772 officia».

280 793 508 827 RESPONDEO
536 793 741 833 dicendum,
769 792 865 838 quod
893 792 1051 825 amicitia
1079 791 1273 833 charitatis,
1300 791 1392 825 sicut
1417 802 1524 837 supra
1551 791 1688 826 dictum
1714 799 1768 826 est

213 846 258 892 (q.
281 857 327 892 23.
344 851 408 880 art.
432 848 489 890 1.),
512 845 680 879 fundatur
701 856 807 890 super
822 845 1153 879 communicatione
1175 844 1402 878 beatitudinis
1418 852 1595 886 aeternae,
1612 845 1649 878 in
1668 845 1768 890 cujus

210 899 481 945 participatione
505 900 778 932 communicant
800 910 883 932 cum
905 898 1042 943 angelis
1064 898 1251 932 homines:
1279 898 1406 931 dicitur
1434 898 1531 931 enirn
1557 898 1684 932 Matth.
1712 908 1768 932 22.

211 953 307 998 quod
334 955 368 986 in
392 954 626 987 rasnrrertione
647 959 742 986 erunt
765 953 918 991 laomim,
944 953 1028 986 sicut
1053 951 1160 996 angeli
1181 952 1215 984 4ιή
1235 951 1343 991 caelin·
1368 959 1402 984 et
1427 951 1509 985 ideo
1537 950 1768 985 manifestum
1791 956 1795 959 “

211 1015 274 1049 est,
296 1007 392 1053 quod
415 1007 573 1040 amicitia
592 1006 774 1040 charitatis
797 1006 907 1040 etiam
935 1005 977 1039 ad
1001 1004 1151 1050 angelos
1173 1016 1210 1038 se
1234 1005 1400 1038 extendit.

281 1061 341 1094 AD
362 1071 511 1094 PRIMUM
533 1071 620 1104 ergo
643 1060 847 1099 dicendum,
870 1059 966 1104 quod
989 1059 1172 1104 proximus
1191 1069 1263 1092 non
1284 1057 1404 1092 solum
1426 1058 1554 1092 dicitur
1569 1057 1770 1092 communi-

211 1114 352 1148 catione
372 1114 513 1159 speciei,
536 1113 597 1147 sed
621 1113 729 1147 etiam
752 1112 1085 1146 communicatione
1107 1111 1367 1145 beneficiorum
1386 1112 1642 1157 pertinentium
1661 1111 1704 1145 ad
1721 1111 1770 1145 vi-

209 1175 284 1201 tam
307 1175 503 1208 aeternam,
525 1178 631 1211 super
653 1177 722 1212 qua
744 1165 1075 1199 communicatione
1098 1165 1256 1198 amicitia
1279 1165 1461 1199 charitatis
1482 1164 1661 1198 fundatur.

282 1221 341 1254 AD
364 1231 570 1255 SECUNDUM
605 1220 809 1260 dicendum,
831 1219 928 1264 quod
949 1219 1051 1252 bruta
1079 1218 1248 1252 animalia
1276 1218 1495 1252 conveniunt
1520 1218 1712 1252 nobiscum
1732 1217 1768 1251 in

213 1285 344 1319 genere
363 1274 566 1319 propinquo
586 1273 724 1306 ratione
738 1281 886 1306 naturae
901 1272 1103 1312 sensitivae,
1118 1271 1317 1305 secundum
1333 1283 1442 1317 quam
1459 1283 1532 1305 non
1551 1282 1675 1306 sumus
1693 1282 1772 1317 par-

215 1327 340 1373 ticipes
363 1335 528 1361 aeternae
549 1326 789 1367 beatitudinis,
811 1326 873 1359 sed
895 1325 1093 1359 secundum
1112 1333 1272 1358 mentem
1291 1324 1505 1359 rationalem
1523 1325 1559 1358 in
1582 1335 1651 1370 qua
1673 1335 1770 1358 com-

215 1381 443 1415 municamus
467 1392 550 1414 cum
573 1380 720 1425 angelis.

284 1435 344 1468 AD
367 1445 537 1468 TERTIUM
560 1434 763 1474 dicendum,
786 1432 882 1478 quod
906 1431 1026 1477 angeli
1051 1443 1124 1466 non
1148 1432 1345 1466 convivunt
1370 1432 1473 1465 nobis
1501 1431 1667 1466 exteriori
1687 1443 1771 1466 con-

214 1488 428 1528 versatione,
451 1498 541 1533 quae
563 1487 666 1520 nobis
689 1494 741 1520 est
754 1486 953 1520 secundum
975 1485 1183 1519 sensitivam
1197 1493 1383 1520 naturam:
1406 1485 1632 1519 convivimus
1646 1493 1769 1519 tamen

213 1541 349 1587 angelis
371 1540 570 1574 secundum
593 1548 765 1581 mentem,
783 1538 992 1585 imperfecte
1008 1539 1153 1584 quidem
1174 1539 1210 1572 in
1229 1539 1297 1572 hac
1316 1539 1399 1581 vita,
1418 1538 1575 1585 perfecte
1594 1547 1715 1573 autem
1732 1539 1769 1573 in

212 1596 336 1641 patria,
359 1595 450 1628 sicut
471 1602 505 1628 et
526 1605 632 1640 supra
655 1594 791 1627 dictum
813 1600 867 1626 est
887 1593 934 1638 (q.
958 1604 1004 1638 23.
1027 1597 1090 1626 art.
1109 1605 1136 1627 1.
1156 1592 1198 1626 ad
1219 1593 1275 1636 1.).

756 1751 1098 1796 ARTICULUS
1143 1752 1220 1794 XI.
1591 1811 1593 1813 ,
1706 1763 1770 1808 146

339 1873 492 1903 UTRUM
524 1872 750 1902 DEBEAMUS
785 1872 1019 1901 DAEMONES
1053 1872 1109 1900 EX
1142 1871 1392 1901 CHARITATE
1420 1873 1638 1903 DILIGERE.

548 1972 587 2018 (3.
610 1972 698 2006 Dist.
720 1972 774 2007 28.
793 1983 822 2017 q.
842 1984 868 2006 1.
889 1976 951 2006 art.
966 1983 993 2017 5.
1016 1977 1047 2006 et
1067 1972 1154 2006 Dist.
1174 1983 1220 2017 31.
1235 1983 1264 2017 q.
1284 1983 1314 2006 2.
1335 1977 1438 2018 art.3.

799 2030 827 2060 et
850 2027 942 2060 Rom.
965 2037 1007 2071 13.
1031 2025 1099 2059 lact.
1122 2025 1182 2070 2.).

285 2127 344 2161 AD
367 2137 599 2161 UNDECIMUM
622 2126 671 2160 sic
694 2126 909 2172 proceditur.
933 2125 1094 2167 Videtur,
1117 2126 1212 2171 quod
1235 2126 1432 2161 daemones
1455 2138 1497 2161 ex
1519 2127 1692 2162 charitate
1715 2128 1771 2162 de-

213 2181 361 2215 beamus
384 2179 549 2225 diligere:
574 2179 692 2225 angeli
714 2179 808 2213 enirn
825 2187 907 2212 sunt
920 2179 1024 2212 nobis
1040 2179 1206 2224 proximi,
1221 2179 1435 2225 inquantum
1454 2181 1770 2216 communicamus

215 2245 298 2268 curn
313 2234 362 2267 eis
384 2233 419 2266 in
435 2233 601 2267 rationali
622 2240 761 2266 mente:
782 2232 843 2266 sed
859 2233 967 2266 etiam
983 2232 1179 2266 daemones
1197 2232 1248 2265 sic
1268 2233 1458 2266 nobiscum
1478 2234 1770 2276 communicant3

214 2288 297 2333 quia
319 2288 399 2321 data
420 2286 596 2320 naturalia
611 2286 646 2319 in
662 2288 711 2320 eis
730 2294 877 2319 manent
891 2286 1040 2330 integra,
1059 2285 1214 2319 scilicet:
1235 2298 1305 2327 assit,
1321 2288 1444 2328 vivere,
1469 2295 1503 2321 et
1523 2288 1713 2333 intelligere,
1732 2297 1771 2323 ut

214 2341 342 2375 dicitur
356 2340 506 2385 Dionys.
523 2340 557 2373 in
572 2349 604 2382 4.
621 2350 696 2384 cap.
722 2339 764 2373 de
786 2339 868 2372 Div.
892 2338 1001 2372 Nom.
1026 2338 1128 2384 (pam
1148 2349 1179 2382 4.
1203 2339 1274 2373 lact.
1289 2341 1378 2385 19.);
1403 2351 1490 2386 crgo
1505 2341 1677 2375 debemus
1692 2341 1771 2376 dae-

214 2405 341 2428 mones
361 2404 402 2427 ex
421 2393 594 2426 charitate
613 2392 773 2437 diligere.

284 2457 314 2481 2.
337 2447 572 2481 PRAETERm.
606 2446 814 2479 Daemones
844 2443 1011 2478 differunt
1038 2455 1056 2478 a
1084 2444 1196 2478 beatis
1229 2445 1365 2491 angelis
1393 2445 1592 2481 differentia
1618 2448 1769 2493 peccati,

214 2501 306 2535 sicut
326 2508 360 2534 et
381 2507 589 2546 peccatores
610 2499 778 2532 homines
800 2509 819 2531 a
841 2498 959 2542 justis:
982 2497 1043 2531 sed
1065 2498 1146 2542 justi
1168 2498 1336 2533 homines
1359 2511 1400 2534 ex
1423 2500 1595 2534 charitate
1617 2500 1771 2547 diligunt

214 2562 442 2600 peccatores;
465 2563 552 2598 ergo
575 2552 683 2586 etiam
705 2562 746 2585 ex
766 2551 938 2584 charitate
958 2551 1088 2584 debent
1109 2551 1258 2595 diligere
1278 2553 1485 2588 daemones.

288 2618 316 2652 3.
339 2606 573 2641 PRAETEREA.
597 2605 663 2646 Illi,
686 2615 705 2638 a
720 2605 846 2650 quibus
868 2603 1041 2637 beneficia
1064 2604 1166 2638 nobis
1188 2605 1454 2651 impenduntur,
1477 2606 1607 2640 debent
1625 2618 1645 2640 a
1665 2607 1769 2642 nobis

216 2673 256 2695 ex
279 2661 452 2694 charitate
474 2659 584 2705 diligi,
606 2667 791 2704 tamquam
814 2657 986 2703 proximi3
1014 2657 1104 2691 sicut
1131 2666 1227 2703 patet
1249 2670 1291 2692 cx
1313 2660 1524 2693 auctoritate
1546 2660 1769 2705 Augustinus

216 2725 320 2759 supra
343 2714 485 2747 inducta
503 2712 582 2756 (art.
598 2719 709 2758 praec.
732 2713 765 2744 itz
787 2722 856 2755 arg.
877 2710 929 2744 sud
947 2712 1068 2755 conl.):
1091 2711 1152 2744 sed
1172 2711 1368 2746 daemones
1382 2713 1485 2746 nobis
1500 2713 1534 2746 in
1551 2713 1671 2747 multis
1688 2722 1769 2748 sunt

217 2767 331 2808 utiles,
347 2767 431 2800 dum
447 2778 503 2800 nos
518 2765 669 2801 lentando
684 2765 775 2799 nobis
790 2775 926 2798 coronas
936 2764 1123 2809 fabricant,
1143 2764 1234 2798 sicut
1255 2765 1406 2810 August.
1427 2765 1512 2799 dicit
1529 2777 1578 2800 11.
1598 2766 1641 2800 de
1661 2766 1767 2801 Civit.

216 2820 285 2854 Dei
309 2820 395 2866 (cap.
417 2831 465 2865 17.
492 2819 542 2853 scd
563 2819 685 2853 clarius
705 2817 865 2853 Bernard.
887 2829 981 2852 serm.
1004 2828 1052 2862 17.
1079 2818 1113 2851 in
1137 2817 1274 2862 Cant.);
1298 2829 1385 2863 ergo
1407 2819 1603 2855 daemones
1623 2828 1706 2854 sunt
1726 2831 1768 2855 ex

220 2873 391 2909 charitate
411 2872 592 2918 diligendi.
