1859 3122
240 152 345 195 1042
662 148 882 184 QUAESTIO
918 147 1015 177 CLX.
1051 146 1293 176 ARTICULUS
1326 146 1352 176 Ι,

302 232 529 267 RESPONDEO
553 229 757 271 dicendum,
779 227 888 274 quod,
910 228 1002 262 sicut
1014 239 1121 274 supra
1135 227 1271 262 dictum
1286 234 1339 262 est
1352 227 1400 273 (q.
1414 238 1483 272 141.
1498 232 1563 263 art.
1581 238 1614 272 4.
1635 231 1665 262 et
1677 238 1707 272 q.
1721 237 1786 273 157.

232 291 295 320 art.
315 286 372 331 3.),
392 283 630 329 temperantia
657 281 947 316 moderationem
970 281 1115 315 adhibet
1137 281 1232 314 circa
1254 291 1306 322 ea,
1328 280 1364 314 in
1387 280 1512 327 quibus
1534 279 1787 314 difficillimum

233 347 286 373 est
308 337 500 378 moderari,
515 336 652 371 scilicet
673 335 768 369 circa
791 334 1100 380 concupiscentias
1123 333 1402 368 delectationum
1416 342 1548 369 tactus:
1571 333 1788 379 ubicumque

233 400 353 426 autem
376 399 428 425 est
446 389 565 436 aliqua
584 389 694 423 virtus
713 388 915 435 specialiter
930 388 1024 421 circa
1040 387 1185 434 aliquod
1201 388 1412 429 maximum,
1427 396 1570 434 oportet
1587 399 1665 422 esse
1680 386 1788 421 aliam

231 445 399 479 virtutem
422 443 516 477 circa
539 454 579 477 ea
601 454 692 489 quae
714 442 946 476 mediocriter
967 452 1004 475 se
1025 441 1168 483 habent,
1197 451 1240 474 eo
1263 440 1359 486 quod
1382 449 1525 487 oportet
1545 449 1720 487 quantum
1741 439 1786 473 ad

233 498 355 532 omnia
377 497 488 532 vitam
509 496 668 530 hominis
689 495 890 530 secundum
910 495 1058 529 virtutes
1080 506 1157 529 esse
1178 494 1392 540 regulatam,
1414 496 1505 530 sicut
1525 506 1631 542 supra
1652 494 1789 529 dictum

233 559 285 585 est
309 551 352 597 (q.
376 562 442 597 134.
470 555 533 585 art.
551 562 576 596 3.
604 550 645 584 ad
663 549 720 594 L),
751 549 847 594 quod
874 548 1143 594 magnificentia
1166 556 1218 582 est
1245 548 1339 582 circa
1366 559 1520 594 magnos
1546 556 1710 594 sumptus
1731 558 1789 594 pe-

233 605 440 646 cuniarum;
462 612 602 650 praeter
624 614 732 649 quam
755 611 807 636 est
828 602 1030 636 necessaria
1052 601 1258 643 liberalitas,
1281 612 1372 648 quae
1398 601 1437 636 fit
1465 603 1560 636 circa
1586 601 1788 637 mediocres

233 666 412 703 sumptus,
435 657 529 691 unde
551 656 795 691 necessarium
819 664 882 698 est,
904 656 1001 701 quod
1023 655 1068 689 sit
1082 655 1260 701 quaedam
1281 655 1392 689 virtus
1413 655 1637 690 moderativa
1655 655 1692 688 in
1711 654 1788 690 aliis

234 711 486 753 mediocribus,
513 711 549 744 in
568 711 694 756 quibus
715 721 789 744 non
812 717 864 743 est
885 709 932 743 ita
955 708 1097 742 difficile
1120 708 1320 750 moderari,
1342 716 1376 742 et
1396 708 1487 743 haec
1508 709 1618 743 virtus
1639 716 1789 744 vocatur

235 764 422 805 modestia,
446 772 479 797 et
500 764 704 809 adjungitur
725 762 996 808 temperantiae,
1015 770 1202 808 tamquam
1224 761 1423 808 principali.

304 818 362 852 AD
384 828 533 852 PRIMUM
563 828 649 862 ergo
678 816 882 857 dicendum,
912 816 1008 862 quod
1038 827 1173 850 nomen
1204 827 1399 850 commune
1421 815 1636 861 quandoque
1664 826 1790 862 appro-

232 871 366 917 priatur
386 871 442 905 his
464 882 554 916 quae
577 878 658 904 sunt
672 869 816 911 infin1a3
838 869 929 903 sicut
943 880 1078 903 nomen
1096 880 1291 903 commune
1307 868 1521 914 angelorum
1541 869 1789 914 appropriatur

231 924 358 958 infimo
380 925 504 958 ordine
528 923 757 969 angelorum:
780 923 828 956 ita
845 923 953 956 etiam
972 930 1007 956 et
1027 922 1168 964 modus,
1188 922 1247 968 qui
1267 922 1509 956 communiter
1527 921 1735 956 observatur
1754 923 1787 956 in

233 977 391 1024 qualibet
418 978 558 1019 virtute,
589 976 838 1023 appropriatur
867 975 1071 1022 specialiter
1099 975 1231 1017 virtuti,
1260 986 1350 1021 quae
1378 975 1414 1008 in
1445 975 1604 1009 minimis
1638 975 1789 1009 modum

234 1039 345 1078 ponlt.

305 1086 364 1119 Ao
388 1094 594 1119 SECUNDUM
609 1083 813 1125 dicendum,
830 1083 926 1129 quod
942 1082 1060 1128 aliqua
1074 1082 1235 1128 indigent
1249 1081 1512 1128 temperatione
1528 1089 1673 1128 propter
1685 1093 1787 1116 suam

232 1138 521 1180 vehementiam3
550 1137 642 1171 sicut
667 1136 758 1170 forte
788 1136 913 1169 vinum
943 1144 1179 1181 temperatur:
1211 1135 1272 1169 sed
1308 1135 1509 1169 moderatio
1540 1135 1728 1181 requiritur
1753 1135 1789 1169 in

233 1192 421 1234 omnibus3
445 1199 479 1225 et
500 1191 581 1225 ideo
603 1190 840 1236 temperantia
862 1189 977 1235 magis
999 1200 1036 1223 se
1055 1189 1163 1222 habet
1181 1189 1223 1222 ad
1242 1188 1427 1235 passiones
1450 1188 1697 1231 vehementes,
1716 1199 1790 1223 mo-

233 1246 345 1280 destia
366 1257 452 1280 vero
476 1245 519 1279 ad
541 1244 754 1278 mediocres.

304 1300 363 1334 AD
387 1309 557 1333 TERTIUM
579 1297 783 1338 dicendum,
811 1296 906 1342 quod
936 1295 1115 1330 modestia
1145 1295 1318 1342 accipitur
1338 1295 1387 1329 ibi
1407 1295 1519 1329 modo
1547 1295 1790 1330 communiter

233 1360 389 1399 sumpto,
412 1360 518 1399 prout
544 1351 732 1397 requiritur
753 1350 789 1383 in
812 1350 979 1384 omnibus
1000 1349 1199 1383 virtutibus.

797 1491 1140 1536 ARTICULUS
1176 1491 1232 1533 11.
1721 1513 1787 1549 777

318 1603 469 1633 UTRUM
496 1602 719 1632 MODESTIA
749 1601 815 1630 SIT
844 1601 991 1630 SOLUM
1019 1600 1148 1629 CIRCA
1174 1598 1444 1628 EXTERIORES
1471 1598 1706 1628 ACTIONES.

463 1691 563 1736 (Infr.
583 1703 613 1737 q.
632 1691 707 1726 168.
727 1695 789 1724 art.
810 1703 836 1725 r.
859 1694 887 1723 et
909 1701 936 1734 3.
958 1689 1102 1733 Dist.33.
1125 1699 1154 1733 q.
1170 1699 1197 1734 3.
1218 1692 1280 1721 art.
1302 1698 1333 1721 2.
1349 1698 1379 1732 q.
1401 1698 1428 1721 Ι.
1451 1685 1493 1720 ad
1506 1687 1563 1732 3.).

302 1782 362 1816 AD
377 1791 584 1816 SECUNDUM
598 1780 647 1814 sic
671 1778 886 1825 proceditur.
909 1777 1070 1819 Videtur,
1090 1776 1186 1823 quod
1202 1775 1380 1810 modestia
1395 1774 1440 1809 sit
1453 1773 1573 1808 solum
1589 1773 1684 1808 circa
1699 1781 1791 1808 exte-

232 1837 343 1870 riores
375 1835 553 1869 actiones:
586 1833 772 1867 interiores
805 1832 900 1866 enirn
923 1839 1043 1865 motus
1073 1830 1282 1876 passionum
1305 1828 1382 1862 aliis
1411 1828 1489 1862 noti
1511 1838 1587 1862 esse
1607 1838 1682 1861 non
1708 1838 1791 1872 pos-

233 1898 331 1924 sunt:
355 1890 417 1923 sed
440 1889 567 1934 Apost.
591 1887 633 1921 ad
653 1887 782 1932 Philip.
805 1896 837 1929 4.
862 1886 1019 1927 mandat,
1041 1892 1078 1918 ut
1098 1884 1252 1918 modestia
1274 1888 1385 1917 nostra
1408 1887 1484 1916 nota
1504 1883 1546 1916 sit
1564 1882 1713 1916 omnibus
1734 1881 1790 1915 ho-

235 1944 400 1983 minibns;
440 1953 526 1987 ergo
550 1941 728 1975 modestia
751 1948 803 1974 est
825 1939 944 1973 solum
967 1939 1061 1972 circa
1084 1937 1280 1972 exteriores
1300 1937 1471 1970 actiones.

306 2007 336 2030 2.
359 1996 595 2030 PRAETEREA.
622 1993 792 2036 Virtutes,
824 2005 913 2039 quae
937 2000 1018 2027 sunt
1049 1993 1143 2026 circa
1173 1991 1370 2037 passiones,
1398 1990 1663 2035 distinguuntur
1685 2000 1705 2022 a
1725 1988 1790 2022 vir-

233 2058 307 2084 tute
329 2049 496 2095 justitiae,
519 2059 610 2094 quae
632 2055 684 2081 est
706 2048 800 2081 circa
823 2047 1066 2092 operationes:
1090 2045 1151 2079 sed
1174 2044 1351 2078 modestia
1371 2044 1511 2077 videtur
1532 2054 1609 2077 esse
1635 2053 1706 2076 una
1726 2042 1791 2076 vir-

233 2113 306 2146 tus;
329 2105 356 2137 si
380 2114 466 2149 ergo
489 2111 542 2136 est
563 2101 657 2136 circa
680 2100 908 2146 operationes
931 2100 1136 2140 exteriores,
1157 2109 1231 2132 non
1247 2098 1312 2131 erit
1328 2097 1422 2130 circa
1444 2096 1581 2142 aliquas
1603 2095 1790 2130 interiores

236 2157 430 2202 passiones.

308 2222 336 2256 3.
359 2210 594 2243 PRAETEREA.
622 2206 731 2241 Nulla
753 2207 862 2240 virtus
884 2218 955 2239 una
977 2214 1011 2240 et
1033 2205 1159 2240 eadem
1183 2212 1235 2239 est
1254 2204 1348 2238 circa
1371 2214 1412 2237 ea
1434 2214 1526 2250 quae
1547 2202 1726 2249 pertinent
1747 2202 1790 2236 ad

235 2263 444 2310 appetitum,
467 2261 563 2308 quod
587 2269 639 2294 est
660 2260 845 2306 proprium
867 2260 1039 2294 virtutum
1061 2258 1267 2299 moralium,
1282 2265 1316 2291 et
1331 2257 1424 2291 circa
1440 2268 1482 2292 ea
1501 2268 1591 2303 quae
1613 2256 1791 2302 pertinent

235 2318 278 2351 ad
302 2316 561 2362 cognitionem,
584 2325 675 2360 quae
698 2322 750 2347 est
768 2314 909 2359 proprie
927 2313 1099 2347 virtutum
1113 2310 1423 2352 intellectualium,
1438 2321 1555 2356 neque
1572 2311 1681 2344 etiam
1696 2309 1790 2343 circa

236 2382 277 2404 ea
300 2381 390 2416 quae
413 2369 592 2415 pertinent
622 2367 664 2400 ad
692 2366 919 2408 irascibilem,
948 2375 981 2400 et
1004 2364 1343 2411 concupiscibilem,
1365 2364 1395 2398 si
1417 2374 1503 2409 ergo
1534 2362 1712 2397 modestia
1738 2370 1790 2397 est

237 2435 305 2457 una
327 2423 448 2464 virtus,
471 2433 544 2455 non
566 2428 683 2467 potest
705 2432 782 2454 esse
802 2420 895 2453 circa
924 2420 1046 2453 onmia
1062 2419 1254 2465 praedicta.

306 2478 379 2511 SED
402 2486 567 2511 CONTRA.
590 2475 630 2509 In
649 2474 815 2508 omnibus
834 2474 1023 2519 praedictis
1046 2480 1187 2518 oportet
1201 2472 1392 2506 observare
1408 2470 1570 2514 modum,
1587 2481 1607 2504 a
1628 2480 1700 2516 quo
1716 2480 1790 2504 mo-

235 2531 347 2565 destia
369 2530 517 2571 dicitur;
545 2540 631 2574 ergo
655 2528 748 2562 circa
771 2527 893 2561 omnia
915 2527 1095 2571 praedicta
1120 2534 1171 2560 est
1193 2525 1382 2559 modestia.

306 2584 534 2618 RESPONDEO
557 2581 762 2622 dicendum,
779 2581 886 2626 quod,
901 2581 991 2614 sicut
1005 2580 1141 2613 dictum
1158 2587 1210 2613 est
1226 2578 1456 2624 (a1·t.prczec.),
1473 2576 1651 2611 modestia
1673 2575 1789 2610 differt

238 2650 256 2671 a
278 2637 514 2683 temperantia
537 2637 572 2669 in
594 2636 677 2676 hoc,
700 2634 795 2680 quod
817 2633 1053 2679 temperantia
1077 2641 1129 2667 est
1148 2632 1370 2666 moderativa
1390 2642 1528 2672 eorum,
1551 2641 1641 2676 quae
1656 2629 1790 2664 difficil-

235 2691 362 2724 limum
385 2699 437 2724 est
459 2689 675 2723 refraenare:
699 2687 875 2721 modestia
899 2695 1019 2721 autem
1042 2695 1094 2720 est
1117 2685 1338 2719 moderativa
1362 2695 1499 2726 eorum,
1535 2695 1626 2729 quae
1656 2683 1691 2716 in
1718 2683 1788 2716 hoc

238 2744 467 2778 mediocriter
486 2755 523 2777 se
545 2743 696 2776 habent:
720 2740 959 2775 diversimode
983 2747 1102 2773 autem
1132 2739 1240 2784 aliqui
1267 2738 1309 2772 dc
1328 2737 1506 2771 modestia
1522 2737 1686 2770 videntur
1712 2746 1789 2770 esse

236 2798 365 2832 locuti:
390 2797 606 2842 ubicumque
630 2795 726 2830 enim
755 2794 1072 2828 consideraverunt
1098 2792 1255 2838 aliquam
1279 2791 1474 2837 specialem
1500 2790 1678 2824 rationem
1704 2789 1789 2823 boni

237 2851 292 2885 vel
320 2850 536 2884 difficultatis
571 2850 604 2883 in
640 2848 875 2888 moderando,
906 2846 991 2879 illud
1024 2846 1269 2879 subtraxerunt
1300 2844 1510 2885 modestiae,
1549 2842 1787 2888 relinquentes
