1859 3122
159 191 270 233 1154
523 188 744 223 QUAESTIO
780 187 988 217 CLXXVIII.
1022 187 1267 217 ARTICULUS
1300 188 1329 218 1.

151 272 370 318 linguarum,
390 279 424 304 et
442 281 505 316 per
519 270 673 316 gratiam
687 269 881 311 sermonis;
897 269 945 302 ita
963 279 1110 303 necesse
1129 277 1192 311 est,
1208 269 1304 315 quod
1319 280 1439 304 sermo
1459 271 1619 316 prolatus
1634 282 1719 305 con-

155 325 329 366 firmetur,
351 323 394 357 ad
417 324 487 356 hoc
511 323 608 368 quod
631 321 810 356 credibilis
832 321 903 356 fiat.
936 322 1015 356 Hoc
1039 330 1160 356 autem
1181 321 1220 356 fit
1246 333 1308 368 per
1337 324 1587 369 operationem
1614 324 1720 358 mira-

155 378 333 418 culorum,
357 376 557 410 secundum
576 375 663 409 illud
682 375 794 410 Marc.
810 374 884 408 ult.:
900 376 942 409 Et
955 387 1135 409 sermonem
1150 376 1364 419 confirmante
1378 378 1580 422 sequentihus
1595 379 1716 423 signin

153 439 188 464 et
210 431 281 464 hoc
305 429 583 464 rationabiliter:
615 428 778 462 naturale
805 428 902 462 enirn
925 437 978 462 est
998 428 1152 470 homini,
1174 437 1211 462 ut
1231 430 1422 462 veritatem
1449 429 1718 475 intelligibilem

153 495 216 530 per
239 483 424 517 sensibiles
447 481 595 516 effectus
618 481 882 528 deprehendat;
905 481 999 515 unde
1021 481 1114 515 sicut
1135 483 1243 515 ductu
1257 481 1428 516 naturalis
1444 483 1592 517 rationis
1602 483 1717 518 homo

153 537 340 583 pervenire
363 543 482 581 potest
504 535 547 569 ad
571 534 730 581 aliquam
751 535 822 569 Dei
843 534 1009 568 notitiam
1031 546 1094 581 per
1115 533 1263 569 effectus
1284 535 1487 578 naturales,
1506 536 1554 570 ita
1573 548 1637 581 per
1659 536 1719 572 ali-

153 601 245 635 quos
269 588 556 635 supernaturales
572 587 730 630 effectus,
753 588 814 634 qui
835 587 1010 621 miracula
1033 587 1209 630 dicuntur,
1232 588 1267 621 in
1290 588 1449 634 aliquam
1470 597 1719 635 supernatura-

152 643 226 676 lem
249 643 499 688 cognitionem
519 642 783 676 credendorum
805 642 920 675 homo
942 641 1142 684 inducitur3
1165 650 1200 676 et
1225 641 1306 675 ideo
1329 642 1492 688 operatio
1515 643 1716 678 miraculo—

153 709 233 731 rum
256 697 409 743 pertinet
432 697 475 730 ad
498 696 653 741 gratiam
675 696 784 741 gratis
808 695 940 729 datam.

226 751 286 784 AD
308 761 457 785 PRrMUM
480 761 567 795 ergo
591 749 796 790 dicendum,
824 749 920 794 quod
943 748 1036 782 sicut
1055 748 1245 794 prophetia
1267 759 1305 782 se
1327 749 1484 783 extendit
1511 749 1556 782 ad
1582 750 1717 793 omnia,

153 815 246 850 quae
268 803 587 849 supernaturaliter
610 802 784 848 cognosci
806 809 974 848 possunt:
998 801 1046 835 ita
1069 801 1231 846 operatio
1253 801 1425 835 virtutum
1445 813 1482 836 se
1501 803 1660 837 extendit
1674 803 1718 837 ad

154 857 289 898 omnia,
313 868 403 902 quae
426 856 744 902 supernaturaliter
765 855 841 889 fieri
863 863 1031 901 possunt:
1052 866 1207 901 quorum
1231 855 1375 901 quidem
1399 867 1507 890 causa
1529 864 1583 890 est
1597 856 1717 891 divina

153 911 429 956 omnipotentia,
452 921 543 956 quae
562 908 651 942 nulli
675 917 859 943 creaturae
883 908 1149 942 communicari
1170 916 1306 954 potest;
1335 916 1369 942 et
1389 908 1472 942 ideo
1494 909 1717 955 impossibile

154 972 218 1005 est,
243 964 338 1009 quod
361 963 578 1010 principium
601 962 775 1008 operandi
797 961 973 995 miracula
997 961 1041 995 sit
1063 961 1182 1007 aliqua
1209 961 1362 1007 qualitas
1389 962 1620 996 habitualiter
1646 974 1720 997 ma-

152 1028 241 1051 nens
264 1017 299 1051 in
323 1017 462 1051 anima:
486 1016 547 1050 sed
567 1025 689 1050 tamen
711 1016 782 1050 hoc
805 1023 923 1062 potest
939 1015 1160 1060 contingere,
1177 1015 1272 1060 quod
1284 1015 1376 1049 sicut
1394 1026 1496 1049 mens
1514 1015 1718 1062 Prophetae

154 1079 323 1104 movetur
345 1082 387 1104 ex
408 1069 643 1115 inspiratione
671 1069 791 1103 divina
827 1069 869 1101 ad
899 1067 1033 1114 aliquid
1061 1068 1380 1113 supernaturaliter
1407 1069 1717 1114 cognoscendum,

153 1123 203 1157 ita
224 1124 333 1157 etiam
357 1135 460 1157 mens
482 1122 656 1157 miracula
677 1122 842 1157 facientis
864 1130 1055 1155 moveatur
1077 1122 1120 1155 ad
1146 1121 1353 1156 faciendum
1377 1122 1522 1168 aliquid,
1549 1123 1593 1156 ad
1620 1123 1717 1169 quod

152 1178 314 1223 sequitur
337 1176 486 1211 effectus
508 1176 686 1217 miraculi,
709 1176 806 1222 quod
824 1176 924 1209 Deus
944 1186 1007 1209 sua
1025 1175 1154 1209 virtute
1177 1174 1279 1208 facit:
1304 1176 1399 1221 quod
1414 1176 1632 1222 quandoque
1646 1176 1718 1222 qui-

152 1230 235 1264 dem
258 1231 296 1264 fit
317 1230 555 1276 praecedente
570 1230 752 1264 oratione:
775 1229 868 1263 sicut
884 1240 967 1262 cum
985 1228 1111 1262 Petrus
1128 1227 1297 1262 Tabitam
1317 1237 1500 1262 mortuam
1519 1229 1716 1272 suscitavit,

153 1292 191 1318 ut
211 1284 364 1318 habetur
386 1284 467 1317 Act.
487 1295 540 1330 9.:
569 1283 786 1329 quandoque
815 1282 924 1316 etiam
955 1293 1029 1315 non
1059 1282 1296 1327 praecedente
1323 1281 1514 1316 manifesta
1541 1283 1715 1328 oratione,

152 1337 215 1371 sed
237 1337 318 1371 Deo
342 1337 385 1370 ad
408 1345 536 1370 nutum
555 1336 715 1370 hominis
739 1343 934 1381 operante:
958 1335 1050 1368 sicut
1069 1335 1195 1368 Petrus
1222 1335 1416 1377 Ananiam,
1440 1344 1474 1369 et
1500 1336 1716 1382 Sapphiram

153 1391 368 1424 mentientes
392 1390 500 1424 morti
521 1389 742 1435 increpando
765 1389 920 1430 tradidit,
942 1396 981 1422 ut
1002 1388 1131 1421 dicitur
1158 1388 1239 1421 Act.
1267 1399 1306 1433 5.;
1329 1389 1423 1422 unde
1447 1388 1647 1434 Gregorius
1666 1389 1716 1423 di-

153 1445 201 1478 cit
221 1445 257 1477 in
280 1454 310 1477 2.
326 1443 570 1489 Dialogorum
588 1442 753 1489 (czzp.30.)
770 1442 867 1488 quod
893 1441 1047 1475 «Sancti
1069 1441 1263 1487 aliquando
1284 1453 1326 1475 ex
1348 1450 1525 1488 potestate
1541 1442 1716 1477 miracula

152 1497 332 1538 exhibent,
352 1494 546 1542 aliquando
569 1507 611 1530 ex
633 1495 878 1542 postulatione
893 1507 924 1528 »z
949 1494 1119 1529 utrolibet
1147 1502 1269 1528 tamen
1292 1495 1404 1529 modo
1425 1495 1525 1529 Deus
1544 1495 1718 1541 principa-

151 1549 233 1584 liter
254 1558 434 1596 operatur,
457 1551 516 1596 qui
531 1550 640 1583 utitur
661 1548 982 1583 instrumentaliter
996 1547 1054 1582 vel
1075 1548 1238 1581 interiori
1259 1557 1360 1582 motu
1383 1548 1554 1590 hominis,
1567 1548 1627 1582 vel
1641 1550 1716 1595 ejus

151 1603 350 1645 locutione,
371 1603 430 1638 vel
453 1604 560 1638 etiam
586 1602 707 1648 aliquo
732 1602 900 1636 exteriori
922 1610 1016 1643 actu,
1039 1613 1101 1635 seu
1124 1601 1231 1635 etiam
1255 1601 1376 1647 aliquo
1399 1609 1569 1635 contactu
1592 1613 1718 1648 corpo-

151 1657 217 1691 rali
240 1657 401 1703 corporis
425 1657 532 1691 etiam
556 1655 710 1698 mortui3
733 1655 828 1689 unde
854 1655 967 1699 (som
985 1655 1055 1699 10.)
1079 1666 1161 1688 cum
1178 1654 1288 1699 Josue
1311 1655 1456 1689 dixisset
1477 1655 1579 1701 quasi
1600 1666 1642 1689 ex
1657 1666 1717 1701 po—

150 1719 302 1745 testate:
325 1711 380 1745 Sol
403 1715 517 1745 contra
543 1710 684 1745 Gabaon
706 1721 743 1743 ne
764 1710 941 1750 ‘momoria
966 1707 1127 1742 subditur
1148 1715 1293 1754 postea:
1321 1708 1482 1754 Nonfzcit
1502 1713 1585 1749 ante,
1611 1713 1640 1743 et
1659 1714 1717 1755 po-

149 1770 217 1799 stea
239 1770 306 1798 tam
328 1765 424 1809 longa
451 1764 527 1806 dies,
551 1763 713 1798 obediente
740 1763 813 1796 Deo
834 1763 911 1796 vosi
932 1762 1084 1796 hominis.

223 1819 282 1853 AD
305 1829 513 1853 SECUNDUM
535 1817 741 1858 dicendum,
764 1816 860 1862 quod
882 1816 931 1850 ibi
952 1815 1112 1862 loquitur
1131 1815 1314 1849 Dominus
1336 1815 1379 1850 de
1401 1814 1596 1857 miraculis,
1623 1827 1715 1861 quae

150 1871 269 1906 fienda
303 1880 385 1906 sunt
402 1880 567 1918 ternpore
589 1870 818 1905 Antichristi:
847 1869 890 1904 de
905 1870 1032 1916 quibus
1055 1869 1254 1915 Apostolus
1276 1869 1361 1903 dicit
1391 1879 1421 1902 2.
1453 1869 1496 1903 ad
1525 1867 1655 1903 Thess.
1683 1879 1714 1903 2.

150 1927 247 1972 quod
268 1925 424 1960 adventus
453 1925 652 1960 Antichristi
673 1925 734 1958 erit
764 1923 936 1958 secundum
960 1924 1184 1970 operationem
1207 1923 1348 1957 Satanae
1368 1924 1403 1956 in
1422 1924 1513 1956 omni
1532 1923 1668 1964 virtute,
1689 1928 1716 1957 et

150 1981 258 2025 signis,
275 1985 304 2014 et
322 1979 486 2026 prodigiis
504 1978 715 2013 ⁷71endczc1'lms
728 1989 740 2017 ;
765 1984 810 2018 et,
832 1977 925 2011 sicut
945 1977 1099 2021 August.
1116 1975 1201 2009 dicit
1216 1986 1270 2010 20.
1287 1976 1330 2009 de
1347 1975 1426 2010 Civ.
1441 1975 1511 2009 Dei
1525 1975 1616 2022 (cap.
1630 1977 1713 2022 19),

153 2046 172 2065 «
188 2033 399 2078 ambiguum
422 2043 499 2066 esse
521 2031 625 2073 solet,
647 2039 767 2064 utrum
789 2037 978 2076 propterea
1002 2029 1095 2063 dicta
1122 2029 1191 2063 sint
1217 2029 1331 2074 signa,
1364 2037 1398 2062 et
1427 2029 1591 2075 prodigia
1618 2040 1716 2063 men-

150 2086 265 2128 dacia,
287 2085 461 2132 quoniam
484 2084 656 2119 mortales
683 2094 808 2118 sensus
839 2094 901 2128 per
930 2083 1184 2129 phantasmata
1213 2082 1427 2128 decepturus
1454 2090 1517 2125 est,
1546 2089 1584 2115 ut
1617 2081 1714 2128 quod

150 2150 225 2173 non
247 2139 342 2180 facit,
364 2138 483 2172 facere
504 2138 687 2179 videatur3
714 2148 758 2170 an
785 2137 868 2182 quia
890 2135 963 2177 illa,
987 2136 1095 2170 etiam
1118 2143 1221 2169 erunt
1242 2145 1326 2169 vera
1349 2135 1525 2181 prodigia,
1547 2134 1591 2168 ad
1614 2145 1714 2168 men-

151 2193 295 2226 dacium
327 2192 535 2238 pertrahent
564 2190 762 2224 credituros
782 2201 820 2222 >³2
855 2201 939 2223 vera
963 2198 1081 2223 autem
1106 2189 1283 2230 dicuntur,
1306 2190 1388 2234 quia
1410 2189 1509 2234 ipsae
1530 2198 1585 2222 res
1606 2199 1713 2223 verae

151 2254 272 2289 erunt,
300 2247 392 2280 sicut
415 2245 511 2290 magi
532 2244 733 2278 Pharaonis
760 2243 923 2277 fecerunt
948 2254 1050 2277 veras
1078 2254 1194 2284 ranas,
1224 2251 1259 2276 et
1284 2254 1389 2276 veros
1412 2249 1612 2288 serpentes:
1639 2253 1713 2276 non

150 2307 272 2334 tamen
306 2299 490 2333 habebunt
521 2309 645 2331 veram
680 2297 859 2331 rationem
892 2295 1077 2338 miraculi;
1112 2296 1195 2341 quia
1221 2296 1305 2330 fient
1339 2296 1469 2329 virtute
1495 2294 1713 2329 naturalium

151 2364 353 2394 causarum,
381 2353 473 2386 sicut
499 2352 534 2385 in
565 2363 592 2385 1.
622 2358 719 2397 parte
746 2351 794 2396 (q.
816 2361 885 2394 114.
908 2355 972 2384 art.
1000 2351 1048 2394 4.)
1077 2349 1212 2382 dictum
1236 2357 1304 2383 est:
1332 2349 1393 2382 sed
1422 2348 1585 2394 operatio
1608 2348 1713 2382 mira-

152 2406 329 2449 culorum,
357 2418 447 2453 quae
471 2405 671 2439 attribuitur
693 2404 827 2450 gratiae
850 2402 960 2448 gratis
983 2402 1098 2443 datae,
1120 2402 1158 2436 fit
1171 2403 1300 2436 virtute
1320 2402 1439 2435 divina
1458 2402 1500 2435 ad
1516 2401 1710 2436 hominum

149 2459 353 2494 utilitatem.

223 2514 280 2546 AD
301 2523 471 2547 TERTIUM
494 2511 699 2551 dicendum,
723 2510 819 2556 quod
841 2509 876 2542 in
899 2509 1081 2542 miraculis
1103 2508 1166 2542 duo
1181 2516 1330 2554 possunt
1346 2507 1498 2542 attendi:
1521 2519 1625 2542 unum
1640 2508 1712 2554 qui-

151 2565 233 2599 dem
257 2574 309 2600 est
330 2566 364 2599 id
387 2565 483 2612 quod
505 2564 554 2606 fit,
577 2564 675 2610 quod
703 2563 847 2609 quidem
871 2570 924 2596 est
946 2562 1079 2607 aliquid
1102 2562 1277 2595 excedens
1304 2561 1513 2595 facultatem
1539 2568 1710 2603 naturae3

151 2626 185 2652 et
206 2619 404 2653 secundum
426 2619 496 2652 hoc
520 2617 695 2651 miracula
717 2617 883 2650 dicuntur
904 2617 1062 2649 virtutes:
1086 2614 1177 2648 aliud
1199 2623 1251 2648 est
1268 2615 1302 2648 id
1325 2621 1472 2660 propter
1486 2614 1581 2659 quod
1605 2613 1711 2647 mira-

151 2671 231 2705 cula
253 2672 353 2713 fiunt,
371 2672 509 2706 scilicet
527 2672 569 2705 ad
590 2669 895 2704 manifestandum
908 2668 1039 2713 aliquid
1057 2667 1344 2713 supernaturale:
1368 2675 1402 2701 et
1423 2666 1622 2701 secundum
1636 2667 1707 2701 hoc

151 2726 394 2759 communiter
416 2725 582 2759 dicuntur
601 2725 717 2768 signa:
742 2730 887 2768 propter
914 2721 1167 2755 excellentiam
1198 2729 1318 2755 autem
1349 2721 1515 2754 dicuntur
1539 2725 1707 2766 portenta,

149 2777 207 2811 vel
224 2779 393 2825 prodigia,
417 2778 519 2824 quasi
541 2777 668 2824 procul
690 2776 823 2822 aliquid
847 2774 1084 2809 ostendentia.

223 2831 282 2865 AD
297 2842 482 2870 QUARTUM
506 2831 712 2872 dicendum,
730 2829 827 2876 quod
849 2829 962 2875 gratia
985 2828 1179 2862 sanitatum
1202 2835 1514 2862 commemoratur
1531 2838 1708 2869 seorsum,

150 2883 234 2929 quia
255 2896 317 2930 per
339 2896 419 2918 eam
443 2883 625 2918 confertur
644 2883 787 2917 homini
809 2882 953 2928 aliquod
977 2881 1204 2923 beneficium,
1232 2881 1370 2915 scilicet
1391 2880 1588 2927 corporalis
1615 2881 1708 2916 sani-
