1859 3122
480 239 700 276 QUAESTIO
735 240 914 271 cxxxm.
949 241 1191 272 ARTICULUS
1226 242 1252 271 1.
1566 231 1650 286 887

669 410 1013 456 ARTICULUS
1043 411 1076 455 I.
1584 423 1652 460 660

414 518 566 548 UTRUM
592 519 953 550 PUSILLANIMITAS
981 520 1048 550 SIT
1076 519 1328 550 PECCATUM.

684 608 733 652 (4.
755 607 863 643 Ethic.
886 607 964 642 lact.¹
977 607 1053 653 11.).

158 695 218 730 AD
239 705 389 730 PRIMUM
411 695 460 730 sic
483 696 699 743 proceditur.
721 696 883 739 Videtur,
903 697 999 744 quod
1015 696 1289 744 pusillanimitas
1303 708 1378 731 non
1392 697 1437 732 sit
1450 705 1653 744 peccatum:

89 761 131 784 ex
152 750 254 784 omni
276 750 372 785 enim
394 759 544 796 peccato
567 751 695 798 aliquis
717 751 869 786 efficitur
890 751 1018 794 malus,
1041 752 1133 786 sicut
1155 764 1197 786 ex
1228 752 1329 786 omni
1362 752 1491 786 virtute
1526 752 1654 798 aliquis

89 802 241 838 efficitur
260 804 395 839 bonus:
418 805 480 839 sed
502 805 753 852 pusillanimus
771 817 845 839 non
868 814 920 840 est
941 805 1070 848 malus,
1094 814 1131 840 ut
1151 806 1288 841 Philos.
1318 806 1403 840 dicit
1425 807 1461 840 in
1481 816 1514 849 4.
1537 806 1653 840 Ethic.

91 856 176 905 (cap.
192 870 219 904 3.
242 857 284 892 acl
295 859 375 904 fin.)
387 871 400 899 ;
424 869 510 905 ergo
534 858 808 904 pusillanimitas
831 870 905 893 non
927 867 979 893 est
1000 867 1201 905 peccatum.

160 921 192 946 2.
213 911 450 946 PRAETEREA.
473 912 608 947 Philos.
632 913 717 947 dicit
737 913 884 955 ibidem,
906 912 1002 959 quod
1029 925 1046 944 ((
1068 914 1225 947 maxime
1247 913 1387 947 videtur
1405 912 1655 959 pusillanimus

89 975 180 1007 esse,
202 965 262 1011 qui
284 965 424 1011 magnis
445 966 549 1000 bonis
571 966 700 1012 dignus
723 966 851 1008 existit,
875 974 910 1000 et
930 974 1054 1000 tamen
1075 966 1132 999 his
1154 977 1228 999 non
1244 965 1428 1011 dignificat
1442 967 1602 1012 seipsum
1621 980 1652 1002 »z

88 1018 149 1052 sed
171 1017 290 1052 nullus
312 1027 366 1053 est
387 1018 515 1065 dignus
539 1020 680 1065 magnis
709 1019 825 1062 bonis,
847 1019 915 1053 nisi
936 1019 1135 1061 virtuosus3
1171 1019 1265 1064 quia,
1288 1027 1326 1053 ut
1346 1012 1483 1054 Philos.
1519 1020 1654 1054 ibidem

90 1071 189 1115 dicit,
215 1072 448 1106 «secundum
468 1072 656 1107 veritatem
679 1072 777 1107 solus
802 1073 917 1107 bonus
937 1080 990 1107 est
1002 1072 1239 1106 honorandus
1255 1085 1287 1115 »3
1302 1084 1388 1119 ergo
1403 1073 1655 1120 pusillanimus

88 1132 141 1159 est
160 1125 360 1167 virtuosus3
381 1136 457 1160 non
479 1136 565 1171 ergo
588 1125 865 1172 pusillanimitas
889 1134 941 1160 est
962 1134 1167 1171 peccatum.

161 1189 190 1225 3.
212 1178 447 1214 PRAETEREA.
469 1179 608 1213 Initium
630 1180 734 1214 omnis
748 1180 879 1226 peccati
899 1184 944 1214 est
963 1180 1130 1226 superbia,
1152 1187 1190 1213 ut
1212 1179 1340 1214 dicitur
1361 1179 1472 1214 Eccli.
1499 1191 1568 1215 10.:
1591 1180 1652 1214 sed

87 1231 364 1278 pusillanimitas
385 1244 460 1266 non
480 1232 645 1278 procedit
671 1243 714 1267 ex
735 1233 919 1279 superbia:
943 1233 1026 1279 quia
1048 1233 1221 1279 superbus
1249 1232 1388 1268 extollit
1420 1244 1457 1268 se
1490 1245 1597 1280 supra
1618 1234 1653 1267 id

87 1286 184 1332 quod
206 1294 276 1320 est:
298 1285 550 1333 pusillanimus
573 1294 694 1320 autern
715 1286 891 1321 subtrahit
913 1297 950 1321 se
973 1286 1014 1320 ab
1036 1286 1104 1330 his,
1135 1286 1263 1333 quibus
1297 1286 1426 1333 dignus
1461 1295 1531 1330 est3
1566 1298 1653 1333 ergo

87 1338 458 1387 pusillanimitas-non
481 1348 534 1374 est
555 1348 758 1386 peccatum.

157 1403 190 1436 4.
209 1393 445 1428 PRAETEREA.
467 1392 602 1427 Philos.
625 1393 711 1428 dicit
731 1394 767 1427 in
788 1403 820 1436 4.
844 1393 959 1428 Ethie.
978 1393 1064 1440 (cap.
1083 1393 1144 1440 3.),
1161 1393 1257 1439 quod
1282 1393 1375 1440 «qui
1402 1393 1587 1439 dignificat
1611 1405 1649 1428 se

89 1446 299 1489 minoribus,
321 1458 429 1493 quan]
452 1447 496 1480 sit
514 1446 653 1492 dignus,
672 1447 801 1481 dicitur
818 1446 1070 1493 pusillanimus
1085 1459 1123 1481 »z
1143 1447 1204 1481 sed
1223 1447 1440 1493 quandoque
1461 1448 1575 1482 sancti
1588 1447 1655 1481 viri

90 1499 300 1546 dignificant
321 1500 460 1546 seipsos
481 1500 693 1542 minoribus,
716 1512 825 1546 quam
844 1500 914 1535 sint
932 1500 1047 1546 digni3
1067 1500 1158 1534 sicut
1176 1508 1274 1546 patet
1288 1500 1331 1534 de
1348 1501 1490 1547 Moyse,
1514 1509 1547 1535 et
1561 1501 1657 1546 Jere—

89 1553 175 1596 mia,
197 1553 259 1599 qui
279 1553 379 1599 digni
400 1561 500 1587 erant
522 1552 655 1595 officio,
678 1554 720 1588 ad
743 1553 839 1600 quod
863 1554 1136 1588 assumebantur
1159 1564 1177 1586 a
1195 1553 1288 1595 Deo,
1309 1553 1405 1599 quod
1423 1562 1545 1587 tamen
1565 1563 1657 1588 uter—

91 1618 160 1653 que
183 1618 311 1641 eorum
332 1606 518 1641 humiliter
537 1607 736 1649 recusabat,
759 1615 797 1641 ut
817 1606 970 1641 habetur
988 1606 1099 1641 Exod.
1122 1618 1164 1652 3.,
1187 1614 1221 1640 et
1237 1607 1369 1653 Jerem.
1397 1618 1444 1650 1.;
1471 1619 1544 1641 non
1568 1619 1654 1654 ergo

88 1660 366 1707 pusillanimitas
389 1668 441 1694 est
462 1668 663 1705 peccatum.

161 1714 235 1749 SED
259 1724 425 1748 CONTRA.
447 1713 548 1747 Nihil
573 1713 609 1747 in
637 1713 798 1748 moribus
823 1713 1017 1748 hominum
1045 1722 1098 1748 est
1123 1714 1322 1755 vitandum,
1348 1714 1416 1747 nisi
1442 1722 1652 1760 peccatum:

88 1767 149 1802 sed
172 1766 448 1813 pusillanimitas
471 1774 523 1801 est
543 1766 706 1800 vitanda:
730 1766 858 1801 dicitur
880 1767 976 1801 enim
999 1767 1041 1800 ad
1065 1767 1190 1802 Colos.
1216 1778 1265 1812 3.:
1287 1767 1399 1802 Patres
1420 1768 1516 1802 nolite
1537 1768 1579 1802 ad
1602 1769 1648 1801 in-

87 1821 313 1867 dignationem
327 1827 516 1868 provocare
528 1821 616 1865 filios
635 1825 770 1862 vestros,
785 1825 822 1856 ut
841 1833 906 1855 non
919 1821 1041 1867 pusillo
1060 1822 1171 1855 animo
1189 1821 1294 1866 fitmh·
1311 1831 1397 1866 ergo
1416 1820 1654 1867 pusillanimi-

88 1882 142 1909 tas
163 1883 216 1909 est
241 1882 442 1921 peccatum.

157 1928 387 1963 RESPONDI-:o
415 1927 620 1969 dicendum,
643 1927 739 1973 quod
761 1938 871 1961 omne
893 1925 981 1961 illud
1003 1927 1098 1974 quod
1123 1927 1360 1962 contrariatur
1380 1927 1536 1961 naturali
1553 1926 1651 1960 incli-

88 1981 239 2024 nationi,
262 1990 316 2016 est
336 1989 539 2028 peccatum,
562 1981 646 2027 quia
668 1981 906 2015 contrariatur
926 1979 997 2026 legi
1018 1989 1184 2015 naturae:
1206 1981 1299 2015 inest
1322 1989 1443 2015 autem
1459 1981 1653 2026 unicuique

87 2035 140 2070 rei
158 2034 331 2069 naturalis
352 2034 538 2069 inclinatio
567 2033 610 2067 ad
637 2033 885 2080 exequendam
912 2034 1095 2068 actionem
1121 2043 1455 2069 commensuratam
1482 2045 1566 2068 suae
1589 2045 1650 2080 po-

87 2089 232 2131 tentiae,
255 2096 293 2122 ut
312 2095 410 2134 patet
430 2088 467 2121 in
489 2087 657 2121 omnibus
678 2087 784 2121 rebus
805 2086 1037 2129 naturalibus,
1058 2095 1134 2122 tam
1153 2087 1330 2130 animatis,
1352 2099 1462 2133 quarn
1476 2087 1648 2121 inanima-

87 2142 152 2177 tis:
173 2142 265 2176 sicut
286 2150 405 2175 autem
433 2152 496 2187 per
517 2140 850 2187 praesumptionem
872 2140 999 2187 aliquis
1023 2141 1162 2175 excedit
1183 2141 1458 2187 proportionem
1480 2152 1565 2174 suae
1587 2151 1650 2186 po-

87 2197 232 2238 tentiae,
254 2195 339 2229 dum
360 2195 483 2228 nititur
505 2195 547 2228 ad
570 2195 720 2240 maj0ra,
743 2206 851 2240 quam
872 2195 1003 2240 possit:
1027 2194 1075 2228 ita
1096 2194 1347 2241 pusillanimus
1369 2194 1479 2229 etiam
1498 2194 1618 2228 deficit
1633 2205 1652 2227 a

87 2249 335 2296 propositione
357 2260 442 2283 suae
465 2247 660 2294 potentiae,
679 2247 764 2282 dum
787 2256 928 2282 recusat
945 2248 981 2282 in
999 2248 1034 2282 id
1053 2249 1211 2290 tendere,
1234 2249 1330 2294 quod
1350 2256 1403 2282 est
1423 2259 1509 2282 suae
1531 2255 1655 2293 poten-

87 2303 159 2337 tiae
181 2310 536 2344 commensuratum;
559 2309 593 2335 et
613 2301 696 2335 ideo
718 2301 809 2336 sicut
829 2302 1075 2348 praesumptio
1100 2310 1152 2336 est
1172 2310 1373 2348 peccatum,
1393 2303 1440 2335 ita
1460 2309 1494 2335 et
1512 2300 1654 2346 pusilla-

88 2357 253 2399 nimitas;
276 2364 311 2390 et
330 2355 413 2389 inde
437 2362 499 2397 est,
521 2355 618 2401 quod
640 2366 773 2397 servus,
801 2356 862 2401 qui
888 2364 1076 2402 acceptam
1097 2356 1288 2402 pecuniam
1317 2354 1455 2389 domini
1482 2354 1535 2388 sui
1562 2353 1653 2387 fodit

87 2410 124 2444 in
145 2418 289 2451 terram,
310 2420 377 2443 nec
401 2416 454 2443 est
471 2416 638 2454 operatus
653 2419 695 2442 ex
710 2419 751 2442 ea
765 2417 910 2455 propter
925 2409 1120 2455 quemdam
1140 2408 1444 2455 pusillanimitatis
1466 2407 1652 2448 timorem,

87 2463 231 2509 punitur
253 2474 272 2496 a
292 2462 467 2504 Domino,
490 2470 526 2495 ut
547 2461 698 2496 habetur
719 2462 846 2496 Matth.
869 2473 923 2505 25.
947 2470 982 2496 et
1001 2462 1088 2496 Luc.
1116 2474 1167 2509 19.

158 2516 218 2550 AD
243 2526 393 2550 PRIMUM
421 2526 507 2561 ergo
531 2515 736 2557 dicendum,
763 2515 859 2561 quod
886 2515 1022 2550 Philos.
1045 2515 1126 2549 illos
1148 2515 1314 2549 nominat
1334 2514 1463 2556 malos,
1486 2514 1544 2560 qui
1568 2525 1649 2559 pro-

87 2569 193 2603 ximis
219 2568 375 2603 inferunt
400 2576 632 2610 nocumenta,
659 2576 693 2602 et
718 2568 919 2602 secundum
944 2569 1016 2603 hoc
1045 2568 1294 2614 pusillanimus
1321 2567 1449 2601 dicitur
1475 2578 1549 2600 non
1572 2578 1649 2600 esse

89 2622 223 2665 malus;
246 2622 328 2668 quia
350 2621 439 2655 nulli
460 2621 565 2655 infert
585 2629 860 2663 nocumentum,
886 2622 955 2656 nisi
981 2633 1043 2668 per
1070 2622 1250 2663 accidens,
1276 2621 1489 2666 inquantum
1512 2619 1650 2654 scilicet

89 2675 209 2710 deficit
230 2676 272 2709 ab
295 2675 474 2721 operibus,
505 2674 632 2720 quibus
653 2682 775 2720 posset
796 2674 885 2708 alios
907 2676 1045 2720 juvare:
1069 2675 1155 2708 dicit
1177 2675 1273 2708 enim
1298 2674 1450 2719 Gregor.
1473 2673 1508 2706 in
1527 2673 1650 2707 Pasto-

89 2728 155 2762 rali
178 2728 280 2774 (part.
302 2740 330 2762 Ι.
353 2734 423 2774 cap.
441 2728 498 2774 5),
522 2727 619 2773 quod
643 2727 738 2770 «illi,
760 2728 819 2774 qui
846 2728 1016 2774 prodesse
1043 2727 1186 2775 utilitati
1211 2727 1462 2773 proximorum
1488 2726 1523 2759 in
1550 2737 1651 2772 prae-

89 2782 269 2816 dicatione
295 2780 486 2827 refugiunt,
512 2781 543 2815 si
567 2780 725 2815 districte
750 2781 963 2826 judicentur,
991 2792 1033 2815 ex
1058 2781 1165 2815 tantis
1191 2779 1317 2827 procul
1344 2779 1451 2814 dubio
1479 2779 1529 2813 rei
1555 2787 1648 2821 sunt,

90 2835 232 2881 quantis
249 2834 436 2868 venientes
457 2834 501 2868 ad
523 2833 708 2880 publicum
729 2834 899 2880 prodesse
920 2842 1160 2881 potuerunt».

160 2888 220 2921 AD
242 2897 448 2922 SECUNDUM
466 2887 670 2929 dicendum,
689 2887 786 2933 quod
803 2887 894 2921 nihil
912 2887 1079 2933 prohibet
1097 2886 1254 2933 aliquem
1271 2886 1467 2920 habentem
1484 2885 1648 2920 habitum

89 2940 228 2975 virtutis
249 2952 418 2987 peccare3
441 2940 628 2975 venialiter
649 2940 807 2987 quidem,
829 2942 939 2975 etiam
961 2941 1039 2987 ipso
1060 2940 1185 2975 habitu
1204 2947 1432 2982 remanente3
1452 2939 1654 2974 mortaliter
