1905 3137
505 141 727 177 QUAESTIO
761 142 850 172 VIII.
884 143 1130 172 ARTICULUS
1163 143 1205 172 V.
1583 132 1632 188 83

69 233 107 258 ut
127 233 224 271 patet
244 236 307 271 per
329 223 439 270 Greg.
463 225 497 258 in
524 235 552 259 1.
574 224 702 258 Moral.
725 225 813 271 (cap.
836 225 912 270 15.)‚·
937 236 1025 269 ergo
1048 225 1267 271 quicumque
1289 225 1398 259 habet
1432 225 1635 260 intellectus

69 278 218 319 donum,
239 277 337 311 venit
359 277 401 311 ad
425 276 630 319 Christum,
653 277 749 323 quod
771 288 845 311 non
868 285 921 311 est
941 278 1017 312 sine
1040 278 1154 322 gratia
1177 286 1319 324 gratum
1350 277 1526 321 faciente;
1549 290 1636 325 ergo

67 330 205 365 donum
226 330 430 364 intellectus
452 341 525 364 non
548 338 600 364 est
621 331 696 364 sine
720 330 834 376 gratia
856 340 998 376 gratum
1021 330 1187 365 faciente.

138 383 367 418 RESPONDEO
390 383 596 425 dicendum,
619 384 727 429 quod,
742 384 834 418 sicut
847 395 954 430 supra
970 384 1107 417 dictum
1123 392 1175 419 est
1191 384 1273 429 (1-2.
1287 397 1316 431 q.
1334 385 1389 420 68.
1405 391 1470 420 art.
1487 398 1514 420 1.
1530 391 1558 420 et
1573 386 1634 431 2.),

68 437 163 471 dona
187 436 338 483 Spiritus
362 437 485 471 Sancti
506 436 695 482 perficiunt
717 437 889 479 animam,
912 437 1113 471 secundum
1135 438 1231 483 quod
1255 446 1308 472 cst
1329 439 1420 472 bene
1443 439 1588 473 mobilis
1618 451 1637 472 a

68 489 202 536 Spiritu
225 489 380 532 Sancto;
403 491 452 524 sic
476 501 562 535 ergo
586 489 828 524 intellectuale
850 490 974 524 lumen
997 490 1133 535 gratiae
1155 492 1300 536 ponitur
1329 492 1468 526 donum
1502 492 1639 526 intelle-

69 550 157 585 ctus,
177 543 391 589 inquantum
406 542 606 577 intellectus
625 543 785 577 hominis
805 551 856 578 est
874 543 964 577 bene
984 543 1127 577 mobilis
1148 555 1167 577 a
1187 544 1321 590 Spiritu
1342 545 1488 580 Sancto.
1510 545 1640 591 Hujus-

68 597 168 630 modi
183 605 304 630 autem
320 605 440 631 motus
456 596 697 630 consideratio
712 597 749 630 in
762 597 834 630 hoc
851 605 913 638 est,
930 597 1025 642 quoti
1041 597 1156 631 homo
1179 597 1426 642 apprehendat
1448 599 1637 633 veritatem

68 649 163 683 circa
185 649 314 691 finem;
337 650 430 683 unde
452 649 520 683 nisi
542 661 654 695 usque
676 650 719 683 ad
739 650 810 683 hoc
833 658 1025 684 moveatur
1043 661 1061 683 a
1079 650 1213 695 Spiritu
1230 651 1343 684 Santo
1360 651 1562 686 intellectus
1577 652 1639 685 hu-

68 714 208 744 manus,
231 711 269 736 ut
289 711 427 737 rectam
451 703 743 737 aestimationem
765 703 808 736 de
832 703 901 736 fine
923 703 1065 744 habeat,
1087 704 1252 737 nondum
1272 713 1489 738 consecutus
1509 714 1562 739 est
1579 705 1640 739 do-

66 767 155 790 num
170 755 384 798 intellectus,
400 764 734 802 quantumcumque
751 768 792 790 ex
806 756 1045 791 illustratione
1065 756 1217 802 Spiritus
1234 757 1358 791 Sancti
1374 757 1442 791 alia
1458 759 1638 804 quaedam

67 808 300 855 praeambula
323 817 532 855 cognoscat.
555 809 709 844 Rectam
732 818 854 844 autem
890 810 1182 844 aestimationem
1217 810 1260 844 de
1294 810 1424 845 ultimo
1461 811 1530 845 fine
1564 823 1638 846 non

67 861 176 896 habet
196 862 263 895 nisi
284 861 356 904 ille,
379 862 440 908 qui
463 863 557 896 circa
579 862 689 897 finem
711 874 785 897 non
809 871 913 905 errat,
935 863 997 897 sed
1020 864 1052 897 ei
1074 863 1224 897 firmiter
1245 864 1420 906 inhaeret,
1450 872 1638 911 tamquam

68 915 226 962 optimo:
249 915 345 961 quod
369 924 422 950 est
442 915 561 950 solum
583 916 748 950 habentis
771 917 925 961 gratiam
948 924 1091 962 gratum
1113 916 1326 951 facientem:
1358 918 1450 951 sicut
1471 918 1580 952 etiam
1602 919 1638 952 in

68 969 265 1003 moralibus
288 977 425 1003 rectam
448 969 738 1003 aestimationem
760 970 871 1004 habet
891 970 1005 1003 homo
1029 970 1071 1003 de
1094 969 1163 1003 fine
1187 981 1249 1016 per
1279 970 1444 1004 habitum
1477 971 1637 1014 virtutis3

68 1021 162 1056 unde
184 1022 321 1055 donum
342 1022 545 1056 intellectus
566 1023 675 1056 habet
695 1022 815 1057 nullus
837 1023 913 1057 sine
936 1023 1049 1068 gratia
1072 1031 1215 1069 gratum
1236 1023 1401 1057 faciente.

139 1074 199 1108 AD
220 1085 369 1109 PRiMUM
392 1086 479 1121 ergo
503 1075 707 1117 dicendum,
740 1075 836 1122 quod
870 1077 1024 1122 August.
1059 1077 1225 1110 nominat
1258 1076 1483 1112 intellectum
1517 1089 1641 1123 quam-

69 1127 224 1174 cumque
246 1127 526 1163 illustrationem
544 1129 848 1172 intellectualem3
865 1141 956 1176 quae
972 1138 1094 1164 tamen
1109 1141 1183 1164 non
1197 1131 1366 1176 pertingit
1381 1131 1425 1164 ad
1440 1131 1639 1176 perfectam

70 1181 156 1215 doni
176 1181 368 1224 rationem,
394 1182 463 1216 nisi
485 1194 597 1228 usque
620 1182 662 1216 ad
684 1183 756 1216 hoc
780 1194 882 1217 mens
904 1183 1064 1217 hominis
1087 1183 1295 1225 deducatur,
1318 1192 1355 1218 ut
1377 1192 1516 1218 rectam
1539 1185 1640 1219 aesti-

70 1235 271 1270 mationem
292 1236 425 1270 habeat
445 1236 559 1270 homo
583 1236 678 1270 circa
700 1236 821 1270 finem.

140 1289 200 1323 AD
228 1300 434 1325 SECUNDUM
462 1290 666 1332 dicendum,
690 1291 785 1336 quod
808 1290 1057 1336 intelligentia,
1081 1302 1172 1337 quae
1194 1291 1399 1325 necessaria
1421 1300 1474 1326 est
1497 1292 1539 1325 ad
1561 1303 1641 1338 pro-

70 1342 243 1390 phetiam,
265 1351 319 1377 est
340 1343 519 1389 quaedam
540 1343 731 1377 illustratio
754 1345 885 1378 mentis
908 1345 1004 1377 circa
1027 1355 1079 1386 ea,
1102 1356 1193 1390 quae
1215 1345 1401 1390 prophetis
1424 1345 1638 1379 revelantur:

69 1407 144 1430 non
165 1404 217 1430 est
239 1404 359 1430 autem
381 1396 571 1430 illustratio
594 1397 724 1430 mentis
747 1398 843 1431 circa
865 1398 1157 1431 aestimationem
1180 1406 1317 1432 rectam
1340 1398 1383 1432 de
1406 1398 1535 1432 ultimo
1556 1398 1638 1441 fine,

71 1459 161 1495 quae
182 1449 335 1494 pertinet
357 1449 400 1483 ad
423 1449 560 1483 donum
582 1449 797 1484 intellectus.

142 1502 201 1536 AD
225 1512 395 1536 TERTIUM
417 1502 623 1545 dicendum,
646 1504 742 1548 quod
764 1503 851 1537 fides
873 1503 1045 1549 importat
1063 1503 1184 1538 solum
1203 1515 1390 1538 assensum
1412 1504 1456 1538 ad
1476 1516 1528 1546 ea,
1548 1516 1639 1551 quae

72 1562 341 1600 proponuntur;
363 1555 425 1589 sed
446 1555 650 1589 intellectus
672 1556 843 1602 importat
864 1557 1060 1602 quamdam
1076 1559 1346 1603 perceptionem
1361 1558 1531 1600 veritatis,
1547 1570 1639 1604 quae

72 1618 146 1641 non
168 1615 287 1653 potest
308 1618 384 1641 esse
407 1607 501 1642 circa
523 1607 644 1650 finem,
667 1609 734 1642 nisi
755 1609 790 1642 in
814 1620 856 1642 eo
880 1609 940 1655 qui
962 1610 1071 1644 habet
1092 1610 1248 1655 gratiam
1271 1618 1413 1656 gratum
1432 1610 1638 1653 facientem,

73 1668 111 1695 ut
131 1661 268 1694 dictum
290 1669 342 1695 est
364 1660 414 1706 (in
436 1668 524 1708 corp.
547 1662 643 1707 a1·t.)‚·
673 1670 707 1696 et
727 1663 809 1696 ideo
831 1674 906 1696 non
926 1671 978 1697 est
992 1662 1118 1697 similis
1134 1663 1225 1697 ratio
1241 1663 1495 1706 deintellectU,
1511 1673 1545 1699 et
1558 1664 1639 1699 fide.

629 1818 976 1863 ARTICULUS
1009 1820 1086 1862 VI.
1594 1843 1639 1876 44

131 1939 285 1969 UTRUM
316 1939 477 1969 Domni
511 1939 813 1969 INTELLECTUS
848 1940 1181 1970 DISTINGUATUR
1207 1941 1259 1969 AB
1287 1941 1396 1969 ALns
1430 1941 1580 1970 noxis.

142 2037 202 2071 AD
224 2048 377 2072 SEXTUM
399 2037 449 2071 sic
472 2037 688 2083 proceditur.
711 2037 874 2080 Videtur,
898 2038 995 2084 quod
1018 2038 1155 2072 donum
1177 2038 1381 2073 intellectus
1414 2050 1488 2073 non
1523 2039 1642 2074 distin-

72 2098 201 2136 guatur
223 2091 264 2123 ab
289 2090 366 2124 aliis
389 2090 511 2124 donis:
535 2101 691 2136 quorum
714 2091 812 2124 enim
836 2091 1003 2137 opposita
1025 2099 1109 2125 sunt
1131 2092 1271 2133 eadem,
1293 2092 1370 2138 ipsa
1392 2104 1536 2138 quoque
1559 2101 1641 2126 sunt

71 2143 218 2178 eadem:
242 2144 304 2177 sed
326 2143 522 2189 sapientiae
545 2145 739 2189 opponitur
760 2143 921 2186 stultitia,
943 2145 1154 2178 hebetudini
1183 2145 1398 2187 intellectus,
1432 2146 1642 2192 praecipita-

71 2197 162 2231 tioni
184 2196 388 2238 consilium,
410 2197 636 2242 ignorantiae
658 2197 819 2238 scientia,
842 2205 880 2231 ut
902 2206 999 2242 patet
1019 2209 1082 2243 per
1105 2197 1214 2243 Greg.
1239 2209 1270 2232 2.
1293 2198 1421 2232 Moral.
1441 2201 1529 2245 (cap.
1551 2200 1639 2244 26.):

71 2261 147 2283 non
167 2250 334 2284 videntur
356 2258 477 2284 autem
499 2249 640 2283 differre
663 2250 823 2291 stultitia,
853 2250 1048 2293 habetudo‚
1078 2251 1294 2297 ignorantia,
1316 2260 1350 2286 et
1370 2252 1640 2298 praecipitati03

73 2314 160 2349 ergo
181 2314 249 2336 nec
270 2302 476 2337 intellectus
498 2302 728 2348 distinguitur
750 2303 792 2336 ab
816 2303 893 2337 aliis
916 2303 1031 2337 donis.

143 2366 175 2389 2.
197 2356 434 2390 PRAETEREA.
456 2355 676 2397 Intellectus,
699 2356 759 2401 qui
781 2357 926 2402 ponitur
946 2357 1059 2391 virtus
1081 2357 1346 2399 intellectualis,
1367 2357 1483 2392 differt
1501 2358 1542 2391 ab
1563 2357 1640 2392 aliis

71 2408 374 2443 intellectualibus
394 2409 583 2443 virtutibus
604 2421 667 2455 per
688 2409 759 2442 hoc
783 2409 850 2443 sibi
868 2410 1066 2455 proprium,
1086 2410 1183 2455 quod
1203 2417 1255 2444 est
1273 2410 1367 2444 circa
1386 2411 1559 2457 principia
1578 2422 1641 2456 per

73 2473 111 2497 se
131 2469 236 2495 nota:
260 2461 323 2496 sed
345 2462 482 2496 donum
503 2461 706 2496 intellectus
727 2473 801 2496 non
825 2470 878 2496 est
899 2463 994 2496 circa
1018 2462 1137 2508 aliqua
1159 2463 1334 2509 principia
1367 2475 1430 2509 per
1463 2475 1500 2497 se
1533 2471 1639 2497 nota:

74 2515 157 2560 quia
185 2515 227 2548 ad
251 2526 303 2557 ea,
331 2526 422 2561 quae
443 2514 654 2548 naturaliter
674 2526 737 2560 per
758 2525 796 2549 se
819 2524 1101 2561 cognoscuntur,
1129 2515 1260 2551 sufficit
1292 2516 1465 2550 naturalis
1498 2517 1640 2551 habitus

72 2568 275 2614 primorum
296 2568 576 2614 principiorum3
600 2569 643 2602 ad
665 2579 707 2602 ea
728 2579 828 2610 vero,
851 2580 942 2614 quae
964 2569 1249 2615 supernaturalia
1271 2578 1364 2610 sunt,
1388 2569 1519 2603 sufficit
1539 2569 1639 2612 fides3

73 2621 157 2667 quia
178 2621 318 2655 articuli
338 2621 423 2655 fidei
443 2629 525 2655 sunt
546 2621 638 2655 sicut
652 2621 767 2667 prima
782 2622 957 2668 principia
970 2622 1006 2655 in
1021 2622 1284 2668 supernaturali
1311 2622 1531 2667 cognitione,
1550 2623 1641 2657 sicut

74 2674 212 2708 dictum
233 2682 286 2708 est
307 2674 354 2720 (q.
376 2687 404 2709 Ι.
425 2679 489 2709 art.
513 2675 575 2720 7.),·
611 2685 698 2720 ergo
733 2675 870 2708 donum
902 2674 1106 2709 intellectus
1138 2686 1213 2709 non
1247 2675 1476 2721 distinguitur
1497 2676 1538 2710 ab
1562 2675 1640 2710 aliis

75 2727 178 2761 donis
199 2726 512 2761 intellectualibus.

148 2791 177 2826 3.
200 2780 436 2814 PRAETEREA.
461 2780 592 2815 Omnis
615 2780 777 2826 cognitio
799 2780 1018 2814 intellectiva
1040 2780 1098 2814 vel
1128 2788 1180 2815 est
1212 2781 1445 2827 speculativa,
1478 2781 1536 2815 vel
1566 2793 1642 2828 pra-

77 2832 189 2867 ctica:
210 2833 274 2872 sed
295 2833 433 2867 donum
453 2832 655 2868 intellectus
688 2833 798 2867 habet
819 2845 856 2868 se
879 2833 922 2867 ad
945 2841 1147 2879 utrumque,
1182 2842 1220 2867 ut
1253 2833 1389 2868 dictum
1424 2843 1476 2869 est
1512 2835 1592 2878 (art.
1611 2847 1639 2881 3.
