1859 3122
213 168 298 211 324
635 164 856 200 QUAESTIO
889 164 992 194 XLII.
1026 163 1270 194 ARTICULUS
1303 164 1347 193 11.

212 258 383 295 tyrannus
409 247 599 281 seditiosus
621 254 685 288 est,
707 246 768 292 qui
787 246 824 280 in
845 246 981 292 populo
1008 245 1076 280 sibi
1100 246 1262 291 subjecto
1290 245 1498 287 discordias,
1519 253 1554 280 et
1574 245 1768 280 seditiones

211 302 332 343 nutrit,
354 309 391 335 ut
411 300 520 334 tutius
535 299 715 334 dominari
736 299 864 345 possit:
886 300 956 333 hoc
973 299 1070 333 enim
1084 299 1313 345 tyrannicum
1329 306 1392 340 est,
1407 310 1490 332 cum
1505 298 1549 333 sit
1563 299 1768 333 ordinatum

212 355 255 389 ad
276 355 412 389 bonum
433 355 619 399 proprium
641 353 886 399 praesidentis,
909 364 991 386 cum
1014 351 1252 386 multitudinis
1273 360 1507 386 nocumento.

705 661 1058 723 QUAESTIO
1100 661 1273 708 XLIII.

469 800 533 830 DE
560 799 824 837 SCANDALO,
855 799 905 829 IN
932 798 1054 830 OCTO
1081 797 1341 829 ARTICULOS
1365 798 1539 829 DIVISA.

282 940 423 975 Deinde
451 940 753 974 considerandum
780 947 888 974 restat
913 939 956 973 de
982 939 1087 980 vitiis,
1115 950 1205 984 quae
1235 937 1493 972 beneficentiae
1520 946 1769 984 opponuntur:

212 995 304 1028 inter
325 1006 416 1040 quae
438 993 507 1028 alia
529 993 676 1040 quidem
707 993 885 1039 pertinent
907 993 950 1026 ad
973 992 1151 1026 rationem
1182 992 1355 1037 justitiae3
1382 991 1443 1026 illa
1469 991 1618 1034 scilicet,
1644 991 1770 1037 quibus

213 1048 340 1094 aliquis
362 1048 491 1093 injuste
513 1047 718 1093 proximum
736 1046 862 1080 laedit:
886 1046 947 1080 sed
967 1053 1092 1080 contra
1112 1045 1325 1079 charitatem
1343 1045 1544 1091 specialiter
1558 1044 1771 1080 scandalum

211 1112 289 1136 esse
310 1101 467 1143 videtur3
490 1108 524 1135 et
544 1100 626 1134 ideo
649 1100 952 1134 considerandum
974 1107 1027 1133 est
1047 1099 1106 1133 hic
1129 1100 1171 1133 de
1193 1098 1377 1134 scandalo.

728 1188 830 1223 Circa
851 1187 935 1234 quod
956 1193 1160 1233 quaeruntur
1181 1193 1262 1223 octo.

283 1261 417 1295 Primo.
443 1260 541 1301 Quid
563 1260 607 1294 sit
628 1259 851 1294 scandalum.

282 1314 462 1348 Secundo.
486 1314 618 1347 Utrum
639 1312 851 1347 scandalum
873 1313 917 1347 sit
938 1320 1140 1358 peccatum.

284 1367 420 1402 Tertio.
444 1367 576 1401 Utrum
597 1368 642 1401 sit
662 1374 852 1412 peccatum
874 1365 1041 1412 speciale.

285 1421 437 1461 Quarto.
462 1421 592 1454 Utrum
614 1420 657 1454 sit
679 1427 869 1465 peccatum
892 1418 1056 1453 mortale.

285 1474 436 1514 Quinto.
461 1474 590 1508 Utrum
614 1473 858 1518 perfectorum
880 1473 924 1506 sit
946 1471 1192 1506 scandalizari.

283 1528 405 1561 Sexto.
429 1527 560 1561 Utrum
583 1538 710 1560 eorum
732 1526 776 1560 sit
797 1525 1049 1560 scandalizare.

283 1581 458 1626 Septimo.
483 1581 614 1614 Utrum
636 1579 833 1625 spiritualia
855 1579 950 1613 bona
972 1578 1043 1612 sint
1064 1578 1275 1612 dimittenda
1298 1586 1442 1624 propter
1462 1577 1686 1613 scandalum.

285 1634 441 1670 Octavo.
464 1634 596 1669 Utrum
619 1633 688 1668 sint
709 1641 855 1679 propter
876 1631 1089 1666 scandalum
1110 1631 1326 1678 temporalia
1346 1631 1569 1666 dimittenda.

783 1762 1128 1807 ARTICULUS
1164 1763 1196 1805 Ι.

212 1872 364 1902 UTRUM
382 1871 648 1901 SCANDALUM
673 1871 1009 1901 CONVENIENTER
1027 1871 1316 1901 DEFINIATUR:
1340 1871 1465 1907 QUOD
1484 1871 1563 1901 EST
1584 1871 1772 1912 DICTUM‚

283 1937 363 1966 VEL
387 1937 566 1967 FACTUM
593 1937 724 1967 MINUS
752 1936 944 1976 RECTUM,
973 1936 1188 1966 PRAEBENS
1218 1937 1502 1966 OCCASIONEM
1528 1936 1701 1967 RUINAE.

1704 1785 1768 1822 233

330 2026 379 2071 (4.
399 2026 485 2060 Dist.
501 2026 551 2071 38.
571 2037 600 2071 [J-
620 2036 650 2060 2.
670 2030 734 2060 art.
754 2037 780 2060 Ι.
800 2029 828 2059 et
847 2024 967 2069 Quodl.
987 2035 1019 2069 4.
1040 2029 1103 2058 art.
1124 2035 1172 2058 21.
1193 2023 1234 2057 ad
1248 2036 1276 2069 3.
1296 2029 1325 2058 et
1343 2024 1437 2059 Rom.
1458 2034 1486 2069 7.
1506 2024 1574 2058 lect.
1593 2025 1654 2069 2.).

283 2115 343 2148 AD
365 2124 514 2149 PRIMUM
540 2114 589 2148 sic
614 2114 830 2160 proceditur.
856 2113 1013 2155 Videtur,
1036 2112 1132 2158 quod
1154 2112 1365 2146 scandalum
1391 2112 1688 2147 inconvenienter
1717 2113 1773 2148 de-

212 2168 355 2202 finiatur
377 2179 470 2201 csse:
492 2167 628 2210 dictum,
642 2168 839 2213 wlfttctmn
854 2168 960 2201 minus
975 2167 1280 2212 rectmn,praebens
1295 2167 1494 2200 occasionem
1515 2167 1651 2200 ruinae:
1673 2177 1773 2200 scan-

213 2221 336 2255 dalum
358 2221 455 2255 enim
477 2229 668 2266 peccatum
691 2229 753 2262 est,
777 2228 814 2254 ut
835 2228 917 2266 post
937 2220 1075 2253 dicetur
1101 2220 1183 2264 (art.
1205 2219 1305 2264 πρῲ·
1333 2219 1395 2253 sed
1425 2219 1625 2253 secundum
1650 2219 1772 2265 Augu-

212 2275 346 2309 stinum
362 2285 415 2308 22.
432 2282 556 2308 contra
572 2274 743 2308 Faustum
767 2274 854 2320 (cap.
873 2274 966 2319 27.).·
990 2285 1007 2304 α
1025 2273 1222 2307 Peccatum
1238 2280 1289 2306 est
1312 2272 1458 2314 dictum,
1474 2272 1532 2306 vel
1548 2272 1696 2315 factum,
1714 2273 1772 2307 vel

213 2329 447 2374 concupitum
470 2335 595 2361 contra
618 2327 737 2372 legem
759 2327 847 2369 Dei3
871 2338 958 2371 ergo
981 2326 1162 2372 praedicta
1181 2325 1341 2360 definitio
1361 2334 1415 2360 est
1431 2325 1670 2369 insufficiens;
1689 2327 1772 2372 quia

212 2381 462 2427 praetermittit
483 2382 672 2425 cogz'taezlmn,
695 2380 770 2413 sive
793 2381 1014 2426 concupitum.

284 2445 313 2468 2.
337 2434 572 2468 PRAETEREA.
594 2433 689 2466 Cum
712 2433 803 2466 inter
826 2440 925 2466 actus
946 2432 1139 2473 virtuosos,
1161 2431 1218 2466 vel
1240 2440 1357 2466 rectos
1380 2444 1471 2466 unus
1493 2432 1698 2474 virtuosior,
1714 2431 1772 2466 vel

211 2488 342 2522 rectior
364 2487 476 2521 altero
500 2487 554 2528 sit,
576 2486 663 2520 illud
686 2486 804 2519 solum
827 2486 965 2519 videtur
988 2497 1059 2518 non
1083 2497 1158 2519 esse
1190 2487 1309 2519 minus
1331 2493 1481 2527 rectum,
1513 2486 1609 2531 quod
1641 2494 1693 2520 est
1723 2497 1773 2519 re-

213 2542 432 2583 ctissimum3
456 2541 483 2574 si
507 2552 592 2585 ergo
615 2539 825 2573 scandalum
849 2540 893 2573 sit
911 2540 1058 2579 dictum,
1075 2539 1131 2572 vel
1146 2538 1281 2573 factum
1298 2540 1416 2573 minus
1436 2547 1585 2581 rectum,
1601 2539 1771 2585 sequitur,

212 2595 308 2640 quod
331 2595 449 2628 omnis
472 2602 571 2627 actus
593 2594 772 2626 virtuosus
795 2601 934 2638 praeter
956 2593 1135 2637 optimum
1159 2593 1201 2626 sit
1223 2592 1447 2626 scandalum.

288 2660 314 2693 3.
338 2649 572 2682 Pmss‘rfflzffi.
603 2647 762 2681 Occasio
785 2646 949 2679 nominat
973 2657 1118 2678 causam
1142 2658 1203 2691 per
1226 2646 1410 2680 accidens:
1442 2645 1503 2679 sed
1531 2645 1566 2678 id
1596 2645 1692 2690 quod
1720 2653 1772 2678 est

213 2713 274 2746 per
297 2702 477 2742 accidens,
503 2712 577 2734 non
600 2701 704 2734 debet
726 2700 810 2745 poni
832 2699 866 2732 in
890 2699 1117 2739 deli1iitione3
1141 2699 1222 2744 quia
1244 2710 1317 2733 non
1340 2699 1399 2733 dat
1417 2698 1592 2744 specie1n;
1615 2709 1701 2743 ergo
1724 2698 1773 2732 in-

214 2755 473 2789 convenienter
494 2755 529 2787 in
553 2753 761 2787 definitione
783 2752 943 2786 scandali
967 2753 1110 2797 ponitur
1132 2755 1267 2786 offusio.

285 2818 315 2849 4.
340 2808 574 2842 Pasti-mm.
590 2807 641 2841 Ex
660 2806 820 2852 quolibet
834 2805 928 2839 sacto
945 2805 1088 2838 alterius
1104 2814 1221 2850 potest
1236 2805 1362 2851 aliquis
1377 2817 1518 2840 sumere
1537 2804 1771 2839 occasionem

216 2861 360 2903 ruinae3
381 2861 463 2907 quia
480 2872 610 2896 causac
626 2872 687 2907 per
703 2859 868 2894 accidens
883 2866 964 2894 sunt
977 2858 1291 2902 indeteru1inatae3
1315 2860 1343 2894 si
1365 2870 1452 2905 ergo
1474 2858 1686 2894 scandalum
1706 2866 1769 2900 est,
