<?xml version="1.0" encoding="UTF-8"?>
<!DOCTYPE html PUBLIC "-//W3C//DTD XHTML 1.0 Transitional//EN"
    "http://www.w3.org/TR/xhtml1/DTD/xhtml1-transitional.dtd">
<html xmlns="http://www.w3.org/1999/xhtml" xml:lang="en" lang="en">
 <head>
  <title>
</title>
<meta http-equiv="Content-Type" content="text/html;charset=utf-8" />
  <meta name='ocr-system' content='tesseract 3.04.00' />
  <meta name='ocr-capabilities' content='ocr_page ocr_carea ocr_par ocr_line ocrx_word'/>
</head>
<body>
  <div class='ocr_page' id='page_1' title='image "./divithomaeaquina03thomuoft_0447.png"; bbox 0 0 1859 3122; ppageno 0'>
   <div class='ocr_carea' id='block_1_1' title="bbox 0 884 32 3122">
    <p class='ocr_par' dir='ltr' id='par_1_1' title="bbox 0 884 32 3122">
     <span class='ocr_line' id='line_1_1' title="bbox 0 884 32 3122; baseline 0 0"><span class='ocrx_word' id='word_1_1' title='bbox 0 884 32 3122; x_wconf 95' lang='lat' dir='ltr'> </span> 
     </span>
    </p>
   </div>
   <div class='ocr_carea' id='block_1_2' title="bbox 498 169 1610 212">
    <p class='ocr_par' dir='ltr' id='par_1_2' title="bbox 498 169 1610 212">
     <span class='ocr_line' id='line_1_2' title="bbox 498 169 1610 212; baseline -0.002 -12"><span class='ocrx_word' id='word_1_2' title='bbox 498 170 717 206; x_wconf 65' lang='lat' dir='ltr'>Qum-:sno</span> <span class='ocrx_word' id='word_1_3' title='bbox 752 169 836 199; x_wconf 67' lang='grc' dir='ltr'>ΠΧ.</span> <span class='ocrx_word' id='word_1_4' title='bbox 870 169 1112 200; x_wconf 80' lang='lat' dir='ltr'>ART1CULus</span> <span class='ocrx_word' id='word_1_5' title='bbox 1144 169 1187 198; x_wconf 87' lang='lat'>11.</span> <span class='ocrx_word' id='word_1_6' title='bbox 1527 170 1610 212; x_wconf 83' lang='lat'>439</span> 
     </span>
    </p>
   </div>
   <div class='ocr_carea' id='block_1_3' title="bbox 56 250 1615 779">
    <p class='ocr_par' dir='ltr' id='par_1_3' title="bbox 57 250 1615 406">
     <span class='ocr_line' id='line_1_3' title="bbox 128 250 1612 298; baseline -0.003 -10"><span class='ocrx_word' id='word_1_7' title='bbox 128 252 188 288; x_wconf 82' lang='lat' dir='ltr'>AD</span> <span class='ocrx_word' id='word_1_8' title='bbox 218 262 423 287; x_wconf 76' lang='lat' dir='ltr'><strong>SECUNDUM</strong></span> <span class='ocrx_word' id='word_1_9' title='bbox 445 252 649 294; x_wconf 85' lang='lat' dir='ltr'>dicendum,</span> <span class='ocrx_word' id='word_1_10' title='bbox 672 252 768 298; x_wconf 86' lang='lat' dir='ltr'>quod</span> <span class='ocrx_word' id='word_1_11' title='bbox 790 263 863 286; x_wconf 89' lang='lat' dir='ltr'>non</span> <span class='ocrx_word' id='word_1_12' title='bbox 891 260 943 286; x_wconf 88' lang='lat' dir='ltr'>est</span> <span class='ocrx_word' id='word_1_13' title='bbox 969 251 1073 286; x_wconf 85' lang='lat' dir='ltr'>facile</span> <span class='ocrx_word' id='word_1_14' title='bbox 1101 251 1271 297; x_wconf 82' lang='lat' dir='ltr'>cuiquam</span> <span class='ocrx_word' id='word_1_15' title='bbox 1297 250 1414 285; x_wconf 82' lang='lat' dir='ltr'>facere</span> <span class='ocrx_word' id='word_1_16' title='bbox 1440 250 1612 296; x_wconf 83' lang='lat' dir='ltr'>injustum</span> 
     </span>
     <span class='ocr_line' id='line_1_4' title="bbox 57 303 1615 352; baseline -0.002 -11"><span class='ocrx_word' id='word_1_17' title='bbox 57 319 99 341; x_wconf 86' lang='lat' dir='ltr'>ex</span> <span class='ocrx_word' id='word_1_18' title='bbox 122 306 310 349; x_wconf 84' lang='lat' dir='ltr'><strong>electione,</strong></span> <span class='ocrx_word' id='word_1_19' title='bbox 334 306 434 351; x_wconf 84' lang='lat' dir='ltr'>quasi</span> <span class='ocrx_word' id='word_1_20' title='bbox 455 305 586 351; x_wconf 84' lang='lat' dir='ltr'>aliquid</span> <span class='ocrx_word' id='word_1_21' title='bbox 610 316 671 352; x_wconf 89' lang='lat' dir='ltr'>per</span> <span class='ocrx_word' id='word_1_22' title='bbox 693 317 729 340; x_wconf 88' lang='lat' dir='ltr'>se</span> <span class='ocrx_word' id='word_1_23' title='bbox 752 304 910 352; x_wconf 84' lang='lat' dir='ltr'>placens,</span> <span class='ocrx_word' id='word_1_24' title='bbox 933 314 967 339; x_wconf 89' lang='lat' dir='ltr'>et</span> <span class='ocrx_word' id='word_1_25' title='bbox 988 316 1061 339; x_wconf 90' lang='lat' dir='ltr'>non</span> <span class='ocrx_word' id='word_1_26' title='bbox 1082 313 1227 352; x_wconf 85' lang='lat' dir='ltr'>propter</span> <span class='ocrx_word' id='word_1_27' title='bbox 1245 303 1435 340; x_wconf 80' lang='lat' dir='ltr'>aliudzsed</span> <span class='ocrx_word' id='word_1_28' title='bbox 1450 304 1521 338; x_wconf 88' lang='lat' dir='ltr'>hoc</span> <span class='ocrx_word' id='word_1_29' title='bbox 1537 315 1615 351; x_wconf 90' lang='lat' dir='ltr'>pro-</span> 
     </span>
     <span class='ocr_line' id='line_1_5' title="bbox 57 358 1228 406; baseline -0.001 -13"><span class='ocrx_word' id='word_1_30' title='bbox 57 359 172 406; x_wconf 88' lang='lat' dir='ltr'>prium</span> <span class='ocrx_word' id='word_1_31' title='bbox 197 367 250 394; x_wconf 89' lang='lat' dir='ltr'>est</span> <span class='ocrx_word' id='word_1_32' title='bbox 270 359 434 393; x_wconf 82' lang='lat' dir='ltr'>habentis</span> <span class='ocrx_word' id='word_1_33' title='bbox 456 359 630 400; x_wconf 83' lang='lat' dir='ltr'>habitum,</span> <span class='ocrx_word' id='word_1_34' title='bbox 652 366 690 392; x_wconf 88' lang='lat' dir='ltr'>ut</span> <span class='ocrx_word' id='word_1_35' title='bbox 710 359 844 393; x_wconf 81' lang='lat' dir='ltr'>ibidem</span> <span class='ocrx_word' id='word_1_36' title='bbox 866 358 1111 404; x_wconf 87' lang='lat' dir='ltr'>Philosophus</span> <span class='ocrx_word' id='word_1_37' title='bbox 1134 358 1228 392; x_wconf 87' lang='lat' dir='ltr'>dicit.</span> 
     </span>
    </p>

    <p class='ocr_par' dir='ltr' id='par_1_4' title="bbox 56 409 1615 779">
     <span class='ocr_line' id='line_1_6' title="bbox 127 409 1615 458; baseline -0.002 -11"><span class='ocrx_word' id='word_1_38' title='bbox 127 413 187 448; x_wconf 85' lang='lat' dir='ltr'>AD</span> <span class='ocrx_word' id='word_1_39' title='bbox 203 423 373 447; x_wconf 82' lang='lat' dir='ltr'>TERTIUM</span> <span class='ocrx_word' id='word_1_40' title='bbox 397 413 600 453; x_wconf 82' lang='lat' dir='ltr'>dicendum,</span> <span class='ocrx_word' id='word_1_41' title='bbox 620 412 715 457; x_wconf 84' lang='lat' dir='ltr'>quod</span> <span class='ocrx_word' id='word_1_42' title='bbox 739 412 920 456; x_wconf 86' lang='lat' dir='ltr'>objectum</span> <span class='ocrx_word' id='word_1_43' title='bbox 942 411 1201 458; x_wconf 78' lang='lat' dir='ltr'>temperantiae</span> <span class='ocrx_word' id='word_1_44' title='bbox 1219 422 1294 445; x_wconf 90' lang='lat' dir='ltr'>non</span> <span class='ocrx_word' id='word_1_45' title='bbox 1320 418 1373 445; x_wconf 84' lang='lat' dir='ltr'>est</span> <span class='ocrx_word' id='word_1_46' title='bbox 1399 409 1532 457; x_wconf 88' lang='lat' dir='ltr'>aliquid</span> <span class='ocrx_word' id='word_1_47' title='bbox 1559 422 1615 445; x_wconf 87' lang='lat' dir='ltr'>ex-</span> 
     </span>
     <span class='ocr_line' id='line_1_7' title="bbox 56 464 1614 511; baseline -0.002 -10"><span class='ocrx_word' id='word_1_48' title='bbox 56 466 164 501; x_wconf 88' lang='lat' dir='ltr'>terius</span> <span class='ocrx_word' id='word_1_49' title='bbox 187 466 433 507; x_wconf 88' lang='lat' dir='ltr'>constitutum,</span> <span class='ocrx_word' id='word_1_50' title='bbox 450 466 539 500; x_wconf 89' lang='lat' dir='ltr'>sicut</span> <span class='ocrx_word' id='word_1_51' title='bbox 561 466 744 511; x_wconf 88' lang='lat' dir='ltr'>objectum</span> <span class='ocrx_word' id='word_1_52' title='bbox 762 465 935 510; x_wconf 82' lang='lat' dir='ltr'>justitiae:</span> <span class='ocrx_word' id='word_1_53' title='bbox 958 465 1019 499; x_wconf 87' lang='lat' dir='ltr'>sed</span> <span class='ocrx_word' id='word_1_54' title='bbox 1042 465 1224 510; x_wconf 88' lang='lat' dir='ltr'>objectum</span> <span class='ocrx_word' id='word_1_55' title='bbox 1239 466 1508 511; x_wconf 75' lang='lat' dir='ltr'>temperantiae,</span> <span class='ocrx_word' id='word_1_56' title='bbox 1523 464 1614 498; x_wconf 89' lang='lat' dir='ltr'>idest</span> 
     </span>
     <span class='ocr_line' id='line_1_8' title="bbox 56 517 1612 566; baseline -0.002 -12"><span class='ocrx_word' id='word_1_57' title='bbox 56 527 309 566; x_wconf 87' lang='lat' dir='ltr'>temperatum,</span> <span class='ocrx_word' id='word_1_58' title='bbox 334 519 506 565; x_wconf 81' lang='lat' dir='ltr'>accipitur</span> <span class='ocrx_word' id='word_1_59' title='bbox 533 518 650 553; x_wconf 88' lang='lat' dir='ltr'>solum</span> <span class='ocrx_word' id='word_1_60' title='bbox 682 518 717 552; x_wconf 89' lang='lat' dir='ltr'>in</span> <span class='ocrx_word' id='word_1_61' title='bbox 741 518 1013 564; x_wconf 84' lang='lat' dir='ltr'>comparatione</span> <span class='ocrx_word' id='word_1_62' title='bbox 1036 519 1078 552; x_wconf 84' lang='lat' dir='ltr'>ad</span> <span class='ocrx_word' id='word_1_63' title='bbox 1100 518 1217 564; x_wconf 88' lang='lat' dir='ltr'>ipsum</span> <span class='ocrx_word' id='word_1_64' title='bbox 1240 518 1448 560; x_wconf 79' lang='lat' dir='ltr'>hominem3</span> <span class='ocrx_word' id='word_1_65' title='bbox 1476 525 1509 552; x_wconf 90' lang='lat' dir='ltr'>et</span> <span class='ocrx_word' id='word_1_66' title='bbox 1530 517 1612 552; x_wconf 86' lang='lat' dir='ltr'>ideo</span> 
     </span>
     <span class='ocr_line' id='line_1_9' title="bbox 57 571 1612 619; baseline -0.002 -12"><span class='ocrx_word' id='word_1_67' title='bbox 57 574 153 619; x_wconf 90' lang='lat' dir='ltr'>quod</span> <span class='ocrx_word' id='word_1_68' title='bbox 176 581 228 607; x_wconf 89' lang='lat' dir='ltr'>est</span> <span class='ocrx_word' id='word_1_69' title='bbox 249 584 312 619; x_wconf 87' lang='lat' dir='ltr'>per</span> <span class='ocrx_word' id='word_1_70' title='bbox 334 573 512 613; x_wconf 84' lang='lat' dir='ltr'>accidens,</span> <span class='ocrx_word' id='word_1_71' title='bbox 539 580 573 606; x_wconf 88' lang='lat' dir='ltr'>et</span> <span class='ocrx_word' id='word_1_72' title='bbox 594 579 734 618; x_wconf 87' lang='lat' dir='ltr'>praeter</span> <span class='ocrx_word' id='word_1_73' title='bbox 762 572 1010 613; x_wconf 81' lang='lat' dir='ltr'>intentionem,</span> <span class='ocrx_word' id='word_1_74' title='bbox 1036 582 1109 605; x_wconf 89' lang='lat' dir='ltr'>non</span> <span class='ocrx_word' id='word_1_75' title='bbox 1132 579 1248 617; x_wconf 90' lang='lat' dir='ltr'>potest</span> <span class='ocrx_word' id='word_1_76' title='bbox 1271 571 1340 604; x_wconf 92' lang='lat' dir='ltr'>dici</span> <span class='ocrx_word' id='word_1_77' title='bbox 1361 579 1612 617; x_wconf 84' lang='lat' dir='ltr'>temperatum,</span> 
     </span>
     <span class='ocr_line' id='line_1_10' title="bbox 56 624 1611 670; baseline -0.002 -9"><span class='ocrx_word' id='word_1_78' title='bbox 56 638 122 661; x_wconf 91' lang='lat' dir='ltr'>nec</span> <span class='ocrx_word' id='word_1_79' title='bbox 138 626 380 667; x_wconf 81' lang='lat' dir='ltr'>materialiter,</span> <span class='ocrx_word' id='word_1_80' title='bbox 397 637 463 660; x_wconf 91' lang='lat' dir='ltr'>nec</span> <span class='ocrx_word' id='word_1_81' title='bbox 480 624 697 667; x_wconf 79' lang='lat' dir='ltr'>formaliter3</span> <span class='ocrx_word' id='word_1_82' title='bbox 713 632 747 658; x_wconf 86' lang='lat' dir='ltr'>et</span> <span class='ocrx_word' id='word_1_83' title='bbox 765 624 929 658; x_wconf 90' lang='lat' dir='ltr'>similiter</span> <span class='ocrx_word' id='word_1_84' title='bbox 943 636 1058 670; x_wconf 88' lang='lat' dir='ltr'>neque</span> <span class='ocrx_word' id='word_1_85' title='bbox 1074 624 1370 670; x_wconf 85' lang='lat' dir='ltr'>intemperatum:</span> <span class='ocrx_word' id='word_1_86' title='bbox 1389 632 1423 658; x_wconf 90' lang='lat' dir='ltr'>et</span> <span class='ocrx_word' id='word_1_87' title='bbox 1437 632 1611 670; x_wconf 86' lang='lat' dir='ltr'>quantum</span> 
     </span>
     <span class='ocr_line' id='line_1_11' title="bbox 58 677 1610 724; baseline -0.002 -10"><span class='ocrx_word' id='word_1_88' title='bbox 58 679 100 714; x_wconf 84' lang='lat' dir='ltr'>ad</span> <span class='ocrx_word' id='word_1_89' title='bbox 122 680 193 714; x_wconf 88' lang='lat' dir='ltr'>hoc</span> <span class='ocrx_word' id='word_1_90' title='bbox 216 687 268 714; x_wconf 86' lang='lat' dir='ltr'>est</span> <span class='ocrx_word' id='word_1_91' title='bbox 289 679 462 713; x_wconf 83' lang='lat' dir='ltr'>dissimile</span> <span class='ocrx_word' id='word_1_92' title='bbox 480 679 515 712; x_wconf 89' lang='lat' dir='ltr'>in</span> <span class='ocrx_word' id='word_1_93' title='bbox 537 678 680 724; x_wconf 84' lang='lat' dir='ltr'>justitia,</span> <span class='ocrx_word' id='word_1_94' title='bbox 704 685 738 711; x_wconf 92' lang='lat' dir='ltr'>et</span> <span class='ocrx_word' id='word_1_95' title='bbox 759 677 793 711; x_wconf 91' lang='lat' dir='ltr'>in</span> <span class='ocrx_word' id='word_1_96' title='bbox 818 677 894 711; x_wconf 88' lang='lat' dir='ltr'>aliis</span> <span class='ocrx_word' id='word_1_97' title='bbox 912 677 1099 711; x_wconf 87' lang='lat' dir='ltr'>virtutibus</span> <span class='ocrx_word' id='word_1_98' title='bbox 1122 677 1337 711; x_wconf 80' lang='lat' dir='ltr'>moralibus:</span> <span class='ocrx_word' id='word_1_99' title='bbox 1353 678 1414 711; x_wconf 87' lang='lat' dir='ltr'>sed</span> <span class='ocrx_word' id='word_1_100' title='bbox 1437 685 1610 723; x_wconf 87' lang='lat' dir='ltr'>quantum</span> 
     </span>
     <span class='ocr_line' id='line_1_12' title="bbox 58 730 1564 779; baseline -0.002 -12"><span class='ocrx_word' id='word_1_101' title='bbox 58 733 101 767; x_wconf 87' lang='lat' dir='ltr'>ad</span> <span class='ocrx_word' id='word_1_102' title='bbox 124 732 435 779; x_wconf 85' lang='lat' dir='ltr'>comparationem</span> <span class='ocrx_word' id='word_1_103' title='bbox 458 731 677 778; x_wconf 85' lang='lat' dir='ltr'>operationis</span> <span class='ocrx_word' id='word_1_104' title='bbox 699 731 742 764; x_wconf 81' lang='lat' dir='ltr'>ad</span> <span class='ocrx_word' id='word_1_105' title='bbox 764 730 940 773; x_wconf 81' lang='lat' dir='ltr'>habitum,</span> <span class='ocrx_word' id='word_1_106' title='bbox 960 730 997 764; x_wconf 90' lang='lat' dir='ltr'>in</span> <span class='ocrx_word' id='word_1_107' title='bbox 1020 730 1188 765; x_wconf 87' lang='lat' dir='ltr'>omnibus</span> <span class='ocrx_word' id='word_1_108' title='bbox 1210 730 1374 765; x_wconf 90' lang='lat' dir='ltr'>similiter</span> <span class='ocrx_word' id='word_1_109' title='bbox 1388 742 1424 764; x_wconf 92' lang='lat' dir='ltr'>se</span> <span class='ocrx_word' id='word_1_110' title='bbox 1446 731 1564 765; x_wconf 87' lang='lat' dir='ltr'>habet.</span> 
     </span>
    </p>
   </div>
   <div class='ocr_carea' id='block_1_4' title="bbox 615 888 1611 948">
    <p class='ocr_par' dir='ltr' id='par_1_5' title="bbox 615 888 1611 948">
     <span class='ocr_line' id='line_1_13' title="bbox 615 888 1611 948; baseline 0.003 -16"><span class='ocrx_word' id='word_1_111' title='bbox 615 888 959 934; x_wconf 78' lang='lat' dir='ltr'><strong>ARTICULUS</strong></span> <span class='ocrx_word' id='word_1_112' title='bbox 988 890 1067 932; x_wconf 85' lang='lat'>111.</span> <span class='ocrx_word' id='word_1_113' title='bbox 1547 911 1611 948; x_wconf 70' lang='lat'>332</span> 
     </span>
    </p>
   </div>
   <div class='ocr_carea' id='block_1_5' title="bbox 275 1010 1404 1053">
    <p class='ocr_par' dir='ltr' id='par_1_6' title="bbox 275 1010 1404 1053">
     <span class='ocr_line' id='line_1_14' title="bbox 275 1010 1404 1053; baseline 0.002 -14"><span class='ocrx_word' id='word_1_114' title='bbox 275 1010 427 1040; x_wconf 90' lang='lat' dir='ltr'>UTRUM</span> <span class='ocrx_word' id='word_1_115' title='bbox 458 1010 633 1046; x_wconf 88' lang='lat' dir='ltr'><strong>ALIQUIS</strong></span> <span class='ocrx_word' id='word_1_116' title='bbox 665 1010 812 1040; x_wconf 89' lang='lat' dir='ltr'>POSSIT</span> <span class='ocrx_word' id='word_1_117' title='bbox 844 1011 945 1040; x_wconf 89' lang='lat' dir='ltr'><strong>PATI</strong></span> <span class='ocrx_word' id='word_1_118' title='bbox 978 1010 1190 1053; x_wconf 83' lang='lat' dir='ltr'>INJUSTUM</span> <span class='ocrx_word' id='word_1_119' title='bbox 1220 1010 1404 1041; x_wconf 84' lang='lat' dir='ltr'>VOLENS.</span> 
     </span>
    </p>
   </div>
   <div class='ocr_carea' id='block_1_6' title="bbox 350 1109 1317 1156">
    <p class='ocr_par' dir='ltr' id='par_1_7' title="bbox 350 1109 1317 1156">
     <span class='ocr_line' id='line_1_15' title="bbox 350 1109 1317 1156; baseline 0 -12"><span class='ocrx_word' id='word_1_120' title='bbox 350 1109 452 1155; x_wconf 83' lang='lat' dir='ltr'>(Infr.</span> <span class='ocrx_word' id='word_1_121' title='bbox 466 1121 495 1155; x_wconf 85' lang='lat' dir='ltr'>q.</span> <span class='ocrx_word' id='word_1_122' title='bbox 512 1109 569 1145; x_wconf 82' lang='lat'>66.</span> <span class='ocrx_word' id='word_1_123' title='bbox 585 1114 647 1144; x_wconf 85' lang='lat' dir='ltr'>art.</span> <span class='ocrx_word' id='word_1_124' title='bbox 662 1120 696 1154; x_wconf 84' lang='lat'>4.</span> <span class='ocrx_word' id='word_1_125' title='bbox 712 1115 800 1156; x_wconf 74' lang='lat' dir='ltr'>corp.</span> <span class='ocrx_word' id='word_1_126' title='bbox 815 1114 882 1155; x_wconf 72' lang='lat' dir='ltr'>etj.</span> <span class='ocrx_word' id='word_1_127' title='bbox 896 1109 970 1144; x_wconf 69' lang='grc' dir='ltr'><em>ΕΗ).</em></span> <span class='ocrx_word' id='word_1_128' title='bbox 987 1109 1059 1144; x_wconf 70' lang='lat' dir='ltr'>lact.</span> <span class='ocrx_word' id='word_1_129' title='bbox 1074 1121 1125 1144; x_wconf 80' lang='lat'>12.</span> <span class='ocrx_word' id='word_1_130' title='bbox 1139 1121 1181 1156; x_wconf 80' lang='lat'>13.</span> <span class='ocrx_word' id='word_1_131' title='bbox 1196 1110 1317 1155; x_wconf 77' lang='lat' dir='ltr'>et14.).</span> 
     </span>
    </p>
   </div>
   <div class='ocr_carea' id='block_1_7' title="bbox 2 1209 1616 2908">
    <p class='ocr_par' dir='ltr' id='par_1_8' title="bbox 2 1209 1614 1524">
     <span class='ocr_line' id='line_1_16' title="bbox 127 1209 1611 1256; baseline -0.003 -11"><span class='ocrx_word' id='word_1_132' title='bbox 127 1211 186 1245; x_wconf 77' lang='grc' dir='ltr'>ΑΒ</span> <span class='ocrx_word' id='word_1_133' title='bbox 209 1220 379 1244; x_wconf 78' lang='lat' dir='ltr'>TERTIUM</span> <span class='ocrx_word' id='word_1_134' title='bbox 401 1210 451 1244; x_wconf 91' lang='lat' dir='ltr'>sic</span> <span class='ocrx_word' id='word_1_135' title='bbox 482 1209 697 1256; x_wconf 86' lang='lat' dir='ltr'>proceditur.</span> <span class='ocrx_word' id='word_1_136' title='bbox 725 1209 887 1252; x_wconf 85' lang='lat' dir='ltr'>Videtur,</span> <span class='ocrx_word' id='word_1_137' title='bbox 916 1210 1012 1255; x_wconf 86' lang='lat' dir='ltr'>quod</span> <span class='ocrx_word' id='word_1_138' title='bbox 1040 1209 1167 1255; x_wconf 86' lang='lat' dir='ltr'>aliquis</span> <span class='ocrx_word' id='word_1_139' title='bbox 1194 1209 1308 1255; x_wconf 89' lang='lat' dir='ltr'>possit</span> <span class='ocrx_word' id='word_1_140' title='bbox 1338 1209 1410 1255; x_wconf 82' lang='lat' dir='ltr'>pati</span> <span class='ocrx_word' id='word_1_141' title='bbox 1439 1209 1611 1254; x_wconf 81' lang='lat' dir='ltr'>injustum</span> 
     </span>
     <span class='ocr_line' id='line_1_17' title="bbox 2 1261 1614 1311; baseline -0.001 -14"><span class='ocrx_word' id='word_1_142' title='bbox 2 1307 3 1311; x_wconf 13' lang='grc' dir='ltr'><strong>Ἰ</strong></span> <span class='ocrx_word' id='word_1_143' title='bbox 55 1264 198 1298; x_wconf 86' lang='lat' dir='ltr'>volens:</span> <span class='ocrx_word' id='word_1_144' title='bbox 220 1264 390 1309; x_wconf 85' lang='lat' dir='ltr'>injustum</span> <span class='ocrx_word' id='word_1_145' title='bbox 412 1263 507 1297; x_wconf 88' lang='lat' dir='ltr'>enim</span> <span class='ocrx_word' id='word_1_146' title='bbox 531 1271 583 1297; x_wconf 88' lang='lat' dir='ltr'>est</span> <span class='ocrx_word' id='word_1_147' title='bbox 603 1262 803 1309; x_wconf 81' lang='lat' dir='ltr'>inaequale,</span> <span class='ocrx_word' id='word_1_148' title='bbox 827 1270 864 1296; x_wconf 93' lang='lat' dir='ltr'>ut</span> <span class='ocrx_word' id='word_1_149' title='bbox 886 1263 1021 1296; x_wconf 87' lang='lat' dir='ltr'>dictum</span> <span class='ocrx_word' id='word_1_150' title='bbox 1046 1271 1097 1297; x_wconf 85' lang='lat' dir='ltr'>est</span> <span class='ocrx_word' id='word_1_151' title='bbox 1121 1262 1200 1306; x_wconf 75' lang='lat' dir='ltr'>(art.</span> <span class='ocrx_word' id='word_1_152' title='bbox 1219 1263 1369 1309; x_wconf 63' lang='lat' dir='ltr'>praec.):</span> <span class='ocrx_word' id='word_1_153' title='bbox 1398 1263 1459 1296; x_wconf 89' lang='lat' dir='ltr'>sed</span> <span class='ocrx_word' id='word_1_154' title='bbox 1486 1261 1614 1307; x_wconf 83' lang='lat' dir='ltr'>aliquis</span> 
     </span>
     <span class='ocr_line' id='line_1_18' title="bbox 56 1314 1614 1363; baseline -0.002 -11"><span class='ocrx_word' id='word_1_155' title='bbox 56 1317 233 1352; x_wconf 87' lang='lat' dir='ltr'>laedendo</span> <span class='ocrx_word' id='word_1_156' title='bbox 255 1317 413 1363; x_wconf 87' lang='lat' dir='ltr'>seipsum</span> <span class='ocrx_word' id='word_1_157' title='bbox 435 1317 569 1350; x_wconf 85' lang='lat' dir='ltr'>recedit</span> <span class='ocrx_word' id='word_1_158' title='bbox 590 1316 632 1350; x_wconf 87' lang='lat' dir='ltr'>ab</span> <span class='ocrx_word' id='word_1_159' title='bbox 656 1316 883 1362; x_wconf 84' lang='lat' dir='ltr'>aequalitate,</span> <span class='ocrx_word' id='word_1_160' title='bbox 906 1316 997 1350; x_wconf 88' lang='lat' dir='ltr'>sicut</span> <span class='ocrx_word' id='word_1_161' title='bbox 1018 1324 1052 1350; x_wconf 91' lang='lat' dir='ltr'>et</span> <span class='ocrx_word' id='word_1_162' title='bbox 1078 1315 1255 1350; x_wconf 84' lang='lat' dir='ltr'>laedendo</span> <span class='ocrx_word' id='word_1_163' title='bbox 1285 1315 1414 1357; x_wconf 79' lang='lat' dir='ltr'>alium3</span> <span class='ocrx_word' id='word_1_164' title='bbox 1446 1327 1532 1360; x_wconf 81' lang='lat' dir='ltr'>ergo</span> <span class='ocrx_word' id='word_1_165' title='bbox 1556 1314 1614 1348; x_wconf 84' lang='lat' dir='ltr'>ali-</span> 
     </span>
     <span class='ocr_line' id='line_1_19' title="bbox 3 1368 1612 1418; baseline -0.002 -13"><span class='ocrx_word' id='word_1_166' title='bbox 3 1405 4 1418; x_wconf 26' lang='lat'>:</span> <span class='ocrx_word' id='word_1_167' title='bbox 57 1371 135 1418; x_wconf 90' lang='lat' dir='ltr'>quis</span> <span class='ocrx_word' id='word_1_168' title='bbox 156 1378 275 1417; x_wconf 91' lang='lat' dir='ltr'>potest</span> <span class='ocrx_word' id='word_1_169' title='bbox 295 1370 361 1404; x_wconf 87' lang='lat' dir='ltr'>sibi</span> <span class='ocrx_word' id='word_1_170' title='bbox 380 1370 445 1415; x_wconf 86' lang='lat' dir='ltr'>ipsi</span> <span class='ocrx_word' id='word_1_171' title='bbox 467 1369 584 1404; x_wconf 87' lang='lat' dir='ltr'>facere</span> <span class='ocrx_word' id='word_1_172' title='bbox 602 1370 785 1415; x_wconf 85' lang='lat' dir='ltr'>injustum,</span> <span class='ocrx_word' id='word_1_173' title='bbox 808 1370 899 1404; x_wconf 84' lang='lat' dir='ltr'>sicut</span> <span class='ocrx_word' id='word_1_174' title='bbox 922 1377 956 1403; x_wconf 93' lang='lat' dir='ltr'>et</span> <span class='ocrx_word' id='word_1_175' title='bbox 977 1368 1097 1403; x_wconf 87' lang='lat' dir='ltr'>alteri:</span> <span class='ocrx_word' id='word_1_176' title='bbox 1120 1370 1182 1403; x_wconf 85' lang='lat' dir='ltr'>sed</span> <span class='ocrx_word' id='word_1_177' title='bbox 1209 1369 1427 1415; x_wconf 85' lang='lat' dir='ltr'>quicumque</span> <span class='ocrx_word' id='word_1_178' title='bbox 1443 1368 1528 1402; x_wconf 87' lang='lat' dir='ltr'>facit</span> <span class='ocrx_word' id='word_1_179' title='bbox 1547 1368 1612 1402; x_wconf 88' lang='lat' dir='ltr'>sibi</span> 
     </span>
     <span class='ocr_line' id='line_1_20' title="bbox 57 1422 1613 1470; baseline -0.002 -11.134"><span class='ocrx_word' id='word_1_180' title='bbox 57 1426 239 1470; x_wconf 85' lang='lat' dir='ltr'>injustum,</span> <span class='ocrx_word' id='word_1_181' title='bbox 260 1423 386 1458; x_wconf 90' lang='lat' dir='ltr'>volens</span> <span class='ocrx_word' id='word_1_182' title='bbox 407 1423 510 1466; x_wconf 81' lang='lat' dir='ltr'>facit3</span> <span class='ocrx_word' id='word_1_183' title='bbox 530 1435 616 1470; x_wconf 81' lang='lat' dir='ltr'>ergo</span> <span class='ocrx_word' id='word_1_184' title='bbox 639 1422 766 1469; x_wconf 88' lang='lat' dir='ltr'>aliquis</span> <span class='ocrx_word' id='word_1_185' title='bbox 794 1422 921 1457; x_wconf 82' lang='lat' dir='ltr'>volens</span> <span class='ocrx_word' id='word_1_186' title='bbox 952 1430 1070 1469; x_wconf 90' lang='lat' dir='ltr'>potest</span> <span class='ocrx_word' id='word_1_187' title='bbox 1098 1422 1172 1468; x_wconf 86' lang='lat' dir='ltr'>pati</span> <span class='ocrx_word' id='word_1_188' title='bbox 1198 1423 1382 1468; x_wconf 78' lang='lat' dir='ltr'>injustum,</span> <span class='ocrx_word' id='word_1_189' title='bbox 1409 1422 1566 1456; x_wconf 74' lang='lat' dir='ltr'>maxime</span> <span class='ocrx_word' id='word_1_190' title='bbox 1594 1433 1613 1455; x_wconf 90' lang='lat' dir='ltr'>a</span> 
     </span>
     <span class='ocr_line' id='line_1_21' title="bbox 3 1478 187 1524; baseline 0 -12"><span class='ocrx_word' id='word_1_191' title='bbox 3 1486 4 1493; x_wconf 63' lang='lat'>¹</span> <span class='ocrx_word' id='word_1_192' title='bbox 57 1478 187 1524; x_wconf 88' lang='lat' dir='ltr'>seipso.</span> 
     </span>
    </p>

    <p class='ocr_par' dir='ltr' id='par_1_9' title="bbox 2 1528 1614 1844">
     <span class='ocr_line' id='line_1_22' title="bbox 128 1528 1612 1575; baseline -0.003 -9"><span class='ocrx_word' id='word_1_193' title='bbox 128 1541 159 1565; x_wconf 88' lang='lat'>2.</span> <span class='ocrx_word' id='word_1_194' title='bbox 181 1531 416 1566; x_wconf 77' lang='lat' dir='ltr'>PRAETEREA.</span> <span class='ocrx_word' id='word_1_195' title='bbox 437 1529 566 1564; x_wconf 88' lang='lat' dir='ltr'>Nullus</span> <span class='ocrx_word' id='word_1_196' title='bbox 586 1529 785 1563; x_wconf 87' lang='lat' dir='ltr'>secundum</span> <span class='ocrx_word' id='word_1_197' title='bbox 806 1529 926 1575; x_wconf 86' lang='lat' dir='ltr'>legem</span> <span class='ocrx_word' id='word_1_198' title='bbox 946 1528 1090 1562; x_wconf 90' lang='lat' dir='ltr'>civilem</span> <span class='ocrx_word' id='word_1_199' title='bbox 1111 1528 1265 1574; x_wconf 89' lang='lat' dir='ltr'>punitur,</span> <span class='ocrx_word' id='word_1_200' title='bbox 1286 1528 1354 1562; x_wconf 90' lang='lat' dir='ltr'>nisi</span> <span class='ocrx_word' id='word_1_201' title='bbox 1375 1536 1521 1574; x_wconf 87' lang='lat' dir='ltr'>propter</span> <span class='ocrx_word' id='word_1_202' title='bbox 1541 1528 1612 1562; x_wconf 91' lang='lat' dir='ltr'>hoc</span> 
     </span>
     <span class='ocr_line' id='line_1_23' title="bbox 58 1581 1614 1631; baseline -0.002 -12"><span class='ocrx_word' id='word_1_203' title='bbox 58 1585 153 1631; x_wconf 91' lang='lat' dir='ltr'>quod</span> <span class='ocrx_word' id='word_1_204' title='bbox 176 1584 262 1619; x_wconf 88' lang='lat' dir='ltr'>facit</span> <span class='ocrx_word' id='word_1_205' title='bbox 283 1583 441 1629; x_wconf 87' lang='lat' dir='ltr'>aliquam</span> <span class='ocrx_word' id='word_1_206' title='bbox 462 1583 688 1628; x_wconf 79' lang='lat' dir='ltr'>injustitiam:</span> <span class='ocrx_word' id='word_1_207' title='bbox 711 1582 773 1617; x_wconf 91' lang='lat' dir='ltr'>sed</span> <span class='ocrx_word' id='word_1_208' title='bbox 792 1582 844 1616; x_wconf 90' lang='lat' dir='ltr'>illi</span> <span class='ocrx_word' id='word_1_209' title='bbox 865 1582 925 1628; x_wconf 88' lang='lat' dir='ltr'>qui</span> <span class='ocrx_word' id='word_1_210' title='bbox 947 1582 1156 1616; x_wconf 87' lang='lat' dir='ltr'>interimunt</span> <span class='ocrx_word' id='word_1_211' title='bbox 1177 1582 1325 1628; x_wconf 87' lang='lat' dir='ltr'>seipsos,</span> <span class='ocrx_word' id='word_1_212' title='bbox 1348 1581 1541 1627; x_wconf 87' lang='lat' dir='ltr'>puniuntur</span> <span class='ocrx_word' id='word_1_213' title='bbox 1563 1593 1614 1616; x_wconf 89' lang='lat' dir='ltr'>se-</span> 
     </span>
     <span class='ocr_line' id='line_1_24' title="bbox 6 1635 1613 1683; baseline -0.002 -11"><span class='ocrx_word' id='word_1_214' title='bbox 6 1674 7 1678; x_wconf 53' lang='grc'>,</span> <span class='ocrx_word' id='word_1_215' title='bbox 58 1638 216 1672; x_wconf 91' lang='lat' dir='ltr'>cundum</span> <span class='ocrx_word' id='word_1_216' title='bbox 237 1637 336 1683; x_wconf 82' lang='lat' dir='ltr'>leges</span> <span class='ocrx_word' id='word_1_217' title='bbox 359 1637 544 1671; x_wconf 79' lang='lat' dir='ltr'>civitatum</span> <span class='ocrx_word' id='word_1_218' title='bbox 566 1637 601 1670; x_wconf 91' lang='lat' dir='ltr'>in</span> <span class='ocrx_word' id='word_1_219' title='bbox 623 1636 707 1678; x_wconf 89' lang='lat' dir='ltr'>hoc,</span> <span class='ocrx_word' id='word_1_220' title='bbox 734 1636 829 1682; x_wconf 91' lang='lat' dir='ltr'>quod</span> <span class='ocrx_word' id='word_1_221' title='bbox 856 1635 1086 1680; x_wconf 84' lang='lat' dir='ltr'>privabantur</span> <span class='ocrx_word' id='word_1_222' title='bbox 1113 1635 1306 1680; x_wconf 83' lang='lat' dir='ltr'>antiquitus</span> <span class='ocrx_word' id='word_1_223' title='bbox 1331 1635 1472 1669; x_wconf 88' lang='lat' dir='ltr'>honore</span> <span class='ocrx_word' id='word_1_224' title='bbox 1499 1635 1613 1681; x_wconf 88' lang='lat' dir='ltr'>sepul-</span> 
     </span>
     <span class='ocr_line' id='line_1_25' title="bbox 6 1688 1611 1737; baseline -0.002 -12"><span class='ocrx_word' id='word_1_225' title='bbox 6 1715 7 1732; x_wconf 49' lang='lat'><em>3</em></span> <span class='ocrx_word' id='word_1_226' title='bbox 57 1699 168 1733; x_wconf 84' lang='lat' dir='ltr'>turae,</span> <span class='ocrx_word' id='word_1_227' title='bbox 202 1699 239 1725; x_wconf 92' lang='lat' dir='ltr'>ut</span> <span class='ocrx_word' id='word_1_228' title='bbox 272 1699 369 1737; x_wconf 90' lang='lat' dir='ltr'>patet</span> <span class='ocrx_word' id='word_1_229' title='bbox 402 1702 464 1736; x_wconf 86' lang='lat' dir='ltr'>per</span> <span class='ocrx_word' id='word_1_230' title='bbox 496 1689 632 1724; x_wconf 90' lang='lat' dir='ltr'>Philos.</span> <span class='ocrx_word' id='word_1_231' title='bbox 655 1691 689 1723; x_wconf 91' lang='lat' dir='ltr'>in</span> <span class='ocrx_word' id='word_1_232' title='bbox 716 1700 743 1734; x_wconf 79' lang='lat'>5.</span> <span class='ocrx_word' id='word_1_233' title='bbox 766 1689 881 1723; x_wconf 88' lang='lat' dir='ltr'>Ethic.</span> <span class='ocrx_word' id='word_1_234' title='bbox 905 1689 1046 1734; x_wconf 75' lang='lat' dir='ltr'>(implic.</span> <span class='ocrx_word' id='word_1_235' title='bbox 1073 1694 1143 1734; x_wconf 74' lang='lat' dir='ltr'>cap.</span> <span class='ocrx_word' id='word_1_236' title='bbox 1174 1688 1232 1723; x_wconf 81' lang='lat' dir='ltr'>ult.</span> <span class='ocrx_word' id='word_1_237' title='bbox 1258 1688 1309 1723; x_wconf 70' lang='lat' dir='ltr'>sed</span> <span class='ocrx_word' id='word_1_238' title='bbox 1334 1694 1457 1734; x_wconf 68' lang='lat' dir='ltr'>expres.</span> <span class='ocrx_word' id='word_1_239' title='bbox 1480 1689 1553 1722; x_wconf 80' lang='lat' dir='ltr'>hab.</span> <span class='ocrx_word' id='word_1_240' title='bbox 1577 1690 1611 1722; x_wconf 83' lang='lat' dir='ltr'>in</span> 
     </span>
     <span class='ocr_line' id='line_1_26' title="bbox 2 1741 1611 1791; baseline -0.002 -12"><span class='ocrx_word' id='word_1_241' title='bbox 2 1764 3 1769; x_wconf 67' lang='lat'>=</span> <span class='ocrx_word' id='word_1_242' title='bbox 56 1745 226 1791; x_wconf 58' lang='lat' dir='ltr'>⁸S&#39;yntagm.</span> <span class='ocrx_word' id='word_1_243' title='bbox 245 1745 331 1790; x_wconf 77' lang='lat' dir='ltr'>juris</span> <span class='ocrx_word' id='word_1_244' title='bbox 353 1744 408 1778; x_wconf 79' lang='lat' dir='ltr'>lib.</span> <span class='ocrx_word' id='word_1_245' title='bbox 428 1755 478 1789; x_wconf 85' lang='lat'>32.</span> <span class='ocrx_word' id='word_1_246' title='bbox 501 1749 570 1788; x_wconf 76' lang='lat' dir='ltr'>cap.</span> <span class='ocrx_word' id='word_1_247' title='bbox 592 1743 685 1788; x_wconf 86' lang='lat'><em>29.)‚·</em></span> <span class='ocrx_word' id='word_1_248' title='bbox 710 1753 796 1787; x_wconf 86' lang='lat' dir='ltr'>ergo</span> <span class='ocrx_word' id='word_1_249' title='bbox 819 1742 946 1787; x_wconf 85' lang='lat' dir='ltr'>aliquis</span> <span class='ocrx_word' id='word_1_250' title='bbox 967 1749 1085 1787; x_wconf 86' lang='lat' dir='ltr'>potest</span> <span class='ocrx_word' id='word_1_251' title='bbox 1105 1741 1223 1776; x_wconf 87' lang='lat' dir='ltr'>facere</span> <span class='ocrx_word' id='word_1_252' title='bbox 1245 1742 1311 1776; x_wconf 89' lang='lat' dir='ltr'>sibi</span> <span class='ocrx_word' id='word_1_253' title='bbox 1331 1741 1398 1787; x_wconf 87' lang='lat' dir='ltr'>ipsi</span> <span class='ocrx_word' id='word_1_254' title='bbox 1420 1741 1611 1787; x_wconf 86' lang='lat' dir='ltr'>injustum:</span> 
     </span>
     <span class='ocr_line' id='line_1_27' title="bbox 8 1794 1162 1844; baseline -0.003 -12"><span class='ocrx_word' id='word_1_255' title='bbox 8 1838 9 1844; x_wconf 12' lang='grc' dir='ltr'>ἵ</span> <span class='ocrx_word' id='word_1_256' title='bbox 57 1806 92 1833; x_wconf 86' lang='lat' dir='ltr'>et</span> <span class='ocrx_word' id='word_1_257' title='bbox 111 1798 160 1832; x_wconf 89' lang='lat' dir='ltr'>ita</span> <span class='ocrx_word' id='word_1_258' title='bbox 182 1797 368 1843; x_wconf 86' lang='lat' dir='ltr'>contingit,</span> <span class='ocrx_word' id='word_1_259' title='bbox 391 1796 487 1842; x_wconf 90' lang='lat' dir='ltr'>quod</span> <span class='ocrx_word' id='word_1_260' title='bbox 509 1795 636 1841; x_wconf 85' lang='lat' dir='ltr'>aliquis</span> <span class='ocrx_word' id='word_1_261' title='bbox 659 1796 831 1841; x_wconf 86' lang='lat' dir='ltr'>injustum</span> <span class='ocrx_word' id='word_1_262' title='bbox 852 1795 1005 1840; x_wconf 84' lang='lat' dir='ltr'>patiatur</span> <span class='ocrx_word' id='word_1_263' title='bbox 1025 1794 1162 1829; x_wconf 91' lang='lat' dir='ltr'>volens.</span> 
     </span>
    </p>

    <p class='ocr_par' dir='ltr' id='par_1_10' title="bbox 4 1847 1615 2059">
     <span class='ocr_line' id='line_1_28' title="bbox 131 1847 1614 1896; baseline -0.003 -10"><span class='ocrx_word' id='word_1_264' title='bbox 131 1863 159 1896; x_wconf 83' lang='lat'>3.</span> <span class='ocrx_word' id='word_1_265' title='bbox 186 1851 421 1885; x_wconf 75' lang='lat' dir='ltr'>PRAETEREA.</span> <span class='ocrx_word' id='word_1_266' title='bbox 447 1849 577 1884; x_wconf 87' lang='lat' dir='ltr'>Nullus</span> <span class='ocrx_word' id='word_1_267' title='bbox 603 1848 687 1883; x_wconf 86' lang='lat' dir='ltr'>facit</span> <span class='ocrx_word' id='word_1_268' title='bbox 713 1849 896 1893; x_wconf 81' lang='lat' dir='ltr'>injustum,</span> <span class='ocrx_word' id='word_1_269' title='bbox 923 1848 991 1882; x_wconf 89' lang='lat' dir='ltr'>nisi</span> <span class='ocrx_word' id='word_1_270' title='bbox 1027 1847 1133 1881; x_wconf 88' lang='lat' dir='ltr'>alicui</span> <span class='ocrx_word' id='word_1_271' title='bbox 1159 1847 1307 1894; x_wconf 88' lang='lat' dir='ltr'>patienti</span> <span class='ocrx_word' id='word_1_272' title='bbox 1332 1847 1523 1893; x_wconf 85' lang='lat' dir='ltr'>injustum:</span> <span class='ocrx_word' id='word_1_273' title='bbox 1551 1849 1614 1882; x_wconf 91' lang='lat' dir='ltr'>sed</span> 
     </span>
     <span class='ocr_line' id='line_1_29' title="bbox 4 1900 1614 1950; baseline -0.002 -11"><span class='ocrx_word' id='word_1_274' title='bbox 4 1921 10 1946; x_wconf 57' lang='lat' dir='ltr'><strong><em>J</em></strong></span> <span class='ocrx_word' id='word_1_275' title='bbox 57 1905 244 1950; x_wconf 86' lang='lat' dir='ltr'>contingit,</span> <span class='ocrx_word' id='word_1_276' title='bbox 267 1904 362 1950; x_wconf 87' lang='lat' dir='ltr'>quod</span> <span class='ocrx_word' id='word_1_277' title='bbox 390 1902 516 1949; x_wconf 89' lang='lat' dir='ltr'>aliquis</span> <span class='ocrx_word' id='word_1_278' title='bbox 542 1902 651 1936; x_wconf 84' lang='lat' dir='ltr'>faciat</span> <span class='ocrx_word' id='word_1_279' title='bbox 676 1902 847 1947; x_wconf 82' lang='lat' dir='ltr'>injustum</span> <span class='ocrx_word' id='word_1_280' title='bbox 870 1900 976 1934; x_wconf 85' lang='lat' dir='ltr'>alicui</span> <span class='ocrx_word' id='word_1_281' title='bbox 1002 1901 1073 1935; x_wconf 90' lang='lat' dir='ltr'>hoc</span> <span class='ocrx_word' id='word_1_282' title='bbox 1100 1900 1246 1942; x_wconf 86' lang='lat' dir='ltr'>volens;</span> <span class='ocrx_word' id='word_1_283' title='bbox 1268 1908 1352 1947; x_wconf 84' lang='lat' dir='ltr'>puta</span> <span class='ocrx_word' id='word_1_284' title='bbox 1374 1901 1403 1935; x_wconf 87' lang='lat' dir='ltr'>si</span> <span class='ocrx_word' id='word_1_285' title='bbox 1423 1901 1555 1936; x_wconf 85' lang='lat' dir='ltr'>vendat</span> <span class='ocrx_word' id='word_1_286' title='bbox 1582 1902 1614 1936; x_wconf 92' lang='lat' dir='ltr'>ei</span> 
     </span>
     <span class='ocr_line' id='line_1_30' title="bbox 9 1953 1615 2003; baseline -0.004 -10"><span class='ocrx_word' id='word_1_287' title='bbox 9 1964 11 1994; x_wconf 50' lang='grc' dir='ltr'><strong>ὲ</strong></span> <span class='ocrx_word' id='word_1_288' title='bbox 56 1970 134 1993; x_wconf 90' lang='lat' dir='ltr'>rem</span> <span class='ocrx_word' id='word_1_289' title='bbox 161 1957 288 2000; x_wconf 88' lang='lat' dir='ltr'>carius,</span> <span class='ocrx_word' id='word_1_290' title='bbox 323 1968 433 2003; x_wconf 89' lang='lat' dir='ltr'>quam</span> <span class='ocrx_word' id='word_1_291' title='bbox 458 1955 598 1998; x_wconf 84' lang='lat' dir='ltr'>valeat;</span> <span class='ocrx_word' id='word_1_292' title='bbox 626 1966 712 2000; x_wconf 85' lang='lat' dir='ltr'>ergo</span> <span class='ocrx_word' id='word_1_293' title='bbox 747 1954 923 2000; x_wconf 87' lang='lat' dir='ltr'>contingit</span> <span class='ocrx_word' id='word_1_294' title='bbox 955 1953 1112 2000; x_wconf 87' lang='lat' dir='ltr'>aliquem</span> <span class='ocrx_word' id='word_1_295' title='bbox 1138 1953 1324 1988; x_wconf 80' lang='lat' dir='ltr'>volentem</span> <span class='ocrx_word' id='word_1_296' title='bbox 1359 1954 1493 2000; x_wconf 87' lang='lat' dir='ltr'>aliquid</span> <span class='ocrx_word' id='word_1_297' title='bbox 1526 1955 1615 2000; x_wconf 84' lang='lat' dir='ltr'>inju-</span> 
     </span>
     <span class='ocr_line' id='line_1_31' title="bbox 10 2011 256 2059; baseline -0.008 -13"><span class='ocrx_word' id='word_1_298' title='bbox 10 2051 11 2059; x_wconf 13' lang='grc' dir='ltr'>ἵ</span> <span class='ocrx_word' id='word_1_299' title='bbox 56 2019 152 2046; x_wconf 89' lang='lat' dir='ltr'>stum</span> <span class='ocrx_word' id='word_1_300' title='bbox 173 2011 256 2057; x_wconf 86' lang='lat' dir='ltr'>pati.</span> 
     </span>
    </p>

    <p class='ocr_par' dir='ltr' id='par_1_11' title="bbox 6 2059 1616 2216">
     <span class='ocr_line' id='line_1_32' title="bbox 11 2059 1611 2108; baseline -0.003 -8"><span class='ocrx_word' id='word_1_301' title='bbox 11 2102 12 2105; x_wconf 57' lang='grc'>,</span> <span class='ocrx_word' id='word_1_302' title='bbox 129 2065 203 2099; x_wconf 81' lang='lat' dir='ltr'>SED</span> <span class='ocrx_word' id='word_1_303' title='bbox 231 2074 385 2099; x_wconf 82' lang='lat' dir='ltr'>CONTRA</span> <span class='ocrx_word' id='word_1_304' title='bbox 408 2070 470 2104; x_wconf 88' lang='lat' dir='ltr'>est,</span> <span class='ocrx_word' id='word_1_305' title='bbox 492 2061 589 2108; x_wconf 88' lang='lat' dir='ltr'>quod</span> <span class='ocrx_word' id='word_1_306' title='bbox 610 2063 766 2106; x_wconf 70' lang='lat' dir='ltr'>injustum</span> <span class='ocrx_word' id='word_1_307' title='bbox 790 2061 864 2107; x_wconf 75' lang='lat' dir='ltr'>pati</span> <span class='ocrx_word' id='word_1_308' title='bbox 886 2068 939 2094; x_wconf 92' lang='lat' dir='ltr'>est</span> <span class='ocrx_word' id='word_1_309' title='bbox 959 2060 1166 2106; x_wconf 86' lang='lat' dir='ltr'>oppositum</span> <span class='ocrx_word' id='word_1_310' title='bbox 1188 2061 1230 2102; x_wconf 84' lang='lat' dir='ltr'>ei,</span> <span class='ocrx_word' id='word_1_311' title='bbox 1254 2059 1349 2106; x_wconf 89' lang='lat' dir='ltr'>quod</span> <span class='ocrx_word' id='word_1_312' title='bbox 1377 2068 1430 2094; x_wconf 89' lang='lat' dir='ltr'>est</span> <span class='ocrx_word' id='word_1_313' title='bbox 1456 2061 1611 2105; x_wconf 71' lang='lat' dir='ltr'>injustum</span> 
     </span>
     <span class='ocr_line' id='line_1_33' title="bbox 6 2108 1616 2164; baseline -0.004 -10"><span class='ocrx_word' id='word_1_314' title='bbox 6 2108 12 2155; x_wconf 68' lang='lat'>¹:</span> <span class='ocrx_word' id='word_1_315' title='bbox 49 2119 184 2164; x_wconf 76' lang='lat' dir='ltr'>facere:</span> <span class='ocrx_word' id='word_1_316' title='bbox 207 2117 267 2152; x_wconf 88' lang='lat' dir='ltr'>sed</span> <span class='ocrx_word' id='word_1_317' title='bbox 289 2116 408 2151; x_wconf 89' lang='lat' dir='ltr'>nullus</span> <span class='ocrx_word' id='word_1_318' title='bbox 429 2115 515 2150; x_wconf 77' lang='lat' dir='ltr'>facit</span> <span class='ocrx_word' id='word_1_319' title='bbox 539 2116 712 2160; x_wconf 83' lang='lat' dir='ltr'>injustum</span> <span class='ocrx_word' id='word_1_320' title='bbox 738 2114 807 2148; x_wconf 88' lang='lat' dir='ltr'>nisi</span> <span class='ocrx_word' id='word_1_321' title='bbox 827 2113 969 2157; x_wconf 83' lang='lat' dir='ltr'>volens;</span> <span class='ocrx_word' id='word_1_322' title='bbox 989 2125 1076 2160; x_wconf 84' lang='lat' dir='ltr'>ergo</span> <span class='ocrx_word' id='word_1_323' title='bbox 1102 2125 1164 2160; x_wconf 91' lang='lat' dir='ltr'>per</span> <span class='ocrx_word' id='word_1_324' title='bbox 1191 2114 1399 2160; x_wconf 84' lang='lat' dir='ltr'>oppositum</span> <span class='ocrx_word' id='word_1_325' title='bbox 1417 2113 1536 2148; x_wconf 89' lang='lat' dir='ltr'>nullus</span> <span class='ocrx_word' id='word_1_326' title='bbox 1557 2125 1616 2160; x_wconf 86' lang='lat' dir='ltr'>pa-</span> 
     </span>
     <span class='ocr_line' id='line_1_34' title="bbox 11 2168 582 2216; baseline -0.007 -10"><span class='ocrx_word' id='word_1_327' title='bbox 11 2174 13 2186; x_wconf 74' lang='lat'><em>*</em></span> <span class='ocrx_word' id='word_1_328' title='bbox 57 2171 141 2206; x_wconf 84' lang='lat' dir='ltr'>titur</span> <span class='ocrx_word' id='word_1_329' title='bbox 162 2171 334 2216; x_wconf 85' lang='lat' dir='ltr'>injustum</span> <span class='ocrx_word' id='word_1_330' title='bbox 355 2169 423 2203; x_wconf 89' lang='lat' dir='ltr'>nisi</span> <span class='ocrx_word' id='word_1_331' title='bbox 444 2168 582 2203; x_wconf 89' lang='lat' dir='ltr'>nolens.</span> 
     </span>
    </p>

    <p class='ocr_par' dir='ltr' id='par_1_12' title="bbox 12 2216 1616 2855">
     <span class='ocr_line' id='line_1_35' title="bbox 12 2216 1610 2268; baseline -0.004 -8"><span class='ocrx_word' id='word_1_332' title='bbox 12 2216 13 2264; x_wconf 51' lang='lat' dir='ltr'>J</span> <span class='ocrx_word' id='word_1_333' title='bbox 128 2225 356 2259; x_wconf 77' lang='lat' dir='ltr'>RESPONDEO</span> <span class='ocrx_word' id='word_1_334' title='bbox 376 2223 580 2263; x_wconf 87' lang='lat' dir='ltr'>dicendum,</span> <span class='ocrx_word' id='word_1_335' title='bbox 596 2221 692 2268; x_wconf 90' lang='lat' dir='ltr'>quod</span> <span class='ocrx_word' id='word_1_336' title='bbox 707 2220 800 2254; x_wconf 87' lang='lat' dir='ltr'>actio</span> <span class='ocrx_word' id='word_1_337' title='bbox 817 2220 859 2254; x_wconf 91' lang='lat' dir='ltr'>de</span> <span class='ocrx_word' id='word_1_338' title='bbox 874 2221 927 2255; x_wconf 89' lang='lat' dir='ltr'>sui</span> <span class='ocrx_word' id='word_1_339' title='bbox 942 2221 1080 2254; x_wconf 87' lang='lat' dir='ltr'>ratione</span> <span class='ocrx_word' id='word_1_340' title='bbox 1098 2220 1261 2266; x_wconf 83' lang='lat' dir='ltr'>procedit</span> <span class='ocrx_word' id='word_1_341' title='bbox 1276 2220 1316 2254; x_wconf 83' lang='lat' dir='ltr'>ab</span> <span class='ocrx_word' id='word_1_342' title='bbox 1333 2228 1473 2265; x_wconf 86' lang='lat' dir='ltr'>agente:</span> <span class='ocrx_word' id='word_1_343' title='bbox 1492 2221 1610 2266; x_wconf 87' lang='lat' dir='ltr'>passio</span> 
     </span>
     <span class='ocr_line' id='line_1_36' title="bbox 13 2273 1609 2322; baseline -0.003 -10"><span class='ocrx_word' id='word_1_344' title='bbox 13 2298 14 2318; x_wconf 70' lang='lat'>3</span> <span class='ocrx_word' id='word_1_345' title='bbox 59 2285 179 2312; x_wconf 89' lang='lat' dir='ltr'>autem</span> <span class='ocrx_word' id='word_1_346' title='bbox 200 2277 399 2311; x_wconf 91' lang='lat' dir='ltr'>secundum</span> <span class='ocrx_word' id='word_1_347' title='bbox 420 2275 602 2322; x_wconf 88' lang='lat' dir='ltr'>propriam</span> <span class='ocrx_word' id='word_1_348' title='bbox 623 2274 801 2308; x_wconf 86' lang='lat' dir='ltr'>rationem</span> <span class='ocrx_word' id='word_1_349' title='bbox 817 2282 869 2308; x_wconf 87' lang='lat' dir='ltr'>est</span> <span class='ocrx_word' id='word_1_350' title='bbox 891 2274 932 2307; x_wconf 90' lang='lat' dir='ltr'>ab</span> <span class='ocrx_word' id='word_1_351' title='bbox 956 2273 1043 2316; x_wconf 81' lang='lat' dir='ltr'>alio3</span> <span class='ocrx_word' id='word_1_352' title='bbox 1066 2273 1159 2307; x_wconf 90' lang='lat' dir='ltr'>unde</span> <span class='ocrx_word' id='word_1_353' title='bbox 1181 2284 1255 2307; x_wconf 90' lang='lat' dir='ltr'>non</span> <span class='ocrx_word' id='word_1_354' title='bbox 1276 2281 1394 2319; x_wconf 89' lang='lat' dir='ltr'>potest</span> <span class='ocrx_word' id='word_1_355' title='bbox 1415 2285 1491 2307; x_wconf 90' lang='lat' dir='ltr'>esse</span> <span class='ocrx_word' id='word_1_356' title='bbox 1514 2274 1609 2307; x_wconf 87' lang='lat' dir='ltr'>idem</span> 
     </span>
     <span class='ocr_line' id='line_1_37' title="bbox 59 2326 1610 2374; baseline -0.004 -9"><span class='ocrx_word' id='word_1_357' title='bbox 59 2330 257 2365; x_wconf 90' lang='lat' dir='ltr'>secundum</span> <span class='ocrx_word' id='word_1_358' title='bbox 284 2330 381 2363; x_wconf 92' lang='lat' dir='ltr'>idem</span> <span class='ocrx_word' id='word_1_359' title='bbox 407 2340 514 2374; x_wconf 70' lang='lat' dir='ltr'>agens,</span> <span class='ocrx_word' id='word_1_360' title='bbox 542 2336 576 2362; x_wconf 87' lang='lat' dir='ltr'>et</span> <span class='ocrx_word' id='word_1_361' title='bbox 592 2329 731 2374; x_wconf 66' lang='lat' dir='ltr'>patiens,</span> <span class='ocrx_word' id='word_1_362' title='bbox 759 2334 797 2361; x_wconf 92' lang='lat' dir='ltr'>ut</span> <span class='ocrx_word' id='word_1_363' title='bbox 818 2327 945 2360; x_wconf 89' lang='lat' dir='ltr'>dicitur</span> <span class='ocrx_word' id='word_1_364' title='bbox 966 2327 1001 2360; x_wconf 87' lang='lat' dir='ltr'>in</span> <span class='ocrx_word' id='word_1_365' title='bbox 1027 2338 1055 2372; x_wconf 85' lang='lat'>3.</span> <span class='ocrx_word' id='word_1_366' title='bbox 1077 2326 1264 2372; x_wconf 82' lang='lat' dir='ltr'>Physicor.</span> <span class='ocrx_word' id='word_1_367' title='bbox 1291 2326 1370 2371; x_wconf 64' lang='lat' dir='ltr'>(tex.</span> <span class='ocrx_word' id='word_1_368' title='bbox 1397 2327 1444 2369; x_wconf 77' lang='grc' dir='ltr'><em>δ’.)</em></span> <span class='ocrx_word' id='word_1_369' title='bbox 1466 2334 1501 2360; x_wconf 86' lang='lat' dir='ltr'>et</span> <span class='ocrx_word' id='word_1_370' title='bbox 1521 2327 1557 2359; x_wconf 91' lang='lat' dir='ltr'>in</span> <span class='ocrx_word' id='word_1_371' title='bbox 1581 2327 1610 2360; x_wconf 83' lang='lat'>8.</span> 
     </span>
     <span class='ocr_line' id='line_1_38' title="bbox 61 2379 1615 2429; baseline -0.005 -10"><span class='ocrx_word' id='word_1_372' title='bbox 61 2384 136 2427; x_wconf 70' lang='lat' dir='ltr'>(tex.</span> <span class='ocrx_word' id='word_1_373' title='bbox 157 2384 243 2429; x_wconf 80' lang='lat' dir='ltr'>4o‚):</span> <span class='ocrx_word' id='word_1_374' title='bbox 270 2382 486 2429; x_wconf 89' lang='lat' dir='ltr'>principium</span> <span class='ocrx_word' id='word_1_375' title='bbox 508 2389 628 2415; x_wconf 90' lang='lat' dir='ltr'>autem</span> <span class='ocrx_word' id='word_1_376' title='bbox 648 2380 834 2427; x_wconf 86' lang='lat' dir='ltr'>proprium</span> <span class='ocrx_word' id='word_1_377' title='bbox 857 2380 986 2425; x_wconf 81' lang='lat' dir='ltr'>agendi</span> <span class='ocrx_word' id='word_1_378' title='bbox 1007 2380 1043 2413; x_wconf 93' lang='lat' dir='ltr'>in</span> <span class='ocrx_word' id='word_1_379' title='bbox 1064 2379 1272 2413; x_wconf 85' lang='lat' dir='ltr'>hominibus</span> <span class='ocrx_word' id='word_1_380' title='bbox 1295 2387 1346 2413; x_wconf 88' lang='lat' dir='ltr'>est</span> <span class='ocrx_word' id='word_1_381' title='bbox 1366 2379 1552 2421; x_wconf 85' lang='lat' dir='ltr'>voluntas;</span> <span class='ocrx_word' id='word_1_382' title='bbox 1580 2387 1615 2413; x_wconf 93' lang='lat' dir='ltr'>et</span> 
     </span>
     <span class='ocr_line' id='line_1_39' title="bbox 59 2431 1612 2482; baseline -0.004 -12"><span class='ocrx_word' id='word_1_383' title='bbox 59 2437 142 2472; x_wconf 88' lang='lat' dir='ltr'>ideo</span> <span class='ocrx_word' id='word_1_384' title='bbox 164 2436 251 2471; x_wconf 91' lang='lat' dir='ltr'>illud</span> <span class='ocrx_word' id='word_1_385' title='bbox 285 2435 438 2482; x_wconf 85' lang='lat' dir='ltr'>proprie,</span> <span class='ocrx_word' id='word_1_386' title='bbox 461 2442 495 2468; x_wconf 89' lang='lat' dir='ltr'>et</span> <span class='ocrx_word' id='word_1_387' title='bbox 515 2446 578 2480; x_wconf 88' lang='lat' dir='ltr'>per</span> <span class='ocrx_word' id='word_1_388' title='bbox 604 2445 641 2468; x_wconf 90' lang='lat' dir='ltr'>se</span> <span class='ocrx_word' id='word_1_389' title='bbox 668 2434 782 2467; x_wconf 89' lang='lat' dir='ltr'>homo</span> <span class='ocrx_word' id='word_1_390' title='bbox 805 2432 899 2475; x_wconf 88' lang='lat' dir='ltr'>facit,</span> <span class='ocrx_word' id='word_1_391' title='bbox 927 2433 1023 2478; x_wconf 90' lang='lat' dir='ltr'>quod</span> <span class='ocrx_word' id='word_1_392' title='bbox 1049 2432 1174 2466; x_wconf 83' lang='lat' dir='ltr'>volens</span> <span class='ocrx_word' id='word_1_393' title='bbox 1207 2431 1310 2465; x_wconf 88' lang='lat' dir='ltr'>facit:</span> <span class='ocrx_word' id='word_1_394' title='bbox 1334 2439 1368 2465; x_wconf 88' lang='lat' dir='ltr'>et</span> <span class='ocrx_word' id='word_1_395' title='bbox 1389 2444 1407 2465; x_wconf 90' lang='lat' dir='ltr'>e</span> <span class='ocrx_word' id='word_1_396' title='bbox 1431 2432 1612 2465; x_wconf 87' lang='lat' dir='ltr'>contrario</span> 
     </span>
     <span class='ocr_line' id='line_1_40' title="bbox 59 2485 1614 2536; baseline -0.005 -12"><span class='ocrx_word' id='word_1_397' title='bbox 59 2489 146 2524; x_wconf 89' lang='lat' dir='ltr'>illud</span> <span class='ocrx_word' id='word_1_398' title='bbox 167 2489 309 2536; x_wconf 84' lang='lat' dir='ltr'>proprie</span> <span class='ocrx_word' id='word_1_399' title='bbox 331 2489 444 2522; x_wconf 90' lang='lat' dir='ltr'>homo</span> <span class='ocrx_word' id='word_1_400' title='bbox 468 2487 610 2533; x_wconf 87' lang='lat' dir='ltr'>patitur,</span> <span class='ocrx_word' id='word_1_401' title='bbox 632 2486 727 2532; x_wconf 91' lang='lat' dir='ltr'>quod</span> <span class='ocrx_word' id='word_1_402' title='bbox 754 2494 894 2532; x_wconf 89' lang='lat' dir='ltr'>praeter</span> <span class='ocrx_word' id='word_1_403' title='bbox 914 2485 1140 2519; x_wconf 86' lang='lat' dir='ltr'>voluntatem</span> <span class='ocrx_word' id='word_1_404' title='bbox 1166 2496 1268 2519; x_wconf 84' lang='lat' dir='ltr'>suam</span> <span class='ocrx_word' id='word_1_405' title='bbox 1290 2485 1438 2529; x_wconf 85' lang='lat' dir='ltr'>patitur:</span> <span class='ocrx_word' id='word_1_406' title='bbox 1461 2485 1544 2530; x_wconf 88' lang='lat' dir='ltr'>quia</span> <span class='ocrx_word' id='word_1_407' title='bbox 1564 2485 1614 2518; x_wconf 89' lang='lat' dir='ltr'>in-</span> 
     </span>
     <span class='ocr_line' id='line_1_41' title="bbox 61 2538 1615 2589; baseline -0.005 -12"><span class='ocrx_word' id='word_1_408' title='bbox 61 2551 235 2589; x_wconf 85' lang='lat' dir='ltr'>quantum</span> <span class='ocrx_word' id='word_1_409' title='bbox 257 2550 310 2576; x_wconf 88' lang='lat' dir='ltr'>est</span> <span class='ocrx_word' id='word_1_410' title='bbox 329 2540 468 2582; x_wconf 85' lang='lat' dir='ltr'>volens,</span> <span class='ocrx_word' id='word_1_411' title='bbox 491 2540 706 2586; x_wconf 87' lang='lat' dir='ltr'>principium</span> <span class='ocrx_word' id='word_1_412' title='bbox 730 2547 782 2573; x_wconf 88' lang='lat' dir='ltr'>est</span> <span class='ocrx_word' id='word_1_413' title='bbox 803 2550 844 2573; x_wconf 81' lang='lat' dir='ltr'>ex</span> <span class='ocrx_word' id='word_1_414' title='bbox 867 2539 1002 2584; x_wconf 87' lang='lat' dir='ltr'>seipso;</span> <span class='ocrx_word' id='word_1_415' title='bbox 1025 2547 1059 2572; x_wconf 88' lang='lat' dir='ltr'>et</span> <span class='ocrx_word' id='word_1_416' title='bbox 1079 2539 1173 2580; x_wconf 81' lang='lat' dir='ltr'>ideo,</span> <span class='ocrx_word' id='word_1_417' title='bbox 1195 2539 1406 2583; x_wconf 85' lang='lat' dir='ltr'>inquantum</span> <span class='ocrx_word' id='word_1_418' title='bbox 1426 2546 1478 2571; x_wconf 91' lang='lat' dir='ltr'>est</span> <span class='ocrx_word' id='word_1_419' title='bbox 1496 2538 1615 2582; x_wconf 87' lang='lat' dir='ltr'>hujus-</span> 
     </span>
     <span class='ocr_line' id='line_1_42' title="bbox 61 2591 1613 2641; baseline -0.004 -11"><span class='ocrx_word' id='word_1_420' title='bbox 61 2596 170 2638; x_wconf 89' lang='lat' dir='ltr'>modi,</span> <span class='ocrx_word' id='word_1_421' title='bbox 185 2595 300 2641; x_wconf 84' lang='lat' dir='ltr'>magis</span> <span class='ocrx_word' id='word_1_422' title='bbox 314 2602 367 2628; x_wconf 90' lang='lat' dir='ltr'>est</span> <span class='ocrx_word' id='word_1_423' title='bbox 381 2605 501 2639; x_wconf 84' lang='lat' dir='ltr'>agens,</span> <span class='ocrx_word' id='word_1_424' title='bbox 516 2604 624 2639; x_wconf 90' lang='lat' dir='ltr'>quam</span> <span class='ocrx_word' id='word_1_425' title='bbox 646 2593 805 2638; x_wconf 81' lang='lat' dir='ltr'>patiens3</span> <span class='ocrx_word' id='word_1_426' title='bbox 828 2592 1019 2626; x_wconf 90' lang='lat' dir='ltr'>dicendum</span> <span class='ocrx_word' id='word_1_427' title='bbox 1042 2600 1094 2626; x_wconf 90' lang='lat' dir='ltr'>est</span> <span class='ocrx_word' id='word_1_428' title='bbox 1115 2602 1213 2636; x_wconf 79' lang='lat' dir='ltr'>ergo,</span> <span class='ocrx_word' id='word_1_429' title='bbox 1236 2591 1330 2636; x_wconf 86' lang='lat' dir='ltr'>quod</span> <span class='ocrx_word' id='word_1_430' title='bbox 1354 2591 1536 2635; x_wconf 81' lang='lat' dir='ltr'>injustum,</span> <span class='ocrx_word' id='word_1_431' title='bbox 1550 2602 1613 2637; x_wconf 89' lang='lat' dir='ltr'>per</span> 
     </span>
     <span class='ocr_line' id='line_1_43' title="bbox 16 2640 1614 2692; baseline -0.003 -9"><span class='ocrx_word' id='word_1_432' title='bbox 16 2640 19 2674; x_wconf 49' lang='grc' dir='ltr'>ἶ</span> <span class='ocrx_word' id='word_1_433' title='bbox 61 2660 100 2683; x_wconf 89' lang='lat' dir='ltr'>se</span> <span class='ocrx_word' id='word_1_434' title='bbox 121 2657 155 2683; x_wconf 88' lang='lat' dir='ltr'>et</span> <span class='ocrx_word' id='word_1_435' title='bbox 174 2647 372 2682; x_wconf 87' lang='lat' dir='ltr'>formaliter</span> <span class='ocrx_word' id='word_1_436' title='bbox 393 2646 588 2692; x_wconf 89' lang='lat' dir='ltr'>loquendo,</span> <span class='ocrx_word' id='word_1_437' title='bbox 609 2646 728 2679; x_wconf 89' lang='lat' dir='ltr'>nullus</span> <span class='ocrx_word' id='word_1_438' title='bbox 750 2653 867 2691; x_wconf 89' lang='lat' dir='ltr'>potest</span> <span class='ocrx_word' id='word_1_439' title='bbox 888 2644 1006 2678; x_wconf 84' lang='lat' dir='ltr'>facere</span> <span class='ocrx_word' id='word_1_440' title='bbox 1028 2645 1096 2678; x_wconf 89' lang='lat' dir='ltr'>nisi</span> <span class='ocrx_word' id='word_1_441' title='bbox 1117 2644 1255 2685; x_wconf 87' lang='lat' dir='ltr'>volens,</span> <span class='ocrx_word' id='word_1_442' title='bbox 1277 2654 1342 2677; x_wconf 87' lang='lat' dir='ltr'>nec</span> <span class='ocrx_word' id='word_1_443' title='bbox 1370 2644 1443 2689; x_wconf 90' lang='lat' dir='ltr'>pati</span> <span class='ocrx_word' id='word_1_444' title='bbox 1463 2644 1530 2677; x_wconf 89' lang='lat' dir='ltr'>nisi</span> <span class='ocrx_word' id='word_1_445' title='bbox 1552 2655 1614 2678; x_wconf 91' lang='lat' dir='ltr'>no-</span> 
     </span>
     <span class='ocr_line' id='line_1_44' title="bbox 18 2695 1613 2747; baseline -0.004 -11"><span class='ocrx_word' id='word_1_446' title='bbox 18 2727 19 2730; x_wconf 26' lang='lat'><em>*</em></span> <span class='ocrx_word' id='word_1_447' title='bbox 62 2701 156 2736; x_wconf 91' lang='lat' dir='ltr'>lens:</span> <span class='ocrx_word' id='word_1_448' title='bbox 179 2713 241 2747; x_wconf 93' lang='lat' dir='ltr'>per</span> <span class='ocrx_word' id='word_1_449' title='bbox 263 2700 429 2734; x_wconf 88' lang='lat' dir='ltr'>accidens</span> <span class='ocrx_word' id='word_1_450' title='bbox 457 2707 588 2740; x_wconf 77' lang='lat' dir='ltr'>autem,</span> <span class='ocrx_word' id='word_1_451' title='bbox 616 2707 650 2733; x_wconf 92' lang='lat' dir='ltr'>et</span> <span class='ocrx_word' id='word_1_452' title='bbox 676 2699 777 2744; x_wconf 88' lang='lat' dir='ltr'>quasi</span> <span class='ocrx_word' id='word_1_453' title='bbox 803 2697 1035 2731; x_wconf 83' lang='lat' dir='ltr'>materialiter</span> <span class='ocrx_word' id='word_1_454' title='bbox 1056 2697 1250 2742; x_wconf 80' lang='lat' dir='ltr'>loquendo,</span> <span class='ocrx_word' id='word_1_455' title='bbox 1277 2704 1394 2741; x_wconf 87' lang='lat' dir='ltr'>potest</span> <span class='ocrx_word' id='word_1_456' title='bbox 1421 2695 1547 2741; x_wconf 83' lang='lat' dir='ltr'>aliquis</span> <span class='ocrx_word' id='word_1_457' title='bbox 1566 2697 1613 2739; x_wconf 85' lang='lat' dir='ltr'>id,</span> 
     </span>
     <span class='ocr_line' id='line_1_45' title="bbox 19 2749 1615 2802; baseline -0.003 -13"><span class='ocrx_word' id='word_1_458' title='bbox 19 2760 21 2802; x_wconf 56' lang='grc' dir='ltr'>ζ</span> <span class='ocrx_word' id='word_1_459' title='bbox 63 2755 159 2800; x_wconf 91' lang='lat' dir='ltr'>quod</span> <span class='ocrx_word' id='word_1_460' title='bbox 180 2762 232 2789; x_wconf 86' lang='lat' dir='ltr'>est</span> <span class='ocrx_word' id='word_1_461' title='bbox 254 2755 296 2788; x_wconf 91' lang='lat' dir='ltr'>de</span> <span class='ocrx_word' id='word_1_462' title='bbox 320 2765 357 2787; x_wconf 91' lang='lat' dir='ltr'>se</span> <span class='ocrx_word' id='word_1_463' title='bbox 379 2753 561 2798; x_wconf 80' lang='lat' dir='ltr'>injustum,</span> <span class='ocrx_word' id='word_1_464' title='bbox 582 2751 642 2786; x_wconf 86' lang='lat' dir='ltr'>vel</span> <span class='ocrx_word' id='word_1_465' title='bbox 661 2751 779 2786; x_wconf 90' lang='lat' dir='ltr'>facere</span> <span class='ocrx_word' id='word_1_466' title='bbox 801 2750 929 2785; x_wconf 90' lang='lat' dir='ltr'>nolens</span> <span class='ocrx_word' id='word_1_467' title='bbox 953 2751 1062 2794; x_wconf 88' lang='lat' dir='ltr'>(sicut</span> <span class='ocrx_word' id='word_1_468' title='bbox 1083 2761 1165 2783; x_wconf 87' lang='lat' dir='ltr'>cum</span> <span class='ocrx_word' id='word_1_469' title='bbox 1188 2749 1264 2794; x_wconf 88' lang='lat' dir='ltr'>quis</span> <span class='ocrx_word' id='word_1_470' title='bbox 1291 2756 1429 2794; x_wconf 90' lang='lat' dir='ltr'>praeter</span> <span class='ocrx_word' id='word_1_471' title='bbox 1450 2749 1615 2784; x_wconf 90' lang='lat' dir='ltr'>intentio-</span> 
     </span>
     <span class='ocr_line' id='line_1_46' title="bbox 62 2802 1616 2854; baseline -0.003 -12.115"><span class='ocrx_word' id='word_1_472' title='bbox 62 2819 147 2842; x_wconf 90' lang='lat' dir='ltr'>nem</span> <span class='ocrx_word' id='word_1_473' title='bbox 169 2807 352 2854; x_wconf 89' lang='lat' dir='ltr'>operatur)</span> <span class='ocrx_word' id='word_1_474' title='bbox 368 2806 425 2841; x_wconf 92' lang='lat' dir='ltr'>vel</span> <span class='ocrx_word' id='word_1_475' title='bbox 446 2806 520 2853; x_wconf 88' lang='lat' dir='ltr'>pati</span> <span class='ocrx_word' id='word_1_476' title='bbox 532 2804 677 2848; x_wconf 85' lang='lat' dir='ltr'>volens;</span> <span class='ocrx_word' id='word_1_477' title='bbox 699 2804 790 2839; x_wconf 88' lang='lat' dir='ltr'>sicut</span> <span class='ocrx_word' id='word_1_478' title='bbox 812 2816 895 2838; x_wconf 89' lang='lat' dir='ltr'>cum</span> <span class='ocrx_word' id='word_1_479' title='bbox 910 2803 1037 2850; x_wconf 85' lang='lat' dir='ltr'>aliquis</span> <span class='ocrx_word' id='word_1_480' title='bbox 1052 2802 1129 2849; x_wconf 90' lang='lat' dir='ltr'>plus</span> <span class='ocrx_word' id='word_1_481' title='bbox 1145 2802 1245 2837; x_wconf 87' lang='lat' dir='ltr'>alteri</span> <span class='ocrx_word' id='word_1_482' title='bbox 1260 2802 1319 2836; x_wconf 89' lang='lat' dir='ltr'>dat</span> <span class='ocrx_word' id='word_1_483' title='bbox 1336 2813 1400 2837; x_wconf 87' lang='lat' dir='ltr'>sua</span> <span class='ocrx_word' id='word_1_484' title='bbox 1417 2802 1616 2845; x_wconf 77' lang='lat' dir='ltr'>voluntate,</span> 
     </span>
    </p>

    <p class='ocr_par' dir='ltr' id='par_1_13' title="bbox 63 2861 328 2908">
     <span class='ocr_line' id='line_1_47' title="bbox 63 2861 328 2908; baseline 0.004 -14"><span class='ocrx_word' id='word_1_485' title='bbox 63 2872 170 2908; x_wconf 87' lang='lat' dir='ltr'>quam</span> <span class='ocrx_word' id='word_1_486' title='bbox 192 2861 328 2896; x_wconf 88' lang='lat' dir='ltr'>debeat.</span> 
     </span>
    </p>
   </div>
  </div>
 </body>
</html>
