1859 3122
456 176 677 212 Quifflsrro
711 177 890 207 Lxxxm.
924 177 1169 207 ARTsCULus
1202 176 1260 206 1x.
1563 163 1646 219 589

89 269 185 300 nem,
215 269 284 304 qua
314 257 498 303 diligimus
518 269 585 292 nos
615 260 651 292 in
672 258 774 301 Deo;
793 268 827 293 et
847 259 929 293 ideo
946 261 1061 306 prima
1084 259 1208 304 petitio
1234 259 1396 306 ponitur:
1421 259 1650 303 Sanctificetur

89 323 205 346 nomen
227 316 331 354 tuum,
354 322 416 358 per
438 323 546 357 quam
570 312 726 357 petimus
749 312 903 358 gloriam
926 313 1012 347 Dei:
1033 312 1173 347 seczmdct
1194 324 1280 346 vero
1301 312 1460 358 ponitur:
1481 312 1652 347 Adveniat

88 377 226 411 regnum
249 370 351 405 tunm,
377 377 440 411 per
459 377 567 411 quam
591 366 745 411 petimus
769 366 811 399 ad
835 366 989 411 gloriam
1013 367 1113 412 regni
1140 367 1214 412 ejus
1241 366 1446 412 pervenire:
1475 366 1519 400 ad
1541 365 1650 399 finem

90 427 210 453 autem
231 419 455 465 praedictum
477 430 543 453 nos
567 419 707 454 ordinat
730 419 862 466 aliquid
885 420 1078 466 dupliciter:
1102 432 1166 454 uno
1188 420 1282 454 modo
1305 431 1367 466 per
1388 430 1447 454 se:
1470 420 1536 454 alio
1557 419 1650 453 modo

89 483 152 519 per
173 472 353 506 accidens.
376 473 445 506 Per
466 484 502 507 se
525 473 671 518 quidem
691 473 840 515 bonum,
863 474 959 519 quod
982 482 1035 508 est
1056 473 1142 507 utile
1164 474 1199 507 in
1225 473 1353 507 finem:
1376 481 1429 507 est
1449 481 1571 507 autern
1594 472 1653 507 ali-

89 526 173 572 quid
195 525 280 560 utile
301 526 338 560 in
359 525 469 560 finem
490 526 718 561 beatitudinis
745 526 939 573 dupliciter:
962 539 1026 562 uno
1053 527 1148 562 modo
1175 527 1320 569 directe,
1348 535 1382 561 et
1408 525 1652 573 principaliter

88 579 287 614 secundum
315 580 495 622 meritum,
517 591 589 626 quo
604 580 863 614 beatitudinem
882 592 1065 614 meremur
1082 581 1163 614 Deo
1183 580 1405 614 obediendo:
1425 588 1458 614 et
1476 588 1651 626 quantum

90 633 133 668 ad
154 633 224 667 hoc
247 633 409 679 ponitur:
432 634 510 668 Fiat
530 634 683 668 voluntas
701 639 768 675 tua,
789 635 875 668 sicut
899 635 935 668 in
953 634 1052 677 coelo,
1074 639 1102 669 et
1129 635 1162 668 ιἰι
1184 639 1293 668 terra:
1317 634 1382 668 alio
1405 634 1500 668 modo
1526 633 1653 668 instru-

89 686 306 729 mentaliter,
329 694 363 720 et
383 687 485 733 quasi
507 687 727 732 coadjuvans
748 698 815 721 nos
838 687 882 721 ad
904 687 1137 722 merendum:
1161 694 1194 721 et
1217 687 1259 720 ad
1286 687 1358 721 hoc
1380 687 1534 733 pertinet
1554 687 1651 732 quod

90 740 237 775 dicitur:
259 741 382 775 Panem
401 746 551 775 nostrum
572 740 800 786 quotidianum
830 740 872 774 da
901 742 994 775 nobis
1019 740 1133 775 hodie:
1156 742 1230 774 sive
1259 740 1331 775 hoc
1359 740 1581 786 intelligatur
1608 739 1651 774 de

89 805 182 840 pane
207 793 472 836 sacramentali,
496 795 596 839 cujus
619 794 847 840 quotidianus
870 805 953 828 usus
976 793 1118 840 proficit
1138 794 1292 835 homini,
1313 794 1350 827 in
1372 805 1443 839 quo
1466 794 1573 828 etiam
1603 793 1653 827 in-

89 847 299 893 telliguntur
321 848 444 882 onmia
467 847 536 881 alia
558 855 801 881 sacramenta:
824 848 898 881 sive
922 847 1030 881 etiam
1048 846 1270 893 intelligatur
1289 847 1331 881 de
1348 858 1440 892 pane
1459 846 1652 893 corporali,

89 910 128 935 ut
149 912 211 947 per
240 912 371 946 panem
401 900 622 946 intelligatur
648 901 767 935 omnis
799 900 1013 935 sufficientia
1042 901 1169 942 victus,
1196 901 1288 934 sicut
1313 900 1400 934 dicit
1426 901 1579 946 August.
1608 900 1652 934 ad

89 955 248 988 Probam
271 955 359 1002 (cap.
381 956 457 1000 IL),
478 955 560 1001 quia
580 962 615 989 et
632 954 858 988 Eucharistia
877 962 929 988 est
947 954 1183 1001 praecipuum
1199 954 1488 996 Sacramentum,
1504 962 1538 988 et
1550 954 1652 1000 panis

90 1016 143 1043 est
164 1009 377 1054 praecipuus
399 1008 510 1050 cibus,
532 1008 626 1042 unde
644 1008 681 1042 in
703 1007 902 1054 Evangelio
924 1009 1100 1042 Matthaei
1118 1009 1292 1055 scriptum
1314 1017 1384 1043 est:
1402 1009 1641 1055 Supersul‘stan

89 1063 212 1105 tialem,
233 1062 325 1096 idest
341 1063 572 1108 praecipuum,
595 1070 633 1096 ut
654 1062 802 1096 Hieron.
831 1062 978 1108 exponit
999 1063 1110 1108 (super
1131 1069 1202 1108 cap.
1233 1062 1265 1097 6.
1289 1062 1439 1107 Mutat).
1468 1062 1537 1095 Per
1563 1062 1655 1096 acci-

89 1116 176 1150 dens
189 1124 308 1150 autem
320 1116 573 1149 ordinamurin
585 1116 843 1150 beatitudinem
858 1128 922 1162 per
935 1116 1178 1150 remotionem
1193 1115 1434 1162 prohibentis:
1449 1117 1516 1150 tria
1532 1124 1653 1149 autem

89 1177 182 1211 sunt,
204 1180 295 1215 quae
316 1180 383 1203 nos
399 1180 418 1202 a
432 1169 651 1203 beatitudine
670 1169 1003 1215 prohibent2primo
1019 1169 1165 1215 quidem
1182 1177 1385 1215 peccatum,
1405 1169 1502 1215 quod
1521 1169 1653 1203 directe

90 1222 247 1257 excludit
267 1234 287 1256 a
308 1233 433 1268 regno,
455 1222 656 1257 secundum
676 1221 765 1256 illud
791 1233 818 1256 1.
842 1222 886 1257 ad
909 1222 995 1257 Cor.
1018 1222 1070 1257 6.:
1093 1223 1204 1269 Neque
1217 1224 1416 1269 fornicarii,
1437 1234 1537 1268 neque
1558 1222 1654 1256 idolis

88 1277 270 1318 servientes,
296 1281 352 1310 etc.
374 1288 511 1322 regnum
533 1277 599 1310 Dei
612 1276 841 1322 possidebunt:
865 1284 900 1310 et
918 1276 961 1310 ad
975 1277 1046 1310 hoc
1062 1277 1214 1322 pertinet
1234 1276 1330 1322 quod
1346 1276 1493 1310 dicitur:
1511 1276 1653 1310 Dimitte

89 1330 181 1364 nobis
201 1329 308 1364 debita
326 1334 459 1364 nostra:
479 1329 616 1364 secundo
639 1329 803 1372 tentatio,
827 1340 918 1375 quae
939 1341 1006 1364 nos
1028 1329 1179 1376 impedit
1200 1330 1241 1364 ab
1262 1329 1489 1364 observantia
1510 1329 1653 1362 divinae

89 1382 302 1417 voluntatis:
324 1390 359 1417 et
380 1383 423 1416 ad
445 1383 515 1417 hoc
539 1383 693 1429 pertinet
715 1383 811 1429 quod
833 1383 980 1418 dicitur:
1003 1385 1047 1418 Et
1064 1396 1101 1418 ne
1123 1395 1180 1418 nos
1205 1383 1340 1418 inducas
1361 1384 1396 1417 in
1423 1383 1651 1423 tentationem;

88 1447 152 1482 per
173 1436 269 1482 quod
290 1447 365 1470 non
386 1436 541 1482 petimus
562 1444 601 1470 ut
621 1448 695 1470 non
722 1445 913 1478 tentemur,
940 1436 1002 1471 sed
1025 1445 1063 1471 ut
1084 1448 1104 1470 a
1124 1437 1324 1471 tentatione
1350 1447 1425 1470 non
1450 1436 1651 1477 vincamur,

90 1489 186 1535 quod
209 1496 262 1523 est
281 1489 317 1522 in
338 1489 576 1523 tentationem
602 1489 742 1524 induci:
771 1491 864 1524 tertio
891 1489 1092 1536 poenalitas
1118 1501 1300 1536 praesens,
1326 1497 1364 1524 ut
1390 1500 1481 1536 quae
1503 1489 1653 1535 impedit

89 1541 343 1577 sufficientiam
363 1543 476 1577 vitae:
500 1550 534 1577 et
555 1551 730 1588 quantum
753 1543 797 1577 ad
818 1543 889 1577 hoc
913 1543 1059 1577 dicitur:
1082 1544 1206 1578 Libera
1227 1555 1283 1578 nos
1305 1554 1325 1577 a
1346 1543 1445 1577 malo.

162 1596 222 1630 AD
252 1606 401 1630 PRIMUM
424 1607 510 1642 ergo
538 1596 742 1638 dicendum,
769 1597 878 1642 quod,
905 1597 998 1631 sicut
1023 1597 1176 1643 August.
1200 1597 1286 1631 dicit
1305 1597 1341 1630 in
1363 1596 1423 1630 lib.
1451 1605 1482 1630 2.
1509 1595 1552 1630 de
1575 1595 1651 1630 Ser.

89 1649 201 1683 Domi
223 1649 259 1682 in
281 1657 406 1684 monte
428 1649 517 1695 (cap.
532 1661 561 1695 5.
582 1651 709 1696 infin.)
739 1661 823 1683 cum
850 1650 1021 1684 dicimus:
1048 1650 1276 1696 Sanctificetur
1302 1662 1418 1684 nomen
1444 1655 1550 1692 tuum,
1577 1660 1653 1683 non

89 1702 161 1736 hoc
184 1702 326 1747 petitur,
349 1703 451 1748 quasi
472 1714 546 1736 non
569 1703 613 1736 sit
631 1711 796 1737 sanctum
814 1714 950 1737 nomen
964 1703 1045 1746 Dei,
1063 1704 1125 1738 sed
1147 1714 1186 1738 ut
1206 1711 1371 1738 sanctum
1387 1704 1428 1737 ab
1443 1703 1651 1737 hominibus

90 1755 282 1797 l1abeatur;
309 1756 405 1801 quod
427 1756 580 1802 pertinet
603 1756 645 1790 ad
675 1757 745 1790 Dei
767 1756 921 1803 gloriam
942 1757 978 1791 in
1000 1757 1208 1791 hominibus
1231 1756 1516 1804 propagandam.
1542 1755 1653 1796 Quod

92 1817 211 1843 autem
235 1809 386 1843 dicitur:
413 1809 583 1844 Adveniat
610 1822 744 1856 regnum
772 1815 877 1852 tzmm,
900 1822 974 1845 non
996 1811 1044 1845 ita
1071 1811 1206 1845 dictum
1229 1819 1292 1853 est,
1315 1811 1416 1857 quasi
1436 1811 1536 1844 Deus
1557 1820 1652 1843 nunc

97 1873 172 1896 non
198 1870 344 1908 regnet,
366 1863 440 1905 sed,
466 1863 558 1897 sicut
579 1864 732 1909 August.
753 1864 838 1898 dicit
857 1865 899 1898 ad
919 1864 1076 1898 Probam
1099 1865 1178 1909 (loc.
1200 1877 1286 1899 nunc
1305 1866 1374 1910 cit.)
1402 1864 1652 1898 «desiderium

91 1924 256 1950 nostrum
285 1916 328 1949 ad
357 1915 445 1950 illud
474 1928 628 1962 regnum
657 1917 867 1959 excitamus,
897 1926 934 1952 ut
960 1917 1048 1952 illud
1070 1918 1174 1952 nobis
1194 1918 1327 1959 veniat,
1351 1926 1456 1963 atque
1479 1917 1515 1950 in
1538 1928 1581 1950 eo
1600 1928 1652 1950 re-

92 1980 245 2015 gnemus
256 1981 288 2011 »3
303 1969 399 2015 quod
416 1977 537 2004 autem
552 1970 698 2005 dicitur:
715 1971 794 2005 Fiat
807 1971 959 2006 voluntas
973 1977 1044 2013 tua,
1060 1980 1157 2005 recte
1173 1971 1394 2017 intelligitur,
1414 1979 1452 2005 ut
1467 1970 1654 2004 obediatur

92 2022 290 2069 praeceptis
311 2023 397 2056 tuis:
422 2023 514 2057 Sicut
536 2025 569 2057 in
591 2024 688 2065 cerO,
711 2029 741 2058 et
762 2026 795 2058 in
818 2029 918 2066 terra,
938 2025 1029 2059 idest
1050 2025 1143 2059 sicut
1164 2025 1205 2058 ab
1229 2024 1380 2070 angelis,
1402 2025 1450 2058 ita
1473 2024 1514 2057 ab
1537 2024 1653 2057 homi-

92 2077 218 2118 nibus;
241 2076 334 2110 unde
356 2076 425 2110 hae
452 2085 523 2111 tres
550 2077 742 2123 petitiones
768 2077 924 2123 perfecte
953 2078 1230 2124 complebuntur
1250 2078 1288 2112 in
1308 2078 1381 2112 vita
1402 2077 1538 2111 futura:
1561 2076 1652 2111 aliae

91 2140 178 2164 vero
206 2137 360 2175 quatuor
384 2131 564 2175 pertinent
581 2130 625 2164 ad
649 2131 904 2165 necessitatem
924 2131 1019 2165 vitae
1040 2131 1252 2177 praesentis,
1273 2131 1365 2166 sicut
1388 2131 1542 2177 August.
1566 2129 1652 2164 dicit

92 2183 129 2216 in
150 2182 295 2216 Enchir.
317 2183 404 2229 (cap.
423 2185 515 2229 115).

163 2235 224 2269 AD
247 2246 453 2270 SECUNDUM
479 2236 685 2279 dicendum,
707 2238 804 2284 quod
838 2249 922 2272 curn
952 2238 1067 2273 oratio
1095 2238 1140 2272 sit
1160 2238 1335 2284 interpres
1357 2237 1534 2279 desiderii,
1562 2236 1651 2271 ordo

93 2289 309 2335 petitionum
330 2300 404 2323 non
426 2290 618 2336 respondet
635 2290 751 2324 ordini
766 2291 999 2334 executionis,
1022 2292 1083 2326 sed
1103 2291 1221 2326 ordini
1243 2291 1420 2333 desiderii,
1442 2291 1516 2325 sive
1538 2290 1652 2324 inten-

92 2343 213 2384 tionis,
233 2342 269 2376 in
289 2353 360 2388 quo
381 2343 477 2389 prius
500 2351 551 2378 est
573 2343 664 2386 finis,
685 2355 795 2390 quam
813 2356 854 2379 ea
869 2356 960 2391 quae
975 2353 1057 2380 sunt
1071 2345 1115 2379 ad
1133 2345 1254 2387 finem,
1270 2353 1304 2379 et
1326 2345 1536 2379 consecutio
1553 2343 1652 2385 boni,

93 2407 203 2442 quam
224 2396 380 2430 remotio
401 2395 499 2430 mali.

165 2451 224 2485 AD
252 2461 423 2485 TERTIUM
445 2451 649 2493 dicendum,
671 2452 767 2498 quod
789 2452 942 2498 August.
964 2452 1001 2486 in
1022 2452 1080 2486 lib.
1098 2463 1128 2486 2.
1145 2452 1187 2486 de
1211 2452 1325 2486 Serm.
1340 2452 1451 2485 Dom.
1471 2450 1507 2483 in
1528 2457 1653 2483 monte

96 2503 182 2550 (cap.
197 2505 259 2548 Π.)
274 2504 418 2549 adaptat
439 2512 576 2549 septem
598 2505 789 2550 petitiones
805 2505 920 2548 donis,
933 2514 966 2539 et
985 2505 1274 2546 beatitudinibus,
1290 2505 1429 2538 dicens:
1450 2516 1467 2535 ‹<
1490 2503 1529 2536 Si
1542 2502 1653 2536 timor

94 2558 165 2591 Dei
186 2565 249 2599 est,
273 2569 343 2603 quo
365 2558 459 2591 beati
481 2566 563 2592 sunt
583 2569 756 2604 pauperes
777 2559 913 2604 spiritu,
935 2567 1100 2605 petamus
1115 2568 1154 2592 ut
1167 2558 1409 2592 sanctificetur
1430 2567 1565 2590 nomen
1583 2555 1654 2589 Dei

94 2611 131 2644 in
152 2611 359 2644 hominibus
385 2611 515 2645 timore
538 2619 656 2645 casto:
685 2611 714 2645 si
735 2612 847 2657 pietas
870 2620 933 2654 est,
956 2624 1024 2658 qua
1057 2613 1149 2646 beati
1183 2619 1264 2645 sunt
1290 2613 1406 2651 mites,
1433 2617 1596 2655 petamus
1615 2616 1653 2642 ut

94 2664 215 2697 veniat
244 2675 396 2709 regnum
426 2665 512 2709 ejus,
540 2672 577 2697 ut
606 2665 850 2707 mitescamus,
872 2677 938 2699 nec
967 2666 999 2699 ei
1024 2666 1251 2699 resistamus:
1275 2665 1303 2698 si
1326 2663 1474 2698 scientia
1497 2671 1560 2703 est,
1583 2673 1653 2708 qua

93 2717 189 2750 beati
209 2725 290 2751 sunt
317 2717 377 2762 qui
397 2717 532 2762 lugent,
559 2729 715 2760 oremUS,
737 2726 775 2752 ut
798 2718 860 2752 fiat
880 2718 1047 2752 voluntas
1075 2721 1167 2764 ejus,
1191 2726 1224 2752 et
1246 2718 1295 2751 sic
1326 2728 1399 2750 non
1422 2716 1649 2761 lugebimus:

96 2770 126 2803 si
144 2769 317 2806 fortitudo
339 2778 402 2812 est,
425 2782 494 2816 qua
522 2771 617 2804 beati
638 2779 720 2805 sunt
740 2772 801 2817 qui
827 2772 998 2814 esuriunt,
1025 2783 1169 2806 oremus
1196 2779 1234 2804 ut
1266 2770 1366 2816 panis
1397 2778 1520 2803 noster
1541 2769 1654 2814 quoti-

96 2822 221 2856 dianus
255 2823 358 2856 detur
384 2823 506 2858 nobis:
529 2824 559 2858 si
587 2824 781 2858 consilium
807 2833 870 2868 est,
904 2836 975 2871 quo
1010 2825 1105 2858 beati
1135 2832 1217 2858 sunt
1249 2822 1513 2864 misericordes,
1535 2822 1653 2856 debita

97 2876 330 2919 dimittamuS,
351 2884 390 2911 ut
418 2877 522 2912 nobis
554 2885 677 2912 nostra
703 2877 944 2913 dimittantur:
966 2878 996 2912 si
1028 2877 1230 2912 intellectus
1258 2885 1320 2919 est,
1347 2888 1418 2923 quo
1448 2875 1543 2910 beati
1572 2884 1654 2910 sunt
