1859 3122
203 168 223 210 3
233 155 288 209 56
611 164 832 200 QUAEsT1o
865 164 997 196 xtvn.
1030 164 1274 195 ARTICULUS
1308 164 1351 195 11.

201 247 308 282 Prov.
328 257 395 281 10.:
411 246 581 293 Sapientia
601 251 643 281 est
667 247 744 280 viro
761 246 960 293 prudentia:
983 246 1046 282 sed
1071 246 1247 293 sapientia
1273 245 1504 293 principalius
1532 247 1699 282 consistit
1724 247 1761 282 in

202 300 526 346 contemplatione3
549 310 636 345 ergo
657 308 691 334 et
711 300 909 346 prudentia.

273 365 304 388 2.
326 354 562 388 PRAETEREA.
585 353 754 388 Ambros.
778 353 864 388 dicit
884 354 920 388 in
947 365 974 388 1.
998 354 1040 388 de
1061 353 1135 389 Off.
1159 353 1248 400 (cap.
1269 354 1356 400 24.):
1379 366 1397 386 «
1417 353 1612 388 Prudentia
1629 353 1666 388 in
1686 353 1763 389 veri

201 407 477 453 investigatione
498 415 671 449 versatur,
686 415 721 441 et
734 407 905 441 scientiae
927 407 1098 453 plenioris
1120 406 1275 441 infundit
1297 407 1529 453 cupiditatem
1550 420 1588 442 »t
1610 407 1672 441 sed
1689 407 1762 441 hoc

202 461 354 507 pertinet
375 460 418 494 ad
439 460 619 495 rationem
641 460 921 507 speculativam3
945 472 1031 507 ergo
1051 460 1239 507 prudentia
1258 460 1420 495 consistit
1438 460 1547 494 etiam
1568 460 1605 494 in
1622 460 1762 495 ratione

203 513 433 560 speculativa.

276 578 304 612 3.
326 567 563 601 PRAETEREA.
577 567 618 600 In
633 567 761 601 eadem
782 575 881 612 parte
904 567 1046 602 animae
1068 567 1213 614 ponitur
1235 579 1255 601 a
1275 566 1413 601 Philos.
1430 578 1497 610 ars,
1512 574 1548 602 et
1564 566 1763 613 prudentia,

203 628 241 654 ut
261 628 358 665 patet
378 620 414 653 in
437 619 468 654 6.
491 620 651 654 Ethicor.
676 621 761 666 (cap.
792 622 859 666 1.):
883 622 944 655 sed
968 632 1022 655 ars
1056 632 1130 655 non
1157 620 1278 655 solum
1303 621 1484 655 invenitur
1509 621 1680 666 practica,
1701 620 1762 654 sed

203 674 312 708 etiam
334 673 573 720 speculativa,
595 683 634 708 ut
653 683 752 720 patet
768 676 804 708 in
823 675 956 709 artibus
974 674 1197 717 liberalibus3
1221 685 1308 720 ergo
1331 674 1440 708 etiam
1461 674 1649 720 prudentia
1668 673 1764 708 inve-

202 727 297 761 nitur
319 735 354 762 et
374 728 544 773 practica,
567 735 600 762 et
621 727 852 774 speculativa.

275 781 348 815 SED
368 791 523 815 CONTRA
539 788 602 823 est,
617 781 714 827 quod
728 780 864 815 Philos.
888 781 972 815 dicit
993 781 1028 815 in
1051 780 1082 815 6.
1105 781 1185 814 Eth.
1208 781 1299 827 (cap.
1319 781 1363 826 5.)
1384 780 1480 826 quod
1501 780 1689 826 prudentia
1711 788 1765 815 est

203 843 301 869 recta
322 835 413 869 ratio
436 834 640 880 agibiliurn:
663 835 724 869 sed
742 835 813 869 hoc
833 846 907 869 non
926 837 1079 881 pertinet
1092 835 1160 869 nisi
1179 835 1222 868 ad
1241 836 1419 869 rationem
1437 834 1654 881 practicam;
1676 845 1763 879 ergo

203 888 391 935 prudentia
411 899 486 922 non
509 896 561 923 est
580 888 650 922 nisi
669 888 706 922 in
728 889 867 922 ratione
886 889 1052 934 practica.

274 942 504 976 Rssspoxnro
527 942 732 983 dicendum,
755 941 851 987 quod
873 942 965 976 sicut
985 941 1122 975 Philos.
1147 941 1232 975 dicit
1252 941 1289 975 in
1312 939 1343 975 6.
1366 940 1482 976 Ethic.
1504 941 1594 987 (cap.
1618 940 1665 987 5.)
1687 951 1765 986 pru-

205 995 320 1029 dentis
343 1003 396 1029 est
416 995 508 1029 bene
529 1006 634 1041 posse
662 995 862 1029 consiliari:
887 994 1080 1029 consilium
1108 1002 1228 1028 autem
1255 1003 1307 1029 est
1328 995 1371 1028 de
1392 995 1459 1037 his,
1481 1005 1572 1040 quae
1595 1002 1677 1028 sunt
1702 1005 1766 1040 per

204 1060 271 1083 nos
286 1048 425 1093 agenda
438 1049 475 1082 in
493 1048 618 1082 ordine
632 1049 677 1082 ad
690 1048 802 1082 finem
821 1048 997 1094 aliquem:
1017 1048 1107 1082 ratio
1128 1055 1248 1082 autem
1267 1059 1406 1090 eorum,
1421 1059 1513 1094 quae
1527 1055 1610 1082 sunt
1623 1047 1765 1093 agenda

203 1109 348 1148 propter
369 1102 491 1144 finem,
513 1110 568 1136 est
588 1102 679 1136 ratio
701 1102 879 1148 practica3
901 1102 995 1136 unde
1018 1101 1251 1136 manifestum
1273 1110 1336 1143 est,
1358 1102 1455 1147 quod
1476 1101 1665 1148 prudentia
1689 1112 1764 1136 non

205 1155 369 1190 consistit
388 1155 457 1189 nisi
477 1156 513 1189 in
535 1156 674 1189 ratione
695 1157 864 1200 practica.

275 1210 335 1243 AD
353 1220 503 1244 PRIMUM
517 1220 604 1255 ergo
620 1209 824 1251 dicendum,
839 1209 948 1255 quod,
963 1209 1055 1243 sicut
1069 1220 1174 1254 supra
1189 1208 1327 1242 dictum
1341 1216 1393 1243 est
1409 1208 1454 1254 (q.
1469 1219 1519 1254 45.
1538 1212 1602 1243 art.
1619 1220 1648 1244 Ι.
1666 1209 1765 1254 et3.),

206 1263 381 1309 sapientia
396 1263 599 1297 considerat
613 1273 761 1296 causam
776 1262 989 1296 altissimam
1004 1262 1235 1308 simpliciter3
1256 1262 1351 1296 unde
1370 1261 1612 1296 consideratio
1635 1273 1765 1296 causae

205 1316 400 1350 altissimae
422 1316 458 1350 in
480 1315 641 1362 quolibet
662 1327 794 1361 genere
815 1316 970 1362 pertinet
989 1316 1031 1349 ad
1054 1316 1268 1361 sapientiam
1282 1316 1319 1349 in
1333 1315 1396 1349 illo
1419 1326 1560 1361 genere:
1575 1315 1613 1349 in
1631 1326 1764 1360 genere

206 1378 324 1404 autem
352 1369 599 1403 humanorum
633 1377 779 1403 actuum
813 1380 921 1402 causa
955 1369 1129 1403 altissima
1158 1377 1210 1403 est
1243 1368 1322 1402 finis
1357 1369 1563 1402 communis
1584 1368 1652 1402 toti
1671 1368 1765 1402 vitae

206 1424 407 1465 humanae3
431 1431 464 1456 et
485 1423 581 1456 hunc
604 1422 714 1456 finem
743 1422 897 1456 intendit
922 1422 1128 1468 prudentia3
1151 1422 1237 1456 dicit
1262 1422 1359 1455 enim
1385 1421 1522 1456 Philos.
1544 1422 1581 1456 in
1610 1420 1642 1456 6.
1664 1421 1765 1456 Ehic.

207 1476 364 1522 (cczp.5.),
385 1476 482 1522 quod
496 1476 588 1510 sicut
600 1475 660 1509 ille
680 1476 740 1521 qui
762 1475 996 1509 ratiocinatur
1016 1475 1107 1509 bene
1127 1475 1169 1508 ad
1189 1474 1346 1521 aliquem
1368 1475 1478 1509 finem
1499 1474 1766 1521 particularem,

206 1537 291 1576 puta
314 1529 357 1563 ad
378 1529 581 1570 victoriam,
603 1529 732 1562 dicitur
755 1539 831 1562 esse
853 1528 1020 1574 prudens,
1046 1539 1121 1562 non
1143 1528 1363 1574 simpliciter,
1386 1529 1448 1562 sed
1469 1529 1507 1562 in
1527 1529 1598 1562 hoc
1621 1539 1766 1573 genere,

206 1582 344 1617 scilicet
360 1583 396 1616 in
419 1583 522 1616 rebus
543 1582 698 1616 bellicis:
721 1582 769 1616 ita
790 1582 850 1616 ille
874 1582 934 1628 qui
954 1582 1046 1616 bene
1068 1582 1302 1616 ratiocinatur
1325 1582 1367 1615 ad
1385 1589 1503 1616 totum
1524 1582 1615 1616 bene
1633 1581 1766 1623 vivere,

207 1636 334 1670 dicitur
351 1636 506 1682 prudens
524 1635 752 1681 simpliciter,
768 1635 861 1669 unde
877 1634 1110 1673 manifestum
1129 1643 1192 1676 est,
1207 1634 1304 1680 quod
1325 1635 1513 1680 prudentia
1527 1642 1580 1669 est
1593 1634 1767 1680 sapientia

205 1689 241 1723 in
263 1689 367 1723 rebus
388 1689 576 1723 humanis:
599 1700 674 1722 non
697 1696 817 1722 autem
844 1688 1019 1734 sapientia
1041 1687 1274 1734 simpliciter;
1297 1688 1379 1734 quia
1399 1699 1474 1722 non
1497 1696 1550 1722 est
1571 1688 1665 1722 circa
1687 1699 1767 1721 cau-

206 1755 283 1778 sam
306 1743 519 1777 altissimam
541 1742 770 1788 simpliciter:
794 1750 846 1776 est
872 1742 969 1776 enim
996 1742 1091 1776 circa
1124 1742 1262 1775 bonum
1294 1741 1516 1784 humanum;
1538 1742 1609 1775 hoc
1644 1749 1765 1775 autem

206 1808 281 1830 non
296 1805 349 1831 est
363 1797 542 1842 optimum
558 1807 697 1838 eorum,
716 1807 807 1841 quae
821 1804 919 1838 sunt,
943 1803 977 1829 et
997 1795 1078 1829 ideo
1102 1795 1284 1841 signanter
1306 1795 1446 1837 dicitur,
1461 1795 1557 1840 quod
1579 1794 1767 1841 prudentia

207 1858 260 1884 est
281 1850 454 1896 sapientia
475 1850 565 1891 viro,
587 1861 661 1883 non
684 1857 804 1883 autem
826 1849 1000 1894 sapientia
1025 1848 1246 1894 simpliciter.

277 1903 336 1937 AD
353 1913 559 1937 SECUNDUM
575 1902 780 1944 dicendum,
799 1902 896 1948 quod
911 1902 1080 1936 Ambros.
1098 1910 1133 1935 et
1147 1903 1256 1936 etiam
1272 1901 1414 1935 Tullius
1429 1901 1502 1945 (lib.
1517 1913 1548 1936 2.
1560 1901 1596 1935 de
1609 1901 1767 1946 Iuvent),

206 1968 342 1990 nomen
363 1956 573 2002 prudentiae
595 1955 729 2001 largius
751 1963 898 1990 sumunt
915 1966 980 2001 pro
999 1955 1157 2001 qualibet
1179 1955 1388 2000 cognitione
1410 1955 1582 1996 humana,
1596 1962 1671 1989 tam
1693 1965 1770 2000 spe-

209 2009 373 2051 culativa,
396 2020 504 2055 quam
531 2010 707 2055 practica3
735 2010 899 2054 quamvis
927 2008 997 2042 dici
1023 2008 1146 2054 possit,
1173 2009 1269 2054 quod
1296 2008 1371 2053 ipse
1399 2015 1498 2042 actus
1525 2007 1768 2053 speculativae

209 2063 368 2103 rationis,
383 2062 582 2096 secundum
604 2062 700 2108 quod
716 2070 769 2096 est
782 2062 1017 2103 voluntarius,
1034 2062 1129 2095 cadit
1150 2062 1212 2095 sub
1237 2061 1426 2102 electione,
1442 2069 1477 2095 et
1491 2060 1644 2095 consilio
1661 2072 1768 2107 quan-

208 2125 285 2150 tum
308 2116 350 2149 ad
373 2127 477 2149 suum
501 2116 727 2157 exercitium:
750 2123 784 2149 et
805 2127 868 2161 per
890 2126 1116 2161 consequens
1144 2115 1239 2148 cadit
1271 2115 1334 2148 sub
1370 2114 1597 2149 ordinatione
1618 2114 1768 2160 pruden-

209 2170 295 2203 tiae:
318 2169 379 2203 sed
402 2177 576 2214 quantum
604 2169 647 2202 ad
670 2180 772 2202 suam
803 2169 972 2213 speciem,
994 2176 1102 2214 prout
1135 2176 1368 2214 comparatur
1389 2168 1432 2201 ad
1454 2168 1648 2213 objectum,
1670 2168 1767 2214 quod

210 2230 262 2256 est
281 2234 396 2256 ¹verum
424 2223 649 2263 necessarimm,
673 2233 746 2255 non
770 2222 864 2255 cadit
886 2222 948 2255 sub
972 2221 1137 2263 consilio,
1159 2232 1225 2255 nec
1247 2221 1310 2255 sub
1333 2221 1530 2266 prudentia.

279 2276 338 2309 AD
359 2285 528 2310 TERT1L'M
552 2275 756 2316 dicendum,
778 2275 874 2320 quod
897 2275 1015 2309 omnis
1039 2274 1231 2321 applicatio
1254 2274 1402 2308 rationis
1426 2283 1544 2308 rectae
1567 2274 1610 2308 ad
1633 2274 1766 2320 aliquid

209 2328 365 2363 factibile
388 2329 539 2373 pertinet
561 2329 604 2361 atl
627 2335 756 2362 artem:
781 2328 842 2362 sed
871 2328 913 2361 ad
941 2328 1167 2374 prudentiam
1191 2339 1263 2361 non
1287 2328 1440 2373 pertinet
1470 2328 1540 2361 nisi
1574 2328 1766 2374 applicatio

210 2383 358 2416 rationis
380 2390 498 2415 rectae
522 2381 563 2414 ad
588 2392 640 2422 ea,
663 2381 704 2414 de
728 2381 854 2426 quibus
877 2389 928 2415 est
951 2381 1162 2415 consilium:
1187 2390 1221 2415 et
1242 2381 1451 2426 hujusmodi
1473 2389 1565 2422 sunt,
1583 2381 1618 2415 in
1641 2382 1768 2427 quibus

209 2447 282 2469 non
298 2445 379 2469 sunt
393 2435 471 2468 viae
490 2434 747 2468 determinatae
764 2435 993 2478 perveniendi
1008 2435 1051 2468 ad
1068 2434 1188 2476 finem,
1201 2443 1237 2468 ut
1252 2435 1380 2468 dicitur
1393 2435 1427 2467 in
1444 2445 1470 2479 3.
1482 2434 1597 2468 Ethic.
1609 2436 1694 2480 (cap.
1708 2436 1766 2481 3.),·

209 2489 290 2534 quia
306 2500 392 2533 ergo
408 2488 497 2522 ratio
514 2487 732 2532 speculativa
748 2488 924 2532 quaedam
947 2487 1049 2530 facit3
1072 2496 1156 2533 puta
1175 2487 1443 2534 syllogismum,
1466 2488 1766 2533 propositionem,

211 2550 244 2576 et
266 2542 334 2575 alia
357 2541 575 2586 hujusmodi,
603 2541 636 2573 in
665 2540 791 2585 quibus
814 2541 1019 2585 proceditur
1053 2542 1252 2574 secundum
1288 2549 1413 2582 certas,
1448 2550 1482 2574 et
1516 2541 1768 2575 determinatas

209 2596 301 2636 vias:
328 2595 410 2628 inde
438 2603 490 2628 est
516 2595 611 2640 quod
639 2602 802 2639 respectu
837 2593 967 2627 horum
999 2603 1117 2639 potest
1143 2594 1274 2628 salvari
1308 2594 1398 2628 ratio
1427 2594 1521 2635 artis,
1547 2605 1621 2628 non
1648 2603 1768 2628 autem

211 2650 300 2682 ratio
323 2648 550 2694 prudentiae3
573 2655 607 2681 et
627 2647 708 2680 ideo
730 2646 908 2680 invenitur
931 2647 1049 2693 aliqua
1070 2647 1293 2693 speculativa
1321 2659 1387 2690 ars,
1409 2658 1483 2681 non
1507 2656 1627 2682 autem
1650 2647 1768 2694 aliqua

211 2701 408 2748 prudentia.
