1905 3137
239 153 296 194 74
691 149 910 184 QUAESTIO
942 149 999 179 VI.
1033 149 1278 179 ARTICULUS
1312 149 1340 178 1.

237 232 327 266 tium
355 231 522 265 eamdem
556 230 864 276 praedicationem
891 231 1038 276 quidam
1061 230 1222 271 credunt,
1252 238 1286 264 et
1313 230 1459 276 quidam
1481 242 1555 264 non
1578 230 1744 272 credunt3
1767 237 1800 264 et

238 285 321 318 ideo
344 292 486 330 oportet
520 295 654 329 ponere
685 283 793 316 aliam
821 295 967 317 causam
1001 283 1223 325 interiorem,
1246 295 1337 329 quae
1359 292 1483 317 movet
1504 284 1693 317 hominem
1715 283 1802 317 inte-

239 338 311 371 rius
333 338 376 371 ad
400 337 667 370 assentiendum
688 336 756 378 his,
779 347 870 382 quae
908 344 990 370 sunt
1011 336 1104 370 fidei.
1140 337 1241 370 Hanc
1277 344 1397 371 autem
1433 348 1581 370 causam
1616 336 1801 382 Pelagiani

239 390 423 436 ponebant
442 389 560 423 solum
583 388 736 423 liberum
759 389 943 423 arbitrium
965 389 1142 431 hominis3
1165 397 1198 423 et
1225 397 1371 435 propter
1403 389 1474 422 hoc
1505 389 1682 431 dicebant,
1704 389 1800 434 quod

238 444 380 477 initium
403 443 485 476 fidei
505 451 557 476 est
579 454 621 476 ex
642 442 763 484 nobis;
786 443 1000 488 inquantum
1022 442 1160 476 scilicet
1178 454 1220 476 ex
1234 443 1338 476 nobis
1358 443 1527 487 est‚quod
1542 442 1656 488 parati
1678 453 1800 476 sumus

240 496 282 530 ad
306 496 573 530 assentiendum
595 495 661 537 his,
685 506 776 541 quae
803 504 885 529 sunt
922 495 1004 529 fidei
1026 495 1087 529 sed
1116 495 1384 529 consummatio
1407 494 1490 528 fidei
1513 503 1566 529 est
1587 506 1607 528 a
1627 495 1720 536 Deo,
1739 505 1802 541 per

239 560 346 594 quern
374 548 434 593 [al.
457 549 572 594 qnam]
597 549 701 582 nobis
723 556 973 594 proponuntur
995 559 1048 589 ea,
1071 560 1161 594 quae
1185 548 1329 582 credere
1352 548 1545 589 debemus;
1569 548 1631 582 sed
1653 547 1724 581 hoc
1746 555 1800 582 est

238 602 387 636 falsum:
411 602 494 648 quia
517 613 600 635 cum
622 602 736 636 homo
760 601 988 635 assentiendo
1011 601 1066 634 his
1088 612 1179 647 quae
1206 609 1288 635 sunt
1317 601 1411 643 fidei,
1434 600 1593 635 elevetur
1615 612 1721 647 supra
1742 612 1803 634 na-

238 663 356 690 turam
378 667 493 697 suam,
516 663 658 700 oportet
680 655 776 701 quod
810 655 881 689 hoc
916 655 999 688 insit
1032 655 1064 688 ei
1090 666 1132 688 ex
1165 654 1427 701 supernaturali
1455 655 1631 700 principio
1653 654 1800 688 interius

239 716 421 750 movente,
444 709 539 754 quod
563 717 615 742 est
635 709 751 742 Deus:
777 716 811 742 et
836 708 918 742 ideo
942 707 1028 741 fides
1056 715 1230 753 quantum
1258 708 1301 741 ad
1330 719 1527 750 assensum,
1556 708 1616 754 qui
1643 715 1695 742 est
1712 707 1803 753 prin-

240 761 364 808 cipalis
384 770 483 795 actus
510 761 603 803 fidei,
627 770 679 795 est
698 773 717 794 a
739 761 819 795 Deo
842 760 989 794 interius
1013 768 1182 794 movente
1205 771 1267 806 per
1289 761 1452 806 gratiam.

311 815 370 849 AD
384 826 531 849 PRIMUM
554 826 640 860 ergo
663 815 868 856 dicendum,
891 814 987 859 quod
1009 825 1072 860 per
1093 814 1283 848 scientiam
1305 814 1464 859 gignitur
1484 813 1584 855 fides,
1602 821 1635 847 et
1649 813 1802 848 nutritur

240 880 302 915 per
323 869 473 903 modum
497 869 681 902 exterioris
715 868 969 914 persuasionis,
1004 878 1095 912 quae
1117 867 1156 900 fit
1177 867 1219 900 ab
1249 867 1367 912 aliqua
1397 867 1566 901 scientia:
1589 867 1650 900 sed
1677 867 1804 913 princi-

240 922 341 969 palis,
364 930 398 956 et
415 922 559 968 propria
582 933 688 955 causa
709 921 792 955 fidei
820 929 872 955 est
893 921 940 962 id,
963 920 1059 966 quod
1081 920 1229 954 interius
1251 928 1376 954 movet
1398 920 1441 953 ad
1465 920 1743 954 assentiendum.

312 976 371 1009 AD
403 985 608 1009 SECUNDUM
636 974 842 1016 dicendum,
870 974 966 1019 quod
994 975 1103 1007 etiam
1138 973 1228 1007 ratio
1251 973 1311 1007 illa
1333 973 1496 1019 procedit
1522 973 1565 1007 de
1597 985 1705 1007 causa
1725 984 1804 1020 pro-

241 1036 399 1075 ponente
422 1028 574 1062 exterius
591 1039 744 1073 ea,quae
766 1035 848 1062 sunt
869 1027 962 1068 fidei,
978 1026 1037 1060 vel
1050 1027 1286 1073 persuadente
1310 1027 1353 1060 ad
1376 1026 1595 1061 credendum
1610 1027 1668 1061 vel
1680 1027 1803 1069 verbo,

240 1081 298 1115 vel
315 1081 423 1115 facto.

311 1135 371 1169 AD
400 1140 570 1169 TERTmM
593 1134 797 1175 dicendum,
821 1133 917 1179 quod
940 1133 1084 1167 credere
1107 1133 1252 1179 quidem
1286 1133 1322 1166 in
1356 1132 1542 1167 voluntate
1578 1134 1800 1168 credentium

242 1188 419 1230 consistit,
443 1189 503 1222 sed
523 1196 675 1233 oportet,
698 1187 794 1233 quod
812 1187 980 1220 voluntas
998 1187 1158 1220 hominis
1180 1194 1411 1232 praeparetur
1426 1198 1446 1220 a
1460 1187 1540 1220 Deo
1556 1198 1618 1232 per
1637 1187 1801 1233 gratiam,

242 1241 285 1275 ad
307 1241 377 1274 hoc
401 1242 496 1286 quod
520 1241 678 1274 elevetur
700 1241 735 1273 in
758 1251 811 1282 ea,
834 1251 925 1286 quae
951 1248 1033 1274 sunt
1066 1251 1172 1286 supra
1194 1248 1372 1282 naturam,
1399 1248 1438 1274 ut
1463 1252 1568 1287 supra
1591 1240 1727 1274 dictum
1749 1247 1801 1274 est

242 1295 294 1340 (in
313 1301 401 1340 corp.
423 1299 452 1328 et
473 1307 502 1340 q.
525 1306 556 1329 2.
572 1299 634 1328 nrt.
653 1294 711 1339 3.).

804 1434 1150 1479 ARTICULUS
1186 1435 1242 1478 H.
1761 1446 1803 1493 36

561 1542 714 1572 UTRUM
741 1542 863 1571 FIDES
891 1543 1095 1572 INFORMIS
1124 1543 1191 1572 SIT
1215 1542 1377 1572 DONUM
1402 1542 1490 1571 DEI.

387 1633 427 1676 (3.
448 1630 535 1663 Dist.
556 1641 604 1675 32.
628 1641 657 1674 q.
676 1641 704 1675 3.
724 1634 787 1663 art.
810 1641 840 1664 2.
868 1634 896 1664 et
924 1630 1010 1663 Veri.
1033 1641 1062 1675 t]-
1085 1641 1135 1674 14.
1159 1634 1223 1664 art.
1244 1640 1273 1675 7.
1293 1634 1321 1663 et
1344 1630 1438 1664 Rom.
1461 1629 1492 1664 8.
1516 1629 1586 1663 lect.
1602 1629 1661 1675 3.).

315 1717 373 1751 ΑΙ)
397 1728 602 1752 SECUNDUM
625 1717 674 1751 sic
698 1717 915 1763 proceditur.
929 1717 1091 1759 Videtur,
1112 1717 1207 1763 quod
1231 1717 1318 1751 fides
1337 1716 1501 1751 informis
1516 1728 1589 1750 non
1609 1717 1652 1750 sit
1667 1717 1804 1751 donum

243 1770 332 1804 Dei:
356 1770 485 1804 dicitur
507 1770 603 1804 enim
626 1771 772 1804 Denter.
800 1781 850 1816 32.
874 1771 970 1816 quod
993 1772 1060 1804 Dei
1076 1771 1221 1816 perfecta
1245 1775 1319 1804 sunt
1346 1777 1468 1816 opera:
1495 1770 1583 1803 fides
1611 1778 1733 1803 autem
1754 1770 1804 1803 in-

243 1822 367 1857 formis
393 1831 444 1857 est
467 1823 650 1869 quoddam
673 1823 947 1869 imperfectum3
971 1835 1057 1869 ergo
1081 1823 1167 1857 fides
1190 1822 1353 1857 informis
1375 1834 1449 1856 non
1472 1831 1524 1856 est
1546 1834 1635 1868 opus
1656 1823 1736 1857 Dei.

316 1886 346 1910 2.
369 1877 605 1911 PRAETEREA.
630 1877 731 1910 Sicut
753 1885 852 1910 actus
875 1877 1003 1910 dicitur
1026 1876 1197 1910 deformis
1220 1884 1365 1922 propter
1391 1876 1474 1918 hoc,
1502 1876 1598 1921 quod
1622 1884 1719 1909 caret
1745 1875 1802 1910 de—

243 1929 314 1963 bita
337 1929 474 1971 for1na3
497 1930 545 1963 ita
568 1930 676 1963 etiam
698 1929 785 1963 fides
808 1930 936 1963 dicitur
958 1929 1121 1963 informis
1149 1937 1293 1975 propter
1325 1929 1409 1971 hoc,
1437 1929 1532 1975 quod
1562 1937 1660 1962 caret
1685 1929 1803 1963 debita

244 1982 379 2016 forma:
395 1983 456 2016 sed
469 1991 568 2016 actus
584 1982 754 2016 deformis
770 1983 909 2028 peccati
922 1994 996 2016 non
1012 1990 1093 2016 esta
1108 1983 1201 2024 Deo,
1218 1990 1255 2016 ut
1273 1993 1379 2027 supra
1394 1982 1530 2016 dictum
1543 1990 1596 2016 est
1611 1982 1686 2026 (1-2.
1702 1994 1731 2028 q.
1747 1993 1801 2028 79.

244 2041 309 2070 art.
331 2047 361 2070 2.
385 2035 427 2069 ad
448 2037 495 2079 2.)
509 2048 520 2076 ‚·
550 2047 635 2081 ergo
658 2047 724 2069 nec
747 2036 856 2069 etiam
878 2035 964 2069 fides
986 2035 1151 2069 informis
1172 2045 1225 2070 est
1248 2047 1267 2069 a
1288 2036 1380 2070 Deo.

319 2100 347 2134 3.
375 2089 611 2123 PRAETEREA.
649 2089 929 2134 Quemcumque
956 2089 1054 2123 Deus
1082 2097 1194 2130 sanat,
1220 2089 1379 2123 totaliter
1405 2097 1524 2123 sanat:
1553 2089 1681 2123 dicitur
1707 2089 1804 2123 enim

239 2142 343 2187 Joan.
369 2152 418 2186 7.:
442 2142 477 2176 Si
499 2144 780 2176 rircnmsisionmz
808 2144 928 2188 accipit
949 2143 1042 2176 homo
1064 2144 1097 2176 in
1118 2144 1265 2184 sandrato,
1289 2148 1326 2177 nt
1346 2155 1410 2176 non
1436 2143 1586 2177 sol-vatur
1607 2144 1657 2177 Iex
1683 2143 1803 2189 2M0y5i,

244 2196 326 2229 mihi
353 2195 589 2240 indignamini,
621 2197 699 2241 qnia
726 2201 828 2229 totnnz
859 2196 1022 2230 hominem
1048 2207 1164 2230 sunum
1192 2196 1254 2240 feci
1285 2197 1317 2230 in
1339 2197 1500 2230 sabbato?
1527 2196 1588 2230 sed
1612 2207 1673 2241 per
1694 2195 1802 2229 fidem

244 2249 359 2282 homo
382 2256 528 2282 sanatur
550 2249 591 2281 ab
614 2247 842 2290 infidelitate3
866 2248 1084 2294 quicumque
1112 2260 1198 2294 ergo
1227 2249 1363 2283 donum
1390 2248 1473 2283 fidei
1500 2260 1519 2282 a
1552 2249 1633 2282 Deo
1664 2248 1803 2295 accipit,

245 2300 353 2335 simul
374 2309 519 2334 sanatur
541 2301 583 2334 ab
603 2301 770 2335 omnibus
786 2301 961 2347 peccatis:
985 2302 1046 2335 sed
1065 2302 1136 2335 hoc
1152 2313 1225 2335 non
1244 2302 1282 2336 fit
1300 2301 1367 2335 nisi
1382 2313 1443 2347 per
1461 2301 1570 2336 fidem
1589 2301 1803 2344 formatam3

246 2366 332 2400 ergo
355 2354 433 2388 sola
455 2354 541 2388 fides
564 2353 718 2388 formata
742 2362 794 2388 est
816 2354 952 2388 donum
974 2355 1062 2396 Dei3
1085 2366 1158 2388 non
1182 2366 1267 2400 ergo
1292 2354 1377 2388 fides
1404 2354 1567 2388 informis
1595 2363 1648 2389 est
1670 2367 1688 2388 a
1709 2355 1803 2389 Deo.

318 2407 392 2441 SED
409 2418 563 2441 CONTRA
580 2415 642 2448 est,
654 2407 750 2453 quod
765 2408 942 2452 quaedam
964 2407 1064 2442 Glos.
1080 2408 1241 2452 (August.
1260 2409 1292 2441 in
1307 2420 1402 2442 serm.
1419 2408 1454 2442 de
1466 2420 1494 2453 5.
1510 2409 1628 2442 Panib.
1643 2409 1802 2454 fragm),

246 2460 331 2494 dicit
362 2472 388 2494 1.
417 2460 459 2494 ad
488 2460 574 2494 Cor.
607 2471 668 2506 13„
697 2460 791 2506 quod
811 2461 904 2506 fidis,
928 2472 1008 2506 qnae
1035 2466 1076 2494 cst
1097 2462 1163 2495 sina
1190 2462 1362 2502 charitate,
1386 2466 1428 2495 est
1453 2461 1574 2495 donntn
1597 2462 1685 2496 Dei:
1713 2461 1803 2495 haec

247 2522 367 2548 autem
391 2522 442 2548 est
463 2513 646 2555 informis3
671 2525 756 2559 ergo
779 2513 866 2547 fides
890 2513 1054 2547 informis
1078 2522 1130 2548 est
1152 2513 1289 2548 donum
1311 2514 1391 2548 Dei.

317 2566 544 2601 RESPONDEO
567 2567 772 2607 dicendum,
795 2567 890 2612 quod
911 2566 1114 2601 informitas
1137 2567 1288 2612 privatio
1313 2567 1491 2612 quaedam
1515 2576 1588 2609 est3
1612 2576 1664 2601 est
1682 2574 1804 2601 autem

248 2620 562 2661 considerandum,
578 2620 672 2666 quod
689 2620 841 2665 privatio
854 2619 1068 2665 quandoque
1081 2619 1226 2665 quidem
1239 2620 1391 2665 pertinet
1407 2620 1448 2653 ad
1465 2621 1643 2654 rationem
1658 2619 1803 2666 speciei,

248 2673 464 2718 quandoque
487 2681 607 2706 autem
618 2684 703 2714 non,
719 2673 780 2706 sed
796 2673 1001 2718 supervenit
1015 2672 1065 2706 rei
1079 2673 1152 2717 jam
1166 2673 1312 2706 habenti
1328 2673 1511 2718 propriam
1523 2674 1697 2719 speciem:
1712 2673 1804 2707 sicut

248 2726 399 2771 privatio
434 2726 574 2760 debitae
603 2726 967 2760 commensurationis
995 2726 1192 2759 humorum
1221 2734 1273 2759 est
1300 2727 1342 2759 de
1370 2727 1508 2760 ratione
1535 2726 1667 2771 speciei
1693 2726 1803 2772 ipsius

249 2779 497 2824 aegritudinis:
521 2779 757 2813 tenebrositas
786 2787 905 2812 autem
932 2790 1005 2812 non
1033 2787 1086 2812 est
1113 2779 1155 2812 de
1183 2779 1320 2813 ratione
1347 2779 1457 2824 ipsius
1480 2779 1660 2825 diaphani,
1683 2779 1743 2812 sed
1771 2779 1804 2812 ei

248 2833 470 2878 supervenit3
494 2833 575 2878 quia
598 2844 684 2877 ergo
709 2843 791 2866 cum
812 2832 1012 2878 assignatur
1032 2843 1139 2866 causa
1158 2831 1307 2877 alicujus
1327 2833 1388 2874 rei,
1403 2832 1612 2878 intelligitur
1630 2831 1803 2878 assignari
