1859 3122
195 152 277 195 572
574 130 794 186 QuAESTIO
829 149 974 180 LXXXI.
1008 149 1252 180 ARTICULUS
1284 149 1358 178 VII.

264 232 493 266 RESPONDEO
516 231 721 273 dicendum,
743 232 839 277 quod
865 231 947 265 Deo
977 231 1227 272 reverentiam,
1250 238 1284 265 et
1312 230 1493 265 honorem
1526 230 1747 273 exhibemus,

195 296 268 319 non
289 293 434 330 propter
456 284 625 330 seipsum,
648 285 731 330 quia
753 295 795 318 ex
816 284 934 330 seipso
958 292 1010 318 est
1035 284 1150 329 gloria
1170 283 1309 329 plenus,
1337 285 1394 318 cui
1422 283 1512 317 nihil
1538 295 1558 318 a
1586 292 1748 318 creatura

196 338 301 383 adjici
319 345 454 382 potest,
476 337 537 371 sed
560 346 706 383 propter
727 348 806 378 nos,
829 339 911 383 quia
932 336 1100 371 videlicet
1120 349 1183 383 per
1200 337 1271 371 hoc
1287 337 1382 382 quod
1397 337 1518 371 Deum
1532 347 1748 378 reveremur,

197 399 230 425 et
250 391 487 432 honoramus,
507 402 608 424 mens
626 399 748 424 nostra
771 391 803 424 ei
826 390 1028 435 subjicitur:
1052 399 1085 424 et
1111 390 1146 424 in
1172 390 1243 424 hoc
1271 391 1346 435 ejus
1373 389 1542 436 perfectio
1571 389 1749 424 consistit:

196 444 375 490 quaelibet
397 445 493 477 enim
510 455 563 477 res
579 443 760 489 perficitur
774 455 836 489 per
850 444 920 477 hoc
937 444 1033 489 quod
1047 443 1207 477 subditur
1222 454 1286 477 suo
1302 443 1496 489 superiori;
1515 443 1606 477 sicut
1621 453 1750 488 corpus

196 509 257 543 per
274 498 345 531 hoc
369 497 464 542 quod
486 496 688 531 vivificatur
711 497 751 530 ab
775 497 914 539 anima3
937 504 970 530 et
992 508 1051 530 aer
1073 508 1135 542 per
1156 497 1227 531 hoc
1251 497 1347 542 quod
1367 496 1590 530 illuminatur
1612 508 1631 530 a
1651 494 1750 529 sole:

198 561 298 584 mens
319 558 439 584 autem
460 550 620 583 humana
641 550 777 595 indiget
799 550 842 583 ad
864 550 935 584 hoc
958 550 1054 595 quod
1077 551 1316 595 conjungatur
1336 550 1429 591 Deo,
1445 548 1667 583 sensibilium
1680 559 1752 582 ma-

197 603 437 644 nuductione;
461 603 543 648 quia
565 603 748 637 iuvisibilia
769 604 912 649 Deiper
933 614 982 645 eu,
1005 603 1192 648 quaefacta
1212 608 1299 644 sicut,
1321 603 1482 637 intellecta
1497 603 1751 648 conspiciuntur,

198 665 235 690 ut
253 657 380 702 Apost.
404 657 490 690 dicit
510 656 617 690 Rom.
645 667 697 697 1.;
721 665 754 690 et
776 656 857 690 ideo
880 656 915 689 in
938 656 1059 690 divino
1083 655 1179 690 cultu
1201 667 1349 690 necesse
1369 664 1420 690 est
1439 655 1614 701 aliquibus
1629 665 1754 700 corpo-

197 709 329 743 ralibus
351 710 413 751 uti,
440 718 477 743 ut
505 709 555 743 eis
585 710 687 755 quasi
708 709 818 754 signis
841 709 1054 755 quibusdam
1082 720 1184 743 mens
1210 709 1369 743 hominis
1396 709 1568 743 excitetur
1588 708 1632 742 ad
1658 707 1755 754 spiri-

197 762 311 797 tuales
334 771 445 805 actus,
460 763 587 808 quibus
602 763 682 796 Deo
699 763 947 808 conjungitur:
971 771 1005 796 et
1019 763 1101 797 ideo
1125 762 1251 808 religio
1273 763 1381 796 habet
1401 762 1545 808 quidem
1566 761 1753 796 interiores

199 825 298 851 actus
320 817 421 862 quasi
442 816 667 862 principales,
689 824 723 850 et
744 827 807 861 per
828 827 865 850 se
886 816 928 849 ad
948 815 1163 862 religionem
1183 815 1420 862 pertinentes:
1447 815 1641 850 exteriores
1666 825 1753 849 vero

199 877 311 911 actus,
333 870 434 915 quasi
455 869 700 911 secundarios,
723 877 757 903 et
777 869 821 903 ad
839 869 1027 903 interiores
1050 877 1149 903 actus
1171 869 1366 903 ordinatos.

268 923 328 957 AD
343 933 491 957 PRIMUM
506 934 592 968 ergo
612 923 815 964 dicendum,
839 922 934 968 quod
956 922 1137 956 Dominus
1151 922 1310 968 loquitur
1330 929 1505 968 quantum
1527 921 1570 956 ad
1592 921 1638 964 id,
1657 920 1753 967 quod

200 984 251 1011 est
273 976 480 1022 principale,
501 985 534 1010 et
555 988 617 1022 per
638 987 675 1010 se
697 976 875 1010 intentum
897 976 931 1008 in
955 975 1051 1009 cultu
1077 975 1209 1009 divino.

272 1030 331 1064 AD
347 1040 553 1064 SECUNDUM
571 1029 776 1071 dicendum,
795 1029 891 1075 quod
910 1029 1120 1073 hujusmodi
1138 1029 1315 1063 exteriora
1336 1039 1410 1062 non
1432 1028 1643 1062 exhibentur
1662 1027 1755 1069 Deo,

202 1083 301 1129 quasi
324 1083 379 1117 his
401 1083 570 1129 indigeat,
593 1083 792 1117 secundum
814 1082 901 1116 illud
922 1082 979 1116 Ps.
1001 1092 1078 1129 49.:
1098 1082 1269 1128 Numquid
1289 1081 1494 1116 manducabo
1516 1093 1628 1116 carnes
1648 1086 1758 1116 tauro-

202 1149 291 1179 rum,
319 1142 376 1171 aut
400 1138 591 1182 sauguinem
626 1137 796 1171 hircorum
824 1137 973 1182 potabo?
1000 1136 1061 1170 sed
1088 1135 1299 1169 exhibentur
1324 1135 1417 1177 Deo,
1444 1143 1631 1180 tamquam
1656 1134 1757 1179 signa

203 1190 380 1235 quaedam
410 1190 633 1231 interiorum,
665 1198 699 1223 et
728 1189 967 1235 spiritualium
995 1200 1158 1234 operum,
1181 1200 1272 1234 quae
1294 1200 1356 1234 per
1387 1199 1423 1222 se
1449 1188 1548 1222 Deus
1577 1194 1758 1233 acceptat3

203 1244 297 1277 unde
318 1243 472 1289 August.
492 1243 576 1277 dicit
594 1243 630 1276 in
656 1253 707 1277 10.
730 1243 773 1276 de
797 1242 876 1276 Civ.
898 1242 968 1276 Dei
990 1243 1078 1288 (cap.
1102 1243 1142 1287 5.)
1157 1255 1167 1277 .·
1194 1255 1211 1273 «
1234 1241 1460 1276 Sacrificium
1482 1240 1620 1275 visibile
1639 1239 1757 1274 invisi-

204 1295 283 1330 bilis
303 1296 471 1330 sacrificii
493 1303 772 1337 sacramentum,
794 1296 884 1329 idest
906 1307 1048 1329 sacrum
1071 1295 1214 1341 signum
1237 1303 1289 1329 est
1309 1309 1340 1328 )).

275 1350 334 1383 AD
357 1360 527 1384 TERTIUM
544 1350 748 1390 dicendum,
772 1349 868 1394 quod
890 1348 1103 1382 idololatrae
1121 1349 1325 1382 deridentur
1339 1359 1381 1382 ex
1402 1348 1486 1390 hoc,
1501 1348 1596 1394 quod
1612 1358 1653 1381 ea
1667 1358 1759 1393 quae

205 1403 247 1436 ad
269 1402 437 1437 homines
460 1403 647 1448 pertinent,
674 1402 779 1436 idolis
802 1402 1027 1443 exhibebant,
1053 1413 1127 1435 non
1148 1409 1335 1447 tamquam
1357 1401 1458 1447 signa
1481 1401 1670 1434 excitantia
1697 1411 1760 1434 eos

205 1456 248 1489 ad
271 1455 389 1501 aliqua
419 1455 629 1502 spiritualia,
660 1455 721 1490 sed
748 1463 935 1501 tamquam
966 1466 1028 1500 per
1050 1466 1087 1489 se
1121 1455 1170 1489 eis
1194 1463 1360 1501 accepta;
1395 1462 1429 1489 et
1457 1454 1648 1500 praecipue
1677 1452 1760 1499 quia

204 1517 303 1544 erant
321 1521 424 1552 vana,
447 1518 481 1544 et
501 1509 628 1556 turpia.

734 1631 1078 1677 ARTICULUS
1112 1631 1234 1675 vm.
1691 1651 1757 1688 433

526 1741 678 1771 UTRUM
711 1740 887 1770 RELIGIO
921 1740 988 1769 SIT
1021 1739 1130 1768 IDEM
1163 1738 1442 1769 SANCTITATI.

280 1830 338 1863 AD
362 1839 550 1864 OCTAVUM
573 1829 623 1863 sic
645 1829 861 1875 proceditur.
884 1828 1046 1869 Videtur,
1073 1828 1169 1874 quod
1191 1827 1318 1873 religio
1346 1837 1419 1861 non
1446 1825 1490 1860 sit
1515 1825 1612 1860 idern
1638 1824 1764 1860 sancti-

209 1883 288 1916 tati:
304 1882 432 1928 religio
448 1883 546 1917 enim
561 1891 614 1916 est
629 1883 806 1928 quaedam
822 1881 987 1928 specialis
1005 1882 1128 1922 virtus,
1147 1889 1186 1914 ut
1204 1880 1367 1914 habitum
1387 1887 1439 1914 est
1459 1879 1538 1924 (art.
1560 1890 1593 1924 4.
1615 1879 1684 1925 huj.
1702 1879 1764 1924 q.):

209 1937 379 1970 sanctitas
402 1945 521 1970 autem
550 1936 678 1970 dicitur
699 1947 776 1970 esse
793 1935 970 1981 generalis
991 1935 1118 1968 virtus:
1142 1942 1195 1968 est
1215 1933 1312 1967 enim
1333 1932 1468 1967 faciens
1486 1932 1621 1974 fideles,
1643 1939 1677 1966 et
1697 1943 1766 1966 ser-

209 1998 333 2023 vantes
349 2001 402 2031 ea,
425 2001 514 2035 quae
537 1990 580 2023 ad
598 1990 718 2023 Deum
741 1998 820 2023 sunt
842 1990 945 2035 justa,
967 1997 1006 2023 ut
1026 1988 1255 2022 Andronicus
1275 1987 1377 2029 dicit;
1401 1998 1486 2032 ergo
1501 1987 1670 2021 sanctitas
1690 1997 1764 2020 non

211 2051 264 2077 est
284 2043 381 2077 idem
403 2043 580 2089 religioni.

282 2106 313 2130 2.
328 2096 563 2131 PRAETEREA.
582 2096 761 2130 Sanctitas
776 2096 991 2130 munditiam
1010 2095 1205 2140 importare
1220 2094 1379 2129 videtur:
1403 2093 1488 2128 dicit
1503 2093 1599 2128 enim
1613 2093 1765 2139 Dionys.

216 2160 267 2183 12.
284 2161 359 2195 cap.
372 2150 415 2183 de
428 2150 509 2183 Div.
522 2149 644 2191 Nom.,
660 2150 756 2195 quod
765 2149 934 2183 sanctitas
949 2157 1001 2182 est
1013 2149 1053 2181 ab
1066 2148 1167 2182 omni
1180 2147 1409 2181 immunditia
1424 2147 1545 2189 libera,
1555 2155 1589 2181 et
1599 2145 1766 2192 perfecta,

213 2211 248 2237 et
270 2203 420 2237 omnino
443 2202 676 2236 immaculata
699 2203 892 2236 munditia:
915 2202 1090 2235 munditia
1112 2209 1232 2235 autem
1255 2201 1413 2234 maxime
1431 2201 1570 2234 videtur
1590 2200 1765 2246 pertinere

214 2256 257 2290 ad
287 2256 576 2301 temperantiam,
607 2267 697 2301 quae
726 2256 962 2301 turpitudines
992 2254 1199 2300 corporales
1228 2254 1402 2295 excludit3
1425 2265 1508 2287 cum
1530 2264 1616 2299 ergo
1638 2253 1765 2298 religio

214 2310 257 2343 ad
279 2309 452 2355 justitiam
475 2309 660 2355 pertineat,
687 2309 826 2342 videtur
848 2308 943 2354 quod
963 2308 1130 2342 sanctitas
1154 2319 1227 2341 non
1249 2308 1293 2341 sit
1318 2307 1414 2341 idem
1436 2307 1612 2352 religioni.

288 2374 316 2408 3.
339 2362 574 2397 PRAETEREA.
602 2362 653 2395 Ea
675 2373 765 2407 quae
792 2361 996 2395 dividuntur
1023 2373 1063 2395 ex
1091 2361 1270 2406 opposito,
1296 2372 1369 2394 non
1395 2368 1477 2394 sunt
1501 2360 1617 2395 idem:
1643 2359 1705 2394 sed
1730 2360 1766 2393 in

214 2415 370 2461 quadarn
405 2415 678 2449 enumeratione
704 2415 859 2459 partium
886 2415 1039 2459 justitiae
1066 2414 1234 2448 sanctitas
1262 2413 1501 2448 condividitur
1527 2413 1703 2459 religioni,
1729 2420 1768 2446 ut

214 2480 320 2514 supra
341 2469 504 2502 habitum
528 2476 580 2502 est
600 2468 645 2513 (q.
667 2469 763 2512 80.);
787 2479 873 2512 ergo
896 2468 1063 2502 sanctitas
1085 2479 1159 2501 non
1179 2475 1231 2501 est
1251 2467 1348 2501 idem
1370 2467 1465 2512 quod
1487 2466 1625 2511 religio.

288 2522 360 2556 SED
385 2532 538 2556 CONTRA
562 2529 624 2562 est,
648 2521 743 2566 quod
767 2521 895 2554 dicitur
918 2521 1004 2554 Luc.
1032 2532 1076 2555 L:
1100 2521 1289 2555 serviamus
1310 2520 1358 2554 illi
1381 2521 1413 2553 in
1434 2521 1614 2560 sanctitate,
1633 2520 1767 2564 etjusti-

216 2576 282 2610 tia.-
303 2575 364 2610 sed
387 2576 518 2609 servire
540 2575 621 2608 Deo
640 2574 792 2620 pertinet
815 2574 857 2607 ad
880 2573 1105 2618 religionem,
1125 2582 1162 2607 ut
1183 2584 1288 2618 supra
1306 2573 1470 2607 habitum
1493 2580 1545 2606 est
1559 2572 1638 2617 (art.
1656 2584 1683 2607 1.
1698 2572 1765 2618 huj.

216 2640 245 2673 q.
268 2629 310 2662 ad
329 2641 354 2673 3.
378 2634 405 2662 ct
427 2633 489 2662 art.
509 2640 536 2674 3.
560 2627 601 2661 ud
619 2627 690 2672 2.);
720 2637 806 2671 ergo
828 2626 955 2671 religio
975 2635 1028 2660 cst
1048 2626 1143 2660 idem
1167 2625 1356 2660 sanctitati.

286 2682 515 2716 RESPONDEO
538 2681 744 2721 dicendum,
767 2680 862 2725 quod
878 2690 1012 2713 nomen
1028 2680 1225 2713 sanctitatis
1247 2679 1308 2713 duo
1323 2678 1461 2712 videtur
1476 2678 1688 2723 importare:
1704 2689 1766 2712 uno

217 2734 362 2780 quidem
393 2734 488 2768 modo
515 2734 751 2767 munditiam:
780 2741 814 2767 et
838 2732 922 2766 huic
950 2732 1205 2777 significationi
1231 2731 1404 2777 competit
1428 2742 1562 2765 nomen
1578 2742 1766 2776 graecum:

217 2787 344 2821 dicitur
359 2787 454 2821 enim
472 2787 586 2831 ἅγιος,
601 2787 702 2832 quasi
723 2786 797 2820 sine
812 2793 923 2820 terra:
943 2786 1007 2819 alio
1023 2786 1116 2819 modo
1138 2785 1310 2831 importat
1324 2784 1547 2826 firmitatem;
1566 2784 1659 2818 unde
1675 2783 1767 2830 apud

218 2841 383 2886 antiquos
405 2846 516 2874 sancta
539 2840 757 2881 dicebantur,
779 2850 869 2884 quae
891 2838 1029 2883 legibus
1052 2847 1152 2873 erant
1178 2838 1326 2879 munita,
1353 2845 1390 2871 ut
1415 2836 1542 2870 violari
1567 2847 1641 2870 non
1668 2837 1768 2870 debe-
