1859 3122
493 174 714 209 QUAESTIO
749 173 862 203 LXVI.
897 173 1140 203 ARTICULUS
1174 173 1246 203 VII.
1568 174 1649 216 493

94 255 193 290 furtis
217 255 304 299 (can.
323 256 367 301 3.)
388 255 535 289 dicitur:
561 268 579 286 «
595 255 633 289 Si
655 255 732 301 quis
756 266 817 301 per
838 255 1092 289 necessitatem
1114 254 1231 296 famis,
1255 262 1315 288 aut
1335 253 1504 288 nuditatis
1519 253 1655 288 furatus

94 308 200 343 suerit
221 309 366 350 cibaria,
388 317 539 350 vestem,
558 308 614 342 vel
638 320 758 354 pecus,
781 308 963 354 poeniteat
985 320 1047 354 per
1068 308 1317 342 hebdomadas
1330 316 1400 342 tres
1416 320 1455 350 »3
1475 319 1561 353 ergo
1581 319 1654 341 non

94 362 177 397 licet
199 361 307 396 furari
329 370 475 408 propter
497 362 762 396 necessitatem.

165 425 195 449 2.
219 415 453 450 PRAffl-fflm.
478 415 612 449 Philos.
636 416 731 457 dicit,
756 416 789 448 in
814 425 843 448 2.
868 415 983 449 Ethic.
1025 421 1094 460 cap.
1114 415 1178 459 6.),
1202 415 1297 460 quod
1321 415 1511 460 quaedam,
1539 413 1658 448 confe-

95 469 178 503 stim
199 469 397 510 nominata,
430 469 625 502 convoluta
653 478 733 502 sunt
761 480 843 502 cum
872 468 1020 509 malitia,
1048 469 1139 502 inter
1165 480 1256 514 quae
1283 469 1384 514 ponit
1408 467 1566 502 furtum:
1594 468 1655 501 sed

96 522 181 556 illud
203 522 299 568 quod
315 531 367 556 est
388 523 587 556 secundum
610 534 645 556 se
669 522 817 563 malum,
833 534 905 555 non
922 530 1039 567 potest
1054 530 1200 567 propter
1215 521 1373 567 aliquem
1392 522 1529 556 bonum
1546 521 1657 555 finem

95 576 229 609 bonum
246 575 340 618 fieri,
364 587 450 621 ergo
466 587 539 609 non
555 584 672 622 potest
688 575 814 621 aliquis
839 575 933 609 licite
948 574 1068 616 furari,
1089 583 1125 608 ut
1139 575 1344 609 necessitati
1360 587 1444 609 suae
1459 575 1657 609 subveniat.

168 640 196 674 3.
220 629 456 664 PRAETEREA.
484 630 607 663 Homo
635 629 739 663 debet
762 628 909 674 diligere
932 628 1150 674 proximum,
1177 629 1269 662 sicut
1290 629 1468 674 seipsum;
1496 628 1557 662 sed
1583 639 1656 662 non

95 681 179 716 licet
200 681 309 716 furari
339 683 381 716 ad
412 683 495 724 hoc,
525 682 621 728 quod
651 682 778 728 aliquis
810 693 873 728 per
903 681 1175 727 eleemosynam
1198 682 1363 727 proximo
1394 682 1593 723 subveniat,
1620 689 1658 715 ut

96 736 190 781 Aug.
213 736 298 770 dicit
320 737 354 770 in
376 736 435 769 lib.
459 745 583 770 contra
605 736 725 770 Mend.
742 736 830 781 (cap.
848 735 896 781 7.)
911 747 923 776 ‚·
947 746 1034 780 ergo
1059 735 1168 769 etiam
1189 746 1263 769 non
1285 734 1370 769 licet
1390 734 1499 768 furari
1519 735 1562 768 ad
1581 735 1659 769 sub-

95 789 314 823 veniendum
336 790 501 836 propriae
523 789 738 823 necessitati.

168 843 242 877 SED
265 853 419 878 CONTRA
447 851 511 885 est,
533 843 629 889 quod
651 843 687 876 in
709 842 921 876 necessitate
944 850 1026 875 sunt
1051 841 1175 876 omnia
1197 842 1427 883 communia,
1450 849 1484 875 et
1509 841 1557 875 ita
1583 853 1657 875 non

95 896 234 929 videtur
257 908 332 931 esse
354 904 555 942 peccatum,
577 896 607 930 si
636 896 763 942 aliquis
785 907 862 930 rem
889 895 1034 930 alterius
1056 895 1210 941 accipiat
1231 904 1378 942 propter
1403 896 1657 929 necessitatem

96 949 162 983 sibi
183 949 317 983 factam
336 961 582 983 communem.

167 1003 394 1038 RESPONDEO
414 1004 618 1045 dicendum,
642 1004 737 1049 quod
761 1015 803 1037 ea
826 1014 916 1049 quae
939 1011 1020 1037 sunt
1041 1003 1126 1048 juris
1148 1003 1310 1044 humani,
1337 1014 1410 1036 non
1434 1010 1585 1049 possunt
1603 1001 1657 1036 de-

97 1068 224 1102 rogare
246 1057 313 1102 juri
335 1057 501 1098 naturali,
523 1057 581 1091 vel
598 1058 667 1102 juri
689 1057 829 1090 divino:
854 1057 1052 1090 secundum
1074 1065 1192 1090 autem
1216 1056 1421 1090 naturalem
1437 1057 1601 1090 ordinem
1618 1067 1657 1089 ex

97 1111 216 1144 divina
235 1111 459 1156 providentia
473 1111 687 1151 institutum,
702 1122 757 1144 res
772 1110 958 1144 inferiores
974 1118 1055 1144 sunt
1069 1111 1255 1144 ordinatae
1271 1110 1313 1143 ad
1330 1110 1412 1151 hoc,
1432 1110 1528 1155 quod
1544 1121 1586 1143 ex
1604 1109 1658 1142 his

97 1165 327 1198 subveniatur
347 1164 539 1198 hominum
555 1164 776 1205 necessitati3
800 1172 834 1197 et
854 1164 936 1198 ideo
952 1175 1014 1209 per
1028 1175 1149 1197 rerum
1165 1163 1392 1205 divisionem,
1409 1172 1442 1197 et
1458 1163 1662 1209 appropria-

96 1218 233 1252 tionem
256 1229 297 1252 ex
319 1219 395 1263 jure
415 1218 578 1252 humano
601 1218 870 1264 procedentem,
901 1229 975 1251 non
997 1217 1190 1263 impeditur
1212 1217 1297 1263 quin
1325 1218 1483 1251 hominis
1510 1217 1663 1251 necessi-

96 1271 160 1305 tati
180 1271 225 1305 sit
244 1271 530 1305 subveniendum
553 1283 595 1305 ex
616 1271 825 1316 hujusmodi
840 1271 963 1313 rebus3
986 1279 1020 1305 et
1034 1271 1117 1304 ideo
1133 1281 1199 1312 res,
1216 1282 1303 1316 quas
1320 1270 1430 1316 aliqui
1444 1270 1662 1316 superabun-

97 1325 376 1366 danterhabent,
388 1336 430 1359 ex
443 1325 597 1359 naturali
611 1327 686 1370 jure
702 1325 876 1359 debentur
886 1336 1085 1370 pauperum
1097 1324 1368 1366 sustentationi,
1384 1324 1478 1358 unde
1489 1324 1659 1358 Ambros.

98 1379 183 1412 dicit
205 1378 314 1422 (serm.
341 1379 397 1423 64.
425 1379 460 1413 ds
497 1379 640 1425 Tema),
669 1387 703 1413 et
730 1379 882 1412 habetur
908 1379 944 1412 in
971 1378 1115 1412 Decret.
1138 1378 1230 1412 Dist.
1252 1388 1308 1423 47.
1332 1378 1450 1424 (cap.:
1473 1378 1563 1412 Sicut
1590 1378 1659 1421 hi).-

102 1445 119 1463 α
134 1432 374 1466 Esurientium
397 1433 498 1478 panis
521 1441 584 1474 est,
607 1443 715 1478 quem
737 1441 775 1466 tu
806 1432 962 1471 detines3
989 1432 1171 1465 nudorum
1197 1431 1451 1465 indumentum
1474 1439 1536 1472 est,
1563 1430 1660 1476 quod

98 1494 135 1519 tu
150 1485 324 1527 recludis;
347 1486 563 1519 miserorum
578 1486 791 1531 redemptio,
808 1494 842 1519 et
856 1485 1035 1519 absolutio
1053 1493 1105 1519 est
1119 1485 1283 1530 pecunia,
1299 1496 1406 1530 quam
1426 1493 1463 1518 tu
1478 1487 1512 1519 in
1527 1492 1660 1518 terram

99 1538 237 1572 defodis
251 1552 269 1571 ›>
284 1550 290 1572 :
313 1539 376 1573 sed
399 1539 481 1585 quia
503 1538 607 1573 multi
629 1547 711 1573 sunt
731 1539 982 1572 necessitatem
998 1539 1183 1584 patientes,
1204 1546 1237 1571 et
1251 1549 1324 1571 non
1340 1546 1458 1584 potest
1476 1549 1517 1572 ex
1533 1538 1659 1572 eadem

99 1604 136 1627 re
157 1593 324 1626 omnibus
346 1593 537 1634 subveniri,
557 1592 794 1626 committitur
809 1593 954 1626 arbitrio
970 1592 1249 1637 uniuscujusque
1265 1591 1485 1638 dispensatio
1501 1591 1658 1637 propria-

99 1657 179 1679 rum
201 1657 332 1687 rerum,
355 1654 393 1679 ut
415 1657 457 1679 ex
479 1646 528 1680 eis
551 1646 738 1680 subveniat
764 1646 1018 1680 necessitatem
1045 1645 1278 1691 patientibus:
1302 1647 1330 1679 si
1352 1653 1474 1679 tamen
1503 1645 1593 1679 adeo
1616 1645 1661 1679 sit

99 1699 256 1740 evidenS,
279 1708 313 1733 et
334 1711 464 1745 urgens
486 1700 692 1741 necessitas,
715 1707 752 1733 ut
771 1699 1001 1734 manifestum
1025 1699 1069 1733 sit
1089 1699 1235 1732 instanti
1261 1699 1467 1732 necessitati
1490 1699 1532 1732 de
1555 1698 1659 1732 rebus

100 1753 370 1786 occurrentibus
393 1764 470 1787 esse
492 1753 779 1787 subveniendum
799 1754 900 1798 (puta
916 1764 999 1786 cum
1014 1752 1181 1786 imminet
1201 1763 1377 1798 personae
1392 1751 1605 1797 periculum,
1626 1759 1662 1785 et

101 1805 202 1840 aliter
223 1806 405 1840 subveniri
431 1817 504 1840 non
532 1807 679 1852 potest),
706 1814 790 1840 tunc
817 1806 913 1840 licite
935 1813 1053 1852 potest
1079 1805 1206 1851 aliquis
1229 1816 1270 1839 ex
1298 1806 1401 1839 rebus
1425 1805 1549 1839 alienis
1575 1816 1661 1839 suae

99 1859 305 1894 necessitati
326 1860 527 1902 subvenire,
549 1860 623 1894 sive
650 1859 849 1902 manifeste,
872 1861 945 1894 sive
973 1858 1114 1894 occulte
1141 1858 1308 1893 sublatis:
1331 1870 1397 1893 nec
1419 1859 1491 1893 hoc
1517 1859 1661 1905 proprie

100 1913 208 1947 habet
228 1913 406 1948 rationem
428 1913 522 1956 furti,
544 1913 603 1947 vel
624 1914 782 1959 rapinae.

171 1967 230 2001 AD
252 1977 401 2001 PRIMUM
423 1978 509 2013 ergo
532 1967 738 2009 dicendum,
757 1967 853 2012 quod
874 1965 1076 2001 Decretalis
1097 1965 1159 2000 illa
1180 1965 1338 2012 loquitur
1360 1967 1395 2000 in
1415 1977 1511 2008 casu,
1530 1966 1566 1999 in
1589 1976 1660 2012 quo

101 2031 175 2054 non
197 2028 249 2054 est
270 2031 400 2065 urgens
422 2020 628 2054 necessitas.

172 2073 232 2107 AD
259 2084 466 2108 SECUNDUM
488 2074 693 2116 dicendum,
715 2074 811 2120 quod
834 2074 885 2107 uti
906 2085 943 2108 re
966 2073 1082 2107 aliena
1105 2072 1248 2107 occulte
1271 2081 1419 2120 accepta
1441 2073 1476 2106 in
1496 2083 1581 2107 casu
1602 2084 1661 2106 ne-

103 2127 278 2161 cessitatis
309 2135 502 2169 extremae,
533 2138 607 2161 non
636 2127 745 2162 habet
772 2127 951 2161 rationem
977 2126 1071 2168 furti,
1098 2127 1240 2173 proprie
1268 2126 1472 2173 loquendo:
1495 2126 1578 2172 quia
1599 2137 1662 2171 per

102 2179 213 2214 talem
234 2180 487 2214 necessitatem
509 2180 661 2215 efficitur
683 2192 788 2214 suum
802 2181 848 2222 id,
864 2180 961 2227 quod
977 2180 1054 2226 quis
1071 2180 1202 2226 accipit
1223 2180 1266 2214 ad
1289 2180 1561 2215 sustentandam
1583 2190 1661 2225 pro-

103 2244 217 2278 priam
238 2242 361 2267 vitam.

173 2287 233 2321 AD
253 2297 424 2321 TERTtUM
446 2287 650 2329 dicendum,
665 2288 762 2333 quod
776 2288 813 2321 in
835 2299 919 2321 casu
942 2286 1068 2321 similis
1086 2287 1310 2321 necessitatis
1325 2287 1432 2321 etiam
1448 2294 1565 2333 potest
1583 2285 1660 2332 quis

104 2340 245 2384 occulte
267 2352 343 2375 rem
366 2340 521 2375 alienam
544 2341 718 2387 accipere,
741 2349 778 2375 ut
799 2341 987 2375 subveniat
1004 2342 1170 2386 proximo
1193 2341 1243 2375 sic
1265 2341 1450 2386 indigenti.

634 2463 979 2508 ARTICULUS
1007 2464 1131 2508 vui.
1597 2485 1656 2519 375

361 2571 514 2600 UTRUM
546 2571 702 2602 RAPINA
734 2572 886 2601 POSSIT
920 2572 1030 2602 FIERI
1064 2572 1158 2601 SINE
1185 2570 1402 2600 PECCATO.

176 2657 235 2692 AD
259 2669 446 2693 OCTAVUM
468 2659 517 2693 sic
546 2661 759 2705 proceditur.
787 2660 949 2701 Videtur,
972 2660 1066 2706 quod
1091 2660 1212 2705 rapina
1240 2659 1352 2704 possit
1377 2657 1453 2691 fieri
1480 2658 1556 2691 sine
1583 2668 1662 2703 pec-

108 2717 206 2744 cato:
230 2712 361 2756 praeda
387 2713 484 2745 enim
511 2724 573 2758 per
598 2713 810 2747 violentiam
838 2714 1028 2759 accipitur,
1056 2713 1151 2758 quod
1178 2713 1317 2745 videtur
1343 2711 1386 2744 ad
1408 2710 1584 2744 rationem
1611 2722 1662 2744 ra-

107 2760 217 2808 pinae
233 2765 420 2809 pertinere,
443 2766 643 2799 secundum
665 2767 847 2812 praedicta
873 2770 951 2810 (art.
979 2777 1011 2810 4.
1034 2767 1101 2811 lmj.
1124 2766 1195 2810 q.).·
1217 2766 1278 2798 sed
1305 2764 1475 2810 praedam
1498 2765 1660 2809 accipere

109 2816 150 2849 ab
172 2816 334 2851 hostibus
357 2817 495 2852 licitum
518 2827 588 2852 est:
612 2819 696 2853 dicit
718 2820 813 2853 enim
837 2820 1007 2853 Ambros.
1030 2819 1065 2852 in
1088 2819 1146 2852 lib.
1170 2819 1212 2851 de
1234 2817 1450 2851 Patriarchis
1474 2817 1539 2861 (seu
1561 2817 1617 2851 lib.
1632 2830 1658 2852 r.

108 2870 144 2904 de
165 2870 352 2913 Abraham,
379 2877 450 2917 cap.
469 2872 538 2917 3.):
569 2884 587 2902 «
606 2872 702 2906 Cum
724 2872 854 2918 praeda
876 2872 981 2906 fuerit
1006 2872 1041 2905 in
1069 2878 1244 2917 potestate
1266 2870 1423 2912 victoris,
1446 2870 1550 2905 decet
1570 2870 1661 2904 mili-
