1859 3122
476 167 696 204 QUAESTIO
730 167 876 198 LXXIX.
910 167 1152 198 ARTICULUS
1186 168 1242 198 IV.
1549 159 1627 212 561

77 249 297 296 simpliciter,
320 257 354 283 et
375 249 537 283 absolute
558 249 754 296 loquendo,
775 249 1013 295 transgressio
1037 258 1089 284 est
1111 250 1255 295 gravius
1289 258 1490 296 peccatum,
1525 263 1633 297 quam

78 303 244 338 omissio:
267 302 351 336 licet
372 303 490 348 aliqua
513 303 662 337 omissio
685 304 797 349 possit
818 314 896 337 esse
919 304 1062 348 gravior
1085 303 1203 349 aliqua
1225 304 1520 349 transgressione.

148 357 208 391 AD
230 367 377 391 PmMUM
400 367 486 401 ergo
509 356 714 398 dicendum,
737 357 832 403 quod
856 356 1025 391 delictum
1051 358 1293 391 communiter
1326 366 1509 404 sumptum
1531 359 1635 405 signi-

77 410 160 444 ficat
181 421 447 456 quamcumque
470 411 726 444 omissionem:
749 410 965 456 quandoque
987 418 1109 444 tamen
1132 411 1253 445 stricte
1285 412 1469 457 accipitur,
1501 423 1566 458 pro
1590 423 1633 446 eo

79 464 174 510 quod
198 464 373 498 omittitur
395 463 526 509 aliquid
549 464 592 498 dc
614 464 680 506 his,
703 475 794 510 quae
815 465 992 510 pertinent
1014 465 1057 498 ad
1079 465 1211 507 Deum,
1233 465 1290 499 vel
1309 466 1453 511 quando
1471 468 1636 508 scienter,

79 526 114 552 et
135 517 236 564 quasi
259 529 341 551 cum
364 518 522 563 quodam
546 526 755 562 contemptu
778 517 991 563 derelinquit
1012 518 1126 552 homo
1146 518 1193 560 id,
1212 519 1307 564 quod
1327 518 1444 553 facere
1463 519 1584 561 debet;
1603 528 1636 554 et

79 572 128 606 sic
150 572 258 606 habet
279 572 474 617 quamdam
497 572 720 616 gravitatem,
744 572 881 605 ratione
905 573 1004 616 cujus
1027 572 1154 616 majori
1178 573 1380 618 expiatione
1402 573 1548 618 indiget.

149 626 209 660 AD
236 636 442 660 SECUNDUM
473 625 679 667 dicendum,
702 625 799 671 quod
822 625 854 658 ei
876 625 971 670 quod
1001 633 1053 659 est
1081 626 1342 671 bonamflzcaera,
1372 627 1576 672 opponitur,
1603 634 1638 660 et

78 679 271 725 nonfacere
293 680 425 721 bonnm,
449 679 545 724 quod
573 687 625 713 est
652 679 830 719 omittere,
858 686 892 712 et
910 679 1023 724 facere
1052 679 1191 720 malum,
1215 679 1311 724 quod
1339 687 1392 713 est
1420 680 1634 724 transgredi:

79 733 140 768 sed
162 733 319 778 primum
341 732 630 774 contradictorie,
653 732 853 765 secundum
876 733 1066 774 contrarie,
1086 732 1181 778 quod
1199 733 1371 778 importat
1394 734 1570 778 majorem
1589 733 1637 767 di-

80 787 267 829 stantiam3
290 794 324 820 et
344 786 426 820 ideo
448 786 685 830 transgressio
709 793 760 819 est
783 785 926 831 gravius
948 794 1149 831 peccatum.

150 840 209 874 AD
229 850 398 874 TERTIUM
421 839 626 881 dicendum,
649 839 744 885 quod
767 840 859 873 sicut
880 839 1029 873 omissio
1053 839 1247 885 opponitur
1262 840 1461 886 praeceptis
1484 840 1636 875 affirma-

79 893 179 935 tivis;
201 893 249 927 ita
274 893 511 937 transgressio
538 893 731 939 opponitur
757 893 957 938 praeceptis
984 894 1178 938 negativis3
1206 901 1240 927 et
1266 893 1348 927 ideo
1376 902 1579 940 utrumque,
1607 895 1636 929 si

79 947 222 993 proprie
245 946 450 992 accipiatur,
472 946 642 992 importat
667 946 845 980 rationem
871 947 1010 992 peccati
1039 947 1221 980 mortalis:
1249 955 1368 993 potest
1393 956 1514 982 autem
1536 948 1635 994 large

80 1000 151 1034 dici
170 1000 421 1045 transgressio,
440 999 498 1033 vel
520 999 680 1041 omissio,
704 1011 745 1033 ex
768 1011 811 1033 eo
835 1000 931 1045 quod
955 1000 1087 1046 aliquid
1109 1000 1147 1034 fit
1168 1009 1308 1047 praeter
1330 1010 1521 1048 praecepta
1548 1002 1638 1036 affir-

81 1054 226 1095 mativa,
247 1053 305 1087 vel
326 1055 504 1099 negativa,
527 1053 721 1099 disponens
745 1053 787 1086 ad
810 1053 1037 1099 oppositum3
1065 1062 1099 1088 et
1124 1055 1174 1088 sic
1203 1062 1394 1100 utrumque
1422 1054 1519 1101 large
1547 1055 1637 1089 acci-

80 1107 223 1153 piendo,
245 1114 362 1152 potest
385 1118 460 1140 esse
482 1115 672 1152 peccatum
694 1106 845 1141 veniale.

151 1161 211 1195 AD
235 1171 421 1199 QUARTUM
444 1160 648 1202 dicendum,
671 1161 767 1206 quod
788 1168 938 1206 peccato
957 1161 1250 1207 transgressionis
1273 1161 1467 1207 respondet
1488 1169 1638 1209 etpoena

81 1214 205 1255 damni,
229 1221 374 1260 propter
396 1214 623 1248 aversionem
646 1225 665 1247 a
686 1215 779 1256 Deo,
802 1222 836 1248 et
852 1220 959 1260 posita
979 1226 1096 1256 sensns,
1118 1222 1262 1260 propter
1283 1215 1527 1249 inordinatam
1556 1227 1638 1250 con-

80 1267 287 1301 versionem
309 1267 352 1300 ad
374 1268 512 1301 bonum
531 1267 805 1302 commutabile:
829 1267 994 1301 similiter
1012 1268 1121 1301 etiam
1144 1268 1332 1302 omissioni
1350 1280 1425 1302 non
1443 1268 1563 1303 solum
1582 1269 1638 1303 de-

82 1321 184 1355 betur
199 1327 310 1367 poena
331 1321 455 1362 damni,
479 1321 540 1355 sed
563 1321 671 1354 etiam
687 1327 795 1367 poena
819 1333 939 1363 ςειιςιις,
961 1322 1161 1355 secundum
1182 1321 1270 1356 illud
1293 1323 1420 1356 Matth
1450 1334 1499 1368 7.:
1522 1324 1638 1358 Omnis

82 1386 122 1408 ai
126 1375 194 1416 bol,
211 1386 292 1419 quae
305 1386 370 1408 non
383 1375 623 1420 facitjrzcctmn
640 1376 772 1417 imnum,
787 1374 961 1416 excidam
975 1380 1002 1409 ct
1016 1376 1049 1409 in
1066 1377 1170 1421 ignem
1187 1377 1346 1410 nuttam:
1363 1384 1396 1410 et
1406 1377 1477 1410 hoc
1492 1385 1637 1423 propter

81 1421 252 1469 radiceni,
274 1439 317 1462 ex
334 1439 403 1473 qua
425 1428 606 1474 procedit,
632 1427 717 1461 licet
738 1439 811 1462 non
833 1428 964 1462 habeat
985 1439 1027 1462 ex
1048 1429 1262 1464 necessitate
1287 1429 1465 1464 actualem
1489 1441 1582 1464 conv
1587 1442 1636 1465 er-

83 1481 224 1515 sionem
246 1481 289 1515 ad
315 1480 461 1527 aliquod
482 1481 619 1515 bonum
641 1480 911 1515 commutabile

555 1806 909 1867 QUAESTIO
950 1807 1164 1856 LXXX.

362 1929 424 1960 DE
450 1929 676 1961 PARTIBUS
701 1929 1073 1963 POTENTIALIBUS
1099 1932 1352 1972 JUSTITIAE.

154 2062 294 2096 Deinde
316 2061 618 2096 considerandum
640 2071 692 2097 est
713 2063 756 2097 de
770 2063 928 2109 partibus
947 2065 1200 2110 potentialibus
1218 2067 1384 2112 justitiae,
1400 2067 1492 2102 idest
1511 2068 1554 2102 de
1572 2069 1639 2102 vir-

84 2116 216 2151 tutibus
238 2116 270 2149 ei
292 2116 456 2158 annexis;
479 2124 513 2150 et
534 2116 629 2150 circa
649 2117 721 2150 hoc
741 2117 811 2151 duo
831 2125 913 2151 sunt
931 2118 1213 2153 consideranda:
1232 2122 1346 2165 primo
1371 2121 1529 2166 quidem,
1545 2133 1636 2167 quae

83 2172 230 2204 virtutes
243 2169 397 2215 justitiae
416 2177 667 2204 annectantur:
682 2171 817 2205 secundo
834 2171 1137 2207 considerandum
1152 2181 1205 2208 est
1219 2174 1263 2208 de
1281 2174 1430 2220 singulis
1448 2175 1636 2210 virtutibus

84 2231 239 2269 Justitiae
260 2233 418 2257 annexis.

565 2364 907 2410 ARTICULUS
942 2366 1181 2410 UNICUS.
1568 2391 1633 2426 425

87 2471 239 2501 UTRUM
260 2471 598 2502 CONVENIENTER
617 2473 916 2504 ASSIGNENTUR
937 2474 1152 2504 VIRTu‘rEs
1173 2476 1398 2517 JUSTITIAE
1419 2477 1636 2507 ANNEXAE.

292 2557 406 2604 (Supr.
427 2569 457 2604 q.
475 2558 526 2604 58.
548 2563 611 2592 art.
632 2571 678 2593 Π.
701 2559 742 2593 ad
762 2571 790 2594 Ι.
812 2564 839 2594 et
860 2572 891 2594 2.
913 2565 942 2594 et
962 2560 1042 2606 infr.
1065 2573 1094 2606 q.
1117 2573 1188 2596 122.
1211 2567 1274 2597 art.
1296 2575 1323 2597 r.
1346 2569 1436 2609 corp.

607 2616 634 2645 et
650 2624 678 2658 3.
701 2613 787 2647 Dist.
806 2625 850 2659 33.
872 2625 902 2658 q.
920 2625 948 2659 3.
971 2618 1033 2647 art.
1056 2614 1119 2659 4.).

159 2701 218 2735 AD
245 2711 351 2735 HUNC
373 2700 423 2734 sic
446 2699 660 2746 proceditur.
687 2700 848 2743 Videtur,
876 2702 973 2747 quod
1003 2703 1297 2736 inconvenienter
1327 2703 1553 2748 assignentur
1573 2705 1639 2739 vir-

88 2761 180 2788 tutes
202 2753 356 2799 justitiae
384 2764 562 2788 annexae:
586 2753 727 2787 Tullius
755 2755 851 2788 enim
879 2755 952 2798 (lib.
983 2767 1014 2790 2.
1042 2755 1077 2789 de
1103 2756 1246 2799 linunt.)
1269 2765 1455 2790 enumerat
1474 2769 1548 2792 sex:
1575 2759 1639 2792 sci-

89 2807 189 2841 licet:
211 2807 412 2852 religionem,
429 2808 597 2852 pietatem,
617 2808 774 2851 gratiam,
794 2808 1063 2847 vindicatifflzem,
1084 2810 1336 2850 observantiam,
1351 2811 1548 2846 veritatem:
1566 2813 1640 2846 vin-

48 2870 52 2874 ’
91 2860 222 2894 dicatio
246 2869 365 2894 autem
385 2859 525 2894 videtur
545 2859 683 2905 species
705 2871 780 2894 esse
811 2862 1091 2895 commutativae
1120 2862 1286 2906 justitiae,
1309 2863 1507 2897 secundum
1529 2876 1636 2910 quam
