1859 3122
477 158 694 194 QUAESTIO
729 158 887 188 CLXVII.
922 158 1166 189 ARTICULUS
1200 157 1226 188 1.
1524 144 1630 199 1085

147 237 222 273 SED
249 248 403 273 CONTRA
431 247 495 281 est,
517 240 613 285 quod
636 239 882 286 Hieronymus
896 239 982 274 dicit
997 240 1082 286 (sup.
1104 239 1187 274 illud
1208 239 1323 286 Ephes.
1345 249 1400 283 4.:
1424 238 1502 273 Non
1524 239 1636 272 ambu-

74 292 142 326 latis
157 293 188 326 in
203 292 388 336 ἰἰιηίίιιωι
407 306 424 323 ‹<
440 292 570 327 Nonne
585 293 686 327 vobis
701 293 839 328 videtur
854 293 889 327 in
905 294 1062 327 vanitate
1077 304 1213 334 sensus,
1229 301 1263 327 et
1278 292 1493 326 obscuritate
1506 291 1636 325 mentis

75 345 224 390 ingredi,
239 345 299 390 qui
322 345 445 379 diebus
468 357 508 379 ac
531 346 696 380 noctibus
718 347 752 380 in
772 346 959 381 dialectica
982 355 1055 380 arte
1077 354 1275 392 torquetur,
1295 345 1355 391 qui
1373 345 1543 391 physicus
1562 355 1638 390 per-

75 406 250 432 scrutator
277 398 404 432 oculos
431 407 527 433 trans
555 399 699 433 coelum
726 399 849 434 levat?
874 413 915 434 »z
953 400 1014 434 sed
1048 402 1186 434 vanitas
1213 410 1351 440 sensus,
1379 407 1414 432 et
1439 398 1637 432 obscuritas

75 451 206 486 mentis
234 460 286 486 est
310 452 460 495 vitios:1;
488 464 574 498 ergo
602 453 696 487 circa
724 453 962 488 intellectivas
991 454 1159 488 scientias
1195 461 1313 499 potest
1342 464 1419 486 esse
1450 451 1639 486 curiositas

75 514 215 539 vmosa.

146 558 376 594 RESPONDEO
392 559 596 601 dicendum,
612 560 719 606 quod,
735 560 827 594 sicut
841 561 977 595 dictum
999 569 1051 595 est
1073 558 1122 607 (q.
1136 567 1249 607 praec.
1269 565 1334 595 art.
1350 559 1409 604 1.),
1432 558 1638 594 studiositas

76 623 149 646 non
172 621 225 646 est
246 612 378 647 directe
403 614 497 647 circa
518 614 633 659 ipsam
656 614 916 659 cognitionem,
932 614 992 649 sed
1009 615 1104 648 circa
1119 614 1328 660 appetitum,
1351 622 1385 647 et
1406 613 1564 647 studium
1583 623 1640 645 co-

79 665 250 710 gnitionis
278 666 536 712 acquirendae,
559 667 656 701 aliter
678 675 796 701 autem
821 675 872 701 est
893 668 1125 712 judicandum
1153 668 1196 702 de
1218 668 1294 713 ipsa
1322 666 1531 711 cognitione
1553 664 1641 699 veri-

76 719 170 760 tatis,
193 727 227 753 et
249 719 343 754 aliter
365 719 408 753 de
431 720 600 765 appetitu,
629 728 663 754 et
689 720 807 754 studio
830 721 987 755 veritatis
1015 721 1310 767 cognoscendae:
1333 720 1411 766 ipsa
1434 719 1531 754 enim
1552 718 1640 752 veri-

77 771 158 805 tatis
181 772 354 817 cognitio,
369 784 431 818 per
444 784 481 806 se
496 773 692 819 loquendo,
706 774 801 807 bona
817 782 884 809 est:
900 782 1018 820 potest
1034 782 1154 808 autem
1170 786 1233 820 per
1248 774 1415 808 accidens
1438 784 1515 807 esse
1532 771 1640 813 mala,

78 825 216 858 ratione
231 825 369 859 scilicet
387 825 537 871 alicujus
557 827 829 872 consequentis;
848 826 906 861 vel
923 827 1137 873 inquantum
1153 827 1280 873 aliquis
1297 827 1339 861 de
1356 826 1564 872 cognitione
1582 836 1643 859 ve-

78 878 190 912 ritatis
211 879 381 923 superbit,
403 881 603 914 secundum
624 879 711 914 illud
738 891 765 914 1.
789 880 832 913 ad
856 880 941 914 Cor.
965 881 1017 915 8.:
1040 882 1184 915 Scientia
1206 881 1323 926 inflat;
1351 880 1410 914 vel
1427 880 1641 925 inquantum

78 932 192 966 homo
215 934 324 967 utitur
346 934 554 979 cognitione
577 934 735 968 veritatis
758 935 801 968 ad
823 935 1060 980 peccandum.
1085 934 1156 968 Sed
1182 934 1258 980 ipse
1282 934 1471 980 appetitus,
1493 931 1552 967 vel
1573 938 1643 966 stu-

79 986 178 1019 dium
200 987 479 1031 cognoscendae
500 988 659 1022 veritatis
686 996 803 1033 potest
829 988 962 1022 habere
990 988 1256 1029 rectitudinem,
1278 987 1336 1021 vel
1357 986 1641 1033 perversitatem.

84 1039 156 1073 Uno
180 1040 326 1085 quidem
347 1041 453 1083 modo,
477 1049 583 1086 prout
610 1040 737 1086 aliquis
764 1041 878 1075 tendit
904 1052 969 1075 suo
997 1042 1115 1075 studio
1138 1041 1174 1074 in
1197 1040 1446 1086 cognitionem
1472 1039 1643 1080 veritatis,

78 1100 184 1138 prout
205 1104 267 1139 per
289 1094 454 1128 accidens
475 1094 634 1139 jungitur
655 1094 688 1127 ei
709 1094 868 1137 malum;
887 1095 979 1129 sicut
999 1094 1050 1128 illi
1073 1095 1133 1140 qui
1154 1095 1298 1128 student
1318 1094 1360 1127 ad
1375 1093 1565 1128 scientiam
1586 1103 1644 1127 ve-

78 1146 202 1188 ritatis,
211 1155 249 1180 ut
258 1147 384 1181 exinde
393 1147 609 1193 superbiant3
624 1147 717 1181 unde
728 1147 882 1194 August.
892 1148 978 1182 dicit
988 1148 1024 1182 in
1037 1147 1096 1182 lib.
1108 1148 1150 1182 de
1162 1148 1291 1182 Morib.
1302 1147 1440 1181 Eccles.
1455 1147 1545 1193 (cap.
1558 1147 1642 1191 21.).·

83 1213 100 1232 «
116 1200 208 1234 Sunt
228 1200 288 1246 qui
309 1200 456 1234 desertis
477 1201 678 1242 virtutibus,
698 1209 731 1235 et
749 1203 951 1235 nescientes
969 1201 1054 1247 quid
1075 1201 1121 1235 sit
1140 1201 1252 1243 Deus,
1271 1209 1306 1235 et
1323 1209 1455 1247 quanta
1474 1201 1644 1245 majestas

80 1265 223 1299 semper
249 1253 379 1287 eodem
401 1254 514 1288 modo
541 1254 719 1288 manentis
741 1263 901 1296 naturae,
924 1266 1100 1300 magnum
1123 1254 1257 1300 aliquid
1278 1265 1316 1288 se
1339 1265 1445 1299 agere
1467 1261 1594 1299 putant
1614 1252 1644 1286 si

81 1307 288 1340 universam
305 1307 411 1341 istam
431 1309 592 1353 corporis
611 1307 762 1349 molem,
781 1319 890 1353 quam
910 1309 1087 1342 mundum
1105 1319 1370 1354 nuncupamus,
1390 1306 1644 1348 curiosissime,

81 1361 394 1407 intensissimeque
416 1361 641 1407 perquirant3
664 1362 758 1395 unde
774 1363 883 1396 etiam
897 1370 996 1396 tanta
1011 1362 1176 1408 superbia
1190 1362 1358 1407 gignitur,
1374 1368 1412 1394 ut
1430 1362 1506 1406 ipso
1527 1359 1644 1401 coelo,

82 1414 124 1448 de
147 1425 218 1460 quo
241 1425 346 1460 saepe
369 1415 562 1460 disputant,
584 1415 727 1448 sibimet
748 1415 910 1449 habitare
931 1416 1120 1449 videantur
1133 1427 1171 1448 »2
1194 1415 1358 1449 similiter
1380 1415 1489 1448 etiam
1510 1413 1563 1447 illi
1584 1412 1645 1459 qui

83 1467 226 1502 student
240 1467 424 1501 addiscere
447 1467 579 1513 aliquid
603 1469 646 1501 ad
670 1468 906 1513 peccandum,
928 1469 1100 1502 vitiosum
1115 1469 1273 1502 studium
1285 1468 1430 1510 habent,
1445 1467 1645 1501 secundum

81 1520 168 1554 illud
179 1520 247 1565 Jer.
263 1532 312 1566 9.:
332 1521 529 1554 Ducam-ant
543 1522 690 1566 linguam
705 1533 798 1555 sicam
809 1522 898 1567 loqui
914 1522 1120 1556 mendacimn
1130 1534 1142 1562 ‚·
1163 1527 1197 1556 ut
1211 1523 1323 1567 inique
1345 1526 1486 1566 agerent,
1510 1521 1644 1555 labora-

82 1579 211 1608 verant.
226 1574 304 1608 Alio
321 1582 441 1608 autem
463 1574 558 1608 modo
574 1583 692 1620 potest
714 1586 790 1609 esse
809 1576 937 1609 vitium
960 1587 1002 1610 ex
1023 1576 1100 1621 ipsa
1121 1575 1388 1609 inordinatione
1403 1574 1589 1621 appetitus,
1612 1581 1646 1607 et

83 1627 190 1661 studii
213 1627 256 1660 ad
277 1627 487 1661 discendam
513 1628 721 1670 veritatem,
749 1637 784 1662 et
808 1628 880 1662 hoc
902 1628 1181 1674 quadrupliciter:
1208 1640 1273 1663 uno
1301 1628 1407 1669 modo,
1430 1628 1646 1673 inquantum

82 1692 145 1727 per
159 1680 317 1714 studium
330 1681 449 1714 minus
464 1680 549 1715 utile
564 1681 792 1715 retrahuntur
808 1693 827 1715 a
841 1682 971 1724 studio,
987 1683 1083 1728 quod
1099 1682 1149 1716 eis
1165 1693 1207 1716 ex
1222 1682 1436 1716 necessitate
1451 1681 1646 1722 incumbit,

85 1734 191 1768 Unde
221 1734 369 1767 Hieron.
397 1734 481 1768 dicit
509 1734 613 1780 (epist.
644 1735 720 1779 146.
749 1735 790 1769 ad
816 1736 957 1770 Damas.
984 1735 1020 1769 da
1041 1736 1129 1770 Filio
1157 1735 1340 1780 Prodig0):
1375 1747 1393 1766 «
1416 1734 1645 1775 Sacerdotes,

86 1787 242 1821 dimissis
261 1787 477 1833 Evangeliis,
498 1796 532 1822 et
549 1788 752 1834 Prophetis,
773 1789 938 1823 videmus
958 1789 1167 1823 comoedias
1183 1788 1316 1834 legere,
1336 1795 1371 1822 et
1389 1787 1565 1821 amatoria
1583 1787 1650 1820 Bu-

89 1840 288 1875 colicorum
310 1852 479 1874 versuum
500 1841 609 1875 verba
632 1850 776 1875 cantare
791 1853 831 1875 »2
853 1842 919 1876 alio
941 1842 1048 1884 modo,
1070 1842 1285 1887 inquantum
1304 1841 1422 1875 studet
1442 1840 1570 1886 aliquis
1593 1840 1651 1874 ad-

87 1895 237 1936 discere,
260 1894 301 1927 ab
325 1905 381 1936 eo,
404 1906 425 1928 a
446 1906 517 1940 quo
536 1906 611 1928 non
629 1895 727 1929 licet:
748 1895 839 1929 sicut
858 1903 956 1941 patet
977 1895 1020 1929 de
1040 1895 1095 1929 his
1118 1895 1179 1941 qui
1194 1894 1313 1940 aliqua
1331 1893 1449 1928 futura
1468 1905 1487 1927 a
1506 1894 1650 1927 daemo-

88 1948 191 1981 nibus
213 1947 440 1993 perquirunt;
463 1959 555 1993 quae
574 1956 627 1982 est
647 1948 894 1993 superstitiosa
914 1949 1122 1990 curiositas;
1142 1949 1235 1982 unde
1254 1948 1408 1994 August.
1432 1947 1516 1981 dicit
1532 1947 1568 1980 in
1589 1946 1649 1980 lib.

87 2001 130 2035 de
145 2001 240 2034 Vera
251 2000 329 2035 Rel.
343 2001 430 2047 (cap.
452 2001 526 2045 4.):
552 2014 570 2032 «
581 2001 728 2042 Nescio,
751 2013 795 2035 an
810 2001 1019 2048 philosophi
1033 2001 1292 2047 impedirentur
1307 2012 1326 2034 a
1340 2000 1409 2034 fide
1424 2001 1510 2034 vitio
1535 2000 1651 2033 curio-

87 2054 199 2088 sitatis
213 2054 249 2087 in
265 2055 519 2100 percontandis
541 2054 779 2088 daemonibus
795 2068 812 2086 »
827 2068 833 2089 :
857 2057 965 2098 tertio,
982 2055 1125 2100 quando
1141 2055 1255 2089 homo
1275 2054 1408 2100 appetit
1426 2065 1648 2099 cognoscere

87 2107 276 2141 veritatem
298 2108 392 2141 circa
415 2116 607 2149 creaturas,
629 2119 703 2141 non
722 2107 909 2142 referendo
929 2108 972 2142 ad
992 2108 1151 2142 debitum
1169 2107 1290 2151 finem,
1308 2107 1447 2142 scilicet
1465 2108 1508 2141 ad
1529 2107 1649 2153 cogni-

88 2160 226 2194 tionem
247 2160 335 2203 Dei;
351 2161 445 2194 unde
461 2161 613 2206 August.
633 2161 718 2194 dicit
736 2161 771 2194 in
793 2161 853 2195 lib.
876 2162 919 2195 de
941 2162 1037 2195 Vera
1058 2161 1136 2195 Rel.
1153 2161 1239 2207 (cap.
1259 2162 1342 2207 29),
1362 2161 1458 2207 quod
1481 2174 1497 2192 α
1512 2161 1548 2194 in
1567 2171 1651 2194 con-

89 2213 305 2247 sideratione
324 2222 568 2247 creaturarum
590 2225 664 2247 non
687 2222 740 2247 est
760 2226 863 2256 vana,
886 2223 921 2248 et
941 2215 1094 2260 peritura
1114 2215 1302 2248 curiositas
1324 2213 1563 2248 excercenda:
1586 2213 1648 2247 sed

89 2267 219 2313 gradus
242 2268 285 2300 ad
306 2267 540 2309 immortalia,
563 2276 599 2302 et
619 2279 760 2313 semper
778 2269 961 2303 manentia
976 2269 1160 2303 faciendus
1177 2281 1217 2302 »:
1241 2274 1358 2314 quarto
1378 2268 1484 2310 modo,
1504 2269 1650 2313 inquan-

89 2330 167 2355 tum
197 2320 324 2366 aliquis
352 2321 469 2355 studet
490 2321 533 2355 ad
556 2321 850 2367 cognoscendam
876 2324 1064 2357 veritatem
1091 2334 1197 2368 supra
1224 2322 1358 2368 proprii
1384 2321 1520 2367 ingenii
1540 2320 1649 2354 facul-

88 2381 216 2408 tatem:
249 2375 331 2418 quia
358 2385 421 2419 per
448 2374 520 2408 hoc
550 2374 718 2408 homines
750 2375 792 2408 de
821 2374 920 2409 facili
948 2377 984 2410 in
1015 2387 1153 2410 errores
1182 2375 1369 2417 labuntur;
1400 2375 1493 2408 unde
1523 2374 1651 2408 dicitur

90 2426 200 2460 Eccli.
225 2437 272 2470 3.:
295 2427 428 2461 Altiora
446 2432 474 2461 te
496 2439 533 2461 ne
551 2429 746 2472 quaesieris‚·
769 2433 797 2462 et
809 2428 960 2474 fortiora
983 2434 1008 2464 te
1027 2442 1065 2464 na
1082 2433 1242 2463 scrutatus
1254 2429 1378 2473 facerim
1398 2433 1426 2462 et
1446 2429 1481 2461 in
1494 2427 1651 2474 pluribus

90 2480 237 2525 operibus
258 2482 326 2524 ejus
345 2492 384 2514 ne
397 2480 506 2525 fueris
524 2481 690 2521 cariosas;
715 2489 750 2514 et
770 2490 894 2527 postea
916 2482 1094 2528 sequitur:
1118 2482 1241 2516 Multos
1256 2483 1342 2516 enim
1361 2481 1585 2527 supplantavit
1605 2493 1653 2515 su-

89 2534 188 2578 spicio
210 2544 336 2574 eoram,
358 2538 388 2567 at
407 2534 442 2566 ‘in
462 2535 609 2567 tanitata
630 2533 768 2568 detinuit
784 2546 888 2569 sensus
909 2547 1034 2570 eoram.

162 2585 222 2619 AD
249 2596 395 2619 PRIMUM
417 2597 503 2631 ergo
526 2586 729 2628 dicendum,
752 2588 849 2633 quod
870 2588 1009 2622 bonum
1027 2588 1186 2622 hominis
1210 2588 1373 2622 consistit
1386 2588 1422 2621 in
1442 2587 1652 2633 cognitione

92 2638 184 2672 veri:
208 2650 283 2672 non
304 2646 427 2672 tamen
449 2649 633 2673 summum
654 2639 813 2674 hominis
834 2641 971 2675 bonum
994 2641 1157 2675 consistit
1179 2643 1213 2675 in
1237 2641 1443 2686 cognitione
1466 2640 1654 2686 cujuslibet

92 2691 179 2732 veri,
197 2691 258 2725 sed
279 2691 316 2724 in
339 2690 497 2737 perfecta
516 2693 723 2737 cognitione
746 2704 910 2728 summae
931 2694 1100 2736 veritatis,
1123 2702 1160 2728 ut
1181 2702 1278 2740 patet
1295 2705 1357 2740 per
1379 2693 1512 2729 Philos.
1535 2694 1572 2727 in
1597 2705 1648 2728 10.

93 2744 210 2778 Ethic.
235 2744 321 2790 (cap.
344 2756 374 2790 7.
396 2750 426 2779 et
442 2745 514 2789 8.);
539 2753 572 2779 et
591 2746 671 2779 ideo
694 2753 811 2791 potest
833 2758 911 2781 esse
932 2748 1058 2781 vitium
1080 2748 1115 2780 in
1139 2747 1347 2793 cognitione
1370 2747 1573 2792 aliquorum
1594 2758 1652 2781 ve—

95 2808 232 2839 rorum,
254 2798 453 2831 secundum
476 2799 571 2844 quod
593 2798 673 2832 talis
695 2800 870 2845 appetitus
891 2812 966 2834 non
988 2801 1107 2834 debito
1129 2801 1241 2834 modo
1261 2800 1446 2835 ordinatur
1467 2801 1510 2834 ad
1533 2800 1654 2845 cogni-

94 2851 235 2885 tionem
257 2861 422 2885 summae
443 2851 612 2894 veritatis,
633 2852 669 2886 in
692 2863 760 2898 qua
783 2854 946 2888 consistit
966 2864 1108 2888 summa
1129 2853 1291 2888 felicitas.
