1905 3137
245 140 300 193 64
679 148 899 184 QUAESTIO
933 148 988 178 IV.
1023 148 1267 179 ARTICULUS
1299 148 1355 178 VI.

244 231 391 278 quilibet
410 231 498 265 alius
513 230 666 272 habitus,
681 241 722 264 ex
740 229 883 265 formali
898 231 1035 265 ratione
1051 230 1181 276 objecti
1195 229 1304 264 habet
1317 228 1487 275 speciem,
1502 228 1563 263 sed
1578 240 1620 263 ex
1634 228 1795 274 subjecto

242 285 502 326 individuatur3
525 292 558 317 et
578 283 673 326 ideo,
691 283 722 317 si
742 283 829 318 fides
851 293 1011 318 sumatur
1033 295 1096 330 pro
1115 283 1250 325 habitu,
1273 293 1344 328 quo
1364 282 1554 323 credimus,
1569 282 1621 316 sic
1638 281 1726 316 fides
1744 289 1797 315 est

242 350 313 371 una
335 338 465 383 specie,
493 345 527 370 et
553 336 720 371 differens
746 348 898 371 numero
925 338 960 371 in
987 338 1155 379 diversi53
1178 337 1312 370 sivero
1340 343 1501 369 sumatur
1526 346 1590 381 pro
1618 346 1673 377 eo,
1700 334 1796 380 quod

243 391 407 432 creditur,
430 390 479 424 sic
503 390 612 424 etiam
635 397 688 424 est
710 402 779 424 una
802 390 907 425 fides:
930 390 1011 436 quia
1038 390 1134 424 idem
1157 398 1220 431 est,
1245 389 1341 435 quod
1364 388 1406 422 ab
1434 388 1601 422 omnibus
1623 388 1796 429 creditur,

243 453 277 478 et
298 446 325 478 si
348 445 416 477 sint
438 444 576 477 diversa
599 443 793 485 credibilia,
816 455 906 489 quae
930 444 1171 478 communiter
1193 454 1320 477 omnes
1347 442 1507 483 credunt,
1528 449 1651 474 tamen
1674 440 1797 474 onmia

242 497 459 531 reducuntur
477 496 520 530 ad
539 508 662 530 unum.

296 550 375 583 «AD
397 560 545 584 PRIMUM
568 561 655 595 ergo
678 550 882 592 dicendum,
904 550 999 596 quod
1022 550 1247 595 temporalia,
1269 560 1360 595 quae
1382 549 1418 582 in
1443 548 1512 582 fide
1538 555 1797 593 proponuntur,

242 614 316 637 non
338 604 516 648 pertinent
541 603 585 637 ad
611 604 792 649 objectum
820 603 913 645 fidei,
939 603 1007 637 nisi
1033 603 1068 636 in
1096 603 1220 637 ordine
1247 603 1290 636 ad
1317 602 1462 648 aliquod
1485 609 1682 642 aeternum,
1701 600 1797 646 quod

243 664 295 690 est
315 657 445 690 veritas
466 657 593 703 prima,
619 658 711 691 sicut
731 668 838 703 supra
859 657 994 690 dicium
1016 664 1069 690 est
1089 657 1134 702 (q.
1153 669 1180 691 r.
1203 661 1267 690 art.
1289 655 1355 700 1.);
1379 663 1413 689 et
1434 654 1516 688 ideo
1538 653 1626 688 fides
1652 665 1724 687 una
1745 661 1799 687 est

243 711 285 744 de
306 710 576 756 temporalibus,
599 718 633 744 et
654 711 825 745 aeternis:
849 721 951 744 secus
974 717 1093 743 autem
1117 717 1169 743 est
1195 709 1238 743 de
1260 709 1446 755 sapientia,
1468 715 1503 742 et
1522 707 1684 748 scientia,
1706 717 1796 752 quae

244 764 472 798 considerant
493 763 719 809 temporalia,
741 771 775 798 et
797 771 939 798 aeterna
962 763 1161 797 secundum
1182 763 1344 808 proprias
1365 762 1523 795 rationes
1550 768 1796 806 utrorumque.

313 817 372 851 AD
392 827 597 852 SECUNDUM
620 817 824 858 dicendum,
843 816 938 862 quod
957 815 1018 849 illa
1036 815 1235 850 differentia
1245 816 1430 861 praeteriti,
1446 815 1612 860 etfutmi,
1627 824 1701 847 non
1716 824 1798 847 con-

242 870 347 915 tingit
368 881 410 904 ex
432 870 550 916 aliqua
573 870 775 904 diversitate
792 870 843 904 rei
863 869 1029 910 creditae,
1048 869 1109 903 sed
1129 880 1169 902 ex
1184 868 1323 903 diversa
1343 868 1551 902 habitudine
1574 866 1796 901 credentium

244 924 286 957 ad
310 935 419 957 unam
441 935 518 957 rem
541 924 725 965 creditam,
741 932 778 957 ut
793 923 901 958 etiam
920 934 1026 968 supra
1039 922 1204 969 habitum
1222 930 1275 956 est
1290 924 1366 967 (1-2.
1381 933 1411 967 q.
1427 933 1493 967 103.
1513 925 1576 955 art.
1590 931 1623 965 4.
1638 925 1666 955 et
1679 932 1708 966 q.
1723 931 1795 966 107.

244 982 306 1012 art.
327 990 354 1012 Ι.
373 977 415 1011 aci
433 977 488 1021 1.).

312 1030 371 1064 AD
399 1040 570 1064 TERT1UM
595 1029 799 1072 dicendum,
827 1029 922 1075 quod
949 1029 1010 1063 illa
1037 1030 1127 1064 ratio
1150 1029 1311 1075 procedit
1338 1028 1380 1063 de
1408 1028 1612 1063 diversitate
1638 1027 1722 1062 fidei
1748 1039 1799 1062 se-

243 1084 401 1117 cundum
423 1094 626 1117 numerum.

790 1225 1134 1269 ARTICULUS
1161 1226 1259 1268 VH.
1753 1245 1797 1282 29

523 1333 674 1363 UTRUM
706 1333 826 1362 FIDES
861 1334 928 1362 SIT
961 1333 1090 1363 PRIMA
1123 1333 1251 1363 INTER
1282 1332 1510 1361 VIRTUTES.

384 1420 462 1464 (1—2.
484 1432 513 1465 q.
533 1421 565 1455 6.
587 1426 652 1455 art.
675 1421 706 1455 6.
729 1426 797 1467 21t3.
821 1422 908 1455 Dist.
931 1433 973 1466 13.
993 1433 1022 1466 q.
1044 1433 1075 1456 2.
1098 1426 1161 1455 art.
1177 1433 1204 1466 5.
1227 1426 1254 1455 ct
1282 1421 1367 1455 [ἐνί.
1388 1432 1417 1466 q.
1436 1432 1486 1465 14.
1509 1425 1571 1454 art.
1594 1421 1654 1466 2.).

313 1510 372 1544 AD
395 1521 586 1545 SEPTmuM
601 1511 650 1544 sic
670 1511 885 1556 proceditur.
907 1511 1069 1554 Videtur,
1097 1511 1192 1557 quod
1215 1511 1302 1545 fides
1323 1522 1397 1545 non
1419 1511 1464 1544 sit
1484 1510 1599 1556 prima
1621 1510 1712 1544 inter
1731 1509 1797 1543 vir-

241 1571 350 1598 tutes:
373 1563 501 1597 dicitur
523 1564 620 1598 enim
647 1564 733 1597 Luc.
760 1574 810 1598 12.
838 1565 873 1597 in
897 1564 997 1600 Glos.
1023 1564 1146 1608 (ordin.
1171 1564 1308 1608 Amluz)
1334 1575 1439 1610 super
1465 1563 1568 1597 illud:
1590 1564 1678 1598 Dico
1704 1564 1798 1598 vobis

242 1618 357 1651 ιιηιῐιτῐ)ι
372 1618 458 1658 mais,
476 1617 571 1663 quod
586 1617 756 1651 fortitudo
774 1626 826 1651 est
839 1617 923 1652 fidei
943 1617 1238 1652 fundamentum:
1262 1618 1322 1652 sed
1342 1617 1617 1651 fundamentum
1633 1625 1685 1651 est
1699 1617 1795 1663 prius

243 1681 299 1712 eo,
322 1671 422 1715 cujus
444 1679 497 1704 est
516 1669 811 1712 fundamentum3
834 1682 920 1717 ergo
943 1670 1029 1705 fides
1051 1682 1124 1705 non
1148 1679 1199 1705 est
1219 1671 1335 1717 prima
1355 1671 1477 1705 virtus.

314 1734 344 1757 2.
367 1724 602 1758 PRAETEREA.
632 1724 824 1764 Quaedam
848 1724 949 1758 Glos.
979 1724 1101 1768 (interl.
1126 1725 1287 1770 Cassiod.)
1320 1724 1404 1758 dicit
1432 1735 1538 1771 super
1565 1723 1670 1758 illud:
1693 1724 1797 1771 Spera

242 1778 276 1811 in
298 1778 453 1818 Domino,
477 1777 512 1810 in
534 1777 628 1811 Psal.
655 1776 725 1822 36.:
745 1778 825 1812 Noli
843 1778 1017 1819 (willielmi,
1041 1778 1137 1824 quod
1158 1784 1226 1824 spes
1252 1778 1431 1812 introducit
1457 1777 1498 1812 ad
1510 1778 1611 1824 fides:
1634 1788 1713 1822 spes
1741 1789 1797 1811 au-

241 1838 314 1864 tem
337 1838 390 1864 est
409 1830 520 1864 virtus
542 1830 731 1876 quaedam,
759 1838 796 1864 ut
821 1830 911 1864 infra
938 1831 1074 1865 dicetur
1097 1831 1142 1878 (q.
1164 1842 1212 1877 17.
1240 1836 1303 1866 art.
1334 1832 1401 1877 1.)‚·
1425 1842 1512 1877 ergo
1535 1830 1622 1865 fides
1648 1842 1722 1865 non
1745 1838 1798 1866 est

242 1895 358 1929 prima
375 1891 558 1917 virtutum.

317 1948 345 1982 3.
368 1937 603 1971 PRAETEREA.
620 1936 734 1983 Supra
757 1937 892 1970 dictum
912 1946 963 1971 est
980 1937 1058 1981 (art.
1074 1949 1104 1972 2.
1120 1938 1187 1983 huj.
1207 1937 1267 1983 q),
1285 1937 1380 1983 quod
1402 1937 1603 1972 intellectus
1622 1937 1797 1972 credentis

243 1989 433 2023 inclinatur
456 1990 499 2023 ad
523 1990 789 2024 assentiendum
812 1990 878 2032 his,
898 2002 988 2036 quae
1007 1998 1088 2024 sunt
1106 1990 1200 2033 fidei,
1219 2003 1261 2025 ex
1283 1991 1486 2025 obedientia
1508 1991 1551 2024 ad
1572 1991 1713 2024 Deum:
1736 1990 1796 2025 sed

244 2043 447 2077 obedientia
470 2051 522 2077 est
545 2045 653 2077 etiam
675 2043 853 2089 quaedam
874 2044 1004 2086 virtus,
1026 2055 1099 2077 non
1121 2055 1207 2087 ergo
1229 2044 1314 2077 fides
1339 2053 1391 2078 est
1410 2046 1525 2090 prima
1546 2044 1667 2078 virtus.

312 2106 344 2138 4.
366 2097 601 2131 PRAETEREA.
624 2096 727 2130 Fides
745 2096 908 2131 informis
930 2108 1003 2134 nQn
1026 2105 1077 2131 est
1098 2097 1384 2139 fundamentum,
1414 2098 1474 2131 sed
1508 2097 1595 2132 fides
1628 2097 1798 2140 formata,

243 2150 334 2183 sicut
355 2150 390 2183 in
414 2149 515 2184 Glos.
538 2150 662 2195 (intas-l.
685 2155 713 2184 et
735 2150 804 2184 ord.
819 2151 906 2195 Aug.
922 2151 977 2185 Iil‘.
994 2150 1030 2184 dtr
1045 2151 1117 2184 Fid.
1140 2156 1169 2185 et
1194 2152 1328 2197 Operti).
1350 2151 1490 2196 cap.16.
1504 2158 1573 2198 sup.
1589 2151 1691 2186 illud:
1711 2152 1798 2186 Fun-

243 2203 430 2237 damentum
452 2205 538 2237 enim
552 2203 655 2245 alliud,
671 2204 744 2247 etc.)
767 2203 895 2237 dicitur
921 2215 947 2237 1.
971 2204 1013 2238 ad
1037 2204 1122 2237 Cor.
1149 2215 1195 2249 3.:
1211 2203 1386 2238 formatur
1401 2213 1521 2239 autem
1536 2205 1622 2239 fides
1637 2216 1699 2251 per
1717 2205 1799 2239 cha-

243 2257 396 2298 ritatem,
418 2264 456 2290 ut
478 2267 583 2302 supra
615 2256 749 2290 dictum
783 2265 835 2290 est
858 2257 935 2300 (virt.
960 2269 986 2303 3.
1014 2257 1081 2302 lmj.
1104 2259 1165 2303 q.);
1203 2269 1288 2303 ergo
1323 2257 1409 2292 sides
1432 2269 1451 2291 a
1474 2258 1644 2292 charitate
1678 2258 1796 2301 habet,

243 2310 338 2355 quod
361 2310 405 2343 sit
425 2309 719 2352 fundamentum
742 2309 896 2344 charitas
919 2321 1005 2354 ergo
1029 2318 1081 2344 est
1102 2311 1216 2355 magis
1238 2310 1524 2353 fundamentum,
1556 2322 1664 2357 quam
1697 2311 1796 2354 fides,

242 2374 327 2396 nam
350 2361 622 2396 fundamentum
646 2371 699 2397 est
720 2363 835 2409 prima
856 2375 935 2408 pars
959 2363 1108 2397 aedificii
1122 2376 1128 2405 ;
1144 2364 1239 2398 etita
1257 2364 1407 2405 videtur,
1426 2365 1522 2410 quod
1541 2364 1586 2398 sit
1603 2365 1700 2410 prior
1716 2365 1796 2399 fide.

318 2427 344 2460 5.
367 2416 602 2450 PRAETEREA‚
626 2415 833 2449 Secundum
849 2417 1013 2450 ordinem
1030 2425 1173 2450 actuum
1190 2417 1398 2461 intelligitur
1412 2417 1500 2451 ordo
1515 2417 1719 2452 habituum:
1736 2418 1797 2453 sed

242 2471 276 2503 in
301 2478 380 2503 actu
405 2469 484 2503 fidei
508 2477 606 2503 actus
627 2469 832 2510 voluntatis,
856 2481 961 2515 quem
984 2469 1121 2515 perficit
1142 2470 1306 2511 charitas,
1326 2471 1508 2516 praecedit
1526 2479 1647 2504 actum
1666 2471 1799 2506 intelle-

245 2531 333 2564 ctus,
356 2533 463 2568 quem
486 2522 623 2568 perficit
644 2522 748 2564 fidem
767 2523 858 2556 sicut
877 2534 994 2564 causa,
1013 2535 1103 2568 quae
1126 2524 1307 2569 praecedit
1328 2523 1512 2566 effectum3
1535 2536 1621 2571 ergo
1645 2525 1798 2560 charitas

242 2576 422 2621 praecedit
445 2575 571 2617 fidem3
592 2586 665 2609 non
688 2587 774 2619 crgo
797 2575 882 2610 sides
907 2584 959 2610 est
980 2577 1093 2621 prima
1115 2577 1296 2610 virtutum.

316 2630 389 2663 Sti)
413 2640 566 2664 CONTRA
590 2637 653 2671 est,
676 2629 772 2675 quod
795 2629 992 2674 Apostolus
1015 2630 1100 2663 dicit
1115 2630 1157 2663 ad
1174 2630 1279 2664 Hebr.
1301 2641 1349 2664 11.
1367 2631 1552 2677 quodficies
1565 2636 1606 2666 est
1618 2632 1797 2666 substantia

243 2683 482 2729 sperumiaivim
504 2695 614 2717 rarum
629 2696 638 2716 .·
666 2682 726 2716 sed
744 2682 939 2716 substantia
955 2683 1060 2717 habet
1075 2683 1251 2717 rationem
1266 2683 1389 2730 primi;
1405 2695 1491 2730 ergo
1506 2683 1593 2719 fides
1613 2692 1665 2719 cst
1682 2684 1797 2731 prima

244 2744 334 2770 inter
356 2744 513 2770 virtutes.
1249 2744 1261 2747 “

316 2789 543 2824 ΠΕΞΡΟΝΒΕΟ
567 2789 772 2831 dicendum,
796 2789 891 2835 quod
914 2789 1047 2835 aliquid
1069 2797 1186 2835 potest
1209 2801 1286 2824 esse
1320 2790 1416 2836 prius
1450 2790 1562 2826 altero
1596 2791 1795 2838 dupliciter:

244 2853 308 2876 uno
334 2842 428 2877 modo
455 2853 516 2888 per
538 2854 591 2877 sc:
615 2843 680 2877 alio
703 2842 796 2877 modo
819 2853 881 2888 per
903 2842 1087 2878 accidens:
1110 2854 1171 2889 per
1192 2854 1229 2878 sc
1244 2843 1388 2890 quidem
1403 2843 1495 2878 inter
1510 2855 1636 2879 omnes
1650 2844 1796 2878 virtutes
