1859 3122
531 161 752 197 QUAEsrro
785 161 884 191 xcv.
920 161 1163 192 AR'rrcurus
1196 161 1285 191 vm.
1597 149 1676 204 683

120 252 325 291 expectatur
347 255 388 278 ex
415 243 664 285 daemonibus3
691 243 784 278 sicut
804 243 933 289 legitur
956 243 1086 278 Ezech.
1110 253 1178 286 21.,
1200 243 1297 290 quod
1314 244 1382 279 Rex
1403 243 1572 278 Babilonis
1599 243 1682 277 stetit

121 299 155 332 in
181 299 282 339 bivio,
311 298 344 332 in
363 299 468 344 capite
487 296 630 331 (Ιιιιινιιηι
645 298 795 339 vim-mn,
814 297 1055 332 divinationem
1077 309 1246 343 quaerens,
1266 298 1474 332 commiscens
1488 297 1621 341 sagittas
1636 297 1681 330 in-

119 353 300 396 terrogavit
322 351 422 392 idola,
449 355 476 385 ct
502 356 577 385 exta
604 351 786 385 consuluit:
815 359 849 385 et
874 351 963 385 tales
990 359 1104 385 sortes
1131 359 1212 385 sunt
1234 350 1392 392 illicitae,
1420 358 1455 384 et
1480 349 1680 384 secundum

119 405 289 439 Canones
316 405 560 451 prohibentur.
586 404 816 450 Quandoque
843 416 929 439 vero
958 412 1165 451 expectatur
1192 416 1210 438 a
1239 405 1332 446 Deo,
1359 403 1559 438 secundum
1592 402 1680 436 illud

118 460 287 493 Proverb.
320 457 390 493 16:
422 459 528 493 Sortes
554 460 731 493 7111'ttmltur
758 461 789 492 1'11
817 460 937 501 sinam,
965 459 1016 493 scd
1043 470 1062 493 α
1090 459 1237 492 Domino
1266 463 1510 504 temperantur:
1540 465 1574 491 et
1599 455 1680 490 talis

117 524 194 547 sors
215 512 414 547 secundum
436 523 473 546 se
495 523 568 546 non
589 520 641 546 est
662 512 811 554 malum,
827 520 864 546 ut
883 512 1036 557 August.
1061 512 1145 546 dicit
1168 512 1243 555 (loc.
1264 513 1316 546 cit.
1335 512 1367 545 in
1386 522 1457 556 arg.
1484 510 1554 555 1.).·
1575 515 1679 556 potest

117 572 225 602 tamen
248 568 280 600 in
308 567 365 601 hor
392 565 672 612 quadrupliciter
691 571 863 612 paratura
893 566 1182 611 incidam-primo
1211 565 1369 611 quidem,
1391 565 1420 598 si
1448 564 1580 610 absque
1608 563 1680 597 ulla

117 619 328 654 necessitate
353 619 395 653 ad
423 627 538 653 sortes
558 627 770 660 recurratur,
793 619 863 653 hoc
880 619 976 653 enim
998 619 1138 652 videtur
1160 618 1203 652 ad
1223 618 1291 652 Dei
1314 618 1553 652 tentationem
1576 617 1679 663 perti-

117 684 212 708 nere.
230 673 334 707 Unde
350 673 518 707 Ambros.
534 673 620 707 dicit
645 684 752 718 super
774 673 912 706 Lucam
944 673 1032 718 (rap.
1052 679 1164 718 1..<up.
1185 672 1285 706 illud.-
1309 672 1450 706 Factum
1472 676 1515 706 est
1537 671 1678 715 nutem).-

121 740 138 759 «
163 727 236 768 Qui
258 735 353 761 sorte
373 727 527 772 eligitur,
549 727 712 760 humano
734 726 868 771 judicio
891 737 964 759 non
988 726 1307 771 comprehenditur
1321 739 1353 758 ».
1368 725 1527 767 Secundo,
1551 725 1579 758 si
1601 724 1680 770 quis

117 780 226 814 etiam
247 781 283 814 in
298 781 512 814 necessitate
535 780 667 826 absque
686 779 884 813 reverentia
899 779 969 812 Dei
990 779 1144 813 sortibus
1168 787 1305 820 utatur;
1320 779 1415 812 unde
1442 789 1548 824 super
1563 778 1677 812 Actus

116 833 379 879 Apostolorum
402 834 487 868 dicit
509 834 605 867 Beda
623 833 672 877 (in
692 833 747 875 fin.
771 837 940 866 comment.
961 839 1031 878 cap.
1050 832 1118 876 1.):
1138 845 1155 863 «
1175 832 1246 865 Sed
1269 832 1297 865 si
1312 832 1373 878 qui
1387 833 1600 866 necessitate
1620 831 1680 865 ali-

117 899 185 933 qua
209 887 398 933 compulsi,
413 888 533 921 Deum
549 894 674 932 putant
688 886 843 920 sortibus
859 885 1026 931 exemplo
1042 885 1305 931 Apostolorum
1322 896 1400 919 esse
1415 885 1679 919 consulendum

116 941 261 975 videant
287 941 357 975 hoc
388 941 466 987 ipso
489 939 688 986 Apostolos
717 939 863 973 nonnisi
884 938 1040 973 collecto
1062 938 1212 972 fratrum
1243 947 1361 980 coetu,
1382 946 1416 972 et
1443 939 1608 984 precibus
1636 939 1679 972 ad

117 994 238 1028 Deum
253 993 350 1036 fusis,
366 994 481 1039 egisse
503 1007 534 1027 ».
564 994 685 1033 Tertio,
712 992 741 1026 si
763 992 883 1026 divina
905 991 1053 1026 oracula
1076 992 1118 1025 ad
1141 1000 1283 1026 terrena
1305 992 1453 1037 negotia
1469 1000 1681 1026 convertan-

115 1056 187 1089 tur3
210 1048 303 1082 unde
325 1048 478 1093 August.
501 1047 587 1081 dicit
608 1047 652 1080 ad
678 1045 1096 1092 inquisitionesJanuarii
1112 1046 1217 1092 (epist.
1233 1058 1302 1092 119.
1322 1052 1395 1092 cap.
1411 1057 1465 1081 20.
1482 1047 1542 1080 cir.
1558 1045 1678 1090 med).-

118 1114 135 1133 «
157 1101 231 1142 Qui
252 1101 295 1135 de
316 1101 456 1147 paginis
484 1099 713 1146 Evangelicis
731 1107 846 1133 sortes
867 1098 1002 1145 legunt,
1031 1099 1097 1133 etsi
1129 1099 1330 1146 optandum
1351 1099 1407 1141 sit,
1429 1107 1467 1133 ut
1494 1099 1529 1133 id
1556 1099 1674 1145 potius

117 1154 261 1196 faciant,
283 1165 391 1200 quam
415 1153 458 1187 ad
481 1153 675 1187 daemonia
703 1151 925 1187 consulenda
948 1160 1182 1195 concurrant;
1204 1160 1328 1187 tamen
1359 1153 1469 1187 etiam
1495 1153 1561 1186 ista
1588 1152 1679 1186 mihi

118 1208 283 1254 displicet
300 1207 524 1242 consuetudo
548 1207 591 1240 ad
612 1207 760 1252 negotia
781 1206 994 1248 saecularia,
1006 1214 1040 1241 et
1063 1207 1105 1240 ad
1121 1207 1216 1241 vitae
1238 1207 1344 1252 hujus
1367 1208 1542 1241 vanitates
1558 1206 1679 1241 divina

114 1261 264 1296 oracula
284 1260 377 1295 velle
400 1268 656 1295 convertere».
680 1261 824 1305 Quarto,
840 1260 869 1294 si
886 1260 923 1294 in
950 1259 1190 1295 electionibus
1209 1260 1474 1303 ecclesiasticis,
1493 1271 1584 1307 quae
1604 1261 1680 1307 Spi-

114 1315 201 1349 ritus
214 1314 337 1348 Sancti
362 1314 597 1360 inspiratione
619 1313 697 1348 fieri
712 1314 853 1355 debent,
870 1313 979 1360 aliqui
994 1314 1149 1349 sortibus
1171 1316 1316 1349 utantur
1329 1327 1336 1357 ;
1351 1315 1458 1356 unde,
1473 1314 1565 1349 sicut
1582 1315 1679 1348 Beda

115 1368 201 1403 dicit
222 1379 328 1414 super
349 1368 430 1402 Act.
453 1368 580 1414 Apost.
605 1367 682 1411 (loc.
704 1374 772 1414 sup.
792 1368 879 1412 cit.):
899 1368 1102 1402 «Matthias
1127 1376 1208 1402 ante
1230 1368 1470 1403 Pentecosten
1493 1368 1677 1402 ordinatus

115 1430 211 1456 sorte
226 1422 424 1468 quaeritur3
441 1422 522 1467 quia
537 1420 675 1455 scilicet
688 1422 851 1455 nondum
867 1429 942 1455 erat
956 1421 1142 1467 plenitudo
1163 1421 1315 1468 Spiritus
1330 1422 1444 1456 sancti
1462 1422 1498 1455 in
1514 1421 1676 1456 Ecclesia

114 1474 245 1510 effusa:
273 1483 411 1521 septem
435 1483 555 1508 autem
577 1475 734 1508 Diaconi
755 1483 880 1520 postea
902 1485 977 1508 non
999 1483 1106 1516 sorte,
1129 1475 1191 1509 sed
1214 1474 1391 1509 electione
1414 1475 1675 1521 discipulorum

116 1537 199 1563 sunt
225 1528 379 1562 ordinati
393 1539 434 1571 »3
461 1538 564 1562 secus
587 1535 707 1562 autem
735 1535 787 1562 est
813 1528 849 1561 in
875 1528 1136 1574 temporalibus
1158 1529 1401 1574 dignitatibus,
1424 1540 1515 1574 quae
1543 1529 1586 1562 ad
1612 1536 1678 1562 ter-

113 1593 199 1616 rena
219 1581 442 1627 disponenda
458 1581 685 1622 ordinantur3
700 1581 736 1614 in
751 1592 904 1626 quarum
920 1581 1097 1615 electione
1111 1581 1325 1628 plerumque
1339 1582 1507 1616 homines
1520 1582 1674 1616 sortibus

114 1643 272 1676 utuntur,
295 1635 387 1668 sicut
408 1642 442 1668 et
467 1634 503 1668 in
530 1634 786 1680 temporalium
813 1646 933 1668 rerum
956 1634 1142 1670 divisione.
1168 1635 1206 1669 Si
1227 1647 1314 1670 vero
1337 1636 1532 1670 necessitas
1558 1635 1676 1669 immi-

110 1696 194 1723 neat
211 1688 351 1722 licitum
367 1696 419 1722 est
441 1699 524 1721 cum
547 1688 664 1722 debita
686 1688 886 1721 reverentia
907 1688 1061 1722 sortibus
1084 1688 1245 1722 divinum
1263 1689 1437 1734 judicium
1458 1689 1674 1735 implorare;

112 1742 207 1776 unde
230 1742 383 1787 August.
407 1741 491 1775 dicit
511 1741 547 1774 in
570 1741 670 1787 epist.
694 1741 737 1775 ad
760 1741 898 1775 Honor.
923 1741 1022 1787 (quae
1041 1747 1085 1776 est
1104 1743 1178 1777 180.
1199 1754 1284 1777 vers.
1303 1744 1393 1788 fin.):
1412 1756 1430 1774 ‹<
1445 1743 1484 1777 Si
1497 1743 1589 1777 inter
1604 1742 1674 1777 Dei

115 1795 298 1829 ministros
321 1795 365 1828 sit
386 1794 610 1840 disceptatio,
626 1794 686 1840 qui
705 1805 832 1828 eorum
855 1795 1115 1840 persecutionis
1136 1803 1301 1842 tempore
1323 1805 1505 1838 maneant,
1524 1808 1568 1830 ne
1590 1796 1674 1842 fuga

114 1848 176 1882 fiat
197 1848 373 1890 omnium,
389 1856 424 1882 et
445 1848 506 1893 qui
529 1858 656 1881 eorum
677 1847 827 1893 fugiant,
849 1859 893 1882 ne
915 1856 1033 1882 morte
1056 1848 1221 1882 omnium
1243 1849 1427 1884 deseratur
1448 1850 1623 1892 Ecclesia,
1645 1850 1674 1884 si

112 1902 204 1936 haec
227 1901 439 1948 disceptatio
463 1900 565 1935 aliter
579 1912 653 1934 non
674 1901 831 1947 potuerit
844 1901 1041 1943 terminari,
1058 1911 1234 1948 quantum
1257 1903 1348 1936 mihi
1361 1904 1511 1945 videtur,
1529 1904 1589 1949 qui
1603 1914 1675 1937 ma-

111 1963 230 1997 neam,
242 1963 276 1989 et
297 1955 356 2001 qui
379 1954 529 2000 fugiant,
551 1962 647 1988 sorte
670 1954 814 1999 legendi
836 1963 962 1989 sunt».
978 1955 1021 1989 Et
1043 1955 1079 1989 in
1105 1966 1132 1989 1.
1148 1956 1191 1990 de
1206 1957 1314 1991 Doct.
1338 1956 1472 1991 Christ.
1488 1957 1577 2003 (cap.
1597 1957 1669 2002 28.)

111 2009 214 2044 dicit:
245 2008 317 2042 «Si
342 2008 405 2042 tibi
431 2007 629 2041 abundaret
654 2006 799 2053 aliquid,
826 2009 923 2054 quod
951 2016 1135 2054 oporteret
1162 2009 1237 2043 dari
1264 2011 1296 2044 ei
1322 2010 1383 2056 qui
1408 2021 1483 2044 non
1510 2011 1671 2052 haberet,

110 2073 176 2096 nec
199 2062 338 2096 duobus
360 2061 435 2095 dari
457 2069 589 2107 posset,
611 2060 641 2094 si
661 2060 725 2094 tibi
746 2069 978 2096 occurrerent
993 2062 1076 2104 duo,
1094 2073 1250 2108 quorum
1272 2071 1398 2098 neuter
1417 2063 1527 2097 alium
1553 2063 1611 2098 vel
1625 2064 1673 2098 in-

111 2115 280 2161 digentia,
294 2114 353 2149 vel
369 2125 453 2160 erga
475 2122 508 2148 te
525 2114 643 2160 aliqua
658 2114 923 2149 necessitudine
938 2124 1134 2161 superaret,
1153 2116 1244 2150 nihil
1258 2116 1384 2161 justius
1402 2117 1552 2159 faceres,
1563 2128 1672 2164 quam

110 2177 148 2203 ut
168 2176 263 2203 sorte
286 2167 449 2213 eligeres,
474 2168 531 2201 cui
552 2167 711 2202 dandum
733 2175 837 2210 esset,
860 2168 957 2214 quod
979 2169 1055 2220 dari
1077 2169 1218 2215 utrique
1239 2181 1314 2204 non
1336 2178 1458 2217 posset
1479 2184 1510 2204 ».

179 2222 223 2256 Et
243 2233 305 2268 per
325 2223 397 2256 hoc
419 2229 515 2267 patet
536 2221 724 2267 responsio
745 2233 795 2256 AD
814 2233 975 2264 PRIMUM,
997 2231 1032 2257 et
1053 2234 1271 2258 SECUNDUM.

180 2276 239 2310 AD
266 2285 437 2310 TERTIUM
459 2274 664 2316 dicendum,
683 2275 779 2321 quod
797 2275 971 2321 judicium
986 2275 1069 2310 ferri
1085 2277 1282 2319 candentis,
1297 2277 1354 2312 vel
1369 2289 1483 2324 aquae
1499 2278 1669 2313 ferventis

109 2328 292 2362 ordinatur
313 2328 460 2374 quidem
483 2327 525 2361 ad
549 2327 697 2372 alicujus
719 2329 860 2374 peccati
882 2329 1016 2363 occulti
1038 2330 1309 2375 inquisitionem
1332 2342 1395 2376 per
1414 2331 1559 2377 aliquid,
1574 2332 1670 2377 quod

110 2383 151 2416 ab
173 2382 322 2416 homine
344 2382 404 2416 fit:
429 2389 462 2415 et
480 2381 515 2414 in
534 2381 604 2414 hoc
625 2382 794 2416 convenit
809 2393 891 2416 cum
910 2383 1083 2417 sortibus:
1100 2383 1314 2429 inquantum
1328 2392 1450 2418 tamen
1464 2393 1671 2430 expectatur

109 2435 235 2481 aliquis
257 2434 496 2469 miraculosus
519 2433 666 2468 effectus
694 2446 713 2468 a
739 2435 832 2476 Deo,
860 2436 999 2470 excedit
1027 2447 1263 2470 communem
1290 2438 1442 2471 sortium
1470 2438 1669 2480 rationem3

108 2489 202 2523 unde
223 2488 432 2534 hujusmodi
453 2487 627 2533 judicium
649 2487 814 2522 illicitum
828 2489 1003 2523 redditur:
1023 2498 1100 2523 tum
1116 2490 1197 2535 quia
1214 2491 1398 2525 ordinatur
1417 2491 1459 2524 ad
1477 2491 1668 2535 judicanda

109 2541 263 2584 occulta,
285 2554 376 2587 quae
399 2541 520 2575 divino
540 2541 673 2585 judicio
692 2550 933 2577 reservantur:
953 2551 1031 2577 tum
1050 2544 1159 2577 etiam
1179 2544 1261 2589 quia
1275 2544 1481 2588 hujusmodi
1496 2545 1669 2589 judicium

108 2606 181 2629 non
203 2602 253 2629 est
277 2595 488 2629 auctoritate
510 2594 631 2628 divina
656 2595 855 2638 sancitum3
884 2596 979 2630 unde
1002 2607 1032 2630 2.
1056 2604 1190 2642 quaest.
1219 2607 1244 2640 ᾗ.
1267 2597 1303 2630 in
1326 2597 1471 2630 decreto
1495 2597 1669 2643 Stephani

108 2648 226 2693 Papae
247 2649 290 2681 V.
320 2649 432 2694 (rap.:
466 2648 681 2692 Consuluisti)
712 2648 858 2682 dicitur:
894 2662 911 2681 «
934 2649 1031 2683 Ferri
1054 2650 1251 2691 candentis,
1274 2649 1331 2683 vel
1358 2661 1471 2695 aquae
1499 2649 1668 2684 ferventis

109 2702 372 2735 examinatione
393 2701 661 2735 consessionem
681 2702 885 2747 extorqueri
901 2713 919 2735 a
936 2702 1106 2748 quolibet,
1123 2703 1214 2736 sacri
1229 2714 1302 2735 non
1318 2711 1465 2736 censent
1480 2703 1666 2738 Canones:

110 2761 144 2788 et
164 2754 260 2799 quod
282 2762 492 2788 sanctorum
514 2754 662 2788 Patrum
688 2754 910 2789 documento
933 2757 1112 2789 sancitum
1140 2763 1202 2797 est,
1230 2756 1476 2801 superstitiosa
1503 2756 1670 2791 adinven-

110 2806 207 2840 tione
221 2818 295 2841 non
310 2816 362 2842 est
379 2808 703 2853 praesumendum:
726 2816 925 2853 spontanea
940 2809 1037 2842 enim
1057 2808 1297 2850 confessione,
1311 2808 1368 2842 vel
1382 2810 1527 2843 testium
1543 2822 1668 2855 appro-

111 2859 254 2894 batione
276 2860 454 2906 publicata
476 2860 617 2902 delicta,
639 2860 762 2895 habito
785 2872 868 2907 prae
884 2862 999 2896 oculis
1013 2862 1082 2896 Dei
1104 2862 1246 2904 timore,
1261 2873 1434 2896 concessa
1448 2871 1529 2897 sunt
1542 2872 1667 2898 nostro
