1905 3137
522 164 746 200 QUAESTIO
781 164 824 193 11.
858 164 1101 194 Airrtcurus
1135 165 1174 193 x.
1573 166 1622 207 53

73 245 272 287 mulierem,
294 256 356 291 per
377 256 486 291 quam
508 246 599 280 ratio
618 246 777 279 humana
796 244 978 291 figuratur,
997 245 1178 280 dixerunt:
1197 247 1273 291 Jccm
1294 258 1358 280 non
1375 252 1513 292 propter
1535 251 1626 280 tuam

72 299 230 345 loquelam
252 299 422 333 creditum.

142 352 201 386 AD
220 362 367 386 PRIMUM
384 363 470 397 crgo
486 351 690 394 dicendum,
704 351 799 397 quod
821 351 1019 397 Gregorius
1042 352 1198 398 loquitur
1220 353 1255 387 in
1279 365 1363 387 casu
1386 353 1460 395 illo,
1483 353 1627 398 quando

72 407 184 440 homo
206 417 279 439 non
308 406 414 440 habet
442 406 664 440 voluntatem
693 406 860 440 credendi
888 418 940 447 ca,
969 418 1059 452 quae
1087 415 1167 441 sunt
1194 407 1287 449 fidei,
1314 408 1381 441 nisi
1408 415 1553 453 propter
1579 418 1628 440 ra-

71 460 208 494 tionem
230 459 431 493 inductam:
455 459 598 504 quando
622 468 743 493 autem
765 460 878 493 homo
901 460 1009 493 habet
1026 459 1250 494 voluntatem
1272 461 1439 495 credendi
1461 472 1514 502 ea,
1537 472 1627 506 quae

71 521 152 547 sunt
168 512 259 553 lidei,
273 525 314 546 ex
329 512 405 546 sola
420 513 631 546 auctoritate
654 513 784 554 divina,
808 513 948 547 etiamsi
968 513 1098 548 lrabeat
1112 514 1289 548 rationem
1307 514 1626 548 demonstrativam

72 566 115 601 ad
139 566 271 612 aliquid
294 578 433 608 eorum,
455 574 538 612 puta
562 566 605 600 ad
626 567 697 600 hoc
717 567 813 612 quod
833 575 885 601 est
899 567 1019 601 Deum
1035 578 1123 609 esse,
1137 579 1211 601 non
1233 577 1378 614 propter
1392 569 1462 602 hoc
1480 568 1628 608 tollitur,

72 619 129 654 vel
150 620 360 654 diminuitur
387 621 555 654 meritum
577 619 669 654 fidei.

144 674 203 707 AD
218 684 423 708 SECUNDUM
446 674 651 716 dicendum,
674 674 769 720 quod
785 674 952 716 rationes,
968 686 1060 720 quae
1074 675 1292 709 inducuntur
1311 676 1354 709 ad
1377 676 1628 709 auctoritatem

73 727 165 768 fidei,
187 738 261 761 non
282 734 363 761 sunt
385 728 722 769 demonstrationes,
745 739 835 773 quae
858 728 893 761 in
915 727 1092 762 visionem
1119 728 1383 774 intelligibilem
1406 728 1629 763 intellectum

73 781 273 815 humanum
295 781 466 814 reducere
494 789 662 826 possunt3
685 789 719 814 et
740 781 822 815 ideo
844 792 917 814 non
941 781 1107 815 desinunt
1135 793 1210 816 esse
1239 794 1303 816 uon
1330 784 1545 829 apparentia:
1568 781 1629 816 sed

73 842 261 869 removent
281 834 541 880 impedimenta
562 834 656 877 fidei,
679 835 903 869 ostendendo
931 846 1004 868 non
1028 846 1104 869 esse
1131 835 1366 881 impossibile,
1386 836 1481 882 quod
1504 836 1538 869 in
1562 835 1631 869 fide

74 888 300 934 proponitur3
323 888 417 921 unde
439 899 500 934 per
519 887 608 922 tales
631 888 787 922 rationes
810 899 883 921 non
905 888 1115 922 diminuitur
1141 889 1310 922 meritum
1336 889 1429 931 fidei,
1452 900 1517 923 nec
1540 889 1630 922 ratio

74 942 173 976 fidei:
196 942 257 976 sed
280 942 435 976 rationes
458 942 761 976 demonstrativae
775 942 943 976 inductae
959 942 1002 976 ad
1017 953 1070 984 ea,
1086 954 1177 988 quae
1191 951 1273 977 sunt
1291 943 1373 976 fidei
1388 942 1630 989 praeambula,

74 1006 146 1029 non
168 1003 290 1029 tamen
313 995 356 1028 ad
379 995 559 1037 articulos,
582 996 647 1030 etsi
670 995 871 1029 diminuant
897 995 1076 1029 rationem
1099 995 1192 1038 fidei,
1215 998 1297 1042 quia
1320 996 1455 1030 faciunt
1477 1008 1554 1030 esse
1576 1007 1633 1041 ap-

75 1059 201 1095 parens
223 1049 269 1090 id,
292 1048 388 1094 quod
410 1049 641 1094 proponitur3
668 1060 742 1082 non
768 1057 889 1082 tamen
917 1049 1122 1083 diminuunt
1148 1050 1326 1084 rationem
1354 1050 1548 1091 charitatis,
1571 1061 1632 1095 per

75 1113 183 1148 quam
208 1101 375 1136 voluntas
403 1110 456 1136 est
480 1110 647 1148 prompta
674 1102 716 1136 ad
744 1113 785 1136 ea
813 1101 1045 1144 credendum,
1072 1103 1213 1137 etiamsi
1239 1114 1313 1137 non
1341 1111 1571 1149 apparerent3
1599 1111 1633 1136 et

76 1156 155 1190 ideo
181 1167 256 1190 non
278 1155 487 1189 diminuitur
509 1156 598 1190 ratio
622 1156 750 1190 meriti.

146 1209 206 1244 AD
222 1219 392 1244 TERTIUM
407 1209 610 1251 dicendum,
634 1210 729 1256 quod
757 1221 798 1244 ea
820 1220 911 1256 quae
935 1217 1135 1255 repugnant
1156 1210 1249 1253 fidei,
1272 1211 1346 1244 sive
1373 1211 1409 1244 in
1432 1210 1635 1245 considera-

75 1262 173 1297 tione
194 1263 364 1304 hominis,
386 1263 459 1297 sive
478 1263 515 1296 in
537 1263 704 1297 exteriori
721 1263 983 1309 persecutione,
1004 1263 1183 1297 intantum
1202 1272 1334 1310 augent
1348 1264 1517 1298 meritum
1540 1264 1633 1305 fidei,

75 1316 289 1361 inquantum
311 1316 510 1350 ostenditur
530 1316 696 1350 voluntas
711 1317 827 1362 magis
842 1324 1020 1362 prompta,
1035 1325 1069 1350 et
1083 1317 1186 1350 firma
1200 1319 1235 1351 in
1258 1317 1346 1360 fide;
1369 1326 1403 1352 et
1423 1317 1505 1352 ideo
1525 1318 1632 1351 etiam

78 1370 253 1415 Martyres
275 1370 389 1414 majus
411 1369 493 1403 fidei
514 1371 682 1404 meritum
703 1370 916 1412 habuerunt,
937 1381 1011 1403 non
1033 1371 1240 1405 recedentes
1263 1382 1282 1404 a
1304 1371 1372 1405 fide
1395 1379 1540 1417 propter
1560 1383 1635 1417 per-

79 1423 299 1456 secutiones:
320 1431 354 1456 et
372 1423 480 1456 etiam
501 1423 678 1469 sapientes
701 1424 815 1469 majus
839 1423 1008 1457 meritum
1026 1423 1108 1457 fidei
1126 1424 1270 1466 habent,
1289 1436 1363 1458 non
1385 1424 1592 1459 recedentes
1615 1436 1634 1458 a

80 1475 148 1509 fide
170 1483 313 1521 propter
338 1476 495 1510 rationes
522 1476 836 1522 philosophorum,
862 1476 923 1511 vel
950 1477 1215 1511 haereticorum
1250 1486 1375 1512 contra
1402 1478 1510 1512 fidem
1536 1478 1634 1511 indu-

81 1536 173 1562 ctas:
196 1530 256 1562 sed
279 1540 332 1570 ea,
354 1540 444 1574 quae
467 1530 686 1563 conveniunt
712 1530 805 1571 fidei,
828 1541 901 1563 non
924 1541 1066 1576 semper
1087 1531 1291 1565 diminuunt
1312 1532 1634 1577 promptitudinem

80 1581 274 1616 voluntatis
297 1582 339 1616 ad
360 1583 588 1624 credendum,
612 1591 645 1617 et
666 1583 747 1617 ideo
769 1594 843 1616 non
865 1594 1008 1629 semper
1030 1584 1235 1618 diminuunt
1256 1585 1423 1619 meritum
1446 1585 1538 1619 fidei.

620 1850 973 1910 QUAESTIO
1015 1851 1091 1897 111.

164 1972 226 2002 DE
252 1972 506 2003 EXTERIORI
533 1972 655 2004 ACTU
685 1973 827 2012 FIDEI,
858 1974 908 2004 IN
935 1975 1059 2006 DUOS
1086 1975 1346 2007 ARTICULOS
1374 1977 1546 2008 DIVISA.

152 2113 292 2148 Deinde
314 2114 616 2148 considerandum
639 2122 691 2149 est
712 2114 755 2149 de
777 2115 942 2149 exteriori
964 2115 1047 2150 fidei
1069 2124 1162 2158 actu,
1182 2117 1242 2162 qui
1265 2125 1316 2151 est
1340 2116 1529 2152 confessio.

575 2204 621 2238 Et
641 2205 731 2238 circa
752 2204 810 2238 hoc
832 2209 1038 2249 quaeruntur
1058 2204 1131 2239 duo.

152 2273 286 2308 Primo.
310 2274 440 2308 Utrum
468 2274 647 2309 confessio
669 2275 713 2309 sit
735 2283 833 2309 actus
856 2275 947 2309 fidei.

4 2335 6 2432 Ι
155 2327 333 2362 Secundo.
357 2328 487 2362 Utrum
510 2328 689 2363 confessio
711 2328 794 2363 fidei
815 2329 860 2363 sit
880 2330 1082 2364 necessaria
1104 2330 1147 2364 ad
1170 2330 1332 2365 salutem.

656 2470 999 2515 ARTICULUS
1029 2472 1061 2514 I.
1593 2495 1630 2519 σι

437 2576 588 2606 UTRUM
617 2578 855 2607 CONFESSIO
884 2579 950 2607 SIT
979 2579 1119 2609 ACTUS
1146 2580 1275 2610 FIDEI.

389 2665 429 2709 (3.
455 2664 545 2699 Dist.
572 2676 621 2710 17.
649 2677 678 2710 q.
701 2677 729 2711 3.
757 2671 819 2700 art.
847 2677 877 2700 2.
905 2671 933 2701 ct
960 2668 1052 2702 Rom.
1081 2679 1131 2702 10.
1159 2667 1226 2702 last.
1255 2667 1331 2712 25).

156 2754 214 2787 AD
242 2764 390 2787 PRIMUM
413 2753 462 2787 sic
484 2754 700 2800 proceditur.
723 2755 884 2798 Videtur,
911 2756 1006 2801 quod
1035 2756 1213 2790 confessio
1240 2768 1313 2790 non
1340 2757 1383 2790 sit
1410 2765 1508 2792 actus
1535 2758 1634 2792 fidei:

85 2818 158 2840 non
181 2807 277 2841 enim
296 2807 392 2840 idem
415 2815 514 2841 actus
536 2809 689 2853 pertinet
711 2809 753 2842 ad
773 2809 930 2842 diversas
951 2810 1116 2844 virtutes:
1137 2810 1198 2843 sed
1221 2810 1399 2845 confessio
1422 2812 1574 2857 pertinet
1593 2813 1636 2846 ad

86 2861 355 2905 poenitentiam,
379 2861 479 2906 cujus
501 2861 644 2906 ponitur
665 2873 765 2907 pars;
785 2874 870 2907 ergo
893 2874 966 2897 non
989 2871 1041 2897 est
1063 2872 1161 2897 actus
1183 2863 1274 2897 fidei.

227 2942 254 2968 S.
276 2943 397 2968 Tuomst:
420 2943 522 2968 Summa
548 2942 706 2978 Theologica.
729 2944 791 2969 Vol.
815 2944 865 2969 III.
1482 2955 1490 2979 ς
