1859 3122
216 194 299 236 522
631 192 852 228 QUAESTIO
886 192 1021 221 LXXII.
1054 192 1298 222 ARTICULUS
1333 193 1362 223 Ι.

289 288 317 322 3.
339 276 576 310 PRAETEREA.
593 275 860 317 Delionoratio,
883 287 973 322 quae
1000 275 1039 309 fit
1064 275 1100 309 in
1122 275 1250 317 verbis,
1273 275 1402 310 dicitur
1423 277 1620 317 convitium,
1643 275 1701 311 vel
1721 278 1780 311 im-

209 331 404 376 propssrimn
418 339 428 360 :
451 328 512 363 sed
533 328 753 363 contumelia
771 329 911 363 videtur
934 327 1076 363 differre
1093 340 1112 362 a
1127 329 1299 371 convitio,
1319 336 1352 363 et
1375 329 1416 362 ab
1431 328 1672 376 improperio;
1691 340 1778 376 ergo

218 381 441 416 contumelia
462 393 536 416 non
559 381 725 416 consistit
745 382 781 415 in
803 382 930 415 verbis.

286 435 360 469 SED
384 445 549 470 CONTRA.
572 434 673 469 Nihil
692 435 814 469 auditu
833 435 1038 481 percipitur,
1053 435 1123 469 nisi
1143 435 1312 469 verbum:
1333 435 1394 469 sed
1413 435 1635 469 contumelia
1653 435 1774 470 auditu

213 488 418 535 percipitur,
444 488 643 522 secundum
677 487 765 522 illud
788 488 918 533 Jerem.
946 498 1018 522 20.:
1047 488 1177 523 Audivi
1203 488 1414 523 contumelias
1442 490 1475 522 in
1502 489 1662 529 circuitus·
1691 499 1778 535 ergo

215 541 438 576 contumelia
466 549 519 576 est
540 541 575 575 in
597 541 725 575 verbis.

285 594 515 629 RESPONDEO
543 595 750 636 dicendum,
776 594 873 640 quod
905 594 1127 628 contumelia
1162 595 1334 641 importat
1363 595 1692 629 dehonorationem
1719 594 1779 628 ali-

215 648 326 693 cujus,
349 648 446 694 quod
469 647 615 694 quidem
639 648 817 693 contingit
838 647 1035 694 dupliciter:
1060 659 1142 681 cum
1163 649 1256 682 enirn
1280 648 1400 682 honor
1422 647 1581 693 aliquam
1605 647 1780 682 excellen-

212 699 303 735 tiam
326 709 582 747 consequatur:
605 713 670 734 uno
694 700 787 734 modo
808 700 934 746 aliquis
958 700 1069 734 alium
1089 701 1303 743 dehonorat,
1323 712 1406 734 curn
1425 701 1541 747 privat
1562 712 1645 734 euin
1666 700 1778 735 excel-

213 754 334 796 lentia,
357 762 502 800 propter
522 765 631 800 quarn
653 754 810 787 habebat
830 754 1030 788 honorem:
1053 754 1149 799 quod
1177 754 1322 800 quidem
1346 754 1384 787 fit
1410 765 1473 800 per
1493 762 1645 800 peccata
1669 753 1779 788 facto-

213 819 304 849 rum,
328 807 371 841 de
393 807 520 853 quibus
542 818 649 852 supra
669 807 805 840 dictum
827 815 879 840 est
901 807 948 853 (q.
972 807 1027 850 64.
1052 808 1100 852 65.
1119 812 1146 841 et
1169 808 1266 852 66).-
1289 807 1354 841 alio
1370 807 1478 849 modo,
1495 818 1579 841 cum
1601 806 1728 853 aliquis
1742 807 1778 840 id

214 861 310 906 quod
333 869 386 894 est
408 868 534 894 contra
558 860 739 894 honorem
769 859 932 905 alicujus,
954 860 1097 894 deducit
1122 860 1159 893 in
1186 860 1353 894 notitiam
1381 861 1468 906 ejus,
1491 868 1525 894 et
1546 860 1718 894 aliorum:
1742 868 1777 894 et

212 913 283 948 hoc
306 913 448 960 proprie
464 913 617 959 pertinet
636 913 679 946 ad
702 913 983 946 contumeliam:
1007 913 1102 958 quod
1122 914 1268 959 quidem
1287 913 1325 947 fit
1340 924 1402 959 per
1425 913 1544 959 aliqua
1559 913 1680 959 signa:
1703 914 1778 955 sed,

215 966 306 1000 sicut
332 966 557 1012 Augustinus
585 966 671 1000 dicit
697 965 732 999 in
755 976 785 999 2.
815 966 857 1000 de
884 966 1010 1000 Doctr.
1039 966 1172 1000 Christ.
1197 967 1286 1013 (cap.
1305 967 1373 1013 3.):
1405 967 1529 1001 Omnia
1554 968 1649 1012 signa
1669 967 1779 1001 verbis

213 1024 407 1066 comparata
423 1021 627 1066 paucissima
647 1024 740 1059 szcnt;
760 1021 861 1054 -ῖέι-ῖηι
884 1021 971 1053 enim
995 1021 1078 1054 inter
1100 1020 1242 1054 homines
1263 1021 1715 1066 obtinueruntprincipatum
1736 1021 1779 1054 si-

212 1073 403 1118 gnificandi,
421 1085 643 1118 quaecumque
659 1074 770 1106 animo
791 1074 1044 1118 concipiunlm·;
1070 1082 1103 1107 et
1125 1073 1207 1107 ideo
1231 1074 1441 1116 contumelia,
1456 1075 1595 1120 proprie
1609 1073 1780 1119 loquendo,

213 1127 248 1160 in
265 1127 374 1160 verbis
392 1128 558 1166 consistit;
582 1126 675 1159 unde
697 1125 779 1159 Isid.
803 1126 889 1159 dicit
910 1126 944 1159 in
967 1125 1025 1159 lib.
1053 1137 1103 1161 10.
1127 1126 1285 1172 Etymol.
1309 1126 1432 1171 (adlit.
1455 1127 1511 1171 C),
1535 1127 1632 1172 quod
1657 1139 1675 1158 «
1694 1137 1778 1160 con—

212 1179 427 1214 tumeliosus
454 1180 580 1213 dicitur
603 1179 741 1225 aliquis,
764 1179 846 1224 quia
868 1179 974 1213 velox
997 1188 1060 1221 est,
1083 1188 1117 1214 et
1138 1188 1252 1214 tumet
1272 1180 1389 1214 verbis
1417 1180 1566 1225 injuriae
1582 1191 1621 1213 »z
1644 1187 1779 1221 tamen,

214 1233 296 1278 quia
312 1233 420 1266 etiam
442 1244 504 1278 per
524 1232 617 1267 facta
640 1232 760 1278 aliqua
782 1232 1029 1277 significantur
1051 1232 1180 1279 aliqua,
1200 1244 1290 1278 quae
1306 1233 1341 1266 in
1355 1233 1426 1267 hoc
1445 1233 1541 1278 quod
1561 1232 1779 1278 significant,

212 1285 346 1320 habent
367 1286 439 1319 vim
462 1285 655 1319 verborum
679 1285 972 1330 significantium,
992 1286 1074 1319 inde
1098 1294 1150 1320 est
1172 1286 1268 1331 quod
1292 1287 1486 1320 contumelia
1506 1291 1630 1320 extenso
1649 1287 1779 1320 nomine

213 1341 311 1374 etiam
335 1341 368 1372 in
386 1340 486 1383 furtis
507 1339 647 1373 dicitur:
670 1339 764 1372 unde
786 1338 893 1372 Rom.
913 1349 940 1372 1.
964 1350 1068 1384 super
1086 1338 1193 1373 illud:
1220 1339 1485 1380 contumeliosos,
1505 1340 1669 1385 superbos,
1693 1339 1778 1372 dicit

218 1391 320 1426 Glos.
346 1391 487 1436 (interl.)
510 1392 606 1438 quod
632 1390 921 1425 «contumeliosi
942 1400 1034 1434 sunt,
1057 1392 1118 1438 qui
1140 1392 1254 1434 dictis,
1270 1391 1327 1426 vel
1344 1391 1447 1425 factis
1467 1391 1718 1433 contumelias,
1741 1399 1776 1425 et

213 1445 330 1490 turpia
349 1444 503 1478 inferunt
522 1458 553 1478 ›>.

285 1499 344 1532 AD
372 1509 520 1532 PRIMUM
547 1509 633 1543 ergo
657 1498 861 1539 dicendum,
885 1498 981 1543 quod
1006 1498 1115 1532 verba
1142 1497 1343 1532 secundum
1370 1498 1425 1532 sui
1451 1498 1656 1540 essentiam,
1685 1497 1776 1532 idest

214 1552 428 1597 inquantum
451 1559 535 1585 sunt
557 1551 703 1597 quidam
726 1551 806 1585 soni
828 1551 1013 1593 audibiles,
1035 1550 1175 1585 nullum
1197 1559 1458 1585 nocumentum
1482 1550 1583 1585 alteri
1604 1550 1776 1594 inferunt;

213 1605 282 1639 nisi
302 1604 394 1638 forte
409 1604 594 1650 gravando
609 1604 791 1646 auditum,
814 1612 898 1650 puta
914 1616 997 1638 cum
1013 1604 1142 1650 aliquis
1156 1604 1262 1638 nimis
1279 1604 1347 1638 alte
1364 1604 1540 1650 loquitur:
1563 1605 1778 1650 inquantum

213 1669 299 1692 vero
321 1666 403 1692 sunt
424 1658 526 1703 signa
541 1658 847 1704 repraesentantia
871 1657 1003 1703 aliquid
1026 1658 1061 1690 in
1084 1657 1211 1690 notitia
1227 1657 1394 1698 aliorum,
1409 1657 1459 1691 sic
1475 1665 1626 1703 possunt
1644 1657 1776 1691 damna

214 1710 329 1745 multa
351 1710 498 1745 inferre:
520 1711 612 1744 inter
639 1722 730 1756 quae
758 1722 869 1744 unum
897 1718 961 1752 est,
989 1711 1085 1756 quod
1112 1710 1226 1744 horno
1254 1710 1505 1744 damnificatur
1531 1718 1706 1756 quantum
1734 1710 1777 1744 ad

213 1765 471 1799 detrimentum
492 1764 643 1798 honoris
669 1764 734 1806 sui,
762 1764 819 1798 vel
846 1764 1068 1798 reverentiae
1096 1764 1161 1798 sibi
1188 1764 1229 1797 ab
1258 1763 1335 1798 aliis
1364 1763 1604 1805 exhibendam
1632 1772 1665 1798 et
1691 1763 1772 1797 ideo

213 1819 330 1863 major
346 1826 398 1852 est
420 1817 652 1859 contumelia,
672 1817 700 1851 si
723 1817 850 1863 aliquis
873 1817 981 1850 alicui
996 1816 1177 1851 defectum
1192 1828 1298 1850 suum
1314 1817 1409 1851 dicat
1431 1827 1555 1850 coram
1578 1816 1720 1852 multis:
1740 1824 1775 1850 et

212 1879 334 1905 tamen
357 1871 385 1904 si
406 1871 473 1905 sibi
494 1870 561 1904 soli
578 1871 683 1912 dicat,
701 1879 819 1916 potest
835 1882 911 1904 esse
934 1870 1175 1913 contumelia,
1198 1870 1412 1916 inquantum
1434 1870 1510 1916 ipse
1533 1870 1594 1916 qui
1615 1869 1776 1915 loquitur

212 1924 343 1969 injusta
358 1932 483 1958 contra
501 1924 741 1958 reverentiam
765 1923 939 1958 audientis
963 1925 1046 1969 agit.

285 1977 344 2011 AD
367 1987 573 2011 SECUNDUM
596 1977 802 2018 dicendum,
822 1977 917 2022 quod
933 1979 1110 2011 intantum
1127 1976 1254 2022 aliquis
1269 1975 1427 2022 aliquem
1442 1975 1544 2010 factis
1564 1976 1779 2018 dehonorat,

212 2030 427 2076 inquantum
448 2029 509 2064 illa
531 2029 623 2064 facta
645 2029 702 2063 vel
724 2029 871 2072 faciunt,
892 2030 950 2063 vel
972 2030 1176 2076 significant
1202 2029 1301 2071 illud,
1324 2029 1420 2075 quod
1444 2038 1496 2063 est
1518 2038 1643 2063 contra
1665 2029 1780 2063 hono-

214 2095 290 2117 rem
319 2083 488 2128 alicujus:
512 2094 667 2128 quorum
694 2085 851 2128 primum
879 2094 952 2116 non
979 2083 1132 2129 pertinet
1159 2083 1202 2116 ad
1229 2083 1502 2124 contumeliam,
1529 2083 1591 2116 sed
1618 2083 1662 2117 ad
1689 2082 1778 2117 alias

212 2137 407 2181 injustitiae
429 2136 577 2182 species,
601 2136 643 2170 de
667 2136 794 2181 quibus
817 2147 922 2182 supra
950 2136 1085 2170 dictum
1109 2144 1161 2170 est
1184 2136 1228 2182 (q.
1252 2136 1308 2180 64.
1331 2136 1379 2182 65.
1403 2141 1430 2170 al
1452 2136 1528 2181 66.)
1541 2149 1550 2170 :
1573 2136 1775 2170 secundum

213 2201 299 2224 vero
322 2191 474 2235 pertinet
501 2189 543 2222 ad
564 2189 836 2231 contumeliam,
856 2189 1069 2235 inquantum
1091 2188 1184 2223 facta
1206 2189 1340 2223 habent
1361 2189 1436 2223 vim
1462 2189 1658 2222 verborum
1678 2189 1715 2222 in
1734 2189 1776 2223 si-

214 2242 433 2289 gnificando.

285 2296 344 2330 AD
373 2305 543 2330 TERTIUM
571 2295 776 2337 dicendum,
805 2295 901 2341 quod
929 2295 1140 2337 convitium,
1168 2303 1201 2329 et
1229 2295 1489 2341 improperium
1517 2296 1717 2329 consistunt
1741 2295 1778 2328 in

214 2349 345 2391 verbis,
360 2349 450 2383 sicut
462 2356 496 2382 et
507 2348 739 2389 contumelia,
756 2349 837 2393 quia
853 2360 915 2394 per
930 2349 1052 2382 omnia
1067 2348 1156 2382 haec
1173 2356 1459 2394 repraesentatur
1475 2347 1601 2394 aliquis
1621 2347 1779 2383 defectus

215 2402 368 2447 alicujus
390 2402 425 2435 in
457 2401 712 2435 detrimentum
744 2401 893 2435 honoris
916 2401 1044 2447 ipsius:
1076 2401 1285 2447 hujusmodi
1319 2409 1439 2435 autem
1462 2400 1621 2435 defectus
1645 2409 1697 2435 est
1722 2401 1778 2435 tri-

215 2455 313 2500 plex3
337 2454 492 2489 scilicet:
517 2453 675 2488 defectus
699 2454 836 2499 culpae,
860 2454 918 2499 qui
942 2463 1228 2500 repraesentatur
1242 2466 1304 2500 per
1319 2454 1426 2488 verba
1446 2453 1726 2496 contumeliosa3
1745 2462 1780 2489 et

215 2507 375 2542 defectus
397 2507 613 2554 generaliter
635 2506 774 2553 culpae,
790 2515 824 2541 et
835 2519 986 2552 poenae,
1009 2508 1068 2553 qui
1084 2516 1370 2553 repraesentatur
1384 2519 1446 2553 per
1466 2507 1677 2549 convitium,
1696 2508 1779 2554 quia

214 2562 344 2595 vitium
368 2561 555 2595 consuevit
582 2560 651 2594 dici
673 2572 746 2594 non
769 2560 889 2593 solum
910 2560 1063 2602 animae,
1087 2561 1147 2595 sed
1175 2561 1284 2595 etiam
1308 2560 1493 2606 corporis;
1523 2560 1617 2594 unde
1644 2561 1674 2594 si
1699 2561 1778 2606 quis

215 2615 323 2648 alicui
349 2614 520 2659 injuriose
548 2614 653 2655 dicat,
683 2624 765 2647 eum
789 2624 865 2647 csse
895 2625 1057 2655 caecum,
1089 2615 1288 2648 convitium
1319 2613 1464 2659 quidem
1494 2613 1591 2655 dicit,
1613 2613 1676 2647 sed
1704 2624 1778 2648 non

215 2667 497 2702 contumeliam:
520 2667 549 2700 si
564 2667 641 2713 quis
657 2674 777 2700 autem
801 2666 896 2700 dicat
919 2666 1030 2708 alteri,
1059 2667 1154 2712 quod
1176 2667 1221 2701 sit
1241 2666 1307 2708 fur,
1329 2678 1403 2700 non
1425 2666 1545 2700 solum
1568 2666 1778 2708 convitium,

215 2720 275 2754 sed
308 2721 416 2754 etiam
439 2719 698 2754 contumeliam
728 2718 849 2753 infert:
883 2720 1098 2765 quandoque
1127 2731 1213 2753 vero
1248 2727 1491 2765 repraesentat
1521 2718 1647 2764 aliquis
1671 2719 1778 2753 alicui

215 2773 395 2807 defectum
417 2773 682 2814 minorationis,
711 2772 785 2806 sive
816 2772 1047 2817 indigentiae,
1078 2773 1138 2818 qui
1169 2773 1277 2806 etiam
1308 2772 1459 2817 derogat
1489 2772 1623 2805 honori
1651 2783 1778 2806 conse-

216 2827 338 2872 quenti
367 2837 634 2872 quamcumque
658 2825 924 2859 excellentiam:
949 2834 982 2859 et
1010 2826 1079 2858 hoc
1110 2825 1146 2859 fit
1173 2838 1234 2871 per
1256 2826 1405 2860 verbum
1424 2825 1653 2871 improperii,
1681 2825 1776 2871 quod

214 2879 357 2925 proprie
381 2888 443 2921 est,
466 2879 609 2925 quando
638 2878 765 2925 aliquis
792 2878 963 2924 injuriose
992 2878 1092 2912 alteri
1116 2878 1157 2912 ad
1182 2879 1398 2912 memoriam
1427 2879 1566 2912 reducit
1592 2878 1775 2920 auxilium,
