1859 3122
495 146 715 182 QUAESTIO
749 146 848 176 xcv.
882 146 1125 176 ARTICULUS
1158 146 1202 177 11.
1554 137 1633 190 673

636 315 979 360 ARTICULUS
1008 316 1064 359 II.
1576 328 1640 374 506

296 423 448 453 UTRUM
482 423 713 453 DIVINATIO
749 424 815 453 SIT
849 424 1019 454 SPECIES
1054 424 1421 455 SUPERSTITIONIS.

150 512 253 558 (Infr.
275 517 338 546 art.
357 524 384 558 3.
407 517 437 547 et
457 524 487 547 2.
510 513 598 546 Dz'st.
621 525 664 558 15.
687 525 716 558 q.
736 525 761 547 I.
784 518 847 547 art.
866 506 894 559 3.
917 512 1004 557 ads}-
1021 517 1048 547 εἰ
1063 513 1118 547 lib.
1137 525 1164 558 3.
1183 513 1342 558 Conwag.
1363 519 1434 559 cap.
1451 514 1547 559 154).

152 598 212 632 An
239 608 444 633 SECUNDUM
467 599 516 633 sic
539 599 755 645 proceditur.
778 598 940 641 Videtur,
963 599 1058 645 quod
1079 599 1251 633 divinatio
1273 610 1347 633 non
1369 600 1412 633 sit
1434 600 1572 646 species
1587 611 1642 634 su-

82 651 319 698 perstitionis3
342 651 437 685 idem
457 653 553 686 enim
572 663 645 686 non
668 660 786 698 potest
805 663 880 686 esse
903 652 1041 697 species
1063 652 1288 686 diversorum
1307 664 1500 698 generum:
1517 653 1578 687 sed
1594 653 1642 686 di-

81 705 216 739 vinatio
239 704 377 738 videtur
399 716 475 739 esse
498 706 635 751 species
658 705 872 739 curiositatis
894 713 932 739 ut
953 706 1176 751 Augustinus
1204 706 1290 740 dicit
1319 707 1355 739 in
1384 706 1443 740 lib.
1472 706 1515 740 de
1544 706 1640 740 Vera

82 757 272 803 Religione
295 758 350 802 (ex
372 764 443 804 cap.
463 759 552 804 33.);
578 769 664 803 ergo
686 758 837 800 videtur,
859 758 955 804 quod
974 770 1047 792 non
1071 759 1115 792 sit
1136 759 1272 804 species
1295 759 1568 804 superstitionis.

149 821 180 845 2.
203 811 438 845 PRAETEREA.
464 812 565 845 Sicut
582 811 709 857 religio
733 820 785 845 est
807 811 922 845 cultus
945 812 1096 853 debitus,
1115 812 1163 844 ita
1186 812 1375 857 superstito
1404 812 1519 846 cultus
1545 813 1641 846 inde-

82 865 174 899 bitus
189 877 196 900 ε
218 865 278 899 sed
302 865 474 899 divinatio
497 876 569 899 non
590 865 730 898 videtur
749 865 791 898 ad
807 864 963 910 aliquem
979 865 1115 899 cultum
1131 865 1329 898 indebitum
1343 865 1538 911 pertinere3
1554 877 1640 911 ergo

82 918 254 952 divinatio
277 929 350 951 non
372 918 524 964 pertinet
546 918 589 952 ad
611 918 913 962 superstitionem.

157 982 185 1016 3.
208 971 443 1005 PRAETEREA.
467 971 680 1016 Superstitio
704 970 871 1016 religioni
893 971 1104 1016 opponitur:
1128 971 1189 1005 sed
1208 971 1243 1004 in
1265 981 1350 1004 vera
1371 971 1545 1016 religione
1567 982 1641 1005 non

81 1025 259 1059 invenitur
281 1025 414 1071 aliquid
436 1025 648 1059 divinationi
669 1036 731 1071 per
753 1025 975 1059 contrarium
997 1025 1239 1071 respondens;
1263 1036 1349 1070 ergo
1373 1025 1545 1059 divinatio
1567 1036 1641 1059 non

82 1086 135 1112 est
156 1078 292 1124 species
313 1078 584 1124 superstitionis.

155 1131 229 1166 SED
252 1142 406 1166 CONTRA
429 1139 492 1173 est,
515 1131 611 1177 quod
635 1131 815 1177 Origenes
837 1131 923 1165 dicit
944 1131 980 1165 in
1002 1131 1223 1165 Periarchon
1247 1132 1319 1175 (ubi
1333 1143 1398 1165 non
1417 1133 1576 1173 occurrit,
1590 1132 1643 1166 sed

82 1185 156 1219 hal).
177 1191 300 1232 expres.
322 1185 407 1218 hom.
430 1185 482 1219 16.
506 1186 538 1218 in
560 1185 663 1219 Num.
686 1196 706 1219 α
724 1185 845 1226 med.):
872 1198 888 1216 «
910 1185 973 1219 Est
991 1186 1169 1231 quaedam
1192 1186 1353 1231 operatio
1370 1185 1591 1219 daemonum
1606 1185 1642 1219 in

82 1237 281 1272 ministerio
303 1237 574 1283 praescientiae,
597 1249 688 1283 quae
708 1238 840 1272 artibus
862 1238 1076 1284 quibusdam
1097 1238 1138 1271 ab
1165 1238 1232 1280 his,
1255 1238 1315 1284 qui
1342 1250 1378 1272 se
1406 1239 1642 1273 daemonibus

83 1291 389 1336 mancipaverunt,
410 1302 505 1324 nunc
524 1302 588 1336 per
608 1299 732 1334 sortes,
751 1302 846 1325 nunc
868 1302 930 1337 per
956 1293 1115 1337 auguria,
1142 1302 1237 1325 nunc
1265 1303 1308 1325 ex
1334 1291 1642 1338 contemplatione

82 1344 291 1377 umbrarum
312 1343 571 1390 comprehendi
590 1344 740 1378 videtur.
764 1344 862 1378 Haec
885 1353 1007 1378 autem
1033 1345 1157 1378 onmia
1184 1345 1394 1390 operatione
1417 1345 1640 1379 daemonum

83 1397 157 1431 fieri
184 1408 259 1431 non
280 1397 402 1431 dubito
424 1410 465 1432 »ς
487 1397 559 1439 sed,
582 1405 619 1431 ut
640 1397 863 1443 Augustinus
886 1397 972 1431 dicit
997 1398 1033 1431 in
1060 1407 1090 1431 2.
1118 1398 1161 1431 de
1187 1398 1295 1431 Doct.
1323 1398 1456 1432 Christ.
1479 1399 1567 1445 (cap.
1594 1410 1641 1444 23.

83 1462 103 1485 α
121 1450 218 1494 med.)
228 1463 238 1484 .·
263 1463 281 1481 (τ,
305 1449 490 1496 Quidquid
511 1451 674 1496 procedit
695 1462 737 1485 ex
759 1451 932 1485 societate
953 1451 1188 1493 daemonum,
1211 1459 1245 1485 et
1259 1451 1464 1494 hominum,
1479 1452 1643 1498 supersti-

83 1504 218 1538 tiosum
241 1511 292 1537 est
314 1516 346 1546 >›;
369 1514 455 1549 ergo
475 1503 647 1537 divinatio
670 1512 723 1538 est
743 1504 880 1549 species
902 1504 1176 1550 superstitionis.

155 1556 384 1591 RESPONDEO
408 1557 611 1598 dicendum,
631 1557 738 1602 quod,
760 1557 852 1591 sicut
873 1568 979 1602 supra
1001 1558 1135 1591 dictum
1160 1566 1212 1592 est
1233 1558 1316 1602 (art.
1338 1570 1365 1592 1.
1388 1570 1417 1604 q.
1440 1568 1495 1603 92.
1511 1563 1540 1593 et
1554 1559 1641 1604 φφ),

83 1609 288 1656 superstitio
311 1610 481 1655 importat
502 1609 700 1643 indebitum
723 1609 859 1643 cultum
882 1610 1092 1644 divinitatis:
1117 1611 1159 1644 ad
1182 1610 1319 1645 cultum
1343 1619 1463 1645 autem
1485 1612 1555 1645 Dei
1569 1624 1643 1658 per-

83 1663 172 1697 tinet
194 1662 328 1708 aliquid
347 1662 540 1708 dupliciter:
564 1674 626 1696 uno
649 1662 755 1704 modo,
781 1674 863 1696 cum
886 1663 1020 1708 aliquid
1042 1664 1122 1698 Deo
1146 1663 1304 1706 offertur,
1327 1664 1384 1698 vel
1411 1664 1641 1707 sacrificium,

83 1715 141 1749 vel
163 1715 308 1757 oblatio,
330 1715 388 1749 vel
407 1715 538 1761 aliquid
560 1716 786 1760 hujusmodi:
803 1717 867 1750 alio
883 1717 990 1758 modo,
1007 1728 1091 1750 cum
1106 1717 1239 1763 aliquid
1258 1717 1419 1751 divinum
1439 1719 1642 1761 assumitur,

84 1769 176 1803 sicut
196 1779 302 1814 supra
324 1768 461 1802 dictum
483 1777 536 1802 est
558 1768 600 1802 de
621 1770 825 1814 juramento
850 1769 894 1815 (q.
916 1771 972 1815 89.
993 1771 1179 1816 inpraesat.
1195 1776 1225 1805 et
1241 1776 1304 1805 art.
1320 1782 1348 1817 5.
1367 1771 1492 1816 ad2.);
1513 1780 1547 1805 et
1561 1772 1642 1806 ideo

85 1822 128 1855 ad
150 1821 443 1867 superstitionem
465 1821 629 1866 pertinet,
647 1833 722 1855 non
744 1821 863 1856 solum
885 1834 968 1856 cum
992 1823 1210 1857 sacrificium
1232 1824 1469 1858 daemonibus
1496 1824 1644 1859 offertur

85 1886 147 1921 per
157 1874 414 1916 idololatriam,
426 1875 487 1909 sed
499 1875 608 1908 etiam
627 1886 709 1908 cum
726 1875 853 1921 aliquis
869 1876 1018 1910 assumit
1032 1876 1202 1910 auxilium
1214 1877 1434 1910 daemonum
1451 1879 1493 1912 ad
1510 1878 1643 1924 aliquid

86 1928 305 1971 faciendum,
327 1927 385 1962 vel
412 1929 720 1974 cognoscendum.
750 1929 882 1963 Omnis
910 1937 1031 1963 autem
1058 1930 1230 1964 divinatio
1259 1941 1300 1964 ex
1327 1931 1539 1976 operatione
1567 1932 1645 1965 dae-

86 1992 240 2015 monum
261 1981 442 2027 provenit:
464 1981 516 2015 vel
539 1982 621 2026 quia
643 1992 808 2027 expresse
831 1983 1027 2016 daemones
1050 1982 1265 2016 invocantur
1292 1983 1334 2017 ad
1355 1983 1471 2017 futura
1497 1983 1646 2018 manife-

86 2034 232 2076 standa3
253 2034 306 2069 vel
327 2034 410 2080 quia
431 2034 628 2068 daemones
657 2035 824 2080 ingerunt
850 2046 887 2068 se
917 2035 1017 2069 vanis
1047 2036 1336 2081 inquisitionibus
1365 2036 1580 2079 futurorum,
1608 2046 1645 2072 ut

86 2095 226 2121 mentes
246 2087 439 2121 hominum
461 2087 648 2132 implicent
668 2088 844 2121 vanitate:
867 2088 910 2122 de
932 2099 1001 2134 qua
1022 2089 1179 2123 vanitate
1202 2089 1330 2123 dicitur
1350 2090 1386 2123 in
1408 2090 1541 2124 Psalm.
1572 2102 1643 2137 39.:

87 2140 164 2175 Non
190 2141 329 2187 respexit
346 2141 380 2174 in
405 2141 579 2182 vanitates,
607 2145 635 2174 et
656 2141 802 2175 insanias
818 2141 944 2187 falsas:
966 2153 1059 2175 vana
1082 2150 1202 2176 autem
1228 2142 1413 2188 inquisitio
1440 2143 1643 2178 futurorum

88 2201 150 2233 est,
173 2194 316 2240 quando
339 2193 467 2239 aliquis
488 2192 648 2227 futurum
668 2205 907 2239 praenoscere
929 2202 1054 2237 tentat,
1076 2195 1170 2229 unde
1192 2196 1380 2242 praenosci
1406 2208 1480 2231 non
1506 2205 1643 2243 potest3

88 2247 318 2281 manifestum
341 2255 394 2281 est
415 2258 515 2293 ergo,
538 2247 634 2293 quod
655 2247 819 2282 divinatio
839 2250 954 2294 species
975 2250 1214 2295 superstitionis
1236 2255 1287 2284 est.

158 2301 217 2334 AD
238 2311 388 2335 PRIMUM
407 2311 493 2345 ergo
517 2300 721 2342 dicendum,
740 2302 835 2346 quod
852 2301 1024 2336 divinatio
1039 2302 1192 2347 pertinet
1207 2302 1250 2336 ad
1266 2303 1523 2345 curiositatem,
1538 2315 1645 2349 quan-

87 2361 164 2387 tum
187 2353 230 2387 ad
251 2353 362 2387 finem
382 2353 573 2395 intentum,
595 2353 656 2399 qui
677 2361 729 2387 est
750 2355 998 2400 praecognitio
1020 2354 1241 2390 futurorum:
1264 2356 1325 2390 sed
1348 2357 1501 2402 pertinet
1523 2358 1565 2390 ad
1592 2368 1645 2391 su-

88 2406 346 2452 perstitionem,
369 2414 543 2452 quantum
566 2406 609 2440 ad
628 2407 779 2440 modum
802 2408 1033 2453 operationis.

159 2459 218 2493 AD
241 2470 447 2494 SECUNDUM
469 2459 672 2501 dicendum,
691 2460 787 2506 quod
816 2461 1026 2506 hujusmodi
1054 2461 1227 2496 divinatio
1256 2463 1409 2508 pertinet
1434 2463 1477 2496 ad
1508 2462 1644 2496 cultum

90 2511 322 2555 daemonum,
344 2512 557 2558 inquantum
579 2512 705 2558 aliquis
726 2513 835 2547 utitur
857 2515 1014 2560 quodam
1035 2524 1142 2561 pacto
1163 2516 1286 2557 tacito,
1308 2515 1365 2550 vel
1380 2527 1546 2561 expresso
1562 2527 1645 2549 cum

91 2565 338 2600 daemonibus.

161 2619 220 2652 AD
243 2628 413 2653 TERT1UM
435 2619 639 2660 dicendum,
662 2620 758 2664 quod
780 2620 815 2653 in
837 2631 933 2654 nova
955 2620 1035 2665 lege
1059 2633 1160 2655 mens
1182 2622 1342 2656 hominis
1365 2630 1504 2656 arcetur
1527 2633 1545 2655 a
1560 2630 1647 2656 tem-

91 2671 269 2716 poralium
291 2671 536 2714 solicitudine3
560 2680 594 2706 et
614 2672 695 2706 ideo
711 2684 784 2706 non
799 2681 851 2707 est
865 2674 901 2707 in
915 2685 1009 2707 nova
1027 2674 1106 2720 lege
1127 2674 1258 2720 aliquid
1275 2675 1475 2709 institutum
1491 2676 1532 2708 ad
1549 2687 1647 2721 prae-

93 2724 337 2769 cognitionem
349 2724 551 2759 futurorum
567 2733 759 2759 eventuum
775 2726 818 2760 de
832 2727 1091 2772 temporalibus
1100 2728 1221 2762 rebus:
1242 2728 1276 2761 in
1291 2728 1403 2761 veteri
1418 2736 1538 2762 autem
1552 2728 1645 2773 lege,

94 2787 184 2821 quae
202 2778 431 2822 promittebat
451 2785 602 2818 terrena,
622 2786 722 2812 erant
744 2778 1026 2814 consultationes
1048 2781 1091 2814 de
1112 2780 1237 2814 futuris
1261 2780 1303 2813 ad
1331 2780 1546 2826 religionem
1572 2793 1647 2827 per-

94 2829 304 2872 tinentibus3
326 2831 419 2865 unde
438 2831 566 2865 dicitur
587 2831 653 2865 Isa.
677 2832 725 2865 8.:
748 2832 792 2866 Et
805 2843 878 2866 cum
899 2832 1048 2868 dixerint
1068 2833 1110 2867 ad
1126 2845 1205 2868 vos:
1230 2834 1386 2877 Quaerite
1399 2845 1419 2867 α
1435 2834 1644 2879 Ργὶὒοηῐῑπις,
