1859 3122
168 152 251 208 928
578 165 799 199 QUAESTIO
835 165 966 195 CXLII.
999 166 1244 196 ARTICULUS
1277 167 1305 197 1.

167 245 313 291 gatione
337 245 371 278 in
391 245 480 278 alios
502 245 756 286 transmittant,
777 257 794 278 a
818 246 938 280 multis
961 246 1230 281 delectabilibus
1251 246 1476 282 laudabiliter
1495 250 1684 292 abstinent,
1706 261 1726 284 a

168 300 296 344 quibus
318 298 380 339 illi,
404 299 531 343 quibus
554 310 596 332 ex
619 298 738 333 officio
762 300 935 345 competit
962 301 1129 345 operibus
1157 301 1415 346 corporalibus,
1443 310 1477 336 et
1503 304 1729 348 generationi

168 351 303 385 carnali
324 363 464 393 vacare,
486 351 710 385 laudabiliter
732 363 805 386 non
825 353 1012 386 abstinent.

237 406 296 438 AD
317 415 487 439 TERTIUM
510 405 714 446 dicendum,
737 406 831 450 quod
855 405 1045 439 delectatio
1068 405 1237 451 fugienda
1256 415 1308 441 est
1329 407 1373 441 ad
1394 408 1580 443 vitandum
1602 421 1726 456 pecca-

165 466 254 499 tum,
276 469 348 491 non
371 457 541 500 totaliter,
563 458 625 492 sed
652 467 689 492 ut
711 459 801 492 ultra
823 469 898 492 non
920 468 1121 505 quaeratur,
1144 471 1253 506 quam
1274 461 1469 496 necessitas
1488 463 1654 509 requirat.

740 600 1083 645 ARTICULUS
1113 602 1169 644 H.
1658 616 1726 664 692

371 706 523 737 UTRUM
556 708 910 739 INTEMPERANTIA
943 710 1010 739 SIT
1043 710 1224 740 PUERILE
1255 710 1505 740 PECCATUM.

711 798 804 842 (Lib.
828 810 856 844 3.
872 798 978 832 Ethic.
1005 799 1074 833 lect.
1094 799 1181 845 ult).

236 884 295 918 AD
318 895 524 920 SECUNDUM
547 885 597 920 sic
624 887 842 932 proceditur.
864 886 1026 929 Videtur,
1058 887 1155 933 quod
1181 887 1458 934 intemperantia
1478 899 1553 923 non
1580 889 1625 923 sit
1645 901 1728 936 pue-

164 937 227 972 rile
250 946 462 984 peccatum:
483 939 566 984 quia
587 950 693 985 super
714 940 801 974 illud
822 940 950 975 Matth.
974 941 1044 975 18.:
1067 942 1143 976 Nisi
1161 944 1308 976 conversi
1320 942 1468 988 fueritis,
1491 947 1519 978 et
1539 943 1728 990 efficiamini

161 993 246 1026 sicut
261 992 412 1037 parvuli,
435 1001 513 1034 etc„
548 993 633 1027 dicit
655 993 802 1027 Hieron.
836 994 919 1041 (sup.
939 994 1040 1028 illud:
1062 995 1272 1040 Quicumque
1298 996 1524 1031 hzmziliaberit
1545 997 1604 1042 se),
1631 997 1728 1042 quod

166 1058 184 1076 «
205 1044 373 1089 parvulus
395 1056 469 1083 non
484 1055 689 1091 perseverat
709 1047 744 1080 in
760 1047 1085 1089 iracundia,laesus
1107 1059 1181 1081 non
1204 1049 1380 1090 meminit,
1396 1049 1520 1083 videns
1535 1049 1726 1096 pulchram

165 1097 355 1131 mulierem
374 1110 447 1132 non
468 1098 663 1133 delectatur
690 1113 723 1141 »,
755 1100 851 1145 quod
874 1101 1111 1135 contrariatur
1143 1101 1461 1148 intemperantiae3
1484 1113 1571 1148 ergo
1603 1103 1729 1137 intem-

164 1151 324 1197 perantia
346 1163 420 1185 non
438 1160 492 1186 est
513 1152 647 1198 puerile
671 1162 871 1198 peccatum.

198 1216 202 1222 ·
236 1214 267 1238 2.
287 1204 522 1239 PRAETEREA.
544 1206 651 1239 Pueri
670 1218 744 1240 non
766 1207 900 1241 habent
920 1207 989 1241 nisi
1005 1207 1316 1252 concupiscentias
1335 1208 1536 1244 naturales:
1555 1209 1618 1243 sed
1633 1209 1729 1243 circa

164 1258 345 1292 naturales
368 1259 681 1304 concupiscentias
696 1271 823 1305 parum
839 1260 948 1306 aliqui
962 1269 1113 1305 peccant
1129 1271 1191 1306 per
1209 1262 1583 1307 intemperantiani‚ut
1591 1262 1728 1296 Philos.

166 1311 251 1345 dicit
271 1311 306 1344 in
333 1323 361 1357 3.
384 1311 499 1346 Ethic.
524 1312 612 1358 (cap.
635 1313 719 1356 11.);
749 1324 835 1358 ergo
862 1313 1139 1359 intemperantia
1165 1325 1239 1348 non
1267 1323 1319 1348 est
1345 1323 1535 1360 peccatum
1557 1315 1703 1362 puerile.

240 1376 267 1410 3.
290 1365 525 1399 PRAETEREA.
553 1365 660 1399 Pueri
693 1374 774 1399 sunt
795 1365 952 1407 fovendi,
980 1375 1014 1400 et
1035 1367 1240 1400 nutriendi:
1273 1368 1334 1401 sed
1363 1368 1667 1414 concupiscentia,
1694 1376 1730 1403 et

165 1417 371 1460 delectatio,
398 1419 492 1452 circa
523 1430 614 1464 quae
637 1427 690 1452 est
722 1419 1011 1465 intemperantia,
1045 1428 1098 1453 est
1133 1430 1277 1466 semper
1309 1420 1554 1463 diminuenda,
1575 1428 1611 1455 et
1629 1421 1729 1455 extir-

167 1472 295 1517 panda,
315 1472 515 1506 secundum
537 1471 625 1506 illud
648 1472 691 1506 ad
711 1472 836 1506 Colos.
863 1484 913 1518 3.:
941 1473 1141 1519 Mortificate
1166 1475 1314 1508 membra
1335 1479 1444 1509 vestra
1469 1480 1564 1520 super
1590 1479 1727 1517 terram,

166 1537 248 1570 qnae
273 1530 348 1560 sunt
374 1527 645 1572 concupiscentia,
675 1534 759 1567 etc.;
783 1537 870 1571 ergo
891 1526 1167 1572 intemperantia
1189 1537 1263 1560 non
1290 1535 1343 1561 est
1369 1526 1504 1573 puerile
1525 1536 1727 1574 peccatum.

237 1578 312 1612 SED
335 1589 490 1613 CONTRA
513 1587 575 1620 est,
595 1579 691 1625 quod
711 1579 846 1613 Philos.
866 1580 951 1614 dicit
971 1580 1007 1613 in
1030 1591 1058 1626 3.
1081 1580 1241 1616 Ethicor.
1261 1580 1347 1626 (cap.
1366 1581 1454 1626 ult),
1476 1581 1573 1627 quod
1591 1592 1727 1615 nomen

165 1631 462 1676 intemperantiae
489 1632 676 1666 referimus
704 1633 747 1666 ad
774 1632 924 1678 puerilia
946 1641 1106 1679 peccata.

235 1684 463 1719 RESPONDEO
491 1685 696 1727 dicendum,
724 1686 820 1732 quod
852 1686 984 1732 aliquid
1012 1687 1140 1720 dicitur
1166 1697 1243 1721 esse
1282 1687 1417 1733 puerile
1444 1687 1641 1734 dupliciter:
1662 1699 1727 1722 uno

163 1738 271 1780 modo,
295 1739 377 1784 quia
401 1739 572 1773 convenit
592 1739 728 1784 pueris;
752 1748 786 1774 et
806 1740 856 1774 sic
884 1740 1020 1774 Pliilos.
1047 1752 1122 1774 non
1148 1740 1300 1775 intendit
1326 1741 1457 1783 dicere,
1479 1741 1576 1787 quod
1602 1752 1729 1788 pecca-

162 1800 240 1826 tum
265 1792 563 1837 intemperantiae
601 1793 645 1827 sit
678 1793 835 1839 puerile:
863 1794 929 1828 alio
956 1794 1050 1828 modo
1078 1794 1278 1828 secundum
1305 1795 1501 1841 quamdam
1528 1794 1729 1830 similitudi-

163 1856 266 1888 nem;
295 1853 329 1879 et
354 1846 424 1879 hoc
442 1847 552 1880 modo
568 1855 717 1892 peccata
732 1847 1030 1893 intemperantiae
1045 1848 1196 1894 puerilia
1218 1848 1384 1883 dicuntur
1403 1860 1410 1882 :
1426 1857 1617 1895 peccatum
1632 1849 1729 1883 enim

163 1898 462 1945 intemperantiae
490 1907 542 1933 est
568 1908 759 1945 peccatum
793 1900 993 1946 superfluae
1029 1901 1356 1947 concupiscentiae,
1386 1914 1477 1948 quae
1512 1901 1730 1936 assimilatur

163 1963 275 1998 puero
298 1952 417 1998 quoad
439 1954 516 1987 tria.
545 1953 659 1987 Primo
687 1953 833 1999 quidem
848 1962 1024 2000 quantum
1046 1955 1090 1988 ad
1107 1955 1154 1996 id,
1174 1955 1270 2001 quod
1292 1963 1440 2001 uterque
1463 1956 1614 2001 appetit:
1637 1955 1729 1990 sicut

164 2005 262 2039 enirn
285 2017 383 2051 puer,
410 2007 457 2039 ita
485 2014 519 2040 et
545 2007 839 2051 concupiscentia
866 2008 1000 2054 appetit
1021 2007 1155 2053 aliquid
1182 2016 1302 2053 turpe;
1325 2009 1425 2054 cujus
1446 2009 1538 2043 ratio
1558 2017 1621 2051 est,
1643 2009 1727 2055 quia

164 2057 331 2104 pulcrum
349 2059 385 2092 in
407 2059 510 2092 rebus
533 2059 702 2093 humanis
721 2061 925 2103 attenditur,
943 2070 1050 2107 prout
1072 2061 1206 2107 aliquid
1229 2069 1281 2096 est
1299 2062 1505 2096 ordinatum
1526 2062 1727 2097 secundum

164 2111 360 2153 rationem3
387 2112 480 2146 unde
498 2111 652 2146 *Tullius
675 2113 759 2147 dicit
786 2114 820 2147 in
853 2125 878 2148 1.
907 2115 950 2148 de
975 2113 1082 2149 Offic.
1112 2116 1161 2158 (in
1189 2115 1235 2149 tit.
1249 2128 1259 2149 :
1286 2115 1422 2161 Duplex
1448 2115 1614 2158 dacorum,
1639 2127 1729 2161 gene-

164 2165 246 2207 rale,
268 2170 298 2199 et
322 2165 486 2211 speciale),
519 2166 614 2211 quod
640 2179 656 2197 «
679 2166 871 2211 pulchrum
894 2176 956 2210 est,
979 2168 1075 2213 quod
1103 2176 1389 2202 consentaneum
1411 2177 1464 2203 est
1484 2169 1644 2203 hominis
1671 2179 1728 2203 ex-

169 2217 358 2252 cellentiae
384 2218 420 2251 in
448 2229 503 2260 eo,
530 2219 566 2252 in
592 2230 664 2264 quo
691 2228 817 2253 natura
845 2221 919 2265 ejus
947 2232 966 2254 a
993 2220 1137 2266 reliquis
1165 2221 1406 2256 animantibus
1433 2221 1549 2256 differt
1573 2234 1614 2264 »;
1640 2233 1728 2268 puer

167 2280 289 2306 autem
322 2283 397 2306 non
424 2272 573 2306 attendit
599 2272 642 2306 ad
677 2273 841 2307 ordinem
868 2274 1037 2308 rationis:
1067 2283 1101 2308 et
1133 2274 1297 2309 similiter
1335 2275 1628 2321 concupiscentia
1653 2287 1728 2310 non

167 2325 264 2359 audit
291 2325 482 2368 rationem,
519 2334 557 2359 ut
583 2325 711 2359 dicitur
738 2327 771 2359 in
800 2338 830 2371 7.
858 2327 974 2360 Ethic.
1005 2328 1090 2372 (cup.
1118 2329 1176 2373 7.).
1202 2328 1348 2362 Secmzdo
1376 2329 1596 2363 conveniunt
1621 2340 1729 2375 quan-

166 2387 242 2413 tum
266 2379 309 2412 ad
332 2387 521 2413 eventum:
546 2390 632 2425 puer
654 2379 763 2421 enim,
785 2380 814 2413 si
836 2391 920 2413 suae
942 2380 1120 2414 voluntati
1142 2381 1351 2424 dimittatur,
1375 2382 1503 2416 crescit
1528 2382 1564 2415 in
1586 2382 1728 2428 propria

167 2432 369 2474 voluntate3
398 2433 491 2467 unde
520 2432 630 2466 Eccli.
662 2444 713 2478 30.
737 2433 882 2467 dicitur:
910 2435 1022 2479 qums
1050 2434 1225 2469 indomitus
1251 2435 1362 2470 evadit
1389 2435 1500 2478 durus,
1524 2436 1657 2482 etfilius
1682 2448 1729 2470 re-

166 2487 278 2520 missus
300 2486 409 2520 &vadit
430 2493 605 2532 praeceps:
620 2486 669 2521 ita
692 2487 798 2520 etiam
823 2495 856 2521 et
874 2488 1179 2533 concupiscentia,
1198 2489 1227 2522 si
1249 2489 1281 2523 ei
1301 2489 1459 2530 satisfiat,
1482 2490 1598 2535 majus
1620 2489 1729 2523 robur

167 2540 313 2585 accipit;
348 2540 441 2574 unde
480 2540 632 2585 August.
661 2540 745 2574 dicit
774 2541 809 2573 in
837 2551 868 2585 7.
896 2540 1085 2575 Confess.:
1114 2543 1206 2575 Dum
1230 2544 1376 2577 servitur
1401 2542 1544 2584 libidini,
1567 2543 1659 2587 facta
1685 2548 1728 2578 est

166 2593 359 2627 consuetudo
375 2605 387 2634 ;
415 2598 443 2627 ct
468 2593 543 2627 dum
572 2593 795 2628 consrcetudini
821 2606 884 2628 non
908 2596 1088 2636 resistatur,
1104 2596 1199 2641 sucta
1221 2601 1263 2630 est
1283 2597 1458 2631 necessitas.
1488 2596 1597 2630 Tertio
1619 2607 1727 2642 quan-

165 2654 242 2680 tum
266 2647 308 2680 ad
331 2647 544 2688 remedium,
564 2647 659 2692 quod
687 2656 741 2680 ut⁴¹
756 2659 839 2693 )que
859 2648 1062 2693 praebetur:
1091 2660 1179 2694 puer
1206 2649 1417 2683 emendatur
1443 2660 1504 2695 per
1525 2649 1608 2691 hoc,
1630 2650 1726 2695 quod

168 2708 376 2742 coercetur;
408 2701 502 2734 unde
530 2700 657 2734 dicitur
694 2701 799 2734 Prov.
840 2711 917 2746 23.:
945 2702 1025 2735 Noli
1048 2702 1239 2736 subtrahere
1265 2708 1403 2748 apzcero
1430 2702 1661 2748 discifflinam:
1692 2707 1726 2737 tu

167 2754 266 2798 virga
282 2755 442 2799 percutias
468 2766 552 2795 eum,
576 2759 604 2788 et
625 2755 775 2788 animam
801 2756 869 2799 ejus
890 2754 926 2788 da
948 2755 1077 2800 infimo
1099 2755 1253 2790 Iz'loerabis
1268 2768 1278 2789 .·
1301 2763 1336 2789 et
1356 2755 1519 2789 similiter
1539 2755 1624 2789 dum
1645 2766 1727 2790 con-

167 2807 410 2851 cupiscentiae
437 2807 621 2849 resistitur,
648 2808 828 2841 reducitur
850 2807 892 2841 ad
915 2807 1074 2841 debitum
1101 2808 1300 2843 honestatis
1319 2808 1488 2850 modum;
1512 2816 1546 2843 et
1563 2809 1634 2842 hoc
1662 2816 1726 2852 est,

167 2859 263 2904 quod
290 2860 443 2906 August.
471 2860 557 2895 dicit
582 2861 618 2894 in
640 2859 672 2895 6.
694 2861 855 2895 Musicae
880 2867 965 2907 (cap.
987 2862 1063 2904 IL),
1086 2862 1182 2907 quod
1211 2869 1365 2896 «mente
1387 2862 1423 2896 in
1450 2861 1645 2908 spiritualia
1672 2873 1726 2896 su-
