1859 3122
463 192 683 228 QUAESTIO
717 191 869 223 XXXIII.
902 192 1145 223 ARTICULUS
1177 194 1217 223 V.
1534 194 1617 237 279

633 363 978 409 ARTICULUS
1010 364 1064 407 v.
1554 386 1618 423 199

200 472 351 502 UTRUM
380 472 612 502 PECCATOR
645 472 816 502 DEBEAT
851 472 1088 502 CORRIPERE
1122 472 1484 508 DELINQUENTEM.

427 558 476 603 (4.
499 559 585 593 Dist.
609 570 660 604 τι).
682 570 711 604 q.
734 570 764 593 2.
788 563 850 593 art.
879 570 909 593 2.
937 564 965 593 et
988 559 1106 593 Matth.
1128 570 1157 604 7.
1180 571 1263 593 com.
1285 560 1347 604 2.).

133 648 194 682 AD
217 658 397 688 QUINTUM
419 648 468 682 sic
491 648 706 694 proceditur.
726 646 888 690 Videtur,
912 649 1008 694 quod
1031 656 1201 694 peccator
1216 649 1396 694 corripere
1420 649 1547 683 debeat
1565 650 1622 683 de-

62 701 302 747 linquentem:
324 701 443 735 nullus
467 701 562 735 enini
584 710 730 747 propter
751 710 954 747 peccatum,
978 702 1074 747 quod
1091 702 1286 743 commisit,
1309 713 1328 736 a
1349 710 1542 748 praecepto
1562 704 1621 737 ob-

62 755 240 789 servando
267 763 475 790 excusatur:
495 755 556 789 sed
579 754 756 789 correctio
779 754 934 789 fraterna
950 755 1044 789 cadit
1065 755 1128 789 sub
1144 763 1349 801 praecepto,
1365 764 1403 789 ut
1417 756 1552 789 dictum
1568 764 1619 791 est

64 807 144 852 (art.
167 820 197 843 2.
220 809 287 854 huj.
311 809 373 854 q.),·
398 820 485 854 ergo
507 808 657 850 videtur,
680 808 777 854 quod
799 817 943 854 propter
968 818 1171 854 peccatum,
1197 810 1293 855 quod
1321 809 1398 855 quis
1425 810 1619 852 commisit,

62 872 136 895 non
159 862 286 896 debeat
307 861 590 908 praetermittere
611 861 823 907 hujusmodi
842 862 1118 896 correctionem.

134 925 165 950 2.
188 915 424 950 PRAETERfia.
447 915 689 961 Eleemosyna
710 915 903 961 spiritualis
925 916 1046 962 potior
1068 924 1131 957 est,
1159 927 1268 962 quam
1299 915 1496 961 corporalis
1526 915 1619 950 elee-

62 980 234 1015 mosyna:
259 969 321 1003 sed
343 968 402 1003 ille
424 969 485 1015 qui
506 976 559 1003 est
578 969 615 1002 in
637 977 800 1015 peccato,
822 980 896 1003 non
919 969 1024 1003 debet
1045 969 1222 1003 abstinere
1244 969 1330 1016 quin
1348 969 1620 1015 eleemosynam

62 1022 293 1069 corporalem
313 1022 439 1066 faciat3
464 1033 550 1068 ergo
573 1021 689 1056 multo
716 1022 836 1057 minus
864 1023 970 1057 debet
1001 1022 1179 1057 abstinere
1210 1035 1230 1057 a
1258 1023 1484 1058 correctione
1512 1022 1620 1057 delin-

61 1076 204 1122 quentis
225 1083 371 1122 propter
390 1084 580 1122 peccatum
603 1076 835 1122 praecedens.

135 1140 164 1175 3.
186 1129 422 1164 PRAETEREA.
449 1140 476 1163 1.
494 1129 598 1175 Joan.
626 1140 653 1163 1.
681 1129 826 1164 dicitur:
856 1130 893 1164 δι’
918 1129 1109 1173 ᾱῐκενῐηιιις,
1138 1132 1217 1176 quia
1240 1136 1413 1178 peccatum
1437 1142 1502 1165 non
1524 1131 1620 1166 habe-

60 1194 142 1225 mus,
161 1195 219 1217 nos
240 1184 322 1229 ipsos
338 1182 518 1218 seducimus
527 1195 540 1223 ;
564 1183 593 1216 si
615 1193 702 1229 ergo
723 1191 870 1229 propter
891 1192 1083 1230 peccatum
1106 1184 1233 1230 aliquis
1254 1184 1448 1231 impeditur
1467 1196 1486 1219 a
1505 1196 1621 1219 corre-

61 1236 180 1271 ctione
201 1235 368 1278 fraterna,
390 1235 510 1270 nullus
532 1236 609 1278 erit,
631 1237 692 1282 qui
712 1237 827 1282 possit
844 1237 1026 1282 corrigere
1042 1237 1327 1284 delinquentem:
1343 1238 1416 1272 hoc
1431 1247 1553 1273 autem
1569 1247 1620 1273 est

61 1289 340 1332 inconveniens;
363 1300 449 1336 ergo
472 1297 507 1324 et
526 1289 697 1336 primum.

128 1343 203 1378 SED
223 1353 378 1378 CONTRA
400 1352 463 1386 est,
486 1343 583 1390 quod
604 1343 685 1378 Isid.
709 1343 795 1379 dicit
815 1344 852 1378 in
873 1343 932 1378 lib.
959 1356 987 1390 3.
1011 1344 1054 1379 de
1077 1345 1178 1379 Sum.
1198 1345 1289 1380 Bon.
1305 1345 1483 1392 (cap.32.):
1503 1359 1520 1378 α
1534 1345 1621 1380 Non

63 1397 168 1432 debet
187 1397 299 1432 vitam
321 1397 477 1432 aliorum
500 1397 692 1443 corrigere,
715 1398 776 1445 qui
797 1405 849 1433 est
870 1398 964 1433 vitiis
986 1399 1213 1444 subjectus».
1241 1399 1285 1434 Et
1306 1399 1461 1435 Roman.
1482 1410 1513 1434 2.
1537 1400 1619 1434 dici-

63 1459 138 1486 tur:
157 1451 198 1485 In
219 1463 281 1496 quo
299 1451 403 1485 alizam
419 1451 564 1497 judicas,
590 1452 726 1498 teipsum
753 1452 948 1486 condemnas
959 1463 969 1484 .·
993 1452 1105 1487 eadem
1126 1454 1210 1487 mim
1233 1454 1314 1498 agis,
1337 1465 1420 1499 quae
1437 1453 1578 1499 judicas.

133 1504 363 1538 RESPONDEO
386 1504 591 1546 dicendum,
614 1505 722 1550 quod,
745 1506 837 1539 sicut
858 1505 993 1539 dictum
1017 1513 1070 1540 est
1095 1506 1177 1550 (art.
1196 1518 1224 1552 3.
1248 1507 1316 1552 huj.
1338 1518 1367 1552 q.
1390 1506 1432 1541 ad
1452 1508 1513 1551 2.),
1541 1518 1621 1540 cor-

64 1557 177 1591 rectio
200 1556 438 1602 delinquentis
458 1557 610 1603 pertinet
633 1558 676 1591 ad
698 1557 868 1603 aliquem,
889 1558 1104 1604 inquantum
1125 1559 1224 1604 viget
1244 1559 1280 1593 in
1307 1571 1351 1594 eo
1373 1568 1513 1594 rectum
1533 1560 1620 1605 judi-

63 1610 160 1644 cium
182 1610 349 1644 rationis:
373 1619 564 1656 peccatum
586 1619 718 1653 autem,
741 1619 778 1645 ut
799 1623 905 1657 supra
927 1612 1065 1646 dictum
1087 1620 1140 1646 est
1155 1613 1233 1657 (1⁸2.
1252 1625 1281 1658 q.
1304 1614 1351 1658 85.
1373 1619 1438 1651 czrt.
1456 1626 1484 1648 Ι.
1506 1619 1536 1648 et
1556 1614 1618 1656 2.),

60 1674 135 1697 non
157 1663 251 1697 tollit
272 1671 389 1698 totum
410 1665 548 1698 bonum
569 1672 730 1706 naturae,
753 1665 837 1711 quin
853 1674 1039 1700 remaneat
1050 1667 1084 1700 in
1099 1674 1290 1712 peccatore
1306 1666 1439 1712 aliquid
1458 1667 1500 1701 de
1519 1675 1618 1702 recto

59 1717 192 1762 judicio
214 1717 381 1759 rationis,
405 1725 438 1752 et
459 1718 658 1752 secundum
680 1718 750 1752 hoc
773 1725 890 1764 potest
908 1719 975 1752 sibi
998 1728 1206 1765 competere
1226 1720 1263 1754 in
1286 1720 1363 1754 aliis
1382 1720 1554 1754 delictum
1570 1732 1620 1754 ar-

60 1782 189 1816 guere:
212 1771 274 1805 sed
296 1779 418 1805 tamen
440 1782 503 1817 per
523 1780 715 1817 peccatum
745 1772 965 1817 praecedens
995 1773 1296 1819 impedimentum
1322 1774 1507 1820 quoddam
1533 1774 1618 1808 huic

60 1823 278 1858 correctioni
300 1823 455 1866 affertur,
477 1832 622 1870 propter
644 1826 722 1859 tria.
742 1826 857 1859 Primo
874 1825 1032 1871 quidem,
1047 1826 1130 1872 quia
1152 1837 1196 1860 ex
1214 1835 1363 1872 peccato
1390 1827 1620 1873 praecedenti

60 1876 230 1923 indignus
252 1877 410 1911 redditur
431 1885 469 1912 ut
491 1877 603 1911 alium
626 1878 802 1923 corrigat3
825 1887 859 1913 et
881 1879 1073 1924 praecipue
1095 1879 1125 1913 si
1151 1881 1266 1925 majus
1301 1888 1495 1926 peccatum
1523 1892 1620 1914 com-

62 1930 172 1972 misit,
194 1942 269 1964 non
291 1938 342 1964 est
364 1931 492 1977 dignus
514 1939 553 1965 ut
574 1930 685 1965 alium
708 1932 865 1977 corrigat
884 1932 927 1966 de
949 1932 1082 1966 minori
1101 1941 1271 1978 peccato:
1294 1934 1388 1968 unde
1409 1945 1514 1979 super
1531 1933 1619 1968 illud

59 1983 188 2018 Matth.
205 1994 253 2029 7.:
278 1983 371 2028 Quid
390 1984 479 2018 vides
488 1985 663 2030 festucam,
688 1993 766 2026 etc.,
789 1985 875 2019 dicit
896 1985 1159 2031 Hieronymus:
1190 1987 1278 2020 «De
1296 1987 1352 2021 his
1370 1986 1540 2033 loquitur,
1559 1987 1620 2033 qui

61 2048 145 2071 cum
167 2037 312 2071 mortali
334 2037 484 2072 crimine
506 2038 733 2072 detineantur
755 2038 913 2081 obnoxii,
935 2039 1078 2073 minora
1092 2049 1241 2085 peccata
1256 2040 1422 2075 fratribus
1443 2053 1518 2075 non
1537 2053 1620 2075 con-

61 2090 238 2125 cedunt».
265 2090 409 2125 Secundo
437 2091 595 2125 redditur
621 2091 778 2125 indebita
812 2093 990 2126 correctio
1016 2101 1162 2139 propter
1194 2093 1421 2137 scandalum,
1450 2095 1547 2140 quod
1569 2107 1620 2129 se-

61 2144 179 2189 quitur
201 2156 243 2178 ex
265 2146 502 2186 correctione,
525 2145 554 2178 si
575 2153 767 2190 peccatum
789 2146 1015 2192 corripientis
1031 2146 1074 2180 sit
1092 2146 1340 2181 manifestum:
1363 2148 1445 2193 quia
1467 2149 1618 2191 videtur,

61 2197 157 2243 quod
178 2196 239 2232 ille
257 2197 319 2243 qui
341 2198 498 2244 corrigit,
519 2209 594 2232 non
617 2200 774 2244 corrigat
795 2211 836 2233 ex
852 2199 1037 2241 charitate,
1053 2200 1115 2234 sed
1130 2201 1246 2245 magis
1261 2201 1304 2235 ad
1319 2202 1617 2244 ostentationem3

60 2250 154 2284 unde
188 2262 296 2296 super
324 2250 412 2284 illud
445 2251 572 2285 Matth.
594 2262 644 2296 7.:
672 2252 846 2296 Quomodo
869 2252 948 2287 dicis
962 2254 1072 2298 fratri
1099 2258 1164 2295 tuo,
1191 2261 1271 2295 etc„
1294 2255 1440 2300 exponit
1462 2255 1620 2301 Chryso-

60 2311 198 2337 stomus
224 2304 326 2348 (hom.
354 2315 402 2350 17.
425 2305 459 2338 in
482 2311 532 2350 op.
550 2305 716 2350 imperf.):
744 2305 871 2340 «Idest
897 2317 968 2352 quo
995 2307 1208 2352 proposito?
1238 2315 1340 2353 putas
1369 2320 1411 2342 ex
1433 2308 1617 2349 charitate,

60 2364 99 2390 ut
119 2356 236 2391 salves
257 2357 464 2402 proximum
486 2358 613 2391 tuum?
633 2358 730 2400 Non,
760 2359 843 2404 quia
864 2359 1019 2404 teipsum
1043 2368 1124 2394 ante
1144 2359 1312 2394 salvares.
1340 2361 1404 2394 Vis
1431 2373 1517 2406 ergo
1543 2372 1617 2394 non

61 2409 151 2444 alios
173 2410 324 2452 salvare,
346 2411 408 2444 sed
429 2422 493 2456 per
510 2411 645 2445 bonam
669 2411 873 2446 doctrinam
896 2412 1012 2446 malos
1036 2421 1135 2446 actus
1159 2413 1288 2455 celare,
1307 2422 1341 2448 et
1362 2414 1531 2448 scientiae
1546 2413 1618 2447 lau-

60 2463 143 2497 dem
165 2463 208 2497 ab
230 2463 439 2497 horninibus
466 2476 684 2510 quaerere».
718 2465 828 2499 Tertio
850 2465 945 2500 modo
967 2474 1113 2511 propter
1140 2467 1345 2512 superbiam
1373 2467 1616 2512 corripientis,

58 2516 271 2562 inquantum
293 2516 432 2550 scilicet
452 2517 580 2563 aliquis
607 2518 751 2564 propria
778 2527 927 2565 peccata
957 2519 1232 2565 parvipendens,
1263 2520 1421 2564 seipsum
1451 2520 1616 2565 proximo

59 2569 211 2615 praefert
229 2570 266 2603 in
288 2569 397 2603 corde
419 2581 497 2612 suo,
520 2579 668 2616 peccata
691 2573 766 2617 ejus
794 2580 934 2606 austera
962 2573 1150 2607 severitate
1180 2573 1390 2618 dijudicans,
1421 2584 1461 2606 ac
1488 2573 1517 2606 si
1543 2573 1618 2618 ipse

60 2631 153 2657 esset
173 2623 304 2667 justus;
326 2623 421 2657 unde
443 2623 596 2669 August.
620 2625 704 2658 dicit
719 2625 754 2658 in
776 2625 835 2658 lib.
853 2635 883 2659 2.
900 2626 942 2659 de
960 2626 1075 2659 Serm.
1091 2626 1201 2659 Dom.
1217 2626 1253 2659 in
1273 2634 1414 2659 monte:
1432 2625 1617 2670 (t‘ccp.19.).·

63 2689 80 2708 (c
101 2676 286 2710 Accusare
309 2676 396 2710 vitia
417 2676 579 2711 officium
601 2685 653 2712 est
673 2678 855 2712 bonorum
870 2679 1043 2720 virorum,
1059 2687 1093 2713 et
1113 2678 1392 2712 benevolorum:
1416 2678 1512 2722 quod
1535 2689 1618 2712 cum

59 2728 147 2763 mali
165 2728 312 2770 faciunt,
340 2728 474 2763 alienas
500 2738 617 2775 partes
646 2739 757 2775 agunt
778 2744 818 2773 »3
842 2740 876 2765 et
901 2732 995 2774 ideo,
1023 2733 1114 2766 sicut
1140 2733 1291 2776 August.
1315 2731 1400 2764 dicit
1425 2731 1461 2763 in
1486 2731 1617 2764 eodem

59 2781 149 2816 libro
171 2779 353 2828 (ibidem):
380 2795 397 2813 «
420 2782 646 2828 Cogitemus,
662 2795 746 2817 cum
761 2784 920 2830 aliquem
940 2785 1202 2830 reprehendere
1217 2795 1282 2817 nos
1299 2784 1493 2817 necessitas
1509 2784 1617 2830 cogit,

61 2843 181 2869 utrum
205 2834 276 2869 tale
303 2835 348 2869 sit
373 2835 514 2877 vitium,
549 2836 646 2881 quod
678 2849 877 2883 numquam
911 2838 1122 2871 habuimus:
1147 2845 1180 2870 et
1206 2845 1289 2870 tunc
1324 2837 1525 2881 cogitemus
1550 2848 1617 2871 nos

60 2888 229 2923 homines
251 2900 340 2931 esse,
355 2897 390 2923 et
403 2889 535 2924 habere
558 2890 738 2935 potuisse:
761 2891 818 2925 vel
840 2891 922 2933 tale,
945 2891 1041 2936 quod
1064 2890 1256 2936 aliquando
1275 2890 1478 2933 habuimus,
1493 2899 1527 2925 et
1543 2891 1617 2936 jam
