1859 3122
506 156 727 192 QUAESTIO
760 157 848 185 XXI.
883 156 1126 186 ARTICULUS
1159 157 1215 187 IV.
1557 158 1631 200 171

80 238 167 273 sitae
190 238 259 272 sint
280 249 421 280 causae,
442 237 582 271 videtur
603 237 699 283 quod
721 237 856 271 oriatur
874 248 916 270 ex
939 237 1196 272 delectatione:
1225 246 1259 271 et
1285 236 1333 271 ita
1360 236 1510 279 videtur,
1538 238 1634 283 quod

81 291 215 326 oriatur
237 302 277 325 ex
299 291 392 325 vitiis
414 291 627 332 carnalibus,
650 301 804 336 quorum
826 289 1084 324 delectationes
1107 299 1187 325 sunt
1208 290 1514 325 vehementiores.

154 356 183 391 3.
204 344 440 379 PRAETEREA.
463 344 600 379 Vitium
616 343 916 390 praesumptionis
935 344 1097 378 consistit
1116 344 1150 377 in
1165 344 1249 385 hoc,
1266 343 1362 390 quod
1379 343 1507 390 aliquis
1523 344 1635 378 tendit

80 398 116 432 in
139 397 285 444 aliquod
306 398 455 440 bonurn,
478 398 573 444 quod
595 409 668 431 non
691 405 742 431 est
763 396 943 443 possibile,
970 397 1070 442 quasi
1093 398 1127 431 in
1151 397 1340 443 possibile:
1364 398 1425 432 sed
1453 398 1550 444 quod
1579 398 1638 432 ali-

81 452 159 497 quis
187 452 352 486 aestimet
377 451 558 497 possibile,
585 451 680 497 quod
703 459 755 485 est
776 450 1010 496 impossibile,
1033 451 1197 496 provenit
1224 462 1266 485 ex
1296 451 1520 496 ignorantia3
1547 462 1634 497 ergo

81 506 326 552 praesumptio
354 505 468 551 magis
491 505 654 551 provenit
676 516 718 538 ex
738 504 954 549 ignorantia,
976 516 1084 550 quarn
1107 515 1148 538 ex
1170 504 1268 538 inani
1290 504 1418 550 gloria.

152 558 226 593 SED
249 569 403 593 CONTRA
420 567 484 600 est,
507 558 602 605 quod
625 557 824 603 Gregorius
846 557 930 591 dicit
955 568 1007 603 31.
1030 557 1158 591 Moral.
1181 558 1270 604 (cap.
1293 570 1341 604 17.
1365 570 1385 592 a
1404 557 1516 603 med),
1540 557 1636 604 quod

80 612 323 659 praesumptio
342 612 544 646 novitatum
567 619 619 645 est
640 610 712 645 filia
733 611 849 645 inanis
871 610 1019 656 gloriae.

151 665 379 700 RESPONDEO
403 664 605 706 dicendum,
621 664 728 710 quod,
751 664 843 698 sicut
857 675 962 710 supra
984 664 1121 698 dictum
1140 672 1193 698 est
1208 663 1287 707 (art.
1305 676 1333 699 Ι.
1348 665 1416 710 huj.
1436 665 1497 710 q),
1521 664 1639 710 duplex

81 726 132 752 est
147 719 401 765 praesumptio.
427 719 500 752 [lna
516 717 673 764 quidem,
693 728 783 763 quae
798 717 958 751 innititur
977 718 1141 763 propriae
1160 717 1293 759 virtuti,
1308 726 1485 752 attentans
1501 717 1639 752 scilicet

81 771 213 818 aliquid
235 780 273 806 ut
290 772 356 806 sibi
377 771 558 818 possibile,
577 771 674 817 quod
686 771 869 816 propriam
884 771 1053 805 virtutem
1067 771 1222 805 excedit:
1247 779 1281 805 et
1294 770 1374 805 talis
1390 771 1636 816 praesumptio

81 825 268 860 manifeste
288 837 329 860 ex
351 825 449 859 inani
470 824 585 870 gloria
606 824 786 870 procedit:
810 836 852 858 ex
872 824 943 858 hoc
964 824 1061 858 enim
1083 825 1179 870 quod
1202 824 1329 870 aliquis
1355 824 1512 859 multum
1539 824 1640 858 desi—

81 879 180 913 derat
200 879 367 925 gloriam,
389 878 547 924 sequitur
564 878 660 924 quod
683 886 831 911 attentet
853 877 985 923 aliquid
1007 877 1066 922 [al.
1086 877 1271 912 attentatur]
1281 878 1425 923 gloriam
1439 877 1634 923 quamdam]

81 943 186 979 super
206 933 299 966 vires
321 944 420 966 suas:
445 940 479 966 et
499 931 709 977 hujusmodi
730 930 920 977 praecipue
943 939 1025 965 sunt
1045 942 1152 972 nova,
1175 942 1265 977 quae
1285 932 1464 976 majorem
1487 930 1638 964 admira-

81 986 219 1020 tionem
239 986 392 1020 habent:
409 993 442 1020 et
456 985 537 1020 ideo
552 985 734 1030 signanter
747 984 944 1030 Gregorius
955 985 1288 1030 praesumptionem
1302 984 1505 1018 novitatum
1521 984 1641 1030 posuit

82 1039 193 1073 filiam
213 1039 330 1073 inanis
352 1038 500 1085 gloriae.
522 1039 603 1073 Alia
623 1049 710 1073 vero
734 1046 786 1072 est
807 1038 1064 1084 praesumptio,
1079 1049 1170 1083 quae
1184 1038 1346 1071 innititur
1367 1038 1571 1072 inordinate
1593 1037 1641 1070 di-

81 1093 185 1127 vinae
207 1093 488 1134 misericordiae,
510 1091 568 1126 vel
588 1092 782 1138 potentiae,
804 1103 865 1137 per
881 1103 990 1137 quam
1005 1091 1082 1136 quis
1101 1099 1220 1137 sperat
1240 1103 1278 1125 se
1301 1091 1463 1126 obtinere
1478 1090 1634 1137 gloriam

83 1147 158 1182 sine
180 1147 327 1188 meritis,
345 1146 403 1180 vel
420 1146 563 1180 veniam
585 1146 660 1180 sine
682 1145 921 1191 poenitentia:
944 1150 974 1180 et
1000 1146 1075 1180 talis
1089 1147 1315 1191 praesumptio
1334 1145 1467 1180 videtur
1488 1146 1574 1179 oriri
1594 1144 1640 1179 di-

85 1206 168 1235 recte
184 1213 223 1235 ex
241 1202 405 1246 superbia,
427 1211 467 1233 ac
482 1200 512 1233 si
532 1200 606 1245 ipse
621 1199 711 1233 tanti
731 1210 768 1233 se
784 1199 960 1240 aestimet,
974 1199 1070 1244 quod
1086 1199 1192 1232 etiam
1210 1210 1292 1233 eum
1307 1206 1524 1245 peccantem
1538 1198 1639 1232 Deus

82 1264 156 1288 non
177 1255 310 1300 puniat,
331 1252 390 1287 vel
411 1264 430 1287 a
452 1252 570 1298 gloria
592 1252 769 1287 excludat.

152 1307 196 1341 Et
215 1318 278 1353 per
298 1307 369 1341 hoc
391 1315 488 1353 patet
513 1306 699 1352 responsio
720 1317 771 1340 AD
800 1316 976 1352 OBJECTA.

581 1559 935 1619 QUAESTIO
979 1558 1139 1604 XXII.

137 1683 200 1714 DE
237 1682 517 1714 PRAECEPTIS
556 1682 928 1713 PERTINENTIBUS
966 1682 1031 1712 AD
1069 1682 1202 1720 SPEM,
1244 1681 1304 1712 ET
1340 1681 1578 1719 TIMOREM,

496 1754 547 1784 IN
585 1753 709 1785 DUOS
748 1753 1009 1784 ARTICULOS
1047 1752 1222 1783 DIVISA.

154 1888 294 1922 Deinde
316 1888 617 1922 considerandum
648 1896 701 1922 est
729 1888 772 1922 de
801 1887 1000 1934 praeceptis
1034 1887 1291 1934 pertinentibus
1320 1887 1364 1920 ad
1398 1897 1512 1931 spem,
1539 1894 1574 1920 et
1599 1886 1638 1920 ti-

85 1952 238 1976 morem.

577 2024 621 2057 Et
641 2024 731 2057 circa
758 2023 815 2057 hoc
842 2029 1045 2069 quaeruntur
1071 2023 1144 2058 duo.

153 2100 288 2134 Primo.
314 2101 370 2134 De
389 2101 588 2146 praeceptis
610 2100 868 2147 pertinentibus
891 2100 935 2134 ad
957 2111 1070 2146 spem.

155 2153 334 2188 Secundo.
356 2154 412 2188 De
434 2154 632 2200 praeceptis
654 2153 911 2200 pertinentibus
934 2153 978 2188 ad
999 2154 1181 2187 timorem.

653 2276 996 2321 ARTICULUS
1031 2277 1064 2319 I.
1577 2298 1641 2330 114

244 2384 397 2413 UTRUM
422 2385 479 2413 DE
510 2384 583 2413 SPE
610 2384 781 2413 DEBEAT
808 2384 911 2414 DARI
938 2384 1139 2419 ALIQUOD
1169 2383 1472 2413 PRAECEPTUM.

154 2470 214 2504 AD
236 2481 385 2505 PRIMUM
400 2471 449 2505 sic
465 2472 679 2517 proceditur.
701 2471 864 2514 Videtur,
886 2472 983 2518 quod
1004 2471 1143 2506 nullum
1158 2480 1392 2518 praeceptum
1414 2471 1458 2505 sit
1479 2470 1638 2504 dandum

83 2523 263 2568 pertinens
287 2523 330 2557 ad
351 2525 519 2558 virtutem
540 2525 634 2570 spei;
656 2525 753 2570 quod
775 2525 872 2558 enirn
893 2524 1111 2559 sufficienter
1126 2533 1244 2571 potest
1258 2524 1335 2559 fieri
1349 2536 1411 2570 per
1424 2536 1549 2566 unum,
1563 2535 1638 2558 non

84 2584 226 2622 oportet
247 2577 342 2622 quod
364 2588 426 2622 per
449 2577 581 2623 aliquid
597 2577 692 2612 aliud
706 2578 913 2613 inducatur:
935 2578 996 2612 sed
1013 2578 1056 2612 ad
1070 2579 1287 2624 sperandum
1308 2578 1444 2612 bonurn
1467 2576 1642 2611 sufficien-

82 2637 135 2663 ter
155 2629 270 2663 homo
293 2630 471 2664 inducitur
494 2642 536 2665 ex
556 2631 633 2677 ipsa
654 2631 808 2666 naturali
829 2632 1082 2674 inclinatione;
1105 2643 1192 2678 ergo
1210 2643 1284 2665 non
1307 2638 1459 2676 oportet,
1479 2631 1577 2676 quod
1595 2630 1638 2664 ad

83 2682 154 2716 hoc
176 2682 365 2716 inducatur
386 2683 500 2717 horno
521 2695 583 2729 per
604 2683 694 2730 legis
713 2693 957 2731 praeceptum.

155 2745 186 2768 2.
208 2735 443 2770 PRAETEREA.
480 2736 576 2770 Cum
606 2746 796 2782 praecepta
830 2739 956 2772 dentur
983 2738 1025 2772 de
1053 2738 1189 2772 actibus
1219 2738 1403 2779 virtutum,
1430 2737 1643 2784 principalia

84 2796 273 2834 praecepta
295 2789 405 2822 etiam
426 2789 559 2823 debent
579 2790 655 2824 dari
676 2791 718 2825 de
741 2791 878 2825 actibus
898 2791 1151 2837 principalium
1172 2792 1362 2824 virtutum:
1379 2791 1440 2824 sed
1458 2791 1549 2825 inter
1570 2802 1646 2825 orn-

83 2851 147 2875 nes
163 2841 311 2876 virtutes
332 2842 604 2887 principaliores
625 2852 707 2878 sunt
724 2852 794 2878 tres
812 2844 960 2878 virtutes
978 2844 1219 2890 theologicae,
1235 2844 1382 2879 scilicet:
1399 2855 1490 2889 spes,
1501 2844 1600 2886 fides,
1612 2852 1646 2878 et
