1859 3122
167 136 252 179 974
609 136 828 171 QUAESTIO
864 137 930 166 CL.
959 137 1202 167 ARTICULUS
1235 138 1290 168 1v.

237 216 297 250 AD
325 227 531 250 SECUNDUM
559 216 764 258 dicendum,
792 217 888 262 quod
915 217 1066 251 ebrietas
1092 218 1200 252 habet
1222 229 1392 253 excusare
1418 227 1619 265 peccatum,
1646 231 1721 254 non

165 279 206 302 ex
227 277 325 314 parte
348 280 417 314 qua
439 277 491 302 est
512 276 714 314 peccatum,
736 270 797 303 sed
817 281 857 303 ex
876 278 974 315 parte
994 270 1152 305 defectus
1175 272 1439 318 consequentis,
1459 280 1497 306 ut
1515 272 1650 307 dictum
1669 281 1722 308 est

164 321 216 365 (in
238 327 329 367 corp.
353 322 445 365 art).

234 374 292 406 AD
321 383 491 407 TERTIUM
514 373 719 415 dicendum,
739 375 835 420 quod
855 376 1148 420 concupiscentia
1162 388 1236 410 non
1250 377 1408 411 totaliter
1425 377 1513 424 ligat
1529 380 1721 421 rationem,

162 427 254 461 sicut
275 426 438 468 ebrietas,
461 427 529 460 nisi
554 426 646 461 forte
668 427 712 461 sit
732 435 842 469 tanta,
870 429 966 474 quod
992 428 1099 463 faciat
1125 430 1314 463 hominem
1335 431 1509 466 insanire:
1537 439 1571 465 et
1596 439 1720 465 tamen

161 480 279 525 passio
311 480 627 525 concupiscentiae
658 481 826 515 diminuit
854 490 1064 527 peccatum3
1094 482 1176 528 quia
1203 482 1317 517 levius
1347 492 1400 518 est
1429 495 1471 518 ex
1501 483 1720 527 infirmitate,

162 543 271 578 quarn
293 544 335 566 ex
357 532 494 566 malitia
516 544 678 579 peccare.

685 775 1039 835 QUAESTIO
1082 775 1203 823 cm,

350 896 413 927 DE
440 896 710 935 CASTITATE,
741 898 792 928 IN
818 897 1046 937 QUATUOR
1072 898 1333 930 ARTICULOS
1361 899 1537 931 DIVISA.

232 1030 374 1064 Deinde
393 1031 696 1065 considerandum
716 1040 768 1066 est
786 1032 828 1066 de
845 1033 1025 1074 castitate3
1045 1041 1078 1067 et
1088 1035 1202 1080 primo
1221 1033 1263 1067 de
1282 1033 1358 1078 ipsa
1380 1033 1509 1068 virtute
1531 1033 1721 1077 castitatis;

162 1084 297 1119 secundo
314 1083 357 1117 de
371 1084 586 1130 virginitate,
603 1096 694 1131 quae
711 1093 763 1119 est
775 1097 856 1131 pars
873 1086 1063 1129 castitati53
1086 1089 1179 1121 tertio
1195 1086 1237 1121 de
1252 1086 1402 1128 luxuria,
1421 1097 1512 1132 quae
1527 1094 1580 1121 est
1592 1087 1719 1121 vitium

161 1137 379 1184 oppositum.

606 1203 709 1238 Circa
725 1205 877 1250 primum
900 1209 1104 1250 quaeruntur
1124 1210 1278 1250 quatuor.

232 1279 368 1314 Primo.
391 1280 523 1314 Utrum
546 1280 690 1314 castitas
712 1281 756 1314 sit
777 1281 900 1314 virtus.

234 1333 414 1368 Secundo.
437 1333 569 1368 Utrum
587 1334 632 1368 sit
652 1335 762 1368 virtus
785 1334 972 1379 generalis.

235 1385 372 1420 Tertio.
396 1387 527 1420 Utrum
549 1387 594 1421 sit
613 1387 724 1421 virtus
746 1387 912 1422 distincta
934 1387 976 1421 ab
1000 1387 1225 1422 abstinentia.

234 1439 387 1480 Quarto.
409 1439 610 1481 Quomodo
632 1451 670 1474 se
691 1440 822 1475 habeat
844 1440 886 1474 ad
909 1440 1131 1486 pudicitiam.

730 1581 1074 1627 ARTICULUS
1110 1583 1142 1625 Ι.
1653 1591 1720 1638 728

601 1690 754 1719 UTRUM
780 1689 990 1719 CASTITAS
1019 1690 1085 1719 SIT
1112 1689 1282 1719 VIRTUS.

723 1776 814 1820 (Lib.
833 1789 860 1823 3.
883 1777 959 1811 Eth.
983 1776 1051 1811 lact.
1074 1776 1158 1821 22).

231 1865 291 1899 AD
312 1875 461 1900 PRIMUM
480 1866 530 1899 sic
549 1866 766 1912 proceditur.
785 1866 948 1908 Videtur,
964 1866 1058 1912 quod
1076 1866 1218 1900 castitas
1237 1877 1311 1900 non
1329 1865 1373 1899 sit
1389 1865 1518 1899 virtus:
1537 1864 1720 1911 loquimur

161 1919 259 1952 enim
279 1930 375 1952 nunc
399 1919 441 1952 de
463 1919 592 1953 virtute
616 1920 777 1953 animae:
805 1919 869 1953 sed
892 1920 1034 1953 castitas
1055 1919 1195 1953 videtur
1222 1919 1264 1953 ad
1293 1930 1423 1964 corpus
1451 1918 1644 1964 pertinere:
1672 1918 1721 1952 di-

162 1971 253 2005 citur
274 1973 370 2005 enim
393 1971 520 2017 aliquis
540 1981 658 2006 castus
681 1984 723 2006 ex
744 1984 800 2014 eo,
823 1973 919 2018 quod
943 1972 1145 2018 aliqualiter
1166 1984 1203 2006 se
1224 1972 1332 2006 habet
1354 1972 1397 2005 ad
1419 1983 1525 2005 usum
1547 1983 1716 2018 quarum-

161 2025 245 2058 dam
267 2026 428 2070 corporis
449 2026 625 2071 partium3
648 2037 735 2071 ergo
759 2027 902 2060 castitas
924 2037 997 2060 non
1020 2034 1072 2060 est
1092 2027 1214 2061 virtus.

232 2088 263 2112 2.
291 2078 526 2112 PRAETEREA.
554 2078 675 2113 Virtus
710 2087 762 2113 est
796 2080 937 2113 habitus
970 2079 1207 2121 voluntarius,
1241 2086 1279 2113 ut
1312 2078 1441 2112 dicitur
1473 2079 1509 2112 in
1543 2088 1574 2112 2.
1602 2077 1718 2112 Ethic.

163 2130 249 2177 (cap.
271 2143 303 2175 4.
326 2137 355 2166 et
376 2132 448 2175 6.).·
471 2132 532 2166 sed
556 2134 698 2166 castitas
728 2143 802 2166 non
832 2133 973 2166 videtur
1002 2143 1079 2166 esse
1110 2132 1243 2178 aliquid
1271 2131 1528 2174 voluntarium,
1551 2143 1635 2165 cum
1656 2142 1719 2177 per

161 2185 372 2218 violentiam
396 2184 524 2218 auferri
541 2186 704 2219 videatur
718 2185 927 2220 mulieribus
945 2185 1122 2220 violenter
1141 2185 1340 2231 oppressis;
1355 2196 1442 2230 ergo
1456 2185 1606 2226 videtur,
1622 2184 1717 2230 quod

162 2239 304 2272 castitas
330 2249 404 2272 non
431 2239 474 2272 sit
494 2239 616 2272 virtus.

236 2303 264 2337 3.
292 2292 526 2326 PRAETEREA.
554 2291 662 2325 Nulla
688 2292 798 2326 virtus
825 2300 877 2326 est
903 2292 938 2325 in
965 2291 1190 2326 infidelibus:
1218 2292 1278 2325 sed
1307 2291 1417 2337 aliqui
1447 2291 1608 2325 infideles
1637 2298 1719 2325 sunt

162 2346 266 2387 casti3
289 2356 361 2379 non
385 2356 470 2390 ergo
495 2345 638 2379 castitas
661 2353 713 2379 est
733 2345 855 2379 virtus.

229 2409 260 2440 4.
284 2398 518 2433 PRAETEREA.
534 2398 683 2432 Fructus
699 2410 717 2432 a
731 2398 918 2432 virtutibus
935 2398 1217 2442 distinguuntur:
1236 2398 1297 2431 sed
1311 2398 1454 2431 castitas
1473 2397 1565 2432 inter
1582 2397 1717 2432 fructus

159 2452 314 2496 ponitur,
336 2460 373 2485 ut
395 2460 491 2497 patet
513 2452 555 2485 ad
580 2451 660 2485 Gal.
688 2462 733 2496 5.;
756 2463 843 2497 crgo
867 2451 1010 2485 castitas
1033 2462 1105 2484 non
1129 2459 1180 2485 est
1202 2451 1323 2484 virtus.

230 2504 304 2539 SED
328 2515 481 2539 CONTRA
505 2513 567 2546 est,
590 2505 686 2550 quod
709 2506 860 2550 August.
884 2504 969 2537 dicit
995 2504 1029 2537 in
1053 2504 1110 2538 lib.
1134 2504 1176 2537 de
1198 2504 1337 2537 Decem
1362 2503 1519 2537 Chordis
1543 2503 1628 2549 (cap.
1648 2505 1716 2549 3.):

161 2557 289 2592 «Cum
312 2558 441 2592 debeas
462 2559 498 2591 in
520 2559 649 2592 virtute
671 2558 885 2604 praecedere
909 2568 1070 2599 uxorem,
1094 2557 1267 2602 quoniam
1295 2557 1438 2590 castitas
1461 2565 1513 2590 est
1533 2557 1654 2598 virtus,
1676 2564 1713 2590 tu

159 2611 221 2644 sub
245 2622 316 2644 uno
339 2612 474 2656 impetu
496 2611 651 2645 libidinis
674 2611 782 2652 cadis,
805 2619 839 2644 et
859 2611 912 2643 vis
935 2621 1085 2643 uxorem
1106 2618 1205 2643 tuam
1230 2621 1307 2643 esse
1329 2610 1514 2644 victricem
1529 2623 1560 2642 ».

229 2664 456 2698 REsPONDEo
479 2664 684 2706 dicendum,
708 2664 802 2710 quod
824 2675 959 2697 nornen
983 2663 1155 2697 castitatis
1182 2663 1335 2697 sumitur
1357 2674 1399 2696 ex
1421 2663 1505 2704 hoc,
1533 2662 1628 2708 quod
1654 2673 1717 2708 per

157 2717 335 2751 rationem
358 2718 650 2763 concupiscentia
673 2717 876 2763 castigatur,
904 2728 995 2762 quae
1025 2716 1067 2749 ad
1096 2716 1247 2750 modum
1273 2716 1371 2762 pueri
1394 2724 1445 2750 est
1467 2714 1715 2757 refraenanda,

160 2778 197 2804 ut
218 2778 314 2815 patet
335 2782 396 2816 per
416 2770 552 2804 Philos.
575 2771 611 2804 in
637 2782 664 2816 3.
686 2770 800 2804 Ethic.
823 2770 913 2816 (cap.
936 2770 1036 2814 ult.):
1067 2770 1101 2803 in
1132 2770 1202 2803 hoc
1234 2777 1354 2803 autem
1381 2769 1471 2802 ratio
1494 2768 1632 2802 virtutis
1654 2768 1717 2802 hu-

160 2834 287 2857 manae
312 2823 484 2864 consistit,
500 2824 594 2869 quod
615 2824 658 2857 sit
674 2823 806 2869 aliquid
821 2823 1019 2856 secundum
1035 2824 1211 2857 rationem
1228 2822 1488 2864 modificatum,
1502 2830 1540 2856 ut
1554 2832 1594 2856 ex
1609 2832 1714 2867 supra
