1859 3122
187 169 273 223 634
556 179 776 214 QUAESTIO
813 180 1021 210 LXXXVIII.
1054 180 1298 210 ARTICULUS
1331 181 1373 209 X.

256 261 485 294 RESPONDEO
509 259 715 302 dicendum,
738 260 834 306 quod
858 261 1076 306 dispensatio
1098 261 1174 295 voti
1194 260 1429 306 intelligenda
1451 269 1504 295 est
1530 262 1574 295 ad
1597 261 1749 296 modum

186 314 474 360 dispensationis,
498 325 589 359 quae
611 313 649 347 fit
670 314 707 347 in
730 314 958 348 observantia
980 314 1130 359 alicujus
1157 314 1265 360 legis:
1294 315 1388 360 quia,
1414 322 1453 348 ut
1478 325 1584 360 supra
1611 314 1749 348 dictum

187 377 239 401 est
261 368 345 412 (1-2.
365 380 394 412 q.
417 379 472 412 90.
496 372 560 401 art.
583 367 645 411 2.),
669 367 726 400 lex
746 367 892 412 ponitur
914 367 1138 414 respiciendo
1161 367 1205 401 ad
1226 367 1273 409 id,
1290 367 1386 413 quod
1403 376 1456 401 est
1469 367 1520 401 uti
1534 367 1571 401 in
1589 367 1750 413 pluribus

185 421 344 454 bonum:
368 421 430 454 sed
453 420 536 466 quia
559 420 737 465 contingit
757 420 968 466 hujusmodi
988 421 1024 454 in
1047 420 1168 466 aliquo
1192 432 1276 454 casu
1294 431 1369 454 non
1388 431 1465 454 esse
1480 421 1629 463 bonurn,
1648 432 1752 467 opor-

186 474 253 507 tuit
273 485 336 518 per
358 473 517 519 aliquem
540 474 782 515 determinari,
804 474 841 507 in
862 474 925 508 illo
948 474 1155 519 particulari
1176 485 1261 508 casu
1283 473 1404 520 legem
1425 485 1500 508 non
1516 485 1594 508 esse
1611 485 1753 508 servan-

186 527 285 562 dam:
309 535 343 561 et
363 527 434 561 hoc
456 527 599 573 proprie
622 535 675 561 est
696 527 902 573 dispensare
924 528 961 561 in
982 527 1074 573 lege.
1097 527 1194 561 Nam
1216 527 1436 573 dispensatio
1455 527 1596 561 videtur
1616 527 1750 573 impor-

186 588 262 614 tare
280 580 477 626 quamdam
501 589 835 614 commensuratam
856 581 1157 623 distributionem,
1172 580 1231 614 vel
1245 579 1527 627 applicationem
1546 581 1752 615 communis

188 634 341 679 alicujus
363 634 407 667 ad
431 645 483 675 ea,
507 645 598 680 quae
620 635 685 668 sub
706 634 786 680 ipso
809 634 1056 669 continentur:
1079 646 1142 680 per
1163 645 1272 680 quern
1294 634 1446 668 modum
1469 633 1598 668 dicitur
1623 633 1751 680 aliquis

187 687 395 733 dispensare
422 687 542 721 cibum
563 686 741 721 familiae:
765 687 928 722 similiter
951 695 1072 721 autem
1092 687 1153 721 ille
1176 688 1236 733 qui
1253 695 1372 730 vovet,
1391 687 1668 734 quodammodo
1687 687 1753 721 sibi

193 741 315 774 statuit
332 740 466 786 legem,
485 740 650 786 obligans
673 752 710 774 se
734 740 777 774 ad
800 740 946 787 aliquid,
968 740 1065 786 quod
1081 749 1133 774 est
1146 741 1347 774 secundum
1368 752 1417 782 se,
1437 749 1472 774 et
1485 748 1523 774 ut
1540 740 1577 774 in
1591 739 1750 786 pluribus

191 795 349 828 bonum:
373 802 491 839 potest
500 803 622 828 tamen
634 794 856 839 contingere,
867 795 964 840 quod
974 794 1011 828 in
1022 794 1142 840 aliquo
1156 805 1239 828 casu
1253 794 1298 828 sit
1308 793 1366 827 vel
1379 793 1589 840 simpliciter
1603 793 1753 836 malum,

190 847 249 882 vel
269 847 406 890 inutile,
420 847 478 881 vel
493 848 641 893 majoris
655 847 742 881 boni
756 848 1025 893 impeditivum3
1041 847 1136 893 quod
1153 855 1205 881 est
1219 855 1345 881 contra
1360 847 1539 881 rationem
1549 847 1636 893 ejus,
1651 847 1749 893 quod

194 901 288 936 cadit
308 902 372 935 sub
394 910 493 943 voto,
516 911 554 935 ut
573 913 614 935 ex
635 901 827 947 praedictis
841 909 938 947 patet
952 901 1034 946 (art.
1054 913 1084 936 2.
1100 902 1169 946 huj.
1184 902 1247 946 q.)‚·
1265 909 1299 935 et
1312 901 1394 935 ideo
1409 912 1558 935 necesse
1577 908 1641 943 est,
1657 900 1754 946 quod

191 955 449 989 determinetur
470 955 506 988 in
527 954 591 988 tali
614 966 699 988 casu
720 962 849 988 votum
870 966 945 988 non
967 966 1044 988 esse
1066 954 1301 988 servandum:
1324 962 1360 988 et
1379 954 1409 988 si
1431 954 1577 1000 quidem
1592 953 1755 988 absolute

191 1009 448 1043 determinetur
471 1008 617 1054 aliquod
638 1016 766 1042 votum
787 1019 861 1042 non
881 1019 957 1042 esse
973 1007 1202 1050 servandum,
1217 1008 1346 1042 dicitur
1360 1019 1437 1042 esse
1455 1007 1651 1054 dispensatio
1664 1008 1755 1042 voti:

190 1062 220 1096 si
243 1070 365 1096 autem
386 1073 451 1108 pro
474 1062 544 1095 hoc
569 1062 664 1107 quod
687 1062 905 1096 servandum
931 1070 1016 1104 erat,
1034 1061 1167 1107 aliquid
1183 1061 1279 1095 aliud
1294 1062 1513 1107 imponatur,
1529 1061 1657 1095 dicitur
1670 1073 1757 1096 com-

191 1117 330 1150 mutatio
351 1117 442 1156 voti;
467 1115 560 1149 unde
583 1115 700 1149 minus
724 1123 776 1149 est
801 1124 928 1149 votum
956 1123 1194 1157 commutare,
1222 1126 1331 1161 quam
1352 1115 1389 1148 in
1415 1123 1502 1149 voto
1530 1114 1755 1161 dispensare:

192 1177 386 1215 utrumque
407 1177 530 1203 tamen
551 1169 587 1202 in
609 1176 787 1214 potestate
808 1168 992 1203 Ecclesiae
1015 1168 1188 1202 consistit.

268 1223 328 1256 AD
350 1233 500 1257 PRIMUM
523 1233 609 1267 ergo
633 1222 838 1264 dicendum,
854 1221 950 1267 quod
966 1221 1112 1263 animal,
1127 1221 1223 1267 quod
1244 1220 1429 1255 immolari
1449 1229 1601 1267 poterat,
1623 1232 1665 1255 ex
1685 1221 1756 1255 hoc

192 1277 273 1322 ipso
296 1276 392 1321 quod
414 1275 623 1318 vovebatur,
643 1284 810 1309 sanctum
831 1276 1071 1322 reputabatur,
1087 1275 1190 1321 quasi
1211 1275 1332 1309 divino
1356 1275 1468 1309 cultui
1488 1275 1755 1321 mancipatum:

195 1338 229 1364 et
250 1329 341 1363 haec
366 1337 440 1363 erat
461 1329 564 1370 ratio,
587 1340 696 1375 quare
710 1340 785 1363 non
806 1336 946 1375 poterat
968 1329 1205 1362 commutari:
1229 1329 1321 1363 sicut
1341 1339 1407 1362 nec
1423 1328 1535 1363 modo
1553 1336 1676 1375 posset
1697 1327 1756 1362 ali-

195 1383 274 1429 quis
305 1393 394 1424 rem,
424 1393 534 1428 quam
555 1382 666 1424 vovit,
687 1383 761 1427 jam
797 1390 1048 1416 consecratam
1069 1383 1181 1428 (puta
1203 1382 1356 1416 calicem
1381 1381 1439 1416 vel
1461 1382 1629 1426 domum)
1661 1393 1758 1416 com-

195 1444 335 1470 mutare
361 1436 398 1469 in
420 1436 562 1478 melius,
578 1435 636 1469 vel
654 1436 689 1469 in
704 1437 825 1482 pejus3
846 1435 980 1470 animal
1002 1442 1135 1477 autem,
1154 1435 1251 1481 quod
1271 1446 1346 1469 non
1367 1443 1508 1481 poterat
1528 1435 1757 1477 sanctificari,

197 1490 280 1535 quia
306 1500 381 1523 non
411 1497 486 1523 erat
520 1488 805 1534 immolatitium,
833 1489 962 1523 redimi
987 1497 1138 1535 poterat,
1166 1497 1200 1523 et
1234 1489 1396 1531 debebat,
1423 1489 1515 1523 sicut
1541 1489 1677 1524 ibidem
1702 1488 1759 1523 lex

197 1543 299 1585 dicit;
316 1551 350 1576 et
363 1543 413 1576 ita
428 1542 538 1576 etiam
556 1554 651 1576 nunc
667 1542 886 1576 commutari
900 1550 1051 1588 possunt
1064 1543 1197 1584 vota‚si
1208 1542 1434 1577 consecratio
1449 1554 1524 1577 non
1533 1542 1758 1577 interveniat.

270 1597 330 1630 AD
354 1607 560 1630 SECUNDUM
584 1596 788 1637 dicendum,
804 1596 900 1642 quod
923 1598 1015 1630 sicut
1036 1596 1167 1641 exjure
1189 1595 1354 1637 naturali,
1370 1604 1404 1630 et
1421 1603 1614 1642 praecepto
1637 1595 1758 1630 divino

197 1658 338 1684 tenetur
363 1650 478 1684 homo
502 1649 653 1696 implere
675 1658 821 1692 votum,
848 1650 897 1684 ita
919 1649 1027 1683 etiam
1049 1657 1190 1683 tenetur
1216 1660 1258 1683 ex
1280 1649 1416 1683 eisdem
1440 1649 1585 1684 obedire
1603 1651 1760 1695 superio-

198 1715 279 1737 rum
300 1702 384 1748 legi,
406 1703 464 1737 vel
490 1703 681 1745 mandat03
711 1711 745 1737 et
771 1712 893 1737 tamen
921 1714 1004 1736 cum
1031 1703 1255 1748 dispensatur
1276 1702 1311 1736 in
1336 1702 1454 1748 aliqua
1480 1702 1560 1749 lege
1586 1703 1759 1745 humana,

197 1768 272 1791 non
294 1756 342 1798 fit,
371 1765 407 1790 ut
433 1756 506 1802 legi
531 1756 714 1790 humanae
742 1767 816 1790 non
844 1756 1041 1798 obediatur,
1065 1756 1159 1801 quod
1180 1764 1232 1790 est
1253 1766 1378 1789 contra
1404 1756 1524 1801 legem
1544 1764 1705 1798 naturae,
1727 1763 1762 1790 et

199 1810 411 1844 mandatum
433 1810 611 1852 divinum3
634 1810 696 1844 sed
723 1809 772 1851 fit,
796 1818 833 1843 ut
858 1810 929 1843 hoc
952 1809 1049 1855 quod
1079 1817 1154 1843 erat
1177 1809 1244 1850 lex,
1266 1820 1339 1843 non
1366 1809 1404 1842 fit
1429 1808 1486 1843 lex
1511 1809 1547 1843 in
1565 1809 1636 1843 hoc
1660 1820 1760 1843 casu:

199 1865 248 1898 ita
271 1864 380 1898 etiam
403 1864 615 1898 auctoritate
637 1864 831 1910 superioris
851 1863 1087 1910 dispensantis
1104 1862 1154 1904 fit,
1176 1871 1214 1896 ut
1227 1863 1298 1897 hoc
1314 1862 1410 1908 quod
1426 1863 1676 1896 continebatur
1696 1862 1760 1896 sub

199 1926 299 1959 voto,
326 1928 401 1951 non
429 1918 674 1959 contineatur3
700 1917 915 1963 inquantum
943 1917 1201 1950 determinatur
1227 1916 1263 1950 in
1284 1916 1356 1949 hoc
1380 1927 1464 1950 casu
1485 1916 1557 1950 hoc
1584 1927 1658 1950 non
1684 1926 1761 1950 esse

201 1982 401 2016 congruam
424 1971 614 2005 materiam
629 1971 723 2011 voti,
747 1979 782 2003 et
802 1970 884 2002 ideo
908 1981 992 2003 cum
1011 1968 1190 2014 praelatus
1208 1968 1394 2003 Ecclesiae
1412 1969 1594 2015 dispensat
1610 1969 1646 2002 in
1660 1977 1761 2010 voto,

201 2035 276 2058 non
298 2024 480 2067 dispensat
500 2024 536 2055 in
558 2030 750 2067 praecepto
772 2022 858 2067 juris
874 2021 1059 2063 naturalis,
1073 2021 1130 2055 vel
1153 2021 1274 2063 divini,
1296 2022 1358 2055 sed
1380 2021 1594 2056 determinat
1610 2022 1647 2056 id
1665 2021 1761 2068 quod

203 2074 354 2109 cadebat
375 2075 437 2108 sub
462 2075 683 2121 obligatione
705 2074 971 2109 deliberationis
993 2075 1185 2114 humanae,
1209 2087 1300 2121 quae
1321 2086 1395 2109 non
1416 2075 1533 2122 potuit
1555 2075 1679 2110 omnia
1699 2075 1762 2110 cir-

204 2128 438 2174 cumspicere.

274 2181 333 2215 AD
357 2191 528 2215 TERTIUM
547 2181 752 2223 dicendum,
787 2181 883 2227 quod
912 2181 955 2215 ad
974 2181 1182 2216 fidelitatem
1209 2181 1290 2215 Deo
1318 2181 1475 2216 debitam
1502 2193 1576 2216 non
1597 2182 1760 2228 pertinet,

203 2235 300 2280 quod
321 2234 436 2268 homo
458 2233 566 2268 faciat
587 2235 634 2276 id,
656 2235 752 2280 quod
777 2235 820 2268 ad
844 2235 1051 2269 vovendum
1073 2243 1126 2269 est
1142 2234 1292 2276 malum,
1310 2235 1368 2269 vel
1384 2235 1521 2278 inutile,
1534 2235 1594 2270 vel
1614 2236 1762 2282 majoris

201 2288 288 2322 boni
309 2288 570 2333 impeditivum‚
590 2288 633 2321 ad
661 2288 756 2333 quod
784 2288 897 2322 tendit
918 2288 993 2322 voti
1015 2289 1253 2334 dispensati03
1276 2296 1311 2322 et
1335 2288 1418 2323 ideo
1446 2288 1665 2335 dispensatio
1686 2289 1762 2324 voti

204 2353 277 2376 non
297 2350 349 2376 est
371 2349 496 2376 contra
524 2341 733 2375 fidelitatem
755 2341 836 2375 Deo
859 2342 1028 2376 debitam.

755 2470 1098 2514 ARTICULUS
1132 2471 1210 2514 XI.
1693 2483 1763 2525 480

418 2579 570 2608 UTRUM
596 2579 638 2608 IN
669 2578 788 2607 VOTO
818 2579 1006 2608 SOLEMNI
1036 2580 1365 2610 CONTINENTIAE
1392 2580 1542 2610 POSSIT

760 2644 870 2673 FIERI
902 2644 1198 2674 DISPENSATIO.

716 2731 816 2776 (Infr.
839 2742 868 2776 (J.
892 2731 965 2765 186.
994 2736 1059 2765 art.
1081 2732 1112 2766 8.
1135 2731 1178 2765 ad
1193 2732 1250 2777 3.).

277 2821 335 2854 An
355 2831 587 2855 UNDECIMUM
610 2820 659 2854 sic
681 2819 896 2865 proceditur.
919 2819 1081 2862 Videtur,
1104 2820 1200 2866 quod
1222 2820 1258 2854 in
1285 2829 1371 2854 voto
1394 2819 1550 2855 solemni
1577 2820 1760 2855 continen-

205 2875 274 2908 tiae
291 2874 402 2919 possit
424 2873 496 2908 ficri
522 2874 757 2919 dispensatio:
774 2884 844 2907 una
864 2873 959 2907 enim
981 2873 1072 2907 ratio
1095 2873 1321 2919 dispensandi
1345 2874 1381 2907 in
1402 2881 1488 2908 voto
1511 2882 1574 2916 cst,
1590 2873 1619 2908 si
1634 2873 1679 2908 sit
1698 2873 1762 2907 irn-
