1859 3122
176 173 260 226 316
609 181 828 217 QUAESTIO
862 182 930 211 XL.
965 181 1209 212 ARTICULUS
1242 181 1285 212 11.

172 266 276 300 batur
290 276 378 306 esse,
393 271 428 298 et
445 274 518 298 non
537 271 622 306 erat,
637 263 805 310 relinquit
816 264 906 306 ovis,
925 271 960 298 et
976 262 1085 309 fugit:
1108 262 1191 309 quia
1210 262 1295 296 dum
1317 262 1383 297 sibi
1404 262 1446 296 ab
1469 273 1513 298 eo
1528 262 1729 309 periculum

174 319 312 360 metuit,
334 319 496 352 resistere
519 318 593 362 ejus
614 317 809 362 injustitiae
836 329 910 352 non
931 316 1129 364 praesumit
1142 329 1182 359 »3
1202 327 1288 362 ergo
1318 316 1504 359 Praelatis,
1523 325 1558 351 et
1578 316 1730 351 Clericis

173 371 312 406 licitum
335 379 387 405 est
408 381 580 416 pugnare.

246 435 275 457 2.
291 424 525 458 PRAETEREA.
550 434 603 469 23.
623 435 655 470 q.
671 424 702 458 8.
720 424 829 470 (casm
846 425 967 470 Igitur)
993 424 1067 458 Leo
1083 424 1181 469 Papa
1203 423 1317 469 (hujus
1334 424 1477 458 nominis
1495 423 1575 468 IV.)
1590 423 1725 457 scribit:

176 490 192 508 ‹<
209 477 304 511 Cum
326 488 431 522 saepe
454 477 604 511 adversa
624 489 642 510 a
665 477 931 512 Saracenorum
950 478 1107 523 partibus
1126 477 1353 523 pervenirent
1370 477 1506 519 nuntia,
1529 477 1671 523 quidam
1690 475 1726 508 in

173 531 425 564 Romanorum
447 539 591 577 portum
611 531 812 565 Saracenos
836 532 930 565 clam
952 531 1150 576 furtiveque
1164 539 1335 564 venturos
1358 542 1434 565 esse
1458 531 1642 565 dicebant:
1661 539 1726 574 pro

174 596 244 630 quo
267 593 430 618 nostrum
459 585 672 630 congregari
698 586 948 631 praecepimus
972 584 1159 631 populum,
1186 584 1481 630 maritimumque
1503 584 1546 618 ad
1572 584 1650 618 litus
1673 582 1728 615 de-

174 638 344 672 scendere
367 638 590 672 decrevimus
606 651 644 681 »3
668 649 753 684 ergo
776 639 963 684 Episcopis
985 638 1068 672 licet
1091 638 1133 671 ad
1155 637 1249 671 bella
1271 638 1478 683 procedere.

250 703 276 737 3.
305 691 539 726 PRAETEREA.
562 691 732 736 Ejusdem
754 693 902 726 rationis
925 703 1001 725 esse
1023 692 1174 733 videtur,
1201 692 1297 736 quod
1320 692 1433 724 homo
1458 691 1591 737 aliquid
1608 688 1728 730 faciat,

174 753 208 778 et
230 745 326 790 quod
352 743 498 779 facienti
530 745 742 787 consentiat,
764 746 963 780 secundum
995 745 1081 778 illud
1104 745 1210 779 Rom.
1249 756 1295 779 1.:
1316 746 1393 779 Nou
1418 745 1521 780 solum
1547 745 1635 789 digni
1654 748 1729 778 sunt

172 803 279 832 morta
304 799 518 843 qzcifitciuut,
541 798 592 833 sed
617 804 647 833 et
672 800 728 844 qui
754 799 1190 844 consentiuntsarientibus:
1214 799 1370 832 maxime
1393 806 1515 833 autem
1541 797 1728 838 consentit,

175 852 236 898 qui
257 851 300 885 ad
323 851 455 897 aliquid
482 851 687 886 faciendum
709 852 798 886 alios
821 853 973 886 inducit:
997 852 1135 886 licitum
1158 860 1279 886 autem
1301 860 1354 886 est
1374 851 1570 898 Episcopi&
1593 858 1628 884 et
1645 849 1730 884 Cle-

174 905 257 939 ricis
274 904 444 939 inducere
465 905 554 939 alios
573 905 617 939 ad
634 905 861 939 bellandum:
881 906 1010 940 dicitur
1029 906 1126 939 enim
1150 915 1203 951 23.
1224 917 1256 951 q.
1276 905 1307 939 8.
1323 905 1414 952 (cap.
1428 919 1439 939 .·
1461 904 1619 948 Hortata)
1633 902 1729 949 quod

174 959 331 1000 hortatu,
347 966 382 992 et
401 958 565 1003 precibus
586 959 737 993 Adriani
758 959 947 993 Romanae
966 959 1061 993 urbis
1080 958 1260 1004 Episcopi,
1277 958 1431 993 Carolus
1452 957 1586 993 bellum
1606 964 1730 991 contra

176 1012 439 1058 Longobardos
461 1013 634 1058 suscepit3
657 1024 745 1058 ergo
768 1013 877 1047 etiam
899 1014 948 1047 eis
970 1013 1053 1047 licet
1075 1024 1247 1059 pugnare.

246 1076 279 1109 4.
300 1066 536 1100 PRAETEREA.
559 1066 661 1109 Illud,
682 1067 777 1112 quod
793 1075 845 1101 est
858 1066 1055 1101 secundum
1073 1078 1109 1101 se
1124 1067 1330 1108 honestum,
1353 1074 1387 1101 et
1407 1065 1644 1107 meritorium,
1656 1075 1731 1098 non

177 1127 230 1154 est
250 1119 415 1153 illicitum
437 1119 621 1161 Praelatis,
641 1128 675 1154 et
697 1120 866 1155 Clericis:
886 1121 947 1154 sed
960 1119 1094 1154 bellare
1116 1128 1169 1154 est
1191 1120 1406 1166 quandoque
1427 1127 1459 1154 et
1477 1119 1684 1160 honesturn,
1698 1125 1732 1152 et

176 1172 423 1207 meritorium:
446 1172 575 1206 dicitur
596 1173 692 1207 enirn
715 1184 768 1219 23.
793 1185 824 1219 q.
852 1174 883 1207 8.
906 1174 1018 1220 (culm
1044 1174 1147 1208 Omm'
1168 1175 1301 1218 timore)
1322 1173 1417 1219 quod
1443 1186 1460 1205 t<
1475 1173 1504 1207 si
1523 1172 1649 1219 aliquis
1666 1182 1731 1218 pro

175 1227 324 1260 veritate
346 1225 439 1267 fidei,
473 1234 507 1260 et
528 1225 726 1261 salvatione
748 1227 894 1272 patriae,
917 1238 958 1260 ac
985 1226 1234 1261 defensionem
1257 1226 1548 1261 Christianorum
1569 1233 1732 1260 mortuus

177 1278 292 1321 fuerit,
315 1290 334 1313 a
355 1280 436 1314 Deo
459 1280 615 1314 coeleste
637 1281 838 1327 praemium
865 1289 1105 1327 consequetur
1119 1293 1159 1324 »3
1186 1291 1272 1326 ergo
1300 1280 1438 1314 licitum
1461 1288 1513 1314 est
1533 1279 1733 1326 Episcopis,

178 1341 213 1368 ct
234 1333 386 1368 Clericis
407 1333 551 1368 bellare.

250 1386 324 1421 SED
359 1398 512 1422 CONTRA
543 1396 606 1430 est,
636 1388 731 1434 quod
761 1388 868 1422 Petro
899 1388 934 1422 in
961 1399 1114 1434 persona
1147 1388 1422 1434 Episcoporum,
1449 1395 1484 1421 et
1505 1386 1733 1421 Clericorum

178 1440 306 1474 dicitur
335 1440 461 1474 Matth.
485 1439 558 1475 26.:
582 1441 743 1476 Converte
767 1442 915 1488 gladium
949 1447 1042 1476 tuum
1072 1443 1107 1475 in
1134 1443 1295 1487 vaginam
1307 1453 1319 1481 ;
1350 1451 1423 1474 non
1451 1451 1538 1486 ergo
1566 1439 1650 1474 licet
1683 1439 1733 1474 eis

178 1505 348 1539 pugnare.

249 1547 478 1582 RESPONDEO
496 1547 700 1589 dicendum,
716 1548 811 1594 quod
829 1548 870 1581 ab
888 1548 1026 1582 bonum
1049 1548 1229 1582 societatis
1250 1548 1433 1581 humanae
1455 1546 1556 1593 plura
1576 1553 1657 1580 sunt
1676 1557 1736 1580 ne-

179 1600 350 1634 cessaria:
375 1601 513 1634 diversa
548 1609 668 1635 autem
692 1613 710 1634 a
732 1601 880 1635 diversis
911 1601 1051 1643 melius,
1075 1610 1109 1636 et
1131 1601 1327 1647 expeditius
1355 1608 1518 1646 aguntur,
1550 1611 1658 1646 quam
1692 1599 1734 1633 ab

178 1665 271 1695 uno,
294 1662 331 1687 ut
348 1662 444 1700 patet
461 1665 524 1700 per
541 1654 677 1688 Philos.
700 1655 735 1688 in
755 1666 817 1688 sua
839 1654 945 1689 Polit.
965 1656 1039 1700 (lib.
1064 1665 1093 1689 Ι.
1115 1661 1186 1701 cup.
1206 1667 1233 1689 r.
1255 1656 1333 1689 circ.
1355 1653 1478 1698 med.);
1502 1661 1536 1688 et
1558 1652 1735 1700 quaedam

177 1707 323 1753 negotia
345 1716 426 1741 sunt
448 1708 538 1742 adeo
561 1708 627 1742 sibi
648 1709 895 1753 repugnantia,
918 1716 955 1742 ut
978 1709 1234 1742 convenienter
1256 1707 1363 1742 simul
1385 1707 1542 1741 exerceri
1562 1718 1636 1741 non
1658 1717 1737 1753 pos-

178 1761 266 1802 sint3
289 1768 323 1794 et
343 1761 424 1795 ideo
447 1761 528 1802 illis,
544 1762 602 1807 qui
617 1762 813 1805 majoribus
830 1761 1053 1807 deputantur,
1069 1762 1303 1807 prohibentur
1321 1761 1482 1794 minora:
1505 1760 1597 1794 sicut
1614 1771 1738 1794 secun-

179 1814 265 1847 dum
287 1813 383 1859 leges
406 1814 582 1848 humanas
618 1815 800 1856 militibus,
822 1815 882 1860 qui
904 1815 1119 1861 deputantur
1152 1815 1195 1848 ad
1218 1814 1386 1849 exercitia
1412 1813 1555 1855 bellica,
1577 1813 1738 1860 negotia-

178 1867 294 1901 tiones
315 1867 574 1902 interdicuntur
597 1868 644 1911 (iu
664 1873 786 1913 syntag.
805 1869 897 1912 Juris
916 1869 971 1902 lib.
994 1880 1039 1913 25.
1056 1875 1126 1914 cup.
1149 1879 1191 1914 15.
1213 1880 1245 1902 n.
1268 1869 1329 1908 8.).
1346 1867 1480 1901 Bellica
1501 1875 1621 1901 autem
1643 1878 1738 1901 exer-

179 1920 263 1954 citia
284 1921 440 1955 maxime
462 1930 664 1967 repugnant
685 1921 753 1955 illis
776 1921 915 1962 officiis,
937 1922 1064 1967 quibus
1086 1921 1266 1967 Episcopi,
1290 1928 1324 1954 et
1351 1920 1486 1954 Clerici
1512 1920 1736 1967 deputantur,

180 1981 324 2020 propter
356 1973 568 2020 duo:pr1'mo
591 1974 735 2020 quidem
759 1974 917 2020 generali
943 1975 1093 2015 ratione,
1116 1976 1198 2020 quia
1219 1973 1349 2008 bellica
1372 1974 1538 2008 exercitia
1560 1974 1736 2008 maximas

178 2027 441 2073 inquietudines
467 2028 618 2070 habent3
647 2028 740 2062 unde
774 2027 928 2061 multum
956 2028 1156 2073 impediunt
1189 2027 1350 2060 animum
1379 2038 1398 2060 a
1429 2026 1736 2073 contemplatione

179 2081 396 2122 divinorum,
419 2089 453 2115 et
470 2080 574 2115 laude
596 2081 677 2122 Dei,
700 2089 734 2115 et
752 2081 915 2115 oratione
936 2092 1000 2127 pro
1023 2080 1176 2126 populo3
1200 2091 1290 2126 quae
1310 2080 1353 2114 ad
1377 2079 1537 2114 officium
1559 2081 1738 2126 pertinent

181 2133 428 2175 Clericorurn3
451 2142 485 2168 et
506 2134 587 2168 ideo
610 2134 700 2168 sicut
722 2134 999 2179 negotiationes,
1034 2142 1176 2180 propter
1198 2134 1268 2167 hoc
1303 2133 1399 2179 quod
1421 2134 1528 2167 nimis
1551 2133 1737 2179 implicant

182 2187 356 2229 animum,
370 2187 629 2221 interdicuntur
651 2186 823 2229 Clericis;
846 2189 891 2221 ita
915 2195 948 2221 et
969 2186 1097 2220 bellica
1120 2187 1299 2228 exercitia,
1321 2186 1521 2221 secundum
1535 2186 1623 2220 illud
1643 2197 1674 2220 2.
1694 2187 1737 2221 ad

183 2240 347 2274 Timoth.
364 2250 414 2274 2.:
437 2241 540 2274 Nemo
560 2241 705 2274 militans
723 2241 794 2274 Deo
813 2241 964 2286 implicat
984 2252 1013 2274 se
1033 2240 1253 2274 sueculurilucs
1267 2242 1422 2284 negotiis:
1437 2240 1574 2274 secundo
1593 2248 1738 2286 propter

181 2293 375 2340 specialem
402 2294 598 2327 rationem:
621 2305 705 2327 nam
728 2305 854 2327 omnes
883 2293 1111 2327 Clericorum
1145 2293 1288 2328 ordines
1316 2293 1526 2327 ordinantur
1548 2293 1591 2326 ad
1618 2293 1738 2328 altaris

182 2348 432 2389 ministerium,
452 2347 486 2380 in
509 2358 580 2393 quo
603 2347 666 2381 sub
689 2355 916 2380 sacramento
932 2354 1216 2392 repraesentatur
1234 2347 1353 2392 passio
1370 2346 1516 2388 Christi,
1539 2347 1738 2381 secundum

183 2401 270 2435 illud
293 2412 320 2435 1.
340 2401 382 2434 ad
407 2400 492 2434 Cor.
516 2411 585 2434 11.:
610 2402 882 2445 Quotiescumque
903 2400 1142 2434 uuzuducubitis
1157 2406 1278 2446 punem
1295 2401 1390 2442 lmuc,
1414 2405 1441 2435 et
1462 2400 1595 2435 calicem
1615 2401 1737 2444 bibetis,

183 2461 321 2490 ‘mortem
343 2456 484 2489 Domini
505 2456 756 2496 muzzuztiubitis,
775 2454 872 2488 doner
893 2455 1026 2493 muium
1051 2461 1084 2487 et
1106 2453 1187 2487 ideo
1209 2465 1282 2488 non
1299 2454 1472 2500 competit
1489 2454 1539 2488 eis
1561 2453 1738 2496 occidere,

184 2509 242 2543 vel
257 2508 438 2542 effundere
459 2508 684 2553 sanguinem,
707 2508 768 2541 sed
784 2507 898 2551 magis
921 2518 997 2540 esse
1020 2515 1163 2552 paratos
1186 2507 1228 2540 ad
1248 2507 1429 2553 propriam
1452 2507 1635 2552 sanguinis
1657 2506 1741 2541 effu-

184 2562 325 2596 sionem
352 2573 416 2607 pro
440 2561 598 2603 Christo,
621 2568 658 2594 ut
679 2561 862 2594 imitentur
884 2571 1004 2606 opere,
1027 2560 1123 2605 quod
1146 2569 1273 2605 gerunt
1299 2561 1517 2602 ministeri03
1540 2568 1574 2594 et
1594 2568 1740 2606 propter

184 2616 255 2649 hoc
278 2623 330 2649 est
350 2615 562 2656 institutum,
585 2622 622 2648 ut
640 2613 862 2648 effundentes
880 2615 1093 2657 sanguinem
1116 2614 1223 2647 etiam
1247 2614 1322 2648 sine
1344 2621 1495 2660 peccato
1514 2614 1583 2647 sint
1604 2614 1738 2659 irregu-

184 2668 293 2702 lares:
317 2668 405 2702 nulli
428 2676 559 2709 autem,
582 2667 640 2713 qui
668 2674 720 2701 est
741 2667 929 2712 deputatus
953 2667 996 2700 ad
1019 2666 1165 2711 aliquod
1188 2666 1361 2709 officium,
1383 2667 1465 2701 licet
1488 2667 1534 2708 id,
1557 2678 1620 2712 per
1641 2667 1738 2713 quod

185 2733 251 2755 suo
271 2721 391 2755 officio
414 2722 633 2767 incongruus
655 2720 827 2761 redditur,
851 2720 943 2753 unde
964 2719 1115 2753 Clericis
1137 2731 1209 2754 non
1230 2720 1313 2754 licet
1328 2721 1478 2754 omnino
1493 2720 1586 2754 bella
1604 2731 1740 2766 gerere,

187 2786 277 2820 quae
300 2776 510 2809 ordinantur
531 2775 574 2808 ad
596 2774 779 2819 sanguinis
795 2772 1018 2807 effusionem.

258 2828 317 2862 AD
332 2839 480 2862 PRIMUM
496 2839 582 2873 ergo
598 2827 906 2872 dicendum‚quod
922 2826 1076 2860 Praelati
1091 2826 1221 2860 debent
1236 2827 1397 2861 resistere
1413 2838 1485 2861 non
1501 2827 1620 2861 solum
1635 2826 1739 2872 lupis,

187 2882 247 2927 qui
274 2881 501 2927 spiritualiter
527 2881 744 2916 interficiunt
770 2891 930 2926 gregem,
957 2879 1019 2914 sed
1054 2881 1161 2914 etiam
1184 2880 1396 2926 raptoribus,
1419 2888 1453 2915 et
1485 2880 1657 2926 tyrannis,
1679 2881 1738 2926 qui
