1859 3122
154 119 241 173 406
580 126 800 162 QUAESTIO
834 126 918 155 LIV.
952 124 1196 155 ARTICULUS
1230 124 1290 154 111.

155 222 246 256 quae
269 217 322 244 est
342 216 532 255 peccatum
554 207 714 242 veniale:
744 208 808 242 alio
839 207 934 241 modo
964 218 1027 252 per
1056 205 1235 240 defectum
1256 206 1366 252 ipsius
1396 206 1596 249 charitatis;
1618 207 1710 242 sicut

155 264 283 298 dicitur
305 263 424 296 minor
446 273 549 296 amor
570 262 651 303 Dei,
674 261 818 307 quando
841 260 968 306 aliquis
990 259 1106 305 diligit
1119 260 1239 293 Deum
1255 259 1374 294 solum
1393 271 1518 294 amore
1539 260 1708 304 naturali3

155 326 190 352 et
210 326 294 351 tunc
318 323 484 350 causatur
504 314 735 361 negligentia,
757 326 849 360 quae
872 321 925 348 est
951 321 1141 359 peccatum
1168 312 1333 347 mortale.

224 368 284 404 An
307 379 513 403 SECUNDUM
536 369 740 410 dicendum,
757 368 851 413 quod
875 378 984 412 parva
1010 366 1145 400 oblatio
1168 377 1252 400 cum
1269 365 1400 400 humili
1420 374 1552 408 mente,
1571 374 1606 400 et
1622 378 1709 412 pura

155 423 348 458 dilectione
369 421 474 464 facta,
497 430 534 456 ut
562 422 697 455 ibidem
725 421 863 462 dicitur,
892 431 966 454 non
987 419 1106 454 solum
1128 428 1257 466 purgat
1277 428 1426 466 peccata
1454 419 1621 462 venialia,
1647 421 1708 455 sed

154 477 263 511 etiam
285 475 464 509 mortalia.

224 530 283 564 AD
303 539 474 563 TERTIUM
500 528 705 570 dicendum,
720 528 814 574 quod
837 527 981 573 quando
1004 526 1223 572 negligentia
1247 526 1409 560 consistit
1429 527 1464 560 in
1488 527 1711 573 praetermis-

152 584 254 618 sione
278 594 416 625 Corum,
439 594 530 628 quae
557 590 639 616 sunt
660 582 703 615 de
721 581 933 616 necessitate
962 580 1097 621 salutis,
1119 588 1204 614 tunc
1226 580 1376 614 trahitur
1404 581 1447 614 ad
1475 580 1569 614 aliud
1596 592 1708 625 genus

155 637 294 684 peccati
325 648 440 681 magis
468 635 718 670 manifestum:
749 643 896 681 peccata
929 634 1036 675 enim,
1067 645 1158 679 quae
1190 634 1391 668 consistunt
1419 634 1454 667 in
1481 634 1708 668 interioribus

154 691 301 732 actibus,
317 698 398 724 sunt
412 689 528 735 magis
551 689 714 731 occulta;
737 697 771 722 et
785 688 866 722 ideo
889 699 953 734 pro
977 688 1026 721 eis
1043 695 1138 721 certa
1153 687 1326 721 sacrificia
1340 698 1413 720 non
1432 687 1708 732 injungebantur

153 745 189 777 in
212 743 310 789 lege:
334 743 417 789 quia
439 742 701 776 sacrificiorum
723 741 859 776 oblatio
882 749 956 775 erat
971 741 1149 786 quaedam
1163 740 1304 786 publica
1324 741 1534 786 protestatio
1549 741 1707 786 peccati;

153 808 244 844 quae
266 808 340 830 non
363 804 416 831 est
437 795 601 830 facienda
623 796 666 829 de
689 803 839 841 peccato
863 794 1019 828 occulto.

672 1043 1027 1107 QUAESTIO
1069 1043 1173 1090 LV.

158 1173 221 1203 DE
247 1171 388 1203 VITHS
416 1169 650 1201 OPPOSITIS
688 1167 992 1200 PRUDENTIAE
1030 1165 1289 1197 SECUNDUM
1321 1164 1702 1203 SIMILITUDINEM,

471 1241 529 1272 ET
573 1240 721 1271 PRIMO
770 1240 832 1269 DE
884 1237 1157 1269 PRUDENTIA
1201 1236 1384 1274 CARNE,

579 1311 629 1342 IN
657 1310 778 1342 OCTO
805 1308 1066 1340 ARTICULOS
1104 1307 1278 1339 DIVISA.

221 1435 352 1469 Postea
374 1433 679 1468 considerandum
702 1439 754 1465 est
775 1431 818 1464 de
840 1430 934 1464 vitiis
956 1428 1130 1475 oppositis
1151 1428 1371 1474 prudentiae,
1394 1439 1485 1474 quae
1506 1428 1640 1462 habent
1664 1427 1706 1461 si-

150 1487 391 1522 militudinem
414 1498 497 1520 cum
519 1487 606 1532 ipsa.

647 1576 693 1610 Et
713 1576 802 1609 circa
824 1574 881 1608 hoc
900 1578 1106 1619 quaeruntur
1133 1577 1214 1608 octo.

219 1649 355 1683 Primo.
384 1648 514 1682 Utrum
535 1647 723 1694 prudentia
745 1645 860 1679 carnis
882 1645 927 1678 sit
948 1652 1149 1690 peccatum.

222 1702 402 1737 Secundo.
428 1702 558 1735 Utrum
581 1701 624 1734 sit
645 1707 835 1746 peccatum
857 1697 1021 1732 mortale.

221 1755 360 1790 Tertio.
385 1756 517 1789 Utrum
540 1754 668 1788 astutia
690 1753 734 1787 sit
755 1760 945 1798 peccatum
973 1751 1140 1797 speciale.

222 1809 374 1850 QuartO.
394 1809 449 1842 De
473 1807 569 1841 dolo.

223 1863 374 1903 Quinto.
398 1862 453 1895 De
475 1860 609 1894 fraude.

221 1916 342 1950 Sexto.
364 1915 420 1948 De
443 1914 671 1948 solicitudine
692 1911 950 1958 temporalium
972 1922 1102 1944 rerum.

221 1970 396 2015 Septimo.
419 1969 475 2001 De·
496 1967 724 2001 solicitudine
743 1965 956 1999 futurorum.

222 2023 378 2058 Octavo.
401 2023 456 2055 De
479 2021 618 2067 origine
641 2021 772 2054 horum
795 2020 979 2053 vitiorum.

720 2141 1063 2187 ARricULus
1093 2141 1127 2183 1.
1639 2161 1703 2198 304

433 2253 585 2283 UTRU-xt
612 2251 863 2282 PRUDENTIA
891 2250 1042 2280 CARNIS
1071 2250 1137 2278 SIT
1167 2249 1416 2279 PECCATUM.

220 2344 280 2378 AD
307 2353 456 2378 PRIMUM
485 2341 534 2375 sic
566 2339 782 2386 proceditur.
813 2338 974 2379 Videtur,
997 2337 1092 2383 quod
1115 2337 1301 2382 prudentia
1324 2336 1439 2370 carnis
1461 2347 1534 2370 non
1556 2335 1601 2370 sit
1626 2346 1704 2382 pec-

151 2405 295 2431 catum:
320 2395 507 2442 prudentia
530 2394 626 2428 enim
649 2401 701 2427 est
721 2391 878 2426 nobilior
898 2391 1020 2432 virtus,
1048 2401 1157 2436 quam
1184 2390 1274 2424 aliae
1296 2390 1442 2424 virtutes
1464 2388 1632 2430 morales,
1654 2396 1704 2422 ut-

150 2459 234 2497 pote
257 2449 421 2483 omnium
443 2448 614 2493 regitiva:
634 2446 696 2480 sed
715 2445 812 2478 nulla
831 2444 974 2489 justitia,
992 2443 1050 2478 vel
1067 2443 1304 2489 temperantia
1326 2451 1378 2477 est
1391 2450 1600 2489 peccatum3
1615 2453 1702 2487 ergo

152 2515 269 2549 neque
293 2503 411 2548 aliqua
433 2501 620 2547 prudentia
642 2507 696 2533 est
718 2506 918 2544 peccatum.

224 2567 254 2590 2.
270 2557 506 2590 PRAETEREA.
529 2553 727 2588 Prudenter
749 2551 889 2597 operari
906 2550 947 2584 ad
962 2550 1084 2592 finem,
1101 2550 1161 2596 qui
1175 2549 1270 2584 licite
1293 2557 1443 2591 amatur,
1462 2560 1535 2583 non
1555 2556 1606 2583 est
1620 2560 1703 2594 pec-

152 2618 291 2644 catum:
315 2610 376 2643 sed
397 2620 481 2642 caro
504 2607 599 2641 licite
623 2613 778 2640 amatur:
802 2616 895 2638 numo
922 2605 1008 2638 enim
1036 2614 1182 2648 unquam
1204 2614 1335 2637 carnem
1359 2614 1453 2637 suam
1475 2602 1547 2636 odio
1574 2602 1700 2644 habuit,

152 2671 190 2697 ut
210 2663 360 2696 habetur
382 2662 424 2695 ad
446 2661 536 2707 Eph.
564 2671 608 2705 5.;
632 2670 716 2704 ergo
740 2658 926 2704 prudentia
949 2657 1063 2689 carnis
1085 2667 1158 2690 non
1181 2664 1234 2690 est
1251 2664 1452 2702 peccatum.

226 2727 254 2762 3.
277 2716 512 2750 PRAETEREA.
536 2714 636 2748 Sicut
658 2713 770 2746 homo
792 2717 946 2744 tentatur
969 2721 987 2742 a
1012 2721 1128 2750 carne,
1151 2710 1199 2743 ita
1218 2711 1325 2743 etiam
1344 2716 1498 2743 tentatur
1520 2719 1539 2741 a
1553 2707 1701 2750 mundo,

152 2777 186 2802 et
208 2781 227 2802 a
249 2768 413 2802 diabolo:
437 2768 498 2802 sed
520 2778 593 2801 non
616 2766 759 2812 ponitur
773 2764 862 2797 inter
877 2770 1025 2809 peccata
1041 2762 1159 2808 aliqua
1175 2762 1361 2808 prudentia
1378 2761 1505 2803 mundi,
1520 2760 1577 2796 vel
1592 2761 1700 2797 etiam

152 2822 295 2864 diabol&
319 2833 405 2869 ergo
428 2832 544 2868 neque
567 2820 671 2856 debet
692 2818 778 2866 poni
800 2817 891 2851 inter
910 2823 1056 2863 peccata
1080 2815 1198 2861 aliqua
1220 2815 1406 2862 prudentia
1428 2815 1548 2851 carnis,
