1859 3122
464 198 686 234 QuAEsrio
718 198 852 228 xxxu.
887 198 1131 228 ARTICULUS
1165 198 1226 228 111.
1543 189 1601 229 26
1604 200 1624 242 3

146 291 174 326 3.
198 280 433 315 PRAETEREA.
462 280 518 314 Ad
541 280 686 314 laudem
714 279 971 326 eleemosynae
998 280 1163 325 pertinet,
1190 280 1286 326 quod
1314 291 1448 326 pauper
1474 292 1517 314 ex
1543 280 1632 314 elee-

73 345 227 380 mosyna
249 334 330 367 data
354 333 578 375 consoletur3
602 334 696 367 unde
711 333 776 378 Job
804 344 856 379 31.
873 333 1018 367 dicitur:
1041 334 1077 367 δι’
1091 345 1155 367 mon
1172 333 1405 368 benedixerunt
1425 334 1508 367 mihi
1525 334 1631 369 lutera

71 389 150 432 ejus,
175 394 209 420 et
233 387 274 420 ad
297 386 552 420 Philemonem
575 386 660 420 dicit
686 386 831 432 Apost.:
866 386 995 420 Visrcrcc
1021 387 1221 421 Sanctorum
1248 388 1479 432 requieverunt
1499 393 1563 434 per
1590 392 1629 430 te,

67 441 200 486 frater:
222 440 283 474 sed
306 441 522 486 quandoque
546 441 661 485 magis
682 447 734 473 est
752 448 852 485 grata
869 440 1014 485 pauperi
1040 439 1273 486 eleemosyna
1297 440 1507 486 corporalis,
1523 452 1630 486 quam

72 492 284 540 spiritualis;
309 504 394 539 ergo
418 493 650 539 eleemosyna
674 492 872 538 corporalis
896 493 1016 538 potior
1039 501 1102 534 est,
1125 504 1233 538 quam
1257 493 1459 539 spiritualis.

144 546 218 581 SED
235 557 389 580 CONTRA
400 554 462 588 est,
478 546 574 592 quod
594 546 746 591 August.
759 546 793 579 in
809 545 868 579 lib.
890 557 916 579 1.
929 546 971 580 de
988 546 1309 580 Serm.Dominiin
1326 555 1449 580 monte
1460 546 1548 592 (rap.
1560 546 1630 591 20.)

72 611 180 646 super
201 599 308 634 illud:
334 600 496 646 Quiprtit
522 611 540 633 a
564 604 602 641 te,
625 599 666 632 da
688 601 727 640 ci,
752 599 855 634 dicit:
881 612 898 630 «
921 599 1093 632 Dandum
1115 606 1178 640 est,
1202 599 1298 644 quod
1321 610 1387 632 nec
1411 599 1485 641 tibi,
1501 611 1567 633 nec
1587 599 1634 633 al-

22 651 26 656 ’
72 653 138 687 teri
159 661 306 686 noceat:
330 660 363 686 et
386 664 469 686 cum
491 652 690 698 negaveris,
713 653 810 698 quod
828 652 927 698 petit,
947 652 1139 686 indicanda
1159 660 1211 686 est
1228 652 1372 697 justitia,
1396 661 1433 686 ut
1453 664 1527 686 non
1549 664 1631 687 eum

73 707 219 740 inanem
241 706 418 740 dimittas:
443 713 476 740 et
498 705 691 751 aliquando
722 705 850 739 melius
882 705 1015 751 aliquid
1044 705 1154 747 dabis,
1179 717 1261 738 cum
1290 706 1419 750 injuste
1450 714 1631 751 petentem

73 759 270 794 correxeris
289 771 324 792 »ς
343 759 519 793 correctio
536 767 656 792 autem
671 766 723 792 est
739 758 973 804 eleemosyna
988 758 1200 804 spiritualis;
1224 770 1310 805 ergo
1326 758 1527 805 spirituales
1543 759 1633 793 elee-

74 824 249 858 mosynae
272 821 353 846 sunt
375 811 623 858 corporalibus
645 811 912 858 praeferendae.

145 866 374 900 RESPONDEO
401 865 606 907 dicendum,
629 865 724 911 quod
748 865 974 911 comparatio
1001 866 1151 899 istarum
1174 864 1489 911 eleemosynarum
1516 874 1635 912 potest

74 919 206 954 attendi
222 919 409 964 dupliciter.
437 919 508 953 Uno
524 918 618 952 modo
637 918 848 964 simpliciter
866 918 1069 964 loquendo:
1092 924 1119 953 ct
1140 919 1315 953 secundum
1334 919 1392 954 hoc
1414 919 1629 965 alreamosynaa

71 973 257 1019 spirituales
275 974 513 1019 praemunient,
534 972 659 1018 trilibri
677 972 834 1006 ratione:
853 973 967 1018 primo
987 972 1145 1018 quidem,
1164 972 1247 1018 quia
1265 972 1300 1005 id
1319 972 1415 1018 quod
1436 973 1633 1014 exhibetur,

73 1026 229 1061 nobilius
252 1034 323 1068 est;
343 1025 480 1060 scilicet
501 1025 637 1059 donum
659 1024 854 1071 spirituale,
877 1025 973 1071 quod
995 1026 1196 1071 praeminet
1219 1025 1411 1072 corporali,
1430 1027 1631 1060 secundum

73 1079 161 1114 illud
183 1080 353 1113 Proverb.
375 1089 426 1122 4:
450 1080 588 1113 Donum
615 1080 734 1113 bonum
763 1080 906 1113 tribuam
928 1081 1033 1121 voluis,
1062 1080 1159 1124 Iegem
1187 1092 1292 1114 meam
1318 1093 1356 1114 m
1382 1079 1634 1126 derelinquatis:

73 1133 210 1168 secundo
237 1133 376 1166 ratione
399 1133 485 1177 ejus,
509 1132 566 1166 cui
592 1132 818 1175 subvenitur3
841 1133 924 1178 quia
946 1133 1088 1179 spiritus
1107 1132 1265 1167 nobilior
1284 1142 1337 1167 est
1353 1145 1525 1179 corpore;
1541 1133 1634 1168 unde

75 1187 166 1221 sicut
191 1187 307 1220 homo
338 1185 405 1220 sibi
434 1185 501 1231 ipsi
529 1186 646 1231 magis
678 1185 783 1220 debet
812 1186 1001 1232 providere
1036 1194 1211 1232 quantum
1242 1187 1286 1220 ad
1321 1187 1496 1232 spiritum,
1525 1199 1633 1233 quam

74 1248 248 1286 quantum
275 1240 318 1273 ad
346 1250 495 1284 corpus;
522 1239 569 1273 ita
597 1246 630 1272 et
660 1239 838 1285 proximo,
867 1251 976 1285 quem
1009 1240 1114 1273 debet
1145 1239 1238 1274 sicut
1267 1240 1427 1286 seipsum
1462 1241 1631 1286 diligere:

75 1295 170 1328 tertio
193 1301 366 1339 quantum
389 1292 432 1326 ad
454 1292 551 1338 ipsos
574 1300 685 1335 actus,
700 1292 828 1338 quibus
846 1293 1054 1327 subvenitur
1075 1293 1111 1326 in
1130 1293 1309 1339 proximo,
1332 1294 1414 1340 quia
1434 1293 1636 1339 spirituales

76 1356 175 1381 actus
197 1355 278 1381 sunt
295 1345 491 1380 nobiliores
508 1345 769 1391 corporalibus,
792 1347 850 1392 qui
870 1353 951 1380 sunt
965 1346 1240 1392 quodammodo
1263 1347 1421 1381 serviles.
1441 1347 1519 1382 Alio
1541 1348 1635 1382 modo

76 1408 225 1446 possunt
249 1401 451 1446 comparari
473 1400 671 1433 secundum
692 1398 850 1445 aliquem
872 1399 1126 1445 particularem
1146 1411 1282 1442 casum,
1304 1400 1340 1434 in
1362 1411 1434 1446 quo
1458 1401 1636 1446 quaedam

78 1453 274 1500 corporalis
293 1452 524 1498 eleemosyna
545 1451 652 1486 alicui
679 1452 854 1498 spirituali
880 1453 1094 1498 praefertur:
1117 1462 1202 1499 puta
1224 1454 1340 1500 magis
1363 1462 1414 1488 est
1436 1454 1636 1500 pascendus

75 1506 171 1540 fame
193 1506 363 1547 moriens,
385 1517 493 1551 quam
516 1505 718 1547 docendus;
746 1507 838 1539 sicut
864 1514 898 1539 et
924 1506 1093 1551 indigenti,
1122 1507 1322 1540 secundum
1349 1506 1485 1541 Philos.
1511 1507 1584 1552 (lib.
1606 1520 1635 1554 3.

84 1560 162 1605 Top.
186 1565 256 1605 cap.
278 1571 309 1594 2.
337 1559 406 1593 loco
432 1558 518 1603 40),
542 1558 670 1592 melius
693 1566 746 1592 est
767 1558 881 1600 ditari,
905 1570 1013 1604 quarn
1032 1559 1298 1606 philosophari3
1321 1560 1485 1606 quamvis
1499 1560 1570 1594 hoc
1593 1560 1638 1595 sit

76 1611 287 1658 simpliciter
308 1611 447 1647 melius,

146 1666 206 1700 AD
227 1676 375 1700 PRIMUM
398 1676 485 1709 ergo
500 1664 705 1706 dicendum,
721 1665 817 1710 quod
833 1665 917 1700 dare
935 1666 1052 1711 magis
1070 1665 1245 1712 indigenti
1265 1665 1395 1701 melius
1417 1675 1470 1701 est
1485 1666 1636 1701 caeteris

76 1718 236 1765 paribus:
259 1718 320 1752 sed
342 1719 371 1752 si
389 1718 508 1752 minus
522 1718 687 1763 indigens
707 1718 751 1752 sit
769 1718 909 1760 melior,
926 1727 960 1753 et
982 1719 1192 1753 melioribus
1213 1719 1384 1766 indigeat,
1406 1720 1490 1754 dare
1513 1720 1546 1754 ei
1565 1731 1638 1754 me-

75 1772 143 1806 lius
163 1780 232 1806 est:
257 1780 291 1806 et
317 1771 367 1806 sic
390 1779 443 1805 est
463 1771 499 1805 in
521 1771 718 1817 proposito.

146 1825 206 1859 AD
238 1835 445 1860 SECUNDUM
466 1824 671 1866 dicendum,
699 1825 795 1870 quod
821 1825 1112 1871 recompensatio
1143 1837 1217 1859 non
1240 1826 1370 1860 minuit
1399 1827 1580 1868 meritum,
1603 1834 1638 1860 et

75 1878 221 1912 laudern
243 1877 509 1924 eleemosynae,
532 1878 561 1911 si
581 1888 655 1911 non
689 1878 734 1912 sit
754 1878 906 1913 intenta:
929 1879 1021 1912 sicut
1051 1887 1085 1913 et
1106 1879 1266 1912 humana
1289 1878 1416 1924 gloria,
1444 1880 1473 1914 si
1491 1892 1565 1914 non
1593 1880 1638 1914 sit

75 1932 222 1973 intenta,
243 1942 317 1965 non
344 1931 473 1965 minuit
502 1931 682 1964 rationem
710 1931 868 1965 virtutis:
903 1932 996 1965 sicut
1025 1940 1059 1966 et
1087 1932 1130 1965 de
1161 1932 1305 1967 Catone
1334 1933 1524 1967 Sallustius
1552 1933 1638 1967 dicit

75 1986 126 2029 (in
150 1985 248 2020 Catil.
272 1986 320 2019 tz't.
343 1985 389 2018 in.
410 1983 606 2030 Comparat.
626 1984 676 2018 M.
694 1984 768 2019 Cat.
790 1989 820 2019 et
841 1984 879 2019 C.
905 1984 1028 2030 Caes),
1052 1985 1149 2031 quod
1171 1997 1242 2031 quo
1266 1986 1384 2020 minus
1407 1987 1562 2032 gloriam
1580 1997 1638 2032 pe-

75 2038 182 2081 tebat,
203 2049 248 2072 eo
274 2038 391 2084 magis
409 2037 510 2072 illam
533 2038 805 2083 assequebatur3
828 2046 863 2072 et
883 2038 931 2072 ita
954 2039 1132 2084 contingit
1151 2039 1188 2072 in
1211 2038 1452 2086 eleemosynis
1474 2041 1636 2086 spiritua-

76 2091 189 2125 libus:
213 2099 247 2126 et
268 2099 391 2126 tamen
417 2091 569 2125 intentio
598 2091 780 2125 bonorum
803 2091 1042 2137 spiritualium
1076 2103 1150 2126 non
1179 2092 1309 2127 minuit
1338 2094 1520 2135 meritum,
1547 2094 1638 2128 sicut

75 2145 226 2179 intentio
244 2144 426 2179 bonorum
447 2143 703 2190 corporalium.

170 2198 230 2232 AD
257 2208 428 2232 TERTIUM
450 2198 655 2239 dicendum,
677 2198 773 2243 quod
796 2198 965 2232 meritum
993 2199 1108 2233 dantis
1143 2198 1416 2246 eleemosynam
1446 2201 1637 2235 attenditur

76 2251 274 2286 secundum
292 2251 338 2292 id,
352 2251 387 2284 in
403 2262 474 2297 quo
497 2251 603 2285 debet
617 2251 878 2285 rationabiliter
892 2252 1116 2298 requiescere
1139 2252 1306 2287 voluntas
1329 2254 1548 2300 accipientis,
1562 2265 1636 2288 non

79 2315 121 2338 eo
142 2304 179 2338 in
201 2315 272 2350 quo
294 2304 495 2350 requiescit,
518 2304 548 2338 si
569 2304 614 2338 sit
633 2304 849 2338 inordinata.

623 2410 966 2455 ARTICULUS
1000 2412 1076 2455 IV.
1573 2424 1636 2458 188

79 2494 230 2524 UTRUM
247 2494 559 2524 ELEEMOSYNAE
573 2495 854 2525 CORPORALES
867 2496 1070 2527 HABEANT
1085 2497 1316 2527 EFFECTUM
1336 2497 1634 2526 SPIRITUALEM.

148 2571 208 2605 AD
231 2581 419 2610 QUARTUM
441 2570 491 2604 sic
513 2571 729 2615 proceditur,
749 2560 911 2614 Videtu'n
934 2572 1031 2618 quod
1054 2572 1309 2620 eleemosynae
1332 2572 1538 2618 corporales
1561 2583 1635 2606 non

55 2620 63 2659 J*
77 2624 234 2658 habeant
255 2623 424 2658 effectum
452 2623 693 2670 spiritualem:
718 2624 865 2659 effectus
888 2625 985 2659 enim
1006 2637 1080 2660 non
1112 2634 1164 2660 est
1184 2627 1303 2672 potior
1330 2637 1394 2659 sua
1428 2636 1552 2658 causa:
1575 2626 1635 2659 sed

78 2677 173 2712 bona
195 2676 392 2723 spiritualia
414 2685 496 2711 sunt
517 2677 658 2723 potiora
675 2678 941 2724 corporalibus3
962 2690 1036 2712 non
1052 2691 1137 2726 ergo
1161 2679 1415 2724 eleemosynae
1430 2678 1636 2723 corporales

59 2761 62 2765 4
79 2730 213 2764 habent
233 2729 434 2776 spirituales
456 2729 614 2764 effectus.

151 2793 181 2818 2.
204 2783 440 2818 PRAETEREA.
455 2783 552 2816 Dare
569 2783 757 2829 corporale
773 2795 838 2830 pro
860 2784 1035 2831 spirituali
1049 2785 1175 2819 vitium
1198 2792 1251 2818 est
1271 2784 1464 2818 simoniae:
1487 2784 1548 2818 sed
1563 2784 1634 2818 hoc

64 2831 207 2871 'vitium
229 2844 282 2871 est
302 2836 453 2870 omnino
474 2835 679 2879 vitandum3
700 2848 775 2872 non
797 2848 884 2883 ergo
907 2845 987 2873 sunt
1009 2837 1147 2873 dandae
1170 2837 1425 2884 eleemosynae
1448 2836 1491 2872 ad
1514 2848 1637 2872 conse-

59 2898 62 2899 ’
82 2890 267 2936 quendum
286 2888 487 2938 spirituales
509 2888 666 2925 effectus.
