1859 3122
223 164 310 219 486
646 174 868 209 QUAESTIO
901 174 999 203 va.
1034 174 1277 204 ARTICULUS
1310 174 1366 203 lv.

215 257 266 297 scd
286 258 355 299 vir,
378 264 416 290 ut
431 256 559 289 dicitur
578 266 605 289 1.
628 255 672 289 ad
692 255 778 290 Cor.
802 265 852 300 7.:
869 263 903 289 et
925 255 1054 289 eadem
1075 255 1165 289 ratio
1183 262 1236 289 est
1257 254 1300 288 de
1322 254 1515 289 similibus:
1538 255 1581 289 de
1604 254 1779 290 adulterio

215 319 348 351 tamen,
365 309 447 355 quia
469 320 543 343 non
559 308 678 343 solum
700 308 866 354 justitiae,
882 308 943 342 sed
959 308 1068 342 etiam
1084 308 1238 342 castitati
1252 308 1457 354 opponitur,
1480 308 1547 342 erit
1567 307 1670 343 locus
1686 308 1778 343 infra

217 363 346 409 agendi
367 363 402 396 in
424 370 578 396 tractatu
600 362 643 396 de
657 361 894 407 temperantia
916 361 964 406 (q.
987 372 1054 407 154.
1077 366 1141 396 art.
1159 362 1220 407 8.).

712 646 1066 707 QUAESTIO
1105 645 1283 692 LXVI.

272 771 335 802 DE
361 769 582 802 PECCATIS
609 769 848 810 JUSTITIAE
875 769 1122 807 OPPOSITIS,
1153 768 1282 808 QUAE
1308 769 1454 799 FIUNT
1479 769 1530 799 IN
1557 769 1718 808 REBUS,

472 841 536 872 ET
580 841 760 872 PRIMO
808 841 876 871 DE
927 840 1124 877 FURTO,
1174 840 1240 870 ET
1286 840 1510 879 RAPINA,

622 912 672 942 IN
698 911 867 942 NOVEM
894 911 1156 942 ARTICULOS
1182 911 1357 941 DIVISA.

283 1052 423 1086 Deinde
447 1051 752 1086 considerandum
775 1058 827 1084 est
849 1050 892 1084 de
914 1051 1070 1096 peccatis
1091 1051 1247 1096 justitiae
1270 1050 1455 1096 oppositis,
1478 1061 1541 1096 per
1559 1061 1650 1097 quae
1672 1049 1774 1084 infer-

209 1113 265 1139 tur
287 1113 550 1140 nocumentum
573 1104 738 1150 proximo
761 1104 797 1137 in
820 1104 942 1145 rebus3
965 1104 1118 1138 scilicet:
1143 1104 1185 1138 de
1208 1103 1314 1146 furto,
1337 1112 1370 1138 et
1393 1104 1527 1150 rapina.

682 1194 726 1228 Et
745 1194 834 1228 circu
855 1193 913 1227 hoc
935 1197 1142 1238 quaeruntur
1162 1204 1291 1227 novem.

278 1268 413 1301 Primo.
436 1267 568 1301 Utrum
589 1265 760 1300 naturalis
783 1267 827 1299 sit
848 1265 990 1299 homini
1011 1265 1194 1311 possessio
1214 1265 1433 1299 exteriorum
1454 1276 1585 1299 rerum.

281 1321 460 1354 Secundo.
492 1320 623 1354 Utrum
652 1319 792 1353 licitum
814 1319 869 1360 sit,
901 1318 997 1364 quod
1020 1319 1147 1364 aliquis
1170 1330 1246 1352 rem
1277 1319 1434 1364 aliquam
1461 1319 1642 1365 possideat
1669 1320 1769 1366 quasi

209 1374 404 1420 propriam.

282 1427 420 1461 Tertio.
444 1427 576 1460 Utrum
596 1425 732 1459 furtum
754 1425 798 1459 sit
820 1424 963 1458 occulta
986 1425 1150 1470 acceptio
1173 1425 1224 1458 rei
1247 1424 1395 1459 alienae.

281 1480 432 1520 Quarto.
457 1480 589 1513 Utrum
611 1479 735 1524 rapina
758 1478 801 1512 sit
823 1486 1013 1524 peccatum
1036 1479 1154 1523 specie
1178 1477 1345 1512 differens
1367 1490 1386 1512 a
1408 1478 1513 1513 furto.

279 1533 431 1574 Quinto.
454 1533 585 1566 Utrum
605 1543 714 1565 omne
736 1531 870 1565 furtum
892 1531 936 1565 sit
957 1539 1158 1577 peccatum.

279 1586 401 1620 Sexto.
428 1586 557 1620 Utrum
579 1584 713 1619 furtum
736 1585 781 1618 sit
802 1592 994 1630 peccatum
1017 1584 1182 1618 mortale.

279 1640 455 1685 Septimo.
479 1639 611 1672 Utrum
631 1638 738 1672 liceat
759 1637 869 1671 furari
890 1638 925 1671 in
953 1638 1178 1672 necessitate.

278 1694 434 1728 Octavo.
459 1693 590 1726 Utrum
612 1692 731 1726 omnis
753 1691 878 1737 rapina
899 1691 943 1725 sit
964 1699 1154 1737 peccatum
1177 1691 1341 1725 mortale.

275 1747 396 1781 Nono.
421 1747 551 1780 Utrum
574 1746 698 1792 rapina
717 1745 761 1779 sit
782 1745 925 1790 gravius
947 1753 1150 1790 peccatum,
1170 1757 1278 1790 quam
1300 1744 1443 1779 furtum.

750 1887 1096 1932 ARTICULUS
1130 1888 1162 1929 1.
1699 1898 1763 1945 368

244 1997 396 2026 UTRUM
428 1996 673 2026 NATURALIS
703 1996 768 2024 SIT
803 1995 963 2025 HOMINI
996 1995 1224 2024 POSSESSIO
1252 1995 1535 2026 EXTERIORUM
1566 1996 1723 2026 RERUM.

543 2084 633 2127 (Lib.
653 2096 680 2130 3.
706 2083 821 2118 Conir.
843 2095 873 2128 gr.
889 2089 960 2129 cap.
984 2094 1014 2117 2.
1033 2083 1092 2128 fin.
1114 2088 1143 2117 et
1164 2088 1235 2128 cap.
1258 2094 1309 2128 27.
1330 2083 1417 2127 sim).

273 2174 332 2208 Ao
354 2184 503 2208 PRnfflM
526 2175 575 2207 sic
598 2173 814 2218 proceditur.
841 2171 1003 2212 Videtur,
1032 2171 1127 2217 quod
1150 2183 1222 2205 non
1250 2172 1293 2205 sit
1319 2171 1490 2206 naturalis
1520 2172 1662 2206 homini
1683 2183 1763 2218 pos-

202 2227 314 2262 sessio
337 2227 555 2261 exteriorum
572 2237 709 2260 rerum:
732 2225 851 2259 nullus
874 2225 972 2259 enim
987 2225 1091 2258 debet
1105 2224 1170 2257 sibi
1186 2225 1388 2266 attribuere,
1407 2225 1503 2271 quod
1524 2225 1594 2259 Dei
1613 2233 1683 2260 est:
1699 2225 1760 2260 sed

203 2281 405 2315 dominium
429 2280 593 2313 omnium
610 2286 854 2313 creaturarum
871 2286 923 2312 est
944 2278 1130 2323 proprium
1149 2278 1229 2319 Dei,
1252 2278 1451 2312 secundum
1472 2278 1560 2312 illud
1574 2278 1668 2313 Psal.
1684 2289 1758 2325 23.:

201 2335 344 2368 Domini
364 2339 406 2368 ast
427 2338 527 2373 terra,
555 2340 645 2374 etc.;
668 2343 755 2376 ergo
788 2343 863 2365 non
890 2338 942 2365 est
962 2330 1134 2364 naturalis
1157 2331 1297 2365 homini
1318 2331 1498 2377 possessio
1528 2342 1647 2366 rerum
1669 2340 1761 2366 exte-

201 2388 349 2421 riorum.

272 2451 302 2475 2.
326 2441 560 2475 PRAETEREA.
585 2438 736 2472 Basilius
759 2448 941 2483 exponens
967 2437 1117 2470 verbum
1139 2437 1256 2471 divitis
1285 2437 1445 2480 dicentis,
1461 2437 1547 2471 Luc.
1575 2447 1645 2472 12.:
1676 2438 1760 2473 Con-

198 2496 337 2540 gregulvo
372 2495 496 2534 omnia,
520 2504 601 2538 quae
633 2497 713 2526 nata
743 2496 816 2525 sunt
846 2491 940 2532 mihi,
969 2495 997 2524 et
1023 2491 1106 2524 lvomz
1135 2502 1214 2531 nica,
1251 2490 1337 2524 dicit
1359 2492 1408 2535 (in
1434 2502 1528 2525 serm.
1555 2497 1625 2537 sup.
1652 2490 1735 2525 illud
1746 2503 1756 2525 .·

200 2549 380 2582 Dastruam
407 2547 525 2581 horrea
551 2546 637 2590 mea)
652 2558 661 2579 .·
692 2558 709 2576 «
731 2544 799 2577 Dic
823 2543 923 2584 mihi,
946 2554 1036 2589 quae
1055 2543 1138 2577 tua?
1162 2543 1255 2577 unde
1278 2555 1319 2578 ea
1341 2555 1487 2578 sumens
1508 2544 1544 2577 in
1570 2544 1681 2578 vitam
1707 2552 1758 2578 tu-

199 2601 295 2634 listi?
319 2612 356 2634 »ι
380 2601 440 2633 sed
463 2599 535 2640 illa,
558 2610 648 2644 quae
664 2598 777 2631 homo
800 2596 1190 2642 possidetnaturaliter‚
1213 2605 1330 2642 potest
1352 2597 1479 2643 aliquis
1502 2597 1757 2631 convenienter

200 2654 319 2687 dicere
343 2664 421 2687 essa
443 2663 525 2693 sua3
548 2662 634 2696 ergo
656 2651 770 2684 homo
789 2661 862 2683 non
885 2650 1041 2695 possidet
1063 2650 1270 2684 naturaliter
1293 2651 1468 2684 exteriora
1495 2652 1600 2685 bona.

275 2718 303 2751 3.
326 2706 562 2740 PRAETEREA.
587 2705 688 2738 Sicut
706 2703 875 2737 Ambros.
899 2702 983 2736 dicit
1005 2703 1040 2735 in
1062 2703 1120 2737 lib.
1148 2714 1174 2736 1.
1198 2703 1241 2737 de
1264 2703 1364 2737 Trin.
1389 2704 1455 2747 (scu
1481 2704 1537 2738 lib.
1564 2716 1591 2739 Ι.
1618 2704 1654 2738 de
1679 2703 1754 2738 Fid.

200 2766 271 2806 cap.
294 2761 360 2804 J.).·
387 2760 550 2793 Dominus
571 2770 688 2792 nomen
709 2762 753 2791 est
767 2757 955 2802 potcstatis:
978 2756 1038 2790 sed
1061 2757 1175 2790 homo
1197 2768 1270 2790 non
1293 2757 1400 2791 habet
1414 2765 1627 2802 potestatem
1650 2769 1755 2803 super

199 2822 255 2846 res
278 2811 491 2846 exteriores:
515 2810 605 2845 nihil
627 2811 723 2844 enim
745 2817 863 2855 potest
885 2809 979 2842 circa
999 2820 1121 2843 earum
1141 2818 1306 2845 naturam
1326 2811 1539 2853 immutare3
1566 2822 1653 2857 ergo
1676 2822 1754 2857 pos-

201 2865 315 2900 sessio
335 2865 552 2900 exteriorum
575 2876 693 2898 terum
716 2874 788 2897 non
809 2870 860 2896 est
879 2862 1018 2896 homini
1040 2863 1221 2896 naturalis.

1847 745 1859 783 ἱνᾼ
