1859 3122
521 156 741 192 QUAESTIO
775 156 892 185 XXIV.
925 155 1168 184 ARTICL'LUS
1203 154 1259 183 IX.
1582 154 1658 195 195

103 240 215 274 ficiat:
239 246 272 273 et
293 239 362 272 hoc
386 239 542 272 studium
565 240 716 284 pertinet
739 238 781 271 ad
802 238 1012 283 proficientes,
1041 237 1099 282 qui
1123 237 1165 270 ad
1187 236 1258 270 hoc
1282 235 1525 282 principaliter
1552 235 1664 269 inten-

103 293 201 334 dunt,
228 301 265 326 ut
291 292 325 325 in
353 292 403 325 cis
430 292 584 326 charitas
612 303 675 337 per
703 299 937 336 augmentum
959 290 1158 324 roboretur.
1188 290 1337 324 Tertium
1361 297 1481 323 autem
1504 289 1661 322 studium

103 354 166 387 cst,
189 353 227 379 ut
247 345 361 379 homo
385 345 427 378 ad
449 345 520 378 hoc
544 343 786 390 principaliter
812 344 983 384 intendat,
1007 351 1043 376 ut
1065 343 1145 377 Deo
1169 343 1365 383 inhaereat,
1386 351 1419 376 et
1442 353 1484 376 eo
1507 341 1660 376 fruatur:

104 407 138 433 et
163 399 234 432 hoc
262 398 414 443 pertinet
441 398 483 431 ad
507 404 566 443 pet·
584 403 677 439 artos,
709 397 768 442 qui
799 396 945 442 cupiunt
979 396 1121 437 dissolvi,
1149 401 1178 430 ct
1205 408 1264 430 essa
1295 407 1367 429 cum
1399 395 1548 429 Christo.-
1571 395 1663 429 sicut

102 452 211 486 etiam
232 451 396 485 videmus
423 451 458 484 in
486 459 587 484 motu
611 449 802 496 corporali,
830 449 926 495 quod
948 451 1096 495 primum
1119 457 1172 483 est
1198 460 1360 483 recessus
1384 461 1402 482 a
1425 449 1594 491 termino,
1618 461 1662 483 se-

103 505 243 540 cundum
270 512 390 538 autem
419 512 471 538 est
499 503 796 550 appropinquatio
825 503 867 536 ad
891 502 1001 535 alium
1027 503 1234 544 terminum,
1263 504 1393 536 tertium
1421 510 1474 536 est
1500 502 1598 548 quies
1626 502 1662 535 in

102 558 270 592 termino.

174 611 232 645 AD
255 621 402 645 PRIMUM
425 621 511 655 ergo
533 609 737 650 dicendum,
760 609 856 654 quod
879 608 996 642 omnis
1018 608 1078 642 illa
1101 608 1337 642 determinata
1357 608 1550 650 distinctio,
1570 619 1660 654 quae

103 672 220 711 potest
241 664 355 709 accipi
390 664 423 697 in
453 654 647 708 augmento
671 662 865 703 charitatis,
892 662 1211 707 comprehenditur
1232 663 1296 695 sub
1324 662 1398 695 istis
1419 662 1542 703 tribus,
1570 672 1660 707 quae

104 717 197 751 dicta
219 725 299 751 sunt
322 716 371 760 (in
394 723 482 762 corp.
506 716 610 760 tzrt.).·
630 715 721 750 sicut
742 715 851 749 etiam
867 715 985 749 omnis
1001 715 1128 748 divisio
1145 715 1402 748 continuorum
1423 715 1659 760 comprehen-

104 770 196 804 ditur
217 770 280 804 sub
302 769 413 804 tribus
436 769 511 802 his:
533 770 716 815 principio,
738 768 854 809 madio,
875 769 992 814 etfine,
1018 776 1055 801 ut
1076 767 1212 802 Philos.
1240 768 1325 802 dicit
1346 768 1381 801 in
1413 779 1440 801 1.
1469 768 1511 801 de
1538 767 1655 802 Coelo

109 823 187 868 (tex.
210 824 270 868 2.).

174 876 233 910 AD
256 886 461 910 SECUNDUM
489 874 693 915 dicendum,
720 874 816 920 quod
842 874 923 916 illis,
946 874 982 908 in
1001 874 1127 920 quibus
1155 874 1309 907 charitas
1336 874 1472 919 incipit,
1495 874 1660 920 quamvis

107 928 305 976 proficiant,
327 927 560 975 principalior
573 936 695 962 tamen
714 939 798 961 cura
816 929 993 968 imminet,
1011 935 1049 961 ut
1066 927 1231 961 resistant
1246 927 1413 972 peccatis,
1431 938 1587 972 quorum
1601 927 1664 960 im-

105 982 323 1029 pugnatione
345 981 602 1027 inquietantur:
625 981 687 1014 sed
705 988 830 1026 postea
852 981 946 1014 hanc
970 980 1283 1026 impugnationem
1307 980 1425 1014 minus
1452 980 1658 1021 sentientes,

105 1037 178 1081 jam
193 1035 294 1081 quasi
308 1035 468 1069 securius
483 1034 670 1068 intendunt
686 1034 728 1067 ad
744 1033 958 1079 perfectum;
975 1045 1015 1068 ex
1030 1045 1100 1066 una
1118 1042 1241 1067 tamen
1256 1041 1354 1079 parte
1370 1033 1542 1067 facientes
1559 1044 1662 1079 opus,

107 1097 141 1123 et
162 1101 204 1123 ex
226 1088 294 1122 alia
315 1096 413 1134 parte
431 1088 604 1121 habentes
623 1099 773 1121 manum
795 1087 839 1120 ad
858 1087 1029 1133 gladium,
1049 1094 1087 1120 ut
1104 1087 1233 1120 dicitur
1251 1087 1286 1120 in
1305 1086 1416 1120 Esdra
1437 1087 1479 1120 de
1500 1087 1662 1121 aedifica-

109 1142 243 1176 toribus
266 1141 493 1175 Hierusalem
522 1141 595 1184 (lib.
618 1153 647 1175 2.
670 1147 740 1187 cap.
763 1141 823 1184 4).

179 1196 237 1230 ΑΙ)
260 1205 429 1229 TERTIUM
456 1194 661 1236 dicendum,
684 1195 781 1240 quod
803 1193 951 1239 perfecti
973 1194 1083 1227 etiam
1104 1194 1139 1227 in
1164 1194 1336 1228 charitate
1363 1194 1572 1240 proficiunt3
1600 1195 1661 1228 sed

108 1260 181 1283 non
204 1256 257 1282 est
278 1249 321 1282 ad
342 1249 413 1282 hoc
441 1247 646 1294 principalis
673 1259 799 1282 eorum
823 1259 925 1289 cura;
953 1247 1014 1281 sed
1040 1248 1113 1292 jam
1141 1258 1267 1281 eorum
1290 1248 1448 1281 studium
1470 1248 1564 1282 circa
1590 1248 1661 1282 hoc

110 1301 265 1336 maxime
286 1309 458 1343 versatur,
476 1309 514 1335 ut
532 1301 614 1335 Deo
634 1301 861 1334 inhaereant:
882 1308 917 1334 et
935 1301 1098 1346 quamvis
1118 1301 1227 1335 etiam
1245 1301 1316 1334 hoc
1337 1309 1510 1347 quaerant
1528 1309 1562 1335 et
1578 1301 1663 1335 inci-

111 1354 258 1400 pientes,
286 1362 320 1388 et
341 1354 586 1400 proficientes:
614 1362 737 1388 tamen
771 1353 887 1399 magis
921 1355 1077 1387 sentiunt
1109 1354 1204 1387 circa
1237 1354 1306 1388 alia
1340 1365 1443 1388 suam
1470 1354 1663 1388 solicitudi-

110 1419 206 1449 nem,
228 1407 438 1453 incipientes
461 1407 607 1453 quidem
629 1407 671 1441 de
692 1407 865 1441 vitatione
892 1415 1136 1453 peccatorum,
1164 1408 1380 1452 proficentes
1406 1419 1492 1442 vero
1515 1408 1558 1441 de
1585 1420 1663 1453 pro-

107 1459 201 1493 fectu
222 1460 404 1494 virtutum.

663 1599 1004 1644 ARTICULUS
1035 1600 1088 1642 X.
1598 1624 1657 1658 133

488 1707 639 1736 UTRUM
668 1706 882 1736 CHARITAS
915 1706 1065 1735 POSSIT
1093 1707 1281 1736 DIMINUI.

406 1793 450 1837 (1.
478 1794 565 1827 Dist.
598 1803 648 1838 17.
676 1804 705 1837 q.
728 1805 758 1828 2.
786 1797 849 1826 art.
872 1804 900 1838 5.
927 1798 955 1827 ct
982 1793 1064 1826 sz'al.
1092 1805 1121 1838 q.
1150 1804 1179 1838 7.
1207 1799 1271 1827 art.
1298 1794 1358 1838 2).

180 1880 239 1914 AD
262 1891 438 1914 DECIML'M
461 1881 510 1914 sic
533 1882 748 1926 proceditur.
770 1881 932 1924 Videtur,
959 1883 1055 1927 quod
1075 1882 1229 1915 charitas
1251 1882 1364 1928 possit
1384 1882 1552 1916 diminui:
1581 1894 1662 1917 con-

111 1934 217 1966 traria
240 1934 336 1966 enirn
358 1942 441 1967 nata
467 1942 548 1968 sunt
568 1934 645 1968 fieri
671 1935 766 1968 circa
791 1935 904 1977 idem3
933 1935 994 1969 sed
1021 1935 1280 1980 augmentatiO,
1308 1943 1342 1969 et
1363 1935 1554 1970 diminutio
1582 1945 1663 1970 sunt

111 1987 311 2029 contraria,
332 1998 414 2020 cum
434 1998 519 2032 ergo
543 1987 696 2021 charitas
719 1995 902 2033 augeatur,
924 1996 962 2021 ut
983 1988 1118 2022 dictum
1140 1996 1192 2022 est
1213 2000 1319 2034 supra
1342 1989 1422 2033 (art.
1444 2000 1476 2033 4.
1505 1990 1572 2035 lmj.
1599 1991 1661 2035 q),

107 2039 246 2073 videtur
266 2040 374 2073 etiam
397 2040 492 2085 quod
514 2041 626 2085 possit
647 2041 808 2074 diminui.

182 2102 212 2125 2.
236 2092 470 2127 PRAETEREA.
493 2093 587 2139 Aug.
615 2103 665 2127 10.
690 2093 795 2127 Conf.
819 2093 906 2140 (cap.
930 2095 999 2140 29.)
1024 2093 1067 2127 ad
1088 2094 1209 2128 Deum
1231 2094 1394 2140 loquens,
1421 2095 1522 2129 dicit:
1550 2097 1663 2130 Minus

112 2149 138 2179 te
157 2150 259 2186 amat,
283 2147 339 2191 qui
366 2150 468 2180 lecum
491 2146 616 2191 aliquid
637 2152 752 2187 amrm-
776 2154 810 2180 et
829 2147 866 2179 in
888 2146 946 2180 lib.
970 2147 1024 2192 83.
1046 2146 1134 2187 QQ.
1158 2149 1202 2192 (q.
1217 2148 1287 2193 36.)
1311 2148 1405 2189 dicit,
1433 2148 1528 2194 quod
1555 2149 1663 2182 nutri-

115 2206 278 2231 mentum
301 2198 482 2233 charitatis
511 2207 563 2233 est
589 2199 779 2233 diminutio
807 2199 1026 2245 cupiditatis:
1051 2212 1092 2234 ex
1120 2212 1191 2245 quo
1218 2201 1366 2243 videtur,
1389 2202 1484 2247 quod
1508 2202 1616 2236 etiam
1643 2214 1661 2236 e

114 2261 289 2285 converso
309 2260 545 2297 augmentum
568 2253 769 2298 cupiditatis
791 2254 835 2286 sit
855 2253 1046 2286 diminutio
1069 2253 1267 2288 charitatis:
1291 2255 1351 2288 sed
1380 2255 1565 2300 cupiditas,
1592 2267 1661 2301 qua

114 2311 254 2337 amatur
276 2303 408 2349 aliquid
431 2304 537 2347 aliud,
560 2317 669 2351 quam
695 2305 805 2347 Deus,
826 2313 944 2352 potest
961 2306 996 2339 in
1018 2306 1168 2340 homine
1191 2318 1370 2350 crescere;
1393 2319 1479 2353 ergo
1507 2309 1661 2343 charitas

108 2364 225 2402 potest
243 2357 403 2390 diminui.

188 2421 215 2455 3.
239 2410 473 2445 PRAETEREA.
498 2411 599 2445 Sicut
616 2411 769 2457 August.
792 2411 877 2446 dicit
899 2412 929 2445 8.
952 2423 1058 2458 super
1081 2412 1212 2447 Genes.
1236 2414 1278 2446 ad
1294 2413 1344 2448 lit.
1359 2415 1446 2460 (rap.
1461 2415 1541 2459 12),
1559 2426 1660 2448 «non

108 2462 157 2496 ita
169 2462 268 2496 Deus
283 2471 450 2509 operatur
462 2464 651 2498 hominem
665 2466 810 2510 justum,
828 2464 1055 2510 justificando
1071 2477 1165 2507 eum,
1177 2474 1225 2507 ut,
1241 2467 1269 2500 si
1282 2467 1500 2509 abscesserit,
1517 2475 1662 2501 maneat

108 2515 144 2548 in
166 2516 321 2558 absente,
344 2517 439 2561 quod
461 2516 546 2551 facit
559 2529 599 2550 »2
627 2529 669 2551 ex
691 2529 761 2563 quo
784 2525 902 2564 potest
917 2518 1044 2564 accipi,
1067 2519 1162 2564 quod
1185 2520 1313 2553 eodem
1329 2520 1439 2553 modo
1454 2521 1552 2554 Deus
1580 2531 1661 2566 ope-

111 2575 208 2602 ratur
227 2568 263 2602 in
281 2569 442 2610 homine,
465 2570 675 2604 charitatem
698 2572 772 2616 ejus
795 2571 1056 2612 conservando,
1072 2583 1143 2617 quo
1166 2582 1332 2618 operatur
1355 2574 1470 2618 primo
1494 2574 1527 2607 ei
1549 2574 1661 2608 chari-

110 2629 222 2655 tatem
236 2621 477 2656 infundendo:
492 2623 554 2656 sed
568 2623 603 2656 in
619 2624 734 2669 prima
750 2624 929 2657 charitatis
945 2624 1124 2658 infusione
1140 2627 1257 2658 minus
1272 2637 1308 2659 se
1323 2626 1547 2671 praeparanti
1561 2627 1661 2661 Deus

109 2673 289 2708 minorem
311 2675 519 2709 charitatem
543 2675 711 2718 infundit3
735 2688 821 2722 ergo
844 2677 952 2710 etiam
974 2677 1010 2710 in
1033 2678 1308 2712 conservatione
1333 2679 1513 2712 charitatis
1540 2679 1659 2714 minus

109 2737 147 2760 se
167 2727 393 2772 praeparanti
414 2728 594 2762 minorem
616 2729 830 2763 charitatem
853 2739 1061 2772 conservat3
1085 2739 1203 2776 potest
1218 2742 1305 2775 ergo
1322 2732 1476 2765 charitas
1495 2732 1658 2767 diminui.

183 2779 256 2813 SED
280 2790 433 2814 CONTRA
455 2788 518 2822 est,
540 2781 636 2826 quod
659 2782 813 2816 charitas
831 2783 867 2816 in
890 2783 1073 2828 Scriptura
1091 2784 1166 2829 igni
1192 2792 1432 2829 comparatur,
1460 2786 1658 2820 secundum

110 2830 198 2865 illud
222 2832 327 2866 Cant.
351 2833 400 2867 8.:
422 2834 604 2880 Lampadas
624 2837 703 2879 ejus,
723 2835 860 2869 scilicet
882 2836 1075 2878 charitatis,
1095 2837 1260 2883 lampadas
1278 2839 1372 2882 ignis,
1396 2844 1491 2884 atque
1504 2840 1659 2885 flamma-
