1859 3122
464 191 685 227 QUAESTIO
719 191 900 220 XXXVIII.
934 191 1180 220 ARTICULUS
1213 191 1240 220 Ι.
1548 191 1631 233 307

71 275 182 309 modo
206 274 438 316 acrimoniae,
460 274 510 307 sic
531 273 716 308 contentio
736 280 789 307 est
804 271 1011 306 laudabilis:
1034 272 1063 306 si
1083 280 1203 306 autem
1220 272 1415 318 accipiatur
1437 273 1634 315 contentio,

71 328 270 363 secundum
292 328 388 374 quod
407 328 578 373 importat
598 327 912 372 impugnationem
934 324 1097 359 falsitatis
1113 337 1195 359 cum
1214 326 1420 360 inordinato
1443 327 1567 369 modo,
1583 329 1633 361 sic

71 390 189 427 potest
211 393 288 416 esse
311 389 500 427 peccatum
514 380 669 415 veniale:
685 379 752 413 nisi
768 378 860 413 forte
875 387 972 413 tanta
995 379 1214 413 inordinatio
1232 379 1292 413 fiat
1306 380 1341 413 in
1365 380 1633 422 contendendo,

71 435 166 480 quod
190 447 231 468 ex
258 435 328 468 hoc
352 443 541 479 generetur
560 432 771 468 scandalum
794 432 970 474 aliorum3
993 432 1086 466 unde
1109 440 1143 466 et
1162 432 1360 478 Apostolus
1383 445 1467 467 cum
1490 434 1635 468 dixisset

73 498 103 522 2.
127 488 170 522 ad
195 488 358 522 Timoth.
382 498 412 522 2.
436 488 516 522 Noli·
535 488 645 522 verbis
669 486 867 528 contendere,
889 485 1025 520 subdit:
1050 485 1104 520 Ad
1126 486 1208 519 nihil
1230 488 1315 520 enim
1337 488 1413 521 utile
1434 492 1489 528 est,
1512 488 1576 521 nisi
1593 487 1635 521 ad

69 542 311 576 subversionem
333 541 548 575 aztc‘limtizmz.

142 595 202 629 AD
224 605 371 629 PRIMUM
394 606 480 639 ergo
500 593 704 634 dicendum,
723 593 820 639 quod
842 593 878 626 in
900 591 1084 638 discipulis
1107 591 1241 626 Christi
1257 603 1331 626 non
1354 601 1429 627 erat
1447 594 1632 628 contentio

71 659 154 682 cum
176 648 374 682 intentione
402 647 638 694 impugnandi
664 646 871 680 veritatem:
901 646 984 691 quia
1011 645 1256 691 unusquisque
1283 645 1508 688 defendebat,
1535 647 1633 692 quod

71 702 138 736 sibi
166 713 292 735 verum
319 701 523 735 videbatur:
555 708 630 734 erat
658 707 780 734 tamen
806 700 843 733 in
870 710 997 733 eorum
1026 699 1258 732 contentione
1287 699 1524 742 inordinatim
1551 701 1634 746 quia

71 755 339 789 contendebant
359 755 402 789 de
424 765 495 800 quo
518 766 591 788 non
619 761 694 788 erat
716 753 1022 794 contendendum,
1050 751 1187 786 scilicet
1214 753 1257 786 de
1280 753 1435 798 primatu
1463 754 1632 788 honoris:

71 809 233 842 nondum
257 810 354 842 enim
381 817 481 842 erant
513 806 725 854 spirituales,
748 808 840 840 sicut
875 806 995 841 Gloss.
1019 806 1153 839 ibidem
1175 805 1261 839 dicit
1283 806 1466 850 (colligitur
1487 819 1526 841 ex
1547 807 1634 841 Beda

71 863 127 896 lib.
155 862 188 896 6.
219 867 390 896 comment.
426 863 460 896 in
485 862 566 896 Luc.
601 867 671 907 cap.
694 861 763 905 22.)
778 872 790 900 ;
818 859 914 893 unde
944 860 1126 893 Dominus
1156 868 1421 905 consequenter
1448 871 1510 894 eos
1539 871 1636 894 com-

72 918 220 963 pescuit.

143 970 203 1004 AD
223 981 430 1005 SECUNDUM
458 969 663 1010 dicendum,
685 969 781 1014 quod
804 968 856 1002 illi
883 968 942 1014 qui
965 979 1006 1002 ex
1029 967 1263 1002 contentione
1291 967 1479 1002 Christum
1501 968 1636 1014 praedi-

72 1023 212 1065 cabant,
228 1023 525 1069 reprehensibiles
541 1031 658 1056 erant:
679 1023 761 1068 quia
784 1022 948 1068 quamvis
964 1033 1037 1055 non
1054 1022 1310 1067 impugnarent
1330 1023 1520 1056 veritatem
1540 1022 1635 1064 fidei,

71 1077 132 1111 sed
155 1088 236 1110 eam
258 1077 526 1123 praedicarent3
548 1076 810 1122 impugnabant
830 1083 953 1109 tamen
974 1075 1162 1109 veritatem
1185 1083 1360 1121 quantum
1379 1075 1422 1109 ad
1439 1076 1522 1117 hoc,
1538 1077 1634 1122 quod

71 1130 240 1176 putabant
266 1143 295 1164 ,ω
323 1132 478 1164 suscitare
500 1136 690 1176 promti-cim
716 1128 898 1175 Apostolo
932 1129 1122 1163 veritatem
1156 1129 1238 1162 fidei
1265 1129 1504 1174 praedicanti3
1541 1130 1635 1164 unde

71 1183 270 1230 Apostolus
292 1195 366 1217 non
393 1183 571 1229 gaudebat
597 1183 640 1216 de
663 1194 791 1216 eorum
826 1183 1072 1223 contentione,
1095 1183 1157 1216 sed
1193 1184 1234 1216 de
1255 1182 1384 1224 fructu,
1412 1183 1473 1228 qui
1500 1195 1542 1217 ex
1562 1184 1634 1217 hoc

72 1237 315 1283 proveniebat,
337 1237 475 1271 scilicet
489 1236 584 1282 quod
609 1236 776 1271 Christus
799 1236 1090 1270 annuntiabatur:
1115 1236 1197 1282 quia
1215 1248 1256 1270 ex
1279 1235 1382 1270 malis
1402 1237 1511 1270 etiam
1534 1248 1636 1271 occa-

71 1290 256 1324 sionaliter
277 1290 542 1336 subsequuntur
562 1290 669 1324 bona.

141 1343 202 1378 AD
218 1353 389 1378 TERTIUM
400 1344 605 1385 dicendum,
621 1344 717 1389 quod
728 1343 929 1378 secundum
945 1342 1167 1389 completam
1182 1343 1360 1377 rationem
1377 1343 1635 1385 contentionis,

72 1405 177 1444 prout
199 1405 253 1431 est
273 1404 461 1442 peccatum
497 1397 661 1439 mortale,
683 1397 755 1441 ille,
778 1398 813 1430 in
836 1397 969 1442 judicio
993 1397 1190 1438 contendit,
1217 1398 1276 1442 qui
1298 1397 1488 1443 impugnat
1509 1398 1636 1431 verita-

71 1458 146 1485 tem
167 1451 340 1495 justitiae3
363 1459 398 1485 et
417 1451 453 1484 in
476 1451 717 1496 disputatione
741 1450 936 1491 contendit,
959 1450 1019 1496 qui
1040 1451 1194 1484 intendit
1213 1450 1427 1496 impugnare
1445 1451 1634 1485 veritatem

74 1504 277 1545 doctrinae3
299 1512 334 1538 et
354 1504 554 1538 secundum
572 1504 643 1538 hoc
667 1504 837 1538 catholici
854 1514 929 1536 non
946 1503 1167 1537 contendunt
1187 1512 1312 1537 contra
1334 1503 1549 1546 haereticos,
1571 1504 1633 1538 sed

74 1557 192 1603 potius
214 1569 232 1590 e
248 1568 443 1591 converso:
460 1557 489 1591 si
511 1565 632 1591 autem
654 1557 851 1603 accipiatur
873 1559 1057 1591 contentio
1079 1557 1116 1589 in
1145 1557 1292 1601 judicio,
1315 1556 1373 1590 vel
1394 1557 1634 1603 disputatione

74 1610 273 1644 secundum
286 1610 536 1656 imperfectam
554 1610 745 1651 rationem,
760 1609 898 1644 scilicet
919 1611 1119 1644 secundum
1133 1610 1229 1655 quod
1243 1610 1415 1656 importat
1437 1611 1633 1656 quamdam

75 1663 312 1697 acrimoniam
334 1663 539 1705 locutionis,
562 1663 611 1697 sic
634 1674 709 1697 non
730 1674 874 1709 semper
895 1671 948 1697 est
965 1671 1156 1709 peccatum
1179 1663 1345 1697 mortale.

144 1717 204 1751 AD
227 1727 415 1756 QUARTUM
436 1717 641 1758 dicendum,
663 1717 760 1763 quod
782 1717 967 1750 contentio
987 1717 1035 1750 ibi
1056 1716 1209 1750 sumitur
1231 1716 1475 1751 communiter
1495 1729 1560 1763 pro
1583 1717 1635 1751 di-

74 1771 296 1817 sputatione:
319 1771 456 1805 dixerat
477 1771 574 1804 enim
596 1771 661 1816 Job
691 1781 767 1816 cap.
794 1781 865 1816 13.:
889 1769 944 1804 Ad
969 1771 1233 1816 Omnipotentem
1259 1771 1389 1816 loquar,
1418 1776 1446 1805 et
1467 1771 1634 1818 disputan²

74 1836 148 1859 cum
166 1825 237 1858 Deo
265 1826 373 1870 cupio,
395 1835 470 1858 non
491 1831 614 1858 tamen
636 1824 823 1858 intendens
845 1834 962 1869 neque
981 1823 1171 1857 veritatem
1192 1823 1416 1870 impugnare,
1440 1825 1501 1858 sed
1523 1825 1635 1871 inqui-

74 1889 162 1920 rere,
192 1889 308 1924 neque
343 1878 438 1912 circa
464 1877 558 1912 hanc
584 1877 857 1924 inquisitionem
892 1877 1011 1923 aliqua
1042 1877 1309 1912 inordinatione
1343 1877 1401 1912 vel
1428 1879 1550 1921 animi,
1576 1883 1634 1918 vel

73 1943 174 1966 vocis
195 1933 257 1966 uti.

643 2049 988 2094 ARTICULUS
1023 2049 1079 2092 H.
1566 2072 1634 2097 220

316 2146 469 2176 UTRUM
497 2145 756 2176 CONTENTIO
785 2145 852 2175 SIT
880 2145 994 2174 FILIA
1020 2145 1162 2175 INANIS
1191 2145 1394 2175 GLORIAE.

280 2223 385 2268 (Itzfr.
412 2234 442 2268 q.
473 2233 539 2268 132.
567 2227 630 2256 art.
653 2233 682 2268 5.
709 2227 737 2257 et
762 2222 847 2256 Mal.
874 2233 904 2267 q.
931 2233 963 2267 9.
990 2226 1053 2256 art.
1076 2233 1104 2268 3.
1132 2228 1221 2268 corp.
1248 2227 1278 2257 et
1303 2221 1346 2256 ad
1370 2222 1432 2268 4).

145 2306 205 2340 AD
233 2316 440 2341 SECUNDUM
461 2305 512 2339 sic
533 2305 749 2351 proceditur.
770 2304 932 2346 Videtur,
954 2304 1050 2350 quod
1069 2304 1254 2338 contentio
1273 2315 1346 2338 non
1365 2304 1410 2338 sit
1428 2303 1500 2338 filia
1518 2304 1634 2338 inanis

75 2358 230 2405 gloriae:
247 2359 433 2393 contentio
449 2359 546 2392 enim
562 2357 772 2392 affinitatem
786 2358 895 2392 habet
909 2357 952 2391 ad
966 2357 1104 2399 zelum3
1119 2357 1213 2392 unde
1227 2358 1356 2392 dicitur
1374 2369 1401 2392 1.
1418 2358 1461 2390 ad
1478 2357 1563 2391 Cor.
1585 2369 1633 2403 3.:

77 2412 163 2447 Cum
188 2414 229 2447 sit
249 2413 334 2446 inter
353 2423 411 2446 vos
432 2412 528 2456 zelus,
551 2416 581 2446 et
598 2413 772 2453 contentio,
799 2423 905 2445 nonne
931 2411 1080 2446 carnales
1104 2413 1186 2454 estis,
1212 2416 1240 2445 et
1267 2411 1441 2445 secundum
1471 2411 1634 2445 hominem

75 2466 276 2500 ambulatis?
291 2464 395 2500 Zelus
418 2473 539 2499 autem
554 2465 597 2498 ad
611 2464 784 2498 invidiam
805 2464 975 2510 pertinet3
998 2475 1084 2511 ergo
1107 2465 1291 2499 contentio
1308 2476 1349 2498 ex
1364 2464 1499 2498 invidia
1518 2464 1632 2510 magis

75 2519 197 2553 oritur.

146 2582 177 2605 2.
200 2572 436 2606 PRAETEREA.
460 2571 658 2605 Contentio
682 2582 765 2604 cum
788 2570 948 2606 clamore
970 2571 1129 2618 quodam
1159 2579 1230 2606 est:
1260 2572 1321 2605 sed
1351 2570 1490 2604 clamor
1516 2582 1557 2604 ex
1584 2570 1635 2604 ira

76 2625 198 2666 oritur,
220 2633 258 2659 ut
279 2632 375 2669 patet
396 2636 458 2670 per
481 2624 634 2670 Gregor.
661 2635 711 2670 31.
734 2624 863 2660 Moral.
886 2625 977 2671 (cap.
1008 2625 1098 2671 17.);
1130 2636 1216 2671 ergo
1248 2633 1282 2658 et
1311 2624 1495 2658 contentio
1523 2624 1636 2658 oritur

75 2689 118 2711 ex
139 2679 201 2711 ira.

150 2743 179 2777 3.
202 2731 437 2765 PRAETEREA.
459 2731 555 2764 Inter
576 2730 646 2764 alia
667 2731 815 2765 scientia
837 2731 977 2765 videtur
991 2743 1068 2766 esse
1083 2731 1234 2766 materia
1249 2730 1446 2776 superbiae,
1462 2738 1497 2764 et
1517 2730 1633 2765 inanis

76 2784 224 2830 gloriae,
247 2784 446 2818 secundum
467 2783 555 2817 illud
582 2795 608 2818 1.
631 2783 675 2818 ad
698 2784 863 2819 Corinth.
887 2785 938 2819 8.:
962 2785 1107 2819 Sciantia
1125 2785 1240 2830 injicn:
1268 2784 1331 2817 sed
1353 2783 1536 2817 contentio
1563 2784 1635 2829 ple-

76 2849 227 2883 rumque
242 2838 407 2884 provenit
421 2848 462 2871 ex
484 2837 624 2871 defectu
638 2837 818 2880 scientiae,
834 2850 896 2884 per
909 2850 1016 2884 quam
1032 2838 1222 2884 praecipue
1237 2837 1366 2870 veritas
1389 2838 1632 2882 cognoscitur,

76 2902 151 2926 non
171 2891 423 2938 impugnatur3
445 2902 532 2936 ergo
551 2891 735 2926 contentio
757 2903 831 2926 non
853 2900 906 2926 est
926 2891 999 2925 filia
1020 2891 1136 2926 inanis
1157 2889 1306 2936 gloriae.
