1859 3122
454 210 675 248 QUAESTIO
709 210 827 239 XLIII.
863 209 1106 239 ARTICULUS
1138 208 1211 238 VII.
1544 206 1623 249 333

67 293 254 339 contingit,
278 293 305 328 si
329 305 369 328 ex
393 294 617 327 correctione
651 291 759 326 frater
779 290 1061 332 scandalizetur3
1084 298 1118 324 et
1139 290 1234 331 ideo,
1255 289 1286 323 si
1312 295 1457 335 propter
1484 287 1630 322 scanda-

66 347 141 381 lum
165 347 343 381 correctio
367 346 575 387 dimittatur,
597 356 670 379 non
693 345 884 379 dimittitur
905 343 1089 390 spirituale
1111 344 1260 377 bonurn.

137 401 197 434 AD
213 411 400 439 QUARTUM
417 399 622 441 dicendum,
645 399 741 445 quod
759 399 792 432 in
815 398 963 432 veritate
985 398 1091 438 vitae,
1111 397 1308 437 doctrinae,
1331 395 1533 441 etjustitiae
1555 405 1629 428 non

65 453 184 487 solum
208 453 526 499 comprehenditur
548 452 593 493 id,
626 452 722 498 quod
745 460 797 485 est
819 452 861 485 de
884 451 1098 484 necessitate
1125 449 1260 490 salutis,
1283 449 1344 483 sed
1369 449 1477 482 etiam
1501 448 1546 489 id,
1569 459 1631 493 per

66 507 161 553 quod
178 506 368 552 perfectius
384 507 588 552 pervenitur
611 506 653 539 ad
677 505 842 546 salutem,
865 504 1064 538 secundum
1088 502 1175 536 illud
1196 514 1222 536 1.
1243 503 1286 536 ad
1309 502 1395 535 Cor.
1419 512 1469 535 12.
1487 513 1494 535 ;
1511 502 1632 535 Aemu-

66 561 186 594 lamini
208 561 409 595 charismata
431 560 590 599 meliorem
613 559 707 593 unde
731 559 839 592 etiam
868 557 1017 592 consilia
1043 569 1117 590 non
1140 564 1221 590 sunt
1243 555 1455 601 simpliciter
1481 562 1634 601 praeter-

66 614 252 655 mittenda,
274 625 340 648 nec
363 615 472 648 etiarn
494 612 763 646 misericordiae
780 623 900 658 opera,
924 619 1069 656 propter
1092 609 1320 644 scandalum:
1341 609 1402 643 sed
1425 616 1507 643 sunt
1528 608 1632 641 inter-

66 667 153 701 dum
176 667 402 708 occultanda,
423 666 481 700 vel
503 665 710 707 differenda,
726 673 871 711 propter
886 664 1098 698 scandalum
1117 663 1344 708 pusillorum,
1368 670 1404 696 ut
1423 662 1559 695 dictum
1580 669 1634 695 est

68 720 119 765 (in
141 727 230 767 corp.
249 722 344 765 art),
367 720 583 766 quandoque
604 727 728 753 tamen
748 718 985 752 consiliorum
1000 717 1217 758 observatio,
1238 724 1272 750 et
1294 716 1457 761 impletio
1481 725 1632 760 operum

68 774 339 808 misericordiae
355 781 436 808 sunt
457 773 500 807 de
521 773 734 807 necessitate
749 772 892 806 salutis:
915 771 1013 818 quod
1035 778 1131 817 patet
1152 770 1188 804 in
1210 770 1266 804 his
1281 769 1341 815 qui
1363 770 1435 814 jain
1456 776 1634 802 voverunt

68 827 231 869 consilia,
255 835 288 861 et
306 828 341 861 in
359 827 415 861 his
437 827 563 872 quibus
579 838 620 860 ex
642 826 762 859 debito
779 825 946 859 imminet
967 823 1164 858 defectibus
1188 823 1344 857 aliorum
1363 822 1564 863 subvenire,
1582 821 1634 855 vel

68 881 104 914 in
118 880 377 926 temporalibus
397 881 496 926 (puta
510 879 690 926 pascendo
707 879 954 921 esurientem),
973 878 1024 912 vel
1039 878 1074 911 in
1090 876 1333 923 spiritualibus
1350 877 1452 921 (puta
1467 875 1633 909 docendo

68 934 327 979 ignorantem),
342 934 422 981 sive·
433 933 643 978 hujusmodi
656 932 744 966 fiant
762 932 881 966 debita
903 940 1048 978 propter
1068 931 1273 976 injunctum
1292 929 1465 970 officium,
1484 937 1523 962 ut
1537 936 1634 973 patet

67 987 104 1021 in
125 987 320 1029 Praelatis;
342 987 416 1021 sive
438 995 584 1033 propter
605 986 858 1020 necessitatem
882 984 1094 1030 indigentis;
1118 992 1152 1018 et
1173 992 1257 1017 tunc
1273 983 1402 1017 eadem
1417 982 1507 1016 ratio
1524 989 1577 1015 est
1592 981 1634 1014 de

68 1041 288 1086 hujusmodi,
310 1041 402 1075 sicut
423 1041 465 1074 de
487 1039 578 1081 aliis,
601 1050 692 1085 quae
715 1046 797 1073 sunt
818 1039 861 1072 de
883 1038 1098 1072 necessitate
1121 1037 1256 1071 salutis.

141 1095 201 1129 AD
229 1104 408 1134 Qum'rmr
435 1093 639 1135 dicendum,
666 1092 774 1138 quod,
803 1092 950 1137 quidam
977 1091 1152 1132 dixerunt,
1182 1097 1375 1136 peccatum
1396 1087 1537 1122 veniale
1559 1097 1636 1121 esse

70 1147 374 1183 committendum
395 1155 540 1193 propter
560 1146 748 1180 vitandum
771 1144 1002 1180 scandalum:
1025 1145 1088 1178 sed
1109 1143 1181 1178 hoc
1204 1141 1367 1189 implicat
1393 1141 1586 1182 contraria,
1609 1140 1638 1174 si

71 1201 168 1236 enim
193 1201 399 1235 faciendum
421 1208 484 1242 est,
517 1201 591 1245 jam
612 1210 687 1233 non
709 1207 762 1233 est
783 1198 935 1240 malum,
961 1208 1078 1243 neque
1101 1204 1312 1243 peccatum:
1339 1206 1426 1228 nam
1447 1202 1637 1241 peccatum

71 1266 145 1289 non
167 1262 285 1301 potest
305 1265 382 1288 esse
404 1252 581 1299 eligibile3
605 1252 783 1298 contingit
808 1260 942 1293 tannen,
967 1250 1100 1296 aliquid
1127 1257 1273 1296 propter
1300 1247 1460 1294 aliquam
1488 1248 1639 1281 circum-

72 1309 241 1343 stantiam
262 1318 337 1341 non
363 1318 440 1341 esse
466 1314 658 1352 peccatum
690 1304 844 1347 veniale,
871 1304 968 1350 quod
1002 1303 1064 1337 illa
1092 1302 1362 1338 circumstantia
1389 1301 1528 1335 sublata
1561 1311 1640 1346 pec-

73 1370 194 1396 catum
219 1360 361 1395 veniale
388 1368 499 1395 esset:
527 1360 619 1393 sicut
643 1359 794 1393 verbum
821 1359 989 1404 iocosum
1017 1365 1069 1391 est
1095 1364 1288 1403 peccatum
1313 1354 1466 1397 veniale,
1494 1353 1639 1400 quando

73 1416 207 1461 absque
229 1414 380 1449 utilitate
402 1413 545 1447 dicitur:
562 1413 591 1447 si
609 1421 730 1447 autern
750 1423 791 1446 ex
812 1422 920 1445 causa
935 1409 1140 1444 rationabili
1155 1408 1368 1456 proferatur,
1387 1420 1461 1442 non
1482 1415 1534 1442 est
1553 1407 1642 1441 otio-

74 1480 166 1510 sum,
186 1479 304 1514 neque
325 1475 533 1513 peccatum:
558 1465 722 1512 quamvis
745 1473 868 1499 autem
888 1475 950 1510 per
971 1471 1163 1510 peccatum
1181 1461 1322 1496 veniale
1343 1461 1456 1508 gratia
1478 1472 1552 1494 non
1574 1460 1641 1494 tol-

74 1521 178 1563 latur,
198 1532 260 1567 per
275 1532 383 1566 quam
399 1528 452 1554 est
464 1519 624 1553 hominis
640 1518 755 1560 salus3
770 1518 985 1564 inquantum
1003 1525 1126 1551 tamen
1147 1515 1288 1550 veniale
1307 1515 1465 1562 disponit
1487 1515 1530 1548 ad
1549 1525 1642 1548 mor-

75 1574 158 1617 tale,
179 1574 296 1620 vergit
315 1573 352 1607 in
373 1572 630 1607 detrimentum
651 1571 785 1606 salutis.

600 1714 947 1760 ARTICULUS
978 1713 1101 1756 VIII.
1571 1730 1639 1764 240

162 1825 314 1856 UTRUM
340 1824 535 1855 PROPTER
561 1822 827 1854 SCANDALUM
848 1822 945 1852 smT
966 1820 1246 1851 TEMPORALIA
1266 1818 1563 1849 DIMITTENDA.

413 1912 461 1957 (4.
483 1913 571 1947 Dist.
590 1913 641 1958 38.
660 1924 690 1958 q.
712 1924 739 1947 r.
762 1916 825 1945 art.
852 1922 884 1955 4.
907 1915 934 1944 et
960 1911 1054 1945 Rom.
1076 1920 1128 1954 14.
1155 1909 1225 1944 lact.
1244 1908 1303 1955 3.).

152 2003 212 2037 An
238 2012 426 2037 OCTAVUM
453 2002 502 2036 sic
529 2001 746 2047 proceditur.
779 1999 942 2041 Videtur,
970 1998 1066 2044 quod
1093 1997 1309 2044 temporalia
1335 1997 1406 2031 sint
1432 1995 1644 2030 dimittenda

80 2065 226 2104 propter
247 2055 479 2090 scandalum:
502 2055 618 2101 magis
646 2055 742 2088 enim
774 2053 946 2088 debemus
967 2051 1117 2098 diligere
1143 2050 1366 2098 spiritualem
1392 2049 1546 2084 salutem
1568 2059 1647 2095 pro-

79 2110 179 2152 ximi,
201 2121 292 2155 quae
313 2109 506 2155 impeditur
538 2119 600 2154 per
630 2107 854 2148 scandalum,
878 2116 987 2151 quarn
1009 2116 1261 2152 quaecumque
1287 2103 1503 2150 temporalia
1529 2103 1644 2136 bona:

81 2163 143 2198 sed
166 2163 201 2197 id
227 2162 323 2208 quod
351 2162 468 2196 minus
496 2161 690 2208 diligimus,
726 2160 910 2206 diligimus
932 2167 1078 2205 propter
1105 2159 1141 2193 id
1175 2158 1271 2205 quod
1293 2158 1410 2203 magis
1443 2156 1644 2202 diligimus;

82 2227 169 2263 ergo
189 2215 407 2261 temporalia
427 2215 544 2261 magis
579 2215 751 2250 debemus
779 2215 958 2251 dimittere
986 2215 1030 2248 ad
1063 2213 1252 2247 vitandum
1285 2210 1497 2246 scandalum
1531 2208 1645 2256 proxi-

84 2280 241 2303 morum.

157 2333 187 2358 2.
209 2323 446 2357 PRAETEREA.
470 2321 679 2356 Secundum
698 2322 864 2368 regulam
886 2323 1034 2356 Hieron.
1054 2321 1147 2366 (hab.
1162 2321 1198 2354 in
1221 2319 1310 2354 Glos.
1332 2318 1462 2364 Lyrani
1474 2322 1545 2362 sup.
1566 2313 1646 2349 illud

92 2376 213 2411 Matth.
236 2387 298 2422 15..·
320 2376 388 2410 Scis
409 2376 485 2421 quia
504 2376 715 2420 Pharisaei):
750 2376 887 2418 Omnia,
910 2387 992 2422 quac¹
1008 2373 1384 2422 possuntpraetermitti
1408 2370 1502 2405 sal-va
1524 2368 1649 2414 triplici

85 2431 238 2471 veritat&
253 2433 471 2475 suntpropter
482 2428 675 2463 scandalum
696 2429 889 2464 dimittenda
905 2442 914 2464 .·
934 2428 996 2463 sed
1010 2426 1226 2473 temporalia
1244 2432 1394 2471 possunt
1415 2420 1649 2468 praetermitti

89 2483 187 2517 salva
208 2481 341 2528 triplici
361 2482 530 2524 veritate3
553 2493 640 2528 ergo
662 2490 745 2516 sunt
766 2491 911 2528 propter
932 2480 1146 2516 scandalum
1167 2478 1390 2513 dimittenda.

164 2547 193 2581 3.
216 2536 453 2570 PRAETEREA.
475 2535 516 2568 In
533 2535 793 2580 temporalibus
815 2535 919 2570 bonis
940 2534 1033 2569 nihil
1054 2542 1107 2567 est
1128 2532 1244 2578 magis
1266 2529 1522 2569 necessarium,
1542 2537 1650 2572 quam

89 2590 207 2624 cibus:
240 2589 302 2623 sed
333 2588 432 2622 cibus
463 2596 516 2622 est
543 2589 882 2633 praetermittendus
912 2596 1058 2634 propter
1088 2585 1312 2625 scandalum,
1342 2581 1539 2616 secundum
1563 2579 1651 2613 illud

88 2643 196 2677 Rom.
223 2651 293 2684 14:
316 2642 396 2676 Noli
417 2642 488 2675 cibo
503 2647 556 2675 tuo
575 2642 669 2675 illum
682 2642 907 2688 perdare,p1·0
922 2653 984 2687 quo
1009 2641 1158 2675 Christus
1177 2642 1324 2672 mortuns
1345 2640 1408 2675 esu·
1430 2645 1515 2679 ergo
1535 2632 1650 2666 multo

90 2696 208 2742 magis
231 2695 355 2729 omnia
378 2694 447 2728 alia
468 2694 684 2740 temporalia
705 2703 787 2729 sunt
807 2702 952 2741 propter
974 2692 1186 2728 scandalum
1209 2688 1431 2723 dimittenda.

160 2759 194 2792 4.
221 2749 456 2782 PRAETEREA.
490 2747 726 2793 Temporalia
752 2747 853 2781 nullo
882 2745 1168 2782 convenientiori
1194 2742 1304 2776 modo
1332 2750 1559 2781 conservare,
1591 2746 1652 2772 aut

92 2813 305 2848 recuperare
328 2812 532 2847 POSSUmUS,
554 2812 663 2846 quam
685 2812 747 2847 per
769 2801 962 2846 judicium:
985 2799 1047 2833 sed
1062 2797 1201 2844 judiciis
1223 2795 1274 2828 uti
1294 2805 1368 2828 non
1390 2793 1484 2834 licet,
1503 2800 1537 2826 et
1554 2803 1652 2838 prae-

94 2856 198 2901 cipue
222 2866 305 2888 cum
320 2853 509 2889 scandalo:
532 2854 660 2888 dicitur
680 2854 777 2888 enim
799 2854 927 2888 Matth.
954 2863 1001 2897 5.:
1024 2853 1078 2893 Ei,
1097 2851 1153 2895 qui
1173 2848 1245 2882 vult
1263 2852 1365 2881 tecum
1386 2845 1565 2891 injudicio
1579 2857 1652 2880 con-

95 2909 234 2951 tendere,
253 2913 281 2943 et
300 2909 446 2943 tunicam
465 2913 556 2942 tuam
579 2907 699 2950 tollere,
719 2907 847 2942 dimitte
868 2908 896 2941 ei
914 2911 942 2940 et
956 2905 1100 2951 pallium
1110 2915 1122 2943 ;
1147 2909 1180 2936 et
1202 2912 1229 2935 1.
1253 2900 1295 2934 ad
1315 2899 1401 2934 Cor.
1421 2897 1452 2933 6.
1465 2910 1472 2932 :
1487 2899 1565 2943 Jam
1583 2899 1652 2944 qui-
