1859 3122
457 202 678 239 QUAESTIO
711 201 843 232 XLVII.
876 201 1120 232 ARTICULUS
1154 203 1194 230 V.
1523 203 1606 245 359

45 286 105 320 scd
129 283 315 332 prudentia
330 285 475 331 ponitur
494 285 529 318 in
545 284 733 318 communi
748 283 956 318 definitione
972 284 1128 317 virtutis:
1145 283 1227 328 quia
1250 283 1285 316 in
1309 293 1339 316 2.
1356 282 1435 316 Eth.
1453 283 1539 329 (rap.
1559 284 1608 326 6.)

45 339 210 373 desinitur
243 339 354 372 virtus
391 352 408 369 ι(
437 339 580 372 habitus
614 337 785 372 electivus
818 337 853 370 in
890 337 1138 371 mediocritate
1172 336 1337 378 existens,
1372 336 1611 370 determinata

44 393 182 427 ratione
205 392 324 438 quoad
352 403 430 433 nos,
454 400 560 438 prout
585 393 726 436 sapiens
753 390 1006 424 determinabit
1027 404 1067 425 »:
1091 398 1188 424 recta
1217 398 1336 424 autem
1364 390 1454 424 ratio
1480 390 1609 424 intelli-

44 446 138 490 gitur
160 445 359 480 secundum
382 445 620 491 prudentiam,
644 452 681 478 ut
703 444 831 478 dicitur
849 444 884 477 in
907 443 939 477 6.
962 444 1076 478 Ethic.
1101 444 1188 490 (cap.
1208 455 1236 489 5.
1260 449 1286 478 ct
1308 444 1404 486 zdt.),·
1429 455 1515 489 ergo
1531 455 1610 490 pru-

45 499 164 533 dentia
185 510 259 533 non
282 506 334 532 est
356 498 522 544 specialis
544 499 665 532 virtus.

118 562 149 587 2.
172 552 408 587 PRAETEREA.
432 552 524 586 Phil.
547 552 631 585 dicit
654 552 688 584 in
711 550 742 585 6.
766 551 845 586 Etb.
870 551 956 597 (cup.
977 551 1044 596 12.)
1067 551 1163 597 quod
1189 564 1206 581 ‹<
1225 551 1336 584 virtus
1360 551 1507 585 moralis
1525 551 1613 586 facit

45 606 186 651 operari
205 605 325 647 finem,
348 606 535 651 prudentia
559 613 677 638 autem
701 616 741 638 ea
765 615 856 649 quae
879 611 959 638 sunt
982 605 1025 638 ad
1048 604 1155 638 finem
1179 616 1219 637 »2
1244 604 1303 637 sed
1324 605 1357 637 in
1381 605 1616 650 qualibetvir-

44 667 117 693 tute
141 667 223 693 sunt
249 659 366 705 aliqua
395 659 577 704 operanda
603 666 747 704 propter
766 657 894 699 linem3
918 670 1004 703 ergo
1027 658 1215 703 prudentia
1238 666 1290 691 est
1312 658 1346 691 in
1369 659 1527 703 qualibet
1548 659 1614 692 vir-

43 720 137 754 tute;
160 723 233 746 non
256 721 308 746 est
327 724 412 757 ergo
436 713 545 745 virtus
567 711 742 757 specialis.

118 776 146 810 3.
170 765 405 799 PRAETEREA.
423 764 599 811 Specialis
617 765 727 798 virtus
743 765 850 798 babet
863 763 1019 810 speciale
1035 765 1236 809 objectum:
1257 763 1317 797 sed
1337 763 1523 808 prudentia
1539 775 1613 798 non

43 819 151 852 habet
169 818 324 864 speciale
347 819 549 864 objectum:
572 826 624 852 est
646 818 742 852 enim
766 823 852 852 rectit
869 819 953 852 ratio
976 818 1162 863 agilvilium,
1179 825 1216 850 ut
1235 817 1362 851 dicitur
1383 817 1419 850 in
1442 816 1472 850 6.
1496 817 1612 855 Ethic,

43 873 129 918 (rap.
149 873 216 918 5.):
241 871 385 917 agibilia
406 880 526 906 autem
549 879 630 906 sunt
652 871 775 906 omnia
798 883 908 918 opera
929 871 1123 912 virtutum3
1147 881 1233 915 ergo
1256 870 1444 916 prudentia
1465 881 1539 904 non
1559 878 1612 904 est

43 924 208 971 specialis
231 925 352 959 virtus.

118 979 191 1012 SED
216 989 370 1013 CONTRA
394 986 458 1020 est,
481 978 576 1024 quod
601 978 853 1020 condividstur,
877 986 911 1012 et
932 985 1216 1011 connumeratur
1238 977 1315 1011 aliis
1337 977 1544 1011 virtutibus:
1568 977 1616 1011 di-

43 1032 134 1066 citur
156 1032 252 1066 enim
276 1031 357 1078 Sap.
381 1031 431 1066 8.:
451 1032 679 1074 Sobrietatenz,
703 1037 732 1066 ct
745 1031 959 1077 prudentiam.
981 1031 1082 1073 docet,
1100 1032 1276 1076 jzasliticzm,
1299 1036 1330 1065 et
1349 1032 1516 1065 virtutem.

116 1085 344 1120 RESPONDEO
373 1084 578 1126 dicendum,
605 1085 701 1130 quod
725 1096 809 1118 cum
831 1092 942 1126 actus,
965 1093 1000 1118 et
1019 1084 1161 1118 habitus
1189 1084 1362 1129 recipiant
1383 1084 1543 1129 speciem
1571 1096 1613 1118 ex

43 1138 205 1183 objectis,
227 1146 264 1172 ut
283 1149 324 1172 ex
347 1138 558 1183 supradictis
573 1146 670 1184 patet
686 1138 762 1182 (1-2.
777 1150 806 1184 q.
826 1149 854 1172 Ι.
874 1143 937 1172 ιιι-ί.
956 1150 985 1184 3.
1004 1143 1032 1172 ct
1053 1138 1227 1183 q.18.art.
1249 1149 1279 1172 2.
1303 1143 1332 1171 et
1353 1150 1381 1182 q.
1401 1149 1452 1183 54.
1468 1143 1531 1172 art.
1551 1139 1613 1182 2.)‚

42 1203 190 1226 necesse
205 1200 258 1226 est
271 1191 367 1238 quod
386 1191 541 1232 habitus,
565 1191 622 1225 cui
642 1191 835 1237 respondet
853 1190 1008 1236 speciale
1028 1191 1211 1235 objectum
1231 1191 1272 1224 ab
1293 1190 1371 1224 aliis
1393 1191 1613 1233 distinctum,

43 1245 208 1291 specialis
242 1245 286 1279 sit
319 1245 481 1286 habitus3
505 1252 539 1278 et
573 1245 602 1278 si
630 1252 683 1278 est
714 1245 842 1286 bonus,
878 1253 930 1278 est
956 1244 1122 1290 specialis
1143 1244 1273 1278 virtus:
1305 1244 1460 1290 speciale
1493 1253 1614 1278 autem

43 1299 227 1344 objectum
250 1298 388 1340 dicitur,
411 1309 485 1332 non
512 1297 630 1332 solum
654 1298 853 1332 secundum
881 1297 1108 1332 materialem
1136 1297 1465 1331 considerationem
1492 1298 1615 1343 ipsius,

43 1352 104 1386 sed
121 1353 237 1397 magis
259 1351 459 1386 secundum
482 1351 661 1385 rationem
680 1351 885 1393 formalem,
908 1360 945 1385 ut
967 1363 1008 1385 ex
1030 1363 1137 1397 supra
1159 1351 1262 1384 dictis
1285 1359 1381 1396 patet
1402 1353 1489 1394 (1-2.
1512 1364 1541 1397 q.
1561 1363 1612 1398 54.

45 1411 107 1440 art.
126 1417 157 1440 2.
180 1405 221 1439 ad
236 1406 303 1450 1.);
327 1416 413 1438 nam
435 1416 506 1438 una
528 1413 562 1439 et
584 1405 712 1439 eadem
734 1416 789 1438 res
811 1405 906 1439 cadit
927 1405 990 1439 sub
1015 1412 1095 1438 actu
1119 1404 1342 1438 diversorum
1365 1405 1564 1446 habituum,
1580 1414 1614 1440 et

45 1459 154 1492 etiam
176 1459 397 1492 diversarum
427 1458 682 1504 potentiarum,
714 1458 914 1492 secundum
943 1458 1100 1492 rationes
1134 1458 1308 1492 diversas:
1339 1459 1458 1503 major
1491 1466 1612 1492 autem

44 1512 230 1546 diversitas
248 1512 381 1557 objecti
403 1512 593 1557 requiritur
619 1512 661 1545 ad
685 1511 928 1545 diversitatem
952 1511 1147 1557 potentiae,
1169 1522 1278 1556 quam
1301 1512 1344 1545 ad
1367 1511 1611 1545 diversitatem

43 1566 202 1600 habitus:
227 1577 310 1599 cum
332 1565 451 1610 plures
466 1566 608 1599 habitus
630 1566 857 1599 inveniantur
878 1566 915 1599 in
937 1577 1006 1599 una
1029 1565 1200 1611 potentia,
1223 1573 1260 1598 ut
1281 1576 1387 1610 supra
1410 1565 1546 1599 dictum
1561 1574 1614 1600 est

46 1619 121 1663 (1-2.
145 1631 174 1665 q.
193 1630 245 1665 54.
261 1624 324 1653 art.
340 1619 408 1663 1.);
425 1618 610 1652 diversitas
626 1630 714 1663 ergo
729 1619 879 1653 rationis
899 1619 1042 1663 objecti,
1057 1630 1148 1664 quae
1167 1618 1383 1653 diversificat
1400 1619 1612 1664 potentiam,

45 1672 159 1706 multo
183 1673 299 1718 magis
321 1672 537 1706 diversificat
552 1672 735 1714 habitum3
752 1672 801 1706 sic
819 1683 904 1717 ergo
921 1672 1113 1706 dicendum
1132 1679 1195 1713 est,
1210 1672 1306 1717 quod
1326 1683 1409 1705 cum
1424 1672 1613 1717 prudentia

44 1727 89 1760 sit
109 1726 145 1760 in
167 1726 318 1768 ratione,
342 1734 379 1759 ut
401 1726 537 1759 dictum
554 1733 606 1759 est
621 1725 700 1769 (art.
716 1737 748 1760 2.
772 1726 840 1771 huj.
865 1726 928 1771 q.),
951 1725 1209 1759 diversificatur
1222 1725 1368 1771 quidem
1391 1726 1432 1759 ab
1456 1725 1533 1760 aliis
1548 1726 1614 1760 vir-

43 1779 175 1814 tutibus
197 1779 499 1813 intellectualibus
523 1779 723 1813 secundum
746 1778 971 1813 materialem
994 1779 1237 1813 diversitatem
1260 1779 1502 1824 objectorum:
1525 1791 1611 1814 nam

42 1834 218 1880 sapientia,
243 1834 392 1875 srierztia,
421 1841 455 1866 et
478 1833 653 1867 intallatns
679 1840 760 1866 sunt
783 1833 879 1866 circa
903 1833 1127 1875 necessaria3
1149 1844 1205 1866 ars
1227 1841 1359 1874 autem,
1382 1840 1416 1866 et
1432 1833 1612 1879 prudentia

45 1888 140 1920 circa
163 1886 428 1932 contingentia:
451 1886 513 1920 sed
536 1897 590 1920 ars
613 1885 707 1919 circa
724 1885 908 1927 factibilia‚
931 1897 1023 1932 quae
1046 1885 1183 1920 scilicet
1208 1886 1244 1919 in
1268 1886 1437 1920 exteriori
1458 1888 1610 1921 materia

45 1939 331 1981 constituuntur;
353 1939 445 1973 sicut
461 1940 603 1980 domus,
620 1938 797 1980 cultellus,
818 1947 851 1973 et
871 1939 1287 1985 hujusmodi:prudentia
1310 1947 1431 1973 autem
1446 1948 1498 1974 est
1517 1941 1611 1974 circa

46 1992 201 2038 agibilia,
223 2004 314 2039 quae
337 1992 475 2026 scilicet
496 1993 531 2026 in
553 1992 631 2038 ipso
655 1999 826 2038 operante
850 1992 1062 2034 consistunt,
1085 2001 1122 2026 ut
1143 2004 1250 2038 supra
1271 1993 1434 2027 habitum
1454 2001 1507 2027 est
1529 1995 1609 2037 (1-2.

46 2059 76 2092 q.
98 2058 148 2092 57.
177 2051 242 2082 art.
263 2047 312 2092 4.)
327 2059 337 2081 :
365 2046 426 2080 sed
455 2058 473 2079 a
500 2045 688 2079 virtutibus
717 2045 914 2080 moralibus
942 2046 1172 2091 distinguitur
1198 2047 1384 2092 prudentia
1411 2048 1611 2082 secundum

45 2099 239 2134 formalem
261 2100 441 2134 rationem
463 2099 707 2145 potentiarum
731 2099 985 2141 distinctivam,
1009 2099 1164 2133 scilicet:
1189 2100 1388 2142 intellectivi,
1409 2101 1445 2134 in
1464 2112 1535 2146 quo
1559 2109 1612 2136 est

45 2153 244 2199 prudentia,
267 2161 301 2187 et
322 2154 506 2199 appetitivi,
529 2152 565 2185 in
585 2163 656 2198 quo
679 2160 731 2186 est
752 2153 862 2186 virtus
884 2152 1052 2195 moralis3
1075 2153 1168 2187 unde
1191 2153 1423 2187 manifestum
1446 2162 1508 2196 est,
1530 2166 1609 2201 pru-

47 2206 206 2240 dentiam
228 2217 306 2240 esse
325 2205 521 2252 specialem
542 2205 711 2239 virtutem
732 2206 775 2239 ab
798 2206 965 2240 omnibus
988 2206 1065 2240 aliis
1087 2207 1274 2240 virtutibus
1297 2207 1514 2241 distinctam.

118 2259 178 2294 AD
200 2270 349 2294 PRIMUM
373 2270 459 2304 ergo
488 2258 693 2301 dicendum,
717 2260 812 2304 quod
846 2259 907 2292 illa
934 2259 1094 2293 definitio
1121 2271 1195 2294 non
1224 2260 1327 2294 datur
1354 2260 1396 2294 de
1424 2261 1553 2295 virtute
1575 2261 1610 2295 in
1647 2251 1650 2255 ⁵

48 2313 246 2354 communi,
269 2313 330 2346 sed
353 2312 395 2346 de
423 2312 552 2345 virtute
580 2312 729 2354 morali;
755 2312 791 2346 in
820 2313 919 2357 cujus
948 2312 1156 2347 definitione
1184 2313 1441 2347 convenienter
1467 2315 1612 2360 ponitur

50 2366 162 2400 virtus
192 2365 458 2407 intellectualis,
489 2365 764 2399 communicans
785 2365 821 2399 in
844 2366 995 2400 materia
1018 2377 1101 2400 cum
1124 2366 1211 2412 ipsa,
1238 2366 1375 2400 scilicet
1404 2368 1609 2412 prudentia:

55 2419 137 2464 quia
175 2419 267 2453 sicut
292 2419 431 2452 virtutis
458 2418 605 2452 moralis
632 2419 834 2464 subjectum
861 2427 913 2453 est
943 2419 1075 2465 aliquid
1104 2420 1320 2466 participans
1346 2421 1536 2462 rationem,
1563 2421 1611 2454 ita

49 2472 162 2506 virtus
185 2472 333 2506 moralis
355 2472 464 2506 habet
484 2472 663 2505 rationem
688 2472 838 2514 virtutis,
865 2473 1078 2519 inquantum
1105 2474 1294 2519 participat
1319 2474 1485 2508 virtutem
1512 2474 1612 2508 intel-

47 2524 257 2559 lectualem.

119 2579 178 2613 AD
206 2589 412 2613 SECUNDUM
447 2578 650 2620 dicendum,
679 2579 774 2625 quod
797 2591 840 2613 ex
861 2579 921 2613 illa
945 2580 1082 2614 ratione
1109 2581 1270 2622 habetur,
1298 2580 1393 2626 quod
1421 2581 1609 2626 prudentia

53 2632 199 2676 adjuvet
212 2643 340 2665 omnes
354 2632 513 2671 virtutes,
530 2640 563 2665 et
580 2632 615 2665 in
635 2633 801 2667 omnibus
821 2642 1004 2679 operetur:
1025 2634 1086 2668 sed
1105 2634 1175 2667 hoc
1194 2646 1266 2667 non
1286 2633 1414 2667 sufficit
1434 2634 1475 2667 ad
1495 2642 1612 2667 osten-

49 2685 220 2726 dendum,
248 2685 343 2730 quod
366 2696 439 2718 non
463 2686 506 2718 sit
527 2685 637 2719 virtus
659 2686 840 2731 specialis:
865 2687 945 2732 quia
976 2686 1066 2720 nihil
1087 2688 1252 2732 prohibet
1274 2687 1308 2719 in
1337 2687 1456 2731 aliquo
1479 2698 1610 2731 genere

49 2748 126 2771 esse
157 2737 314 2783 aliquam
337 2738 506 2782 speciem,
529 2749 619 2783 quae
643 2738 841 2784 aliqualiter
864 2748 1031 2785 operetur
1056 2740 1091 2772 in
1119 2740 1285 2772 omnibus
1313 2739 1496 2785 speciebus
1524 2741 1612 2784 ejus-

51 2790 133 2823 dem
159 2790 318 2835 generis:
342 2790 433 2824 sicut
455 2790 510 2824 sol
532 2791 731 2836 aliqualiter
752 2792 866 2826 influit
888 2793 923 2825 in
946 2793 1068 2826 onmia
1092 2803 1254 2837 corpora.

122 2843 181 2877 AD
202 2853 372 2877 TERTmM
394 2844 598 2885 dicendum,
626 2846 720 2890 quod
749 2845 892 2890 agibilia
920 2854 1001 2879 sunt
1027 2846 1172 2891 quidem
1207 2845 1355 2878 materia
1390 2845 1609 2891 prudentiae,

55 2897 254 2932 secundum
276 2897 371 2944 quod
393 2905 474 2932 sunt
496 2898 679 2943 objectum
700 2898 860 2940 rationis,
883 2899 1020 2933 scilicet
1040 2899 1102 2933 sub
1122 2899 1259 2932 ratione
1278 2898 1369 2933 veri:
1389 2906 1470 2934 sunt
1489 2907 1609 2934 autem
