<?xml version="1.0" encoding="UTF-8"?>
<!DOCTYPE html PUBLIC "-//W3C//DTD XHTML 1.0 Transitional//EN"
    "http://www.w3.org/TR/xhtml1/DTD/xhtml1-transitional.dtd">
<html xmlns="http://www.w3.org/1999/xhtml" xml:lang="en" lang="en">
 <head>
  <title>
</title>
<meta http-equiv="Content-Type" content="text/html;charset=utf-8" />
  <meta name='ocr-system' content='tesseract 3.04.00' />
  <meta name='ocr-capabilities' content='ocr_page ocr_carea ocr_par ocr_line ocrx_word'/>
</head>
<body>
  <div class='ocr_page' id='page_1' title='image "./divithomaeaquina03thomuoft_0186.png"; bbox 0 0 1859 3122; ppageno 0'>
   <div class='ocr_carea' id='block_1_1' title="bbox 239 122 1378 168">
    <p class='ocr_par' dir='ltr' id='par_1_1' title="bbox 239 122 1378 168">
     <span class='ocr_line' id='line_1_1' title="bbox 239 122 1378 168; baseline -0.001 -4"><span class='ocrx_word' id='word_1_1' title='bbox 239 122 319 164; x_wconf 86' lang='lat'>180</span> <span class='ocrx_word' id='word_1_2' title='bbox 653 133 873 168; x_wconf 89' lang='lat' dir='ltr'><strong>QUAESTIO</strong></span> <span class='ocrx_word' id='word_1_3' title='bbox 907 133 1027 162; x_wconf 80' lang='lat' dir='ltr'><strong>XXIII.</strong></span> <span class='ocrx_word' id='word_1_4' title='bbox 1062 133 1305 163; x_wconf 86' lang='lat' dir='ltr'><strong>ARTICULUS</strong></span> <span class='ocrx_word' id='word_1_5' title='bbox 1337 134 1378 163; x_wconf 87' lang='lat' dir='ltr'>V.</span> 
     </span>
    </p>
   </div>
   <div class='ocr_carea' id='block_1_2' title="bbox 230 213 1797 1907">
    <p class='ocr_par' dir='ltr' id='par_1_2' title="bbox 234 213 1790 366">
     <span class='ocr_line' id='line_1_2' title="bbox 309 213 1789 260; baseline 0.001 -12"><span class='ocrx_word' id='word_1_6' title='bbox 309 226 336 259; x_wconf 79' lang='lat'>3.</span> <span class='ocrx_word' id='word_1_7' title='bbox 359 214 594 248; x_wconf 76' lang='lat' dir='ltr'>PRAETEREA.</span> <span class='ocrx_word' id='word_1_8' title='bbox 611 213 683 247; x_wconf 87' lang='lat' dir='ltr'>Sub</span> <span class='ocrx_word' id='word_1_9' title='bbox 700 213 872 248; x_wconf 82' lang='lat' dir='ltr'>charitate</span> <span class='ocrx_word' id='word_1_10' title='bbox 887 213 1079 248; x_wconf 84' lang='lat' dir='ltr'>includitur</span> <span class='ocrx_word' id='word_1_11' title='bbox 1094 213 1252 247; x_wconf 89' lang='lat' dir='ltr'>amicitia</span> <span class='ocrx_word' id='word_1_12' title='bbox 1269 213 1311 248; x_wconf 90' lang='lat' dir='ltr'>ad</span> <span class='ocrx_word' id='word_1_13' title='bbox 1327 214 1552 260; x_wconf 79' lang='lat' dir='ltr'>proximum:</span> <span class='ocrx_word' id='word_1_14' title='bbox 1573 215 1635 249; x_wconf 88' lang='lat' dir='ltr'>sed</span> <span class='ocrx_word' id='word_1_15' title='bbox 1653 215 1789 250; x_wconf 89' lang='lat' dir='ltr'>Philos.</span> 
     </span>
     <span class='ocr_line' id='line_1_3' title="bbox 234 267 1790 313; baseline 0.002 -12"><span class='ocrx_word' id='word_1_16' title='bbox 234 268 270 301; x_wconf 89' lang='lat' dir='ltr'>in</span> <span class='ocrx_word' id='word_1_17' title='bbox 292 267 323 301; x_wconf 86' lang='lat'>8.</span> <span class='ocrx_word' id='word_1_18' title='bbox 347 267 426 301; x_wconf 86' lang='lat' dir='ltr'>Eth.</span> <span class='ocrx_word' id='word_1_19' title='bbox 449 268 540 313; x_wconf 76' lang='lat' dir='ltr'>(cap.</span> <span class='ocrx_word' id='word_1_20' title='bbox 563 279 608 302; x_wconf 80' lang='lat' dir='ltr'>II.</span> <span class='ocrx_word' id='word_1_21' title='bbox 631 272 661 301; x_wconf 68' lang='lat' dir='ltr'>et</span> <span class='ocrx_word' id='word_1_22' title='bbox 681 268 746 312; x_wconf 82' lang='lat'><em>12.)</em></span> <span class='ocrx_word' id='word_1_23' title='bbox 769 267 871 312; x_wconf 88' lang='lat' dir='ltr'>ponit</span> <span class='ocrx_word' id='word_1_24' title='bbox 889 267 1046 301; x_wconf 84' lang='lat' dir='ltr'>diversas</span> <span class='ocrx_word' id='word_1_25' title='bbox 1060 267 1198 313; x_wconf 84' lang='lat' dir='ltr'>species</span> <span class='ocrx_word' id='word_1_26' title='bbox 1213 267 1412 309; x_wconf 79' lang='lat' dir='ltr'>amicitiae3</span> <span class='ocrx_word' id='word_1_27' title='bbox 1435 279 1522 313; x_wconf 88' lang='lat' dir='ltr'>ergo</span> <span class='ocrx_word' id='word_1_28' title='bbox 1544 269 1698 303; x_wconf 84' lang='lat' dir='ltr'>charitas</span> <span class='ocrx_word' id='word_1_29' title='bbox 1715 280 1790 304; x_wconf 87' lang='lat' dir='ltr'>non</span> 
     </span>
     <span class='ocr_line' id='line_1_4' title="bbox 235 319 1294 366; baseline 0 -12"><span class='ocrx_word' id='word_1_30' title='bbox 235 328 286 354; x_wconf 89' lang='lat' dir='ltr'>est</span> <span class='ocrx_word' id='word_1_31' title='bbox 308 332 377 354; x_wconf 89' lang='lat' dir='ltr'>una</span> <span class='ocrx_word' id='word_1_32' title='bbox 398 320 520 361; x_wconf 82' lang='lat' dir='ltr'>virtus,</span> <span class='ocrx_word' id='word_1_33' title='bbox 543 320 604 354; x_wconf 87' lang='lat' dir='ltr'>sed</span> <span class='ocrx_word' id='word_1_34' title='bbox 627 319 884 366; x_wconf 81' lang='lat' dir='ltr'>multiplicatur</span> <span class='ocrx_word' id='word_1_35' title='bbox 904 320 941 354; x_wconf 89' lang='lat' dir='ltr'>in</span> <span class='ocrx_word' id='word_1_36' title='bbox 963 320 1121 354; x_wconf 84' lang='lat' dir='ltr'>diversas</span> <span class='ocrx_word' id='word_1_37' title='bbox 1144 320 1294 366; x_wconf 90' lang='lat' dir='ltr'>species.</span> 
     </span>
    </p>

    <p class='ocr_par' dir='ltr' id='par_1_3' title="bbox 234 372 1792 566">
     <span class='ocr_line' id='line_1_5' title="bbox 306 372 1790 418; baseline 0.001 -11"><span class='ocrx_word' id='word_1_38' title='bbox 306 373 380 407; x_wconf 76' lang='lat' dir='ltr'>SED</span> <span class='ocrx_word' id='word_1_39' title='bbox 408 383 574 407; x_wconf 67' lang='lat' dir='ltr'>CONTRA.</span> <span class='ocrx_word' id='word_1_40' title='bbox 598 372 699 407; x_wconf 85' lang='lat' dir='ltr'>Sicut</span> <span class='ocrx_word' id='word_1_41' title='bbox 721 373 902 418; x_wconf 86' lang='lat' dir='ltr'>objectum</span> <span class='ocrx_word' id='word_1_42' title='bbox 927 373 1011 407; x_wconf 88' lang='lat' dir='ltr'>fidei</span> <span class='ocrx_word' id='word_1_43' title='bbox 1037 381 1087 407; x_wconf 91' lang='lat' dir='ltr'>est</span> <span class='ocrx_word' id='word_1_44' title='bbox 1114 373 1225 415; x_wconf 76' lang='lat' dir='ltr'>Deus,</span> <span class='ocrx_word' id='word_1_45' title='bbox 1252 373 1300 407; x_wconf 90' lang='lat' dir='ltr'>ita</span> <span class='ocrx_word' id='word_1_46' title='bbox 1327 381 1361 407; x_wconf 91' lang='lat' dir='ltr'>et</span> <span class='ocrx_word' id='word_1_47' title='bbox 1387 373 1586 408; x_wconf 84' lang='lat' dir='ltr'>charitatis:</span> <span class='ocrx_word' id='word_1_48' title='bbox 1615 375 1677 409; x_wconf 90' lang='lat' dir='ltr'>sed</span> <span class='ocrx_word' id='word_1_49' title='bbox 1703 374 1790 409; x_wconf 85' lang='lat' dir='ltr'>fides</span> 
     </span>
     <span class='ocr_line' id='line_1_6' title="bbox 235 426 1788 474; baseline 0.001 -14"><span class='ocrx_word' id='word_1_50' title='bbox 235 434 287 460; x_wconf 85' lang='lat' dir='ltr'>est</span> <span class='ocrx_word' id='word_1_51' title='bbox 308 438 378 460; x_wconf 83' lang='lat' dir='ltr'>una</span> <span class='ocrx_word' id='word_1_52' title='bbox 398 427 509 460; x_wconf 79' lang='lat' dir='ltr'>virtus</span> <span class='ocrx_word' id='word_1_53' title='bbox 536 434 679 472; x_wconf 88' lang='lat' dir='ltr'>propter</span> <span class='ocrx_word' id='word_1_54' title='bbox 701 426 875 460; x_wconf 88' lang='lat' dir='ltr'>unitatem</span> <span class='ocrx_word' id='word_1_55' title='bbox 897 426 1038 461; x_wconf 83' lang='lat' dir='ltr'>divinae</span> <span class='ocrx_word' id='word_1_56' title='bbox 1065 426 1235 468; x_wconf 77' lang='lat' dir='ltr'>veritatis,</span> <span class='ocrx_word' id='word_1_57' title='bbox 1251 426 1451 461; x_wconf 89' lang='lat' dir='ltr'>secundum</span> <span class='ocrx_word' id='word_1_58' title='bbox 1469 426 1557 461; x_wconf 89' lang='lat' dir='ltr'>illud</span> <span class='ocrx_word' id='word_1_59' title='bbox 1571 427 1615 461; x_wconf 89' lang='lat' dir='ltr'>ad</span> <span class='ocrx_word' id='word_1_60' title='bbox 1629 427 1718 474; x_wconf 88' lang='lat' dir='ltr'>Eph.</span> <span class='ocrx_word' id='word_1_61' title='bbox 1737 438 1788 471; x_wconf 72' lang='lat'>4:</span> 
     </span>
     <span class='ocr_line' id='line_1_7' title="bbox 241 479 1792 525; baseline 0.001 -12"><span class='ocrx_word' id='word_1_62' title='bbox 241 480 313 514; x_wconf 82' lang='lat' dir='ltr'>Una</span> <span class='ocrx_word' id='word_1_63' title='bbox 326 479 429 525; x_wconf 48' lang='lat' dir='ltr'>fidem</span> <span class='ocrx_word' id='word_1_64' title='bbox 461 491 547 525; x_wconf 85' lang='lat' dir='ltr'>ergo</span> <span class='ocrx_word' id='word_1_65' title='bbox 580 480 689 513; x_wconf 87' lang='lat' dir='ltr'>etiam</span> <span class='ocrx_word' id='word_1_66' title='bbox 717 480 870 514; x_wconf 81' lang='lat' dir='ltr'>charitas</span> <span class='ocrx_word' id='word_1_67' title='bbox 897 488 949 514; x_wconf 87' lang='lat' dir='ltr'>est</span> <span class='ocrx_word' id='word_1_68' title='bbox 978 491 1048 513; x_wconf 84' lang='lat' dir='ltr'>una</span> <span class='ocrx_word' id='word_1_69' title='bbox 1069 481 1179 514; x_wconf 81' lang='lat' dir='ltr'>virtus</span> <span class='ocrx_word' id='word_1_70' title='bbox 1202 487 1348 525; x_wconf 89' lang='lat' dir='ltr'>propter</span> <span class='ocrx_word' id='word_1_71' title='bbox 1369 480 1543 515; x_wconf 88' lang='lat' dir='ltr'>unitatem</span> <span class='ocrx_word' id='word_1_72' title='bbox 1565 480 1706 515; x_wconf 90' lang='lat' dir='ltr'>divinae</span> <span class='ocrx_word' id='word_1_73' title='bbox 1731 481 1792 515; x_wconf 94' lang='lat' dir='ltr'>bo-</span> 
     </span>
     <span class='ocr_line' id='line_1_8' title="bbox 234 533 366 566; baseline 0 0"><span class='ocrx_word' id='word_1_74' title='bbox 234 533 366 566; x_wconf 82' lang='lat' dir='ltr'>nitatis.</span> 
     </span>
    </p>

    <p class='ocr_par' dir='ltr' id='par_1_4' title="bbox 230 585 1795 1270">
     <span class='ocr_line' id='line_1_9' title="bbox 305 585 1793 633; baseline 0.001 -13"><span class='ocrx_word' id='word_1_75' title='bbox 305 585 534 620; x_wconf 78' lang='lat' dir='ltr'>RESPONDEO</span> <span class='ocrx_word' id='word_1_76' title='bbox 557 585 760 628; x_wconf 88' lang='lat' dir='ltr'>dicendum,</span> <span class='ocrx_word' id='word_1_77' title='bbox 783 586 878 632; x_wconf 88' lang='lat' dir='ltr'>quod</span> <span class='ocrx_word' id='word_1_78' title='bbox 901 586 1067 627; x_wconf 82' lang='lat' dir='ltr'>charitas,</span> <span class='ocrx_word' id='word_1_79' title='bbox 1090 586 1182 619; x_wconf 89' lang='lat' dir='ltr'>sicut</span> <span class='ocrx_word' id='word_1_80' title='bbox 1203 585 1338 619; x_wconf 86' lang='lat' dir='ltr'>dictum</span> <span class='ocrx_word' id='word_1_81' title='bbox 1361 593 1414 620; x_wconf 87' lang='lat' dir='ltr'>est</span> <span class='ocrx_word' id='word_1_82' title='bbox 1435 585 1514 630; x_wconf 85' lang='lat' dir='ltr'>(art.</span> <span class='ocrx_word' id='word_1_83' title='bbox 1536 599 1563 621; x_wconf 77' lang='grc' dir='ltr'>Ι.</span> <span class='ocrx_word' id='word_1_84' title='bbox 1579 587 1647 632; x_wconf 84' lang='lat' dir='ltr'>huj.</span> <span class='ocrx_word' id='word_1_85' title='bbox 1662 587 1724 633; x_wconf 58' lang='grc' dir='ltr'>φ),</span> <span class='ocrx_word' id='word_1_86' title='bbox 1740 595 1793 621; x_wconf 89' lang='lat' dir='ltr'>est</span> 
     </span>
     <span class='ocr_line' id='line_1_10' title="bbox 236 639 1792 685; baseline 0.001 -13"><span class='ocrx_word' id='word_1_87' title='bbox 236 639 414 684; x_wconf 76' lang='lat' dir='ltr'>quaedam</span> <span class='ocrx_word' id='word_1_88' title='bbox 443 639 601 672; x_wconf 87' lang='lat' dir='ltr'>amicitia</span> <span class='ocrx_word' id='word_1_89' title='bbox 627 639 785 672; x_wconf 88' lang='lat' dir='ltr'>hominis</span> <span class='ocrx_word' id='word_1_90' title='bbox 813 639 856 672; x_wconf 90' lang='lat' dir='ltr'>ad</span> <span class='ocrx_word' id='word_1_91' title='bbox 882 639 1022 674; x_wconf 84' lang='lat' dir='ltr'>Deum:</span> <span class='ocrx_word' id='word_1_92' title='bbox 1050 639 1211 672; x_wconf 77' lang='lat' dir='ltr'>diversae</span> <span class='ocrx_word' id='word_1_93' title='bbox 1239 646 1360 672; x_wconf 87' lang='lat' dir='ltr'>autern</span> <span class='ocrx_word' id='word_1_94' title='bbox 1388 639 1628 673; x_wconf 85' lang='lat' dir='ltr'>amicitiarum</span> <span class='ocrx_word' id='word_1_95' title='bbox 1653 640 1792 685; x_wconf 86' lang='lat' dir='ltr'>species</span> 
     </span>
     <span class='ocr_line' id='line_1_11' title="bbox 237 691 1792 738; baseline 0.001 -13"><span class='ocrx_word' id='word_1_96' title='bbox 237 692 477 738; x_wconf 88' lang='lat' dir='ltr'>accipiuntur:</span> <span class='ocrx_word' id='word_1_97' title='bbox 502 704 564 726; x_wconf 81' lang='lat' dir='ltr'>uno</span> <span class='ocrx_word' id='word_1_98' title='bbox 580 692 725 738; x_wconf 90' lang='lat' dir='ltr'>quidem</span> <span class='ocrx_word' id='word_1_99' title='bbox 741 692 834 725; x_wconf 79' lang='lat' dir='ltr'>modo</span> <span class='ocrx_word' id='word_1_100' title='bbox 850 692 1047 726; x_wconf 87' lang='lat' dir='ltr'>secundum</span> <span class='ocrx_word' id='word_1_101' title='bbox 1063 692 1305 725; x_wconf 79' lang='lat' dir='ltr'>diversitatem</span> <span class='ocrx_word' id='word_1_102' title='bbox 1323 691 1424 725; x_wconf 88' lang='lat' dir='ltr'>finis:</span> <span class='ocrx_word' id='word_1_103' title='bbox 1448 700 1483 726; x_wconf 91' lang='lat' dir='ltr'>et</span> <span class='ocrx_word' id='word_1_104' title='bbox 1503 692 1703 727; x_wconf 90' lang='lat' dir='ltr'>secundum</span> <span class='ocrx_word' id='word_1_105' title='bbox 1720 693 1792 727; x_wconf 89' lang='lat' dir='ltr'>hoc</span> 
     </span>
     <span class='ocr_line' id='line_1_12' title="bbox 235 744 1791 791; baseline 0.001 -13"><span class='ocrx_word' id='word_1_106' title='bbox 235 745 401 779; x_wconf 90' lang='lat' dir='ltr'>dicuntur</span> <span class='ocrx_word' id='word_1_107' title='bbox 423 750 485 780; x_wconf 72' lang='lat' dir='ltr'>tres</span> <span class='ocrx_word' id='word_1_108' title='bbox 506 745 643 791; x_wconf 88' lang='lat' dir='ltr'>species</span> <span class='ocrx_word' id='word_1_109' title='bbox 666 744 857 786; x_wconf 80' lang='lat' dir='ltr'>amicitiae,</span> <span class='ocrx_word' id='word_1_110' title='bbox 879 745 1033 779; x_wconf 86' lang='lat' dir='ltr'>scilicet:</span> <span class='ocrx_word' id='word_1_111' title='bbox 1055 746 1206 779; x_wconf 73' lang='lat' dir='ltr'>amicitia</span> <span class='ocrx_word' id='word_1_112' title='bbox 1236 745 1335 787; x_wconf 75' lang='lat' dir='ltr'>utilis,</span> <span class='ocrx_word' id='word_1_113' title='bbox 1366 745 1571 787; x_wconf 76' lang='lat' dir='ltr'>delectabilis,</span> <span class='ocrx_word' id='word_1_114' title='bbox 1595 753 1629 780; x_wconf 91' lang='lat' dir='ltr'>et</span> <span class='ocrx_word' id='word_1_115' title='bbox 1650 746 1791 781; x_wconf 75' lang='lat' dir='ltr'>honesti.-</span> 
     </span>
     <span class='ocr_line' id='line_1_13' title="bbox 236 798 1794 844; baseline 0.001 -12"><span class='ocrx_word' id='word_1_116' title='bbox 236 799 301 833; x_wconf 76' lang='lat' dir='ltr'>alio</span> <span class='ocrx_word' id='word_1_117' title='bbox 324 798 418 832; x_wconf 83' lang='lat' dir='ltr'>modo</span> <span class='ocrx_word' id='word_1_118' title='bbox 441 799 641 832; x_wconf 85' lang='lat' dir='ltr'>secundum</span> <span class='ocrx_word' id='word_1_119' title='bbox 664 798 909 832; x_wconf 82' lang='lat' dir='ltr'>diversitatem</span> <span class='ocrx_word' id='word_1_120' title='bbox 926 798 1314 840; x_wconf 76' lang='lat' dir='ltr'>communicationum,</span> <span class='ocrx_word' id='word_1_121' title='bbox 1328 798 1364 831; x_wconf 91' lang='lat' dir='ltr'>in</span> <span class='ocrx_word' id='word_1_122' title='bbox 1379 798 1506 844; x_wconf 90' lang='lat' dir='ltr'>quibus</span> <span class='ocrx_word' id='word_1_123' title='bbox 1526 799 1704 833; x_wconf 85' lang='lat' dir='ltr'>amicitiae</span> <span class='ocrx_word' id='word_1_124' title='bbox 1718 798 1794 833; x_wconf 91' lang='lat' dir='ltr'>fun-</span> 
     </span>
     <span class='ocr_line' id='line_1_14' title="bbox 236 851 1794 897; baseline 0 -11"><span class='ocrx_word' id='word_1_125' title='bbox 236 852 378 886; x_wconf 82' lang='lat' dir='ltr'>dantur:</span> <span class='ocrx_word' id='word_1_126' title='bbox 402 852 494 885; x_wconf 91' lang='lat' dir='ltr'>sicut</span> <span class='ocrx_word' id='word_1_127' title='bbox 516 851 584 885; x_wconf 89' lang='lat' dir='ltr'>alia</span> <span class='ocrx_word' id='word_1_128' title='bbox 605 851 743 897; x_wconf 90' lang='lat' dir='ltr'>species</span> <span class='ocrx_word' id='word_1_129' title='bbox 765 851 944 885; x_wconf 86' lang='lat' dir='ltr'>amicitiae</span> <span class='ocrx_word' id='word_1_130' title='bbox 967 860 1020 886; x_wconf 87' lang='lat' dir='ltr'>est</span> <span class='ocrx_word' id='word_1_131' title='bbox 1037 853 1367 897; x_wconf 66' lang='lat' dir='ltr'>consanguinem-mn,</span> <span class='ocrx_word' id='word_1_132' title='bbox 1384 859 1418 886; x_wconf 91' lang='lat' dir='ltr'>et</span> <span class='ocrx_word' id='word_1_133' title='bbox 1432 851 1501 886; x_wconf 90' lang='lat' dir='ltr'>alia</span> <span class='ocrx_word' id='word_1_134' title='bbox 1516 853 1713 894; x_wconf 78' lang='lat' dir='ltr'>concivium,</span> <span class='ocrx_word' id='word_1_135' title='bbox 1734 861 1794 886; x_wconf 88' lang='lat' dir='ltr'>aut</span> 
     </span>
     <span class='ocr_line' id='line_1_15' title="bbox 230 903 1794 952; baseline 0 -13"><span class='ocrx_word' id='word_1_136' title='bbox 230 906 543 952; x_wconf 72' lang='lat' dir='ltr'>peregrinantium;</span> <span class='ocrx_word' id='word_1_137' title='bbox 572 916 724 950; x_wconf 84' lang='lat' dir='ltr'>quarum</span> <span class='ocrx_word' id='word_1_138' title='bbox 752 916 817 938; x_wconf 74' lang='lat' dir='ltr'>una</span> <span class='ocrx_word' id='word_1_139' title='bbox 843 903 1010 938; x_wconf 86' lang='lat' dir='ltr'>fundatur</span> <span class='ocrx_word' id='word_1_140' title='bbox 1039 916 1144 950; x_wconf 90' lang='lat' dir='ltr'>super</span> <span class='ocrx_word' id='word_1_141' title='bbox 1175 904 1508 941; x_wconf 86' lang='lat' dir='ltr'>communicatione</span> <span class='ocrx_word' id='word_1_142' title='bbox 1534 905 1700 947; x_wconf 84' lang='lat' dir='ltr'>naturali,</span> <span class='ocrx_word' id='word_1_143' title='bbox 1725 906 1794 939; x_wconf 80' lang='lat' dir='ltr'>alia</span> 
     </span>
     <span class='ocr_line' id='line_1_16' title="bbox 236 957 1792 1005; baseline 0 -13"><span class='ocrx_word' id='word_1_144' title='bbox 236 969 342 1004; x_wconf 76' lang='lat' dir='ltr'>super</span> <span class='ocrx_word' id='word_1_145' title='bbox 381 958 713 991; x_wconf 86' lang='lat' dir='ltr'>communicatione</span> <span class='ocrx_word' id='word_1_146' title='bbox 741 957 847 999; x_wconf 79' lang='lat' dir='ltr'>civili,</span> <span class='ocrx_word' id='word_1_147' title='bbox 874 957 931 991; x_wconf 80' lang='lat' dir='ltr'>vel</span> <span class='ocrx_word' id='word_1_148' title='bbox 960 958 1269 1003; x_wconf 83' lang='lat' dir='ltr'>peregrinationis,</span> <span class='ocrx_word' id='word_1_149' title='bbox 1299 966 1337 992; x_wconf 90' lang='lat' dir='ltr'>ut</span> <span class='ocrx_word' id='word_1_150' title='bbox 1365 966 1462 1004; x_wconf 87' lang='lat' dir='ltr'>patet</span> <span class='ocrx_word' id='word_1_151' title='bbox 1488 969 1551 1004; x_wconf 89' lang='lat' dir='ltr'>per</span> <span class='ocrx_word' id='word_1_152' title='bbox 1580 958 1792 1005; x_wconf 89' lang='lat' dir='ltr'>Philosoph.</span> 
     </span>
     <span class='ocr_line' id='line_1_17' title="bbox 236 1010 1795 1057; baseline 0.001 -13"><span class='ocrx_word' id='word_1_153' title='bbox 236 1011 272 1044; x_wconf 90' lang='lat' dir='ltr'>in</span> <span class='ocrx_word' id='word_1_154' title='bbox 295 1011 326 1045; x_wconf 79' lang='lat'>8.</span> <span class='ocrx_word' id='word_1_155' title='bbox 348 1011 463 1044; x_wconf 87' lang='lat' dir='ltr'>Ethic.</span> <span class='ocrx_word' id='word_1_156' title='bbox 486 1012 574 1057; x_wconf 70' lang='lat' dir='ltr'>(cap.</span> <span class='ocrx_word' id='word_1_157' title='bbox 596 1023 641 1045; x_wconf 82' lang='grc' dir='ltr'>ΙΙ.</span> <span class='ocrx_word' id='word_1_158' title='bbox 664 1016 693 1045; x_wconf 65' lang='grc' dir='ltr'>εἰ</span> <span class='ocrx_word' id='word_1_159' title='bbox 713 1012 792 1056; x_wconf 85' lang='lat'><em>12.).</em></span> <span class='ocrx_word' id='word_1_160' title='bbox 813 1010 952 1044; x_wconf 89' lang='lat' dir='ltr'>Neutro</span> <span class='ocrx_word' id='word_1_161' title='bbox 976 1019 1096 1044; x_wconf 88' lang='lat' dir='ltr'>autern</span> <span class='ocrx_word' id='word_1_162' title='bbox 1117 1011 1269 1044; x_wconf 88' lang='lat' dir='ltr'>istorum</span> <span class='ocrx_word' id='word_1_163' title='bbox 1289 1011 1485 1044; x_wconf 86' lang='lat' dir='ltr'>modorum</span> <span class='ocrx_word' id='word_1_164' title='bbox 1504 1011 1658 1045; x_wconf 87' lang='lat' dir='ltr'>charitas</span> <span class='ocrx_word' id='word_1_165' title='bbox 1677 1019 1795 1057; x_wconf 88' lang='lat' dir='ltr'>potest</span> 
     </span>
     <span class='ocr_line' id='line_1_18' title="bbox 237 1063 1795 1110; baseline 0.001 -13"><span class='ocrx_word' id='word_1_166' title='bbox 237 1064 347 1098; x_wconf 84' lang='lat' dir='ltr'>dividi</span> <span class='ocrx_word' id='word_1_167' title='bbox 368 1065 403 1097; x_wconf 91' lang='lat' dir='ltr'>in</span> <span class='ocrx_word' id='word_1_168' title='bbox 425 1064 543 1110; x_wconf 86' lang='lat' dir='ltr'>plura:</span> <span class='ocrx_word' id='word_1_169' title='bbox 566 1075 651 1097; x_wconf 88' lang='lat' dir='ltr'>nam</span> <span class='ocrx_word' id='word_1_170' title='bbox 671 1063 852 1097; x_wconf 88' lang='lat' dir='ltr'>charitatis</span> <span class='ocrx_word' id='word_1_171' title='bbox 866 1063 945 1097; x_wconf 89' lang='lat' dir='ltr'>finis</span> <span class='ocrx_word' id='word_1_172' title='bbox 961 1072 1013 1097; x_wconf 86' lang='lat' dir='ltr'>est</span> <span class='ocrx_word' id='word_1_173' title='bbox 1028 1075 1130 1105; x_wconf 89' lang='lat' dir='ltr'>unus,</span> <span class='ocrx_word' id='word_1_174' title='bbox 1145 1063 1283 1098; x_wconf 86' lang='lat' dir='ltr'>scilicet</span> <span class='ocrx_word' id='word_1_175' title='bbox 1296 1064 1416 1097; x_wconf 88' lang='lat' dir='ltr'>divina</span> <span class='ocrx_word' id='word_1_176' title='bbox 1434 1064 1593 1098; x_wconf 87' lang='lat' dir='ltr'>bonitas:</span> <span class='ocrx_word' id='word_1_177' title='bbox 1618 1073 1671 1099; x_wconf 89' lang='lat' dir='ltr'>est</span> <span class='ocrx_word' id='word_1_178' title='bbox 1685 1065 1795 1099; x_wconf 85' lang='lat' dir='ltr'>etiarn</span> 
     </span>
     <span class='ocr_line' id='line_1_19' title="bbox 237 1116 1793 1163; baseline 0.001 -13"><span class='ocrx_word' id='word_1_179' title='bbox 237 1129 307 1151; x_wconf 82' lang='lat' dir='ltr'>una</span> <span class='ocrx_word' id='word_1_180' title='bbox 331 1117 615 1152; x_wconf 82' lang='lat' dir='ltr'>communicatio</span> <span class='ocrx_word' id='word_1_181' title='bbox 638 1116 866 1150; x_wconf 81' lang='lat' dir='ltr'>beatitudinis</span> <span class='ocrx_word' id='word_1_182' title='bbox 882 1124 1058 1158; x_wconf 82' lang='lat' dir='ltr'>aeternae,</span> <span class='ocrx_word' id='word_1_183' title='bbox 1074 1128 1179 1163; x_wconf 87' lang='lat' dir='ltr'>super</span> <span class='ocrx_word' id='word_1_184' title='bbox 1193 1128 1302 1162; x_wconf 83' lang='lat' dir='ltr'>quarn</span> <span class='ocrx_word' id='word_1_185' title='bbox 1321 1117 1411 1151; x_wconf 85' lang='lat' dir='ltr'>haec</span> <span class='ocrx_word' id='word_1_186' title='bbox 1431 1117 1589 1151; x_wconf 86' lang='lat' dir='ltr'>amicitia</span> <span class='ocrx_word' id='word_1_187' title='bbox 1606 1116 1793 1160; x_wconf 81' lang='lat' dir='ltr'>fundatur3</span> 
     </span>
     <span class='ocr_line' id='line_1_20' title="bbox 237 1169 1795 1216; baseline 0.001 -12"><span class='ocrx_word' id='word_1_188' title='bbox 237 1170 331 1204; x_wconf 90' lang='lat' dir='ltr'>unde</span> <span class='ocrx_word' id='word_1_189' title='bbox 359 1170 580 1216; x_wconf 89' lang='lat' dir='ltr'>relinquitur,</span> <span class='ocrx_word' id='word_1_190' title='bbox 608 1170 704 1216; x_wconf 90' lang='lat' dir='ltr'>quod</span> <span class='ocrx_word' id='word_1_191' title='bbox 732 1170 885 1203; x_wconf 85' lang='lat' dir='ltr'>charitas</span> <span class='ocrx_word' id='word_1_192' title='bbox 913 1178 964 1203; x_wconf 92' lang='lat' dir='ltr'>est</span> <span class='ocrx_word' id='word_1_193' title='bbox 991 1169 1201 1216; x_wconf 89' lang='lat' dir='ltr'>simpliciter</span> <span class='ocrx_word' id='word_1_194' title='bbox 1228 1181 1298 1203; x_wconf 89' lang='lat' dir='ltr'>una</span> <span class='ocrx_word' id='word_1_195' title='bbox 1324 1170 1447 1212; x_wconf 80' lang='lat' dir='ltr'>virtus,</span> <span class='ocrx_word' id='word_1_196' title='bbox 1469 1181 1542 1204; x_wconf 91' lang='lat' dir='ltr'>non</span> <span class='ocrx_word' id='word_1_197' title='bbox 1565 1170 1733 1205; x_wconf 85' lang='lat' dir='ltr'>distincta</span> <span class='ocrx_word' id='word_1_198' title='bbox 1758 1171 1795 1205; x_wconf 90' lang='lat' dir='ltr'>in</span> 
     </span>
     <span class='ocr_line' id='line_1_21' title="bbox 237 1223 526 1270; baseline 0 -13"><span class='ocrx_word' id='word_1_199' title='bbox 237 1223 356 1270; x_wconf 91' lang='lat' dir='ltr'>plures</span> <span class='ocrx_word' id='word_1_200' title='bbox 378 1224 526 1269; x_wconf 86' lang='lat' dir='ltr'>species.</span> 
     </span>
    </p>

    <p class='ocr_par' dir='ltr' id='par_1_5' title="bbox 238 1275 1796 1483">
     <span class='ocr_line' id='line_1_22' title="bbox 310 1275 1796 1322; baseline -0.001 -11"><span class='ocrx_word' id='word_1_201' title='bbox 310 1277 368 1311; x_wconf 87' lang='lat' dir='ltr'>AD</span> <span class='ocrx_word' id='word_1_202' title='bbox 390 1287 539 1311; x_wconf 78' lang='lat' dir='ltr'>PR1MUM</span> <span class='ocrx_word' id='word_1_203' title='bbox 561 1287 647 1321; x_wconf 82' lang='lat' dir='ltr'>ergo</span> <span class='ocrx_word' id='word_1_204' title='bbox 670 1276 874 1317; x_wconf 88' lang='lat' dir='ltr'>dicendum,</span> <span class='ocrx_word' id='word_1_205' title='bbox 896 1276 992 1322; x_wconf 89' lang='lat' dir='ltr'>quod</span> <span class='ocrx_word' id='word_1_206' title='bbox 1015 1276 1105 1310; x_wconf 87' lang='lat' dir='ltr'>ratio</span> <span class='ocrx_word' id='word_1_207' title='bbox 1127 1275 1189 1309; x_wconf 88' lang='lat' dir='ltr'>illa</span> <span class='ocrx_word' id='word_1_208' title='bbox 1211 1284 1306 1310; x_wconf 92' lang='lat' dir='ltr'>recte</span> <span class='ocrx_word' id='word_1_209' title='bbox 1329 1276 1551 1322; x_wconf 91' lang='lat' dir='ltr'>procederet,</span> <span class='ocrx_word' id='word_1_210' title='bbox 1573 1276 1603 1310; x_wconf 89' lang='lat' dir='ltr'>si</span> <span class='ocrx_word' id='word_1_211' title='bbox 1623 1276 1734 1318; x_wconf 91' lang='lat' dir='ltr'>Deus,</span> <span class='ocrx_word' id='word_1_212' title='bbox 1762 1284 1796 1310; x_wconf 92' lang='lat' dir='ltr'>et</span> 
     </span>
     <span class='ocr_line' id='line_1_23' title="bbox 240 1329 1795 1376; baseline -0.001 -12"><span class='ocrx_word' id='word_1_213' title='bbox 240 1330 425 1376; x_wconf 82' lang='lat' dir='ltr'>proximus</span> <span class='ocrx_word' id='word_1_214' title='bbox 448 1341 489 1364; x_wconf 80' lang='lat' dir='ltr'>ex</span> <span class='ocrx_word' id='word_1_215' title='bbox 512 1341 627 1375; x_wconf 84' lang='lat' dir='ltr'>aequo</span> <span class='ocrx_word' id='word_1_216' title='bbox 651 1337 769 1363; x_wconf 88' lang='lat' dir='ltr'>essent</span> <span class='ocrx_word' id='word_1_217' title='bbox 791 1329 972 1363; x_wconf 83' lang='lat' dir='ltr'>charitatis</span> <span class='ocrx_word' id='word_1_218' title='bbox 989 1329 1146 1374; x_wconf 86' lang='lat' dir='ltr'>objecta:</span> <span class='ocrx_word' id='word_1_219' title='bbox 1169 1329 1239 1363; x_wconf 93' lang='lat' dir='ltr'>hoc</span> <span class='ocrx_word' id='word_1_220' title='bbox 1266 1337 1385 1363; x_wconf 88' lang='lat' dir='ltr'>autem</span> <span class='ocrx_word' id='word_1_221' title='bbox 1404 1341 1478 1363; x_wconf 88' lang='lat' dir='ltr'>non</span> <span class='ocrx_word' id='word_1_222' title='bbox 1498 1337 1550 1363; x_wconf 88' lang='lat' dir='ltr'>est</span> <span class='ocrx_word' id='word_1_223' title='bbox 1566 1340 1709 1363; x_wconf 89' lang='lat' dir='ltr'>verum:</span> <span class='ocrx_word' id='word_1_224' title='bbox 1733 1329 1795 1363; x_wconf 86' lang='lat' dir='ltr'>sed</span> 
     </span>
     <span class='ocr_line' id='line_1_24' title="bbox 238 1382 1796 1428; baseline -0.001 -11"><span class='ocrx_word' id='word_1_225' title='bbox 238 1384 338 1417; x_wconf 91' lang='lat' dir='ltr'>Deus</span> <span class='ocrx_word' id='word_1_226' title='bbox 361 1391 412 1417; x_wconf 88' lang='lat' dir='ltr'>est</span> <span class='ocrx_word' id='word_1_227' title='bbox 433 1382 629 1428; x_wconf 88' lang='lat' dir='ltr'>principale</span> <span class='ocrx_word' id='word_1_228' title='bbox 649 1383 832 1428; x_wconf 88' lang='lat' dir='ltr'>objectum</span> <span class='ocrx_word' id='word_1_229' title='bbox 851 1382 1045 1424; x_wconf 80' lang='lat' dir='ltr'>charitatis,</span> <span class='ocrx_word' id='word_1_230' title='bbox 1059 1382 1242 1428; x_wconf 77' lang='lat' dir='ltr'>proximus</span> <span class='ocrx_word' id='word_1_231' title='bbox 1258 1391 1378 1416; x_wconf 87' lang='lat' dir='ltr'>autem</span> <span class='ocrx_word' id='word_1_232' title='bbox 1393 1394 1434 1416; x_wconf 81' lang='lat' dir='ltr'>ex</span> <span class='ocrx_word' id='word_1_233' title='bbox 1449 1383 1621 1416; x_wconf 88' lang='lat' dir='ltr'>charitate</span> <span class='ocrx_word' id='word_1_234' title='bbox 1640 1382 1796 1428; x_wconf 85' lang='lat' dir='ltr'>diligitur</span> 
     </span>
     <span class='ocr_line' id='line_1_25' title="bbox 239 1437 536 1483; baseline -0.003 -13"><span class='ocrx_word' id='word_1_235' title='bbox 239 1444 384 1483; x_wconf 89' lang='lat' dir='ltr'>propter</span> <span class='ocrx_word' id='word_1_236' title='bbox 404 1437 536 1470; x_wconf 90' lang='lat' dir='ltr'>Deum.</span> 
     </span>
    </p>

    <p class='ocr_par' dir='ltr' id='par_1_6' title="bbox 239 1488 1797 1747">
     <span class='ocr_line' id='line_1_26' title="bbox 311 1488 1792 1534; baseline -0.001 -11"><span class='ocrx_word' id='word_1_237' title='bbox 311 1491 370 1523; x_wconf 86' lang='lat' dir='ltr'>AD</span> <span class='ocrx_word' id='word_1_238' title='bbox 393 1500 599 1524; x_wconf 69' lang='lat' dir='ltr'>SECUNDUM</span> <span class='ocrx_word' id='word_1_239' title='bbox 626 1488 830 1530; x_wconf 89' lang='lat' dir='ltr'>dicendum,</span> <span class='ocrx_word' id='word_1_240' title='bbox 853 1488 948 1534; x_wconf 86' lang='lat' dir='ltr'>quod</span> <span class='ocrx_word' id='word_1_241' title='bbox 972 1488 1144 1522; x_wconf 86' lang='lat' dir='ltr'>charitate</span> <span class='ocrx_word' id='word_1_242' title='bbox 1163 1488 1320 1533; x_wconf 84' lang='lat' dir='ltr'>diligitur</span> <span class='ocrx_word' id='word_1_243' title='bbox 1338 1488 1437 1522; x_wconf 90' lang='lat' dir='ltr'>Deus</span> <span class='ocrx_word' id='word_1_244' title='bbox 1455 1496 1601 1534; x_wconf 90' lang='lat' dir='ltr'>propter</span> <span class='ocrx_word' id='word_1_245' title='bbox 1619 1488 1792 1534; x_wconf 90' lang='lat' dir='ltr'>seipsum;</span> 
     </span>
     <span class='ocr_line' id='line_1_27' title="bbox 240 1540 1797 1587; baseline -0.001 -11"><span class='ocrx_word' id='word_1_246' title='bbox 240 1543 334 1577; x_wconf 88' lang='lat' dir='ltr'>unde</span> <span class='ocrx_word' id='word_1_247' title='bbox 357 1554 427 1576; x_wconf 86' lang='lat' dir='ltr'>una</span> <span class='ocrx_word' id='word_1_248' title='bbox 449 1542 525 1576; x_wconf 89' lang='lat' dir='ltr'>sola</span> <span class='ocrx_word' id='word_1_249' title='bbox 548 1543 638 1576; x_wconf 88' lang='lat' dir='ltr'>ratio</span> <span class='ocrx_word' id='word_1_250' title='bbox 661 1541 833 1586; x_wconf 83' lang='lat' dir='ltr'>diligendi</span> <span class='ocrx_word' id='word_1_251' title='bbox 855 1541 1046 1575; x_wconf 83' lang='lat' dir='ltr'>attenditur</span> <span class='ocrx_word' id='word_1_252' title='bbox 1067 1541 1311 1587; x_wconf 88' lang='lat' dir='ltr'>principaliter</span> <span class='ocrx_word' id='word_1_253' title='bbox 1333 1553 1352 1574; x_wconf 91' lang='lat' dir='ltr'>a</span> <span class='ocrx_word' id='word_1_254' title='bbox 1375 1541 1560 1583; x_wconf 85' lang='lat' dir='ltr'>charitate,</span> <span class='ocrx_word' id='word_1_255' title='bbox 1587 1540 1725 1576; x_wconf 88' lang='lat' dir='ltr'>scilicet</span> <span class='ocrx_word' id='word_1_256' title='bbox 1749 1540 1797 1574; x_wconf 90' lang='lat' dir='ltr'>di-</span> 
     </span>
     <span class='ocr_line' id='line_1_28' title="bbox 239 1593 1797 1641; baseline -0.002 -11"><span class='ocrx_word' id='word_1_257' title='bbox 239 1597 322 1630; x_wconf 83' lang='lat' dir='ltr'>vina</span> <span class='ocrx_word' id='word_1_258' title='bbox 343 1596 497 1637; x_wconf 79' lang='lat' dir='ltr'>bonitas,</span> <span class='ocrx_word' id='word_1_259' title='bbox 520 1607 610 1641; x_wconf 84' lang='lat' dir='ltr'>quae</span> <span class='ocrx_word' id='word_1_260' title='bbox 634 1603 685 1629; x_wconf 89' lang='lat' dir='ltr'>est</span> <span class='ocrx_word' id='word_1_261' title='bbox 708 1596 782 1640; x_wconf 84' lang='lat' dir='ltr'>ejus</span> <span class='ocrx_word' id='word_1_262' title='bbox 803 1594 1010 1636; x_wconf 86' lang='lat' dir='ltr'>substantia,</span> <span class='ocrx_word' id='word_1_263' title='bbox 1033 1594 1232 1628; x_wconf 89' lang='lat' dir='ltr'>secundum</span> <span class='ocrx_word' id='word_1_264' title='bbox 1250 1594 1338 1628; x_wconf 91' lang='lat' dir='ltr'>illud</span> <span class='ocrx_word' id='word_1_265' title='bbox 1353 1593 1446 1628; x_wconf 88' lang='lat' dir='ltr'>Psal.</span> <span class='ocrx_word' id='word_1_266' title='bbox 1466 1605 1560 1639; x_wconf 81' lang='lat'>105.:</span> <span class='ocrx_word' id='word_1_267' title='bbox 1586 1594 1797 1640; x_wconf 73' lang='lat' dir='ltr'>Confitemini</span> 
     </span>
     <span class='ocr_line' id='line_1_29' title="bbox 240 1646 1797 1695; baseline -0.002 -11"><span class='ocrx_word' id='word_1_268' title='bbox 240 1651 400 1691; x_wconf 80' lang='lat' dir='ltr'>Domino,</span> <span class='ocrx_word' id='word_1_269' title='bbox 424 1651 579 1695; x_wconf 73' lang='lat' dir='ltr'>quoniam</span> <span class='ocrx_word' id='word_1_270' title='bbox 597 1650 722 1685; x_wconf 67' lang='lat' dir='ltr'>honus:</span> <span class='ocrx_word' id='word_1_271' title='bbox 746 1647 837 1682; x_wconf 89' lang='lat' dir='ltr'>aliae</span> <span class='ocrx_word' id='word_1_272' title='bbox 861 1655 981 1681; x_wconf 88' lang='lat' dir='ltr'>autem</span> <span class='ocrx_word' id='word_1_273' title='bbox 1004 1647 1160 1681; x_wconf 84' lang='lat' dir='ltr'>rationes</span> <span class='ocrx_word' id='word_1_274' title='bbox 1183 1647 1226 1681; x_wconf 88' lang='lat' dir='ltr'>ad</span> <span class='ocrx_word' id='word_1_275' title='bbox 1249 1647 1470 1694; x_wconf 86' lang='lat' dir='ltr'>diligendum</span> <span class='ocrx_word' id='word_1_276' title='bbox 1496 1647 1718 1689; x_wconf 90' lang='lat' dir='ltr'>inducentes,</span> <span class='ocrx_word' id='word_1_277' title='bbox 1739 1646 1797 1681; x_wconf 92' lang='lat' dir='ltr'>vel</span> 
     </span>
     <span class='ocr_line' id='line_1_30' title="bbox 241 1701 1749 1747; baseline -0.001 -11"><span class='ocrx_word' id='word_1_278' title='bbox 241 1703 400 1738; x_wconf 89' lang='lat' dir='ltr'>debitum</span> <span class='ocrx_word' id='word_1_279' title='bbox 423 1702 625 1736; x_wconf 88' lang='lat' dir='ltr'>dilectionis</span> <span class='ocrx_word' id='word_1_280' title='bbox 647 1701 829 1743; x_wconf 87' lang='lat' dir='ltr'>facientes,</span> <span class='ocrx_word' id='word_1_281' title='bbox 851 1709 932 1735; x_wconf 88' lang='lat' dir='ltr'>sunt</span> <span class='ocrx_word' id='word_1_282' title='bbox 953 1701 1198 1742; x_wconf 83' lang='lat' dir='ltr'>secundariae,</span> <span class='ocrx_word' id='word_1_283' title='bbox 1221 1709 1255 1735; x_wconf 91' lang='lat' dir='ltr'>et</span> <span class='ocrx_word' id='word_1_284' title='bbox 1277 1708 1538 1747; x_wconf 87' lang='lat' dir='ltr'>consequentes</span> <span class='ocrx_word' id='word_1_285' title='bbox 1561 1712 1602 1735; x_wconf 84' lang='lat' dir='ltr'>ex</span> <span class='ocrx_word' id='word_1_286' title='bbox 1622 1701 1749 1746; x_wconf 90' lang='lat' dir='ltr'>prima.</span> 
     </span>
    </p>

    <p class='ocr_par' dir='ltr' id='par_1_7' title="bbox 241 1753 1797 1907">
     <span class='ocr_line' id='line_1_31' title="bbox 312 1753 1797 1800; baseline -0.002 -10"><span class='ocrx_word' id='word_1_287' title='bbox 312 1757 372 1790; x_wconf 80' lang='lat' dir='ltr'>AD</span> <span class='ocrx_word' id='word_1_288' title='bbox 395 1766 566 1790; x_wconf 74' lang='lat' dir='ltr'><strong>TERTIUM</strong></span> <span class='ocrx_word' id='word_1_289' title='bbox 589 1755 794 1796; x_wconf 85' lang='lat' dir='ltr'>dicendum,</span> <span class='ocrx_word' id='word_1_290' title='bbox 817 1755 913 1800; x_wconf 88' lang='lat' dir='ltr'>quod</span> <span class='ocrx_word' id='word_1_291' title='bbox 936 1754 1113 1788; x_wconf 85' lang='lat' dir='ltr'>amicitiae</span> <span class='ocrx_word' id='word_1_292' title='bbox 1128 1754 1321 1796; x_wconf 86' lang='lat' dir='ltr'>humanae,</span> <span class='ocrx_word' id='word_1_293' title='bbox 1337 1754 1379 1788; x_wconf 91' lang='lat' dir='ltr'>de</span> <span class='ocrx_word' id='word_1_294' title='bbox 1395 1766 1464 1800; x_wconf 87' lang='lat' dir='ltr'>qua</span> <span class='ocrx_word' id='word_1_295' title='bbox 1477 1754 1614 1788; x_wconf 90' lang='lat' dir='ltr'>Philos.</span> <span class='ocrx_word' id='word_1_296' title='bbox 1629 1753 1797 1800; x_wconf 90' lang='lat' dir='ltr'>loquitur,</span> 
     </span>
     <span class='ocr_line' id='line_1_32' title="bbox 242 1807 1797 1853; baseline -0.003 -9"><span class='ocrx_word' id='word_1_297' title='bbox 242 1818 294 1844; x_wconf 91' lang='lat' dir='ltr'>est</span> <span class='ocrx_word' id='word_1_298' title='bbox 315 1810 476 1843; x_wconf 84' lang='lat' dir='ltr'>diversus</span> <span class='ocrx_word' id='word_1_299' title='bbox 498 1809 588 1850; x_wconf 87' lang='lat' dir='ltr'>finis,</span> <span class='ocrx_word' id='word_1_300' title='bbox 623 1816 657 1842; x_wconf 92' lang='lat' dir='ltr'>et</span> <span class='ocrx_word' id='word_1_301' title='bbox 690 1808 828 1842; x_wconf 85' lang='lat' dir='ltr'>diversa</span> <span class='ocrx_word' id='word_1_302' title='bbox 851 1808 1148 1849; x_wconf 87' lang='lat' dir='ltr'>communicatio,</span> <span class='ocrx_word' id='word_1_303' title='bbox 1176 1808 1271 1853; x_wconf 88' lang='lat' dir='ltr'>quod</span> <span class='ocrx_word' id='word_1_304' title='bbox 1300 1807 1337 1841; x_wconf 91' lang='lat' dir='ltr'>in</span> <span class='ocrx_word' id='word_1_305' title='bbox 1371 1808 1544 1841; x_wconf 85' lang='lat' dir='ltr'>charitate</span> <span class='ocrx_word' id='word_1_306' title='bbox 1574 1807 1697 1841; x_wconf 89' lang='lat' dir='ltr'>locum</span> <span class='ocrx_word' id='word_1_307' title='bbox 1722 1817 1797 1840; x_wconf 91' lang='lat' dir='ltr'>non</span> 
     </span>
     <span class='ocr_line' id='line_1_33' title="bbox 241 1859 1568 1907; baseline -0.002 -10"><span class='ocrx_word' id='word_1_308' title='bbox 241 1863 361 1904; x_wconf 88' lang='lat' dir='ltr'>habet,</span> <span class='ocrx_word' id='word_1_309' title='bbox 384 1871 422 1896; x_wconf 92' lang='lat' dir='ltr'>ut</span> <span class='ocrx_word' id='word_1_310' title='bbox 443 1862 579 1896; x_wconf 90' lang='lat' dir='ltr'>dictum</span> <span class='ocrx_word' id='word_1_311' title='bbox 603 1869 654 1895; x_wconf 86' lang='lat' dir='ltr'>est</span> <span class='ocrx_word' id='word_1_312' title='bbox 678 1861 726 1905; x_wconf 80' lang='lat' dir='ltr'>(in</span> <span class='ocrx_word' id='word_1_313' title='bbox 747 1868 836 1907; x_wconf 76' lang='lat' dir='ltr'>corp.</span> <span class='ocrx_word' id='word_1_314' title='bbox 859 1861 963 1905; x_wconf 79' lang='lat' dir='ltr'>art.);</span> <span class='ocrx_word' id='word_1_315' title='bbox 989 1869 1023 1894; x_wconf 89' lang='lat' dir='ltr'>et</span> <span class='ocrx_word' id='word_1_316' title='bbox 1045 1860 1126 1894; x_wconf 88' lang='lat' dir='ltr'>ideo</span> <span class='ocrx_word' id='word_1_317' title='bbox 1148 1872 1223 1894; x_wconf 89' lang='lat' dir='ltr'>non</span> <span class='ocrx_word' id='word_1_318' title='bbox 1245 1868 1297 1894; x_wconf 92' lang='lat' dir='ltr'>est</span> <span class='ocrx_word' id='word_1_319' title='bbox 1317 1859 1444 1894; x_wconf 86' lang='lat' dir='ltr'>similis</span> <span class='ocrx_word' id='word_1_320' title='bbox 1465 1860 1568 1894; x_wconf 88' lang='lat' dir='ltr'>ratio.</span> 
     </span>
    </p>
   </div>
   <div class='ocr_carea' id='block_1_3' title="bbox 435 2002 1792 2141">
    <p class='ocr_par' dir='ltr' id='par_1_8' title="bbox 435 2002 1792 2141">
     <span class='ocr_line' id='line_1_34' title="bbox 794 2002 1792 2046; baseline 0.002 -2"><span class='ocrx_word' id='word_1_321' title='bbox 794 2002 1137 2046; x_wconf 85' lang='lat' dir='ltr'><strong>ARTICULUS</strong></span> <span class='ocrx_word' id='word_1_322' title='bbox 1172 2002 1247 2044; x_wconf 87' lang='lat' dir='ltr'>VI.</span> <span class='ocrx_word' id='word_1_323' title='bbox 1734 2022 1792 2046; x_wconf 87' lang='lat'>121</span> 
     </span>
     <span class='ocr_line' id='line_1_35' title="bbox 435 2108 1619 2141; baseline -0.003 0"><span class='ocrx_word' id='word_1_324' title='bbox 435 2111 586 2141; x_wconf 83' lang='lat' dir='ltr'>UTRUM</span> <span class='ocrx_word' id='word_1_325' title='bbox 614 2110 827 2140; x_wconf 74' lang='lat' dir='ltr'>CHAtuTAs</span> <span class='ocrx_word' id='word_1_326' title='bbox 856 2110 923 2139; x_wconf 76' lang='lat' dir='ltr'>Sir</span> <span class='ocrx_word' id='word_1_327' title='bbox 949 2109 1350 2139; x_wconf 71' lang='lat' dir='ltr'>EXCELLENTIsstMA</span> <span class='ocrx_word' id='word_1_328' title='bbox 1375 2108 1619 2139; x_wconf 86' lang='lat' dir='ltr'><strong>VIRTUTUM.</strong></span> 
     </span>
    </p>
   </div>
   <div class='ocr_carea' id='block_1_4' title="bbox 296 2196 1749 2299">
    <p class='ocr_par' dir='ltr' id='par_1_9' title="bbox 296 2196 1749 2299">
     <span class='ocr_line' id='line_1_36' title="bbox 641 2196 1405 2241; baseline -0.003 -10"><span class='ocrx_word' id='word_1_329' title='bbox 641 2197 719 2241; x_wconf 88' lang='lat'><em>(1-2.</em></span> <span class='ocrx_word' id='word_1_330' title='bbox 742 2208 771 2241; x_wconf 83' lang='lat' dir='ltr'>q.</span> <span class='ocrx_word' id='word_1_331' title='bbox 795 2196 851 2233; x_wconf 80' lang='lat'>66.</span> <span class='ocrx_word' id='word_1_332' title='bbox 874 2202 936 2231; x_wconf 78' lang='lat' dir='ltr'>art.</span> <span class='ocrx_word' id='word_1_333' title='bbox 960 2198 991 2231; x_wconf 87' lang='lat'>6.</span> <span class='ocrx_word' id='word_1_334' title='bbox 1014 2201 1043 2230; x_wconf 65' lang='lat' dir='ltr'>et</span> <span class='ocrx_word' id='word_1_335' title='bbox 1064 2196 1139 2241; x_wconf 81' lang='lat' dir='ltr'>infr.</span> <span class='ocrx_word' id='word_1_336' title='bbox 1165 2207 1194 2241; x_wconf 90' lang='lat' dir='ltr'>q.</span> <span class='ocrx_word' id='word_1_337' title='bbox 1214 2207 1265 2241; x_wconf 81' lang='lat'>30.</span> <span class='ocrx_word' id='word_1_338' title='bbox 1288 2200 1350 2229; x_wconf 79' lang='lat' dir='ltr'>art.</span> <span class='ocrx_word' id='word_1_339' title='bbox 1372 2206 1405 2238; x_wconf 76' lang='lat'>4.</span> 
     </span>
     <span class='ocr_line' id='line_1_37' title="bbox 296 2247 1749 2299; baseline -0.004 -12"><span class='ocrx_word' id='word_1_340' title='bbox 296 2258 323 2287; x_wconf 68' lang='lat' dir='ltr'>et</span> <span class='ocrx_word' id='word_1_341' title='bbox 341 2265 367 2299; x_wconf 80' lang='lat'>3.</span> <span class='ocrx_word' id='word_1_342' title='bbox 392 2253 478 2286; x_wconf 59' lang='lat' dir='ltr'>Dist.</span> <span class='ocrx_word' id='word_1_343' title='bbox 497 2252 549 2298; x_wconf 77' lang='lat'>36.</span> <span class='ocrx_word' id='word_1_344' title='bbox 573 2257 637 2286; x_wconf 77' lang='lat' dir='ltr'>art.</span> <span class='ocrx_word' id='word_1_345' title='bbox 659 2264 691 2296; x_wconf 69' lang='lat'>4.</span> <span class='ocrx_word' id='word_1_346' title='bbox 713 2257 743 2286; x_wconf 67' lang='lat' dir='ltr'>ct</span> <span class='ocrx_word' id='word_1_347' title='bbox 764 2251 820 2285; x_wconf 81' lang='lat' dir='ltr'>lib.</span> <span class='ocrx_word' id='word_1_348' title='bbox 842 2261 874 2294; x_wconf 85' lang='lat'>4.</span> <span class='ocrx_word' id='word_1_349' title='bbox 900 2250 1013 2284; x_wconf 82' lang='lat' dir='ltr'>Contr.</span> <span class='ocrx_word' id='word_1_350' title='bbox 1033 2261 1063 2294; x_wconf 77' lang='lat' dir='ltr'>g.</span> <span class='ocrx_word' id='word_1_351' title='bbox 1087 2255 1159 2295; x_wconf 82' lang='lat' dir='ltr'>cap.</span> <span class='ocrx_word' id='word_1_352' title='bbox 1177 2260 1222 2294; x_wconf 76' lang='lat'>55.</span> <span class='ocrx_word' id='word_1_353' title='bbox 1245 2248 1287 2282; x_wconf 75' lang='lat' dir='ltr'>ad</span> <span class='ocrx_word' id='word_1_354' title='bbox 1308 2261 1350 2294; x_wconf 78' lang='lat'>13.</span> <span class='ocrx_word' id='word_1_355' title='bbox 1374 2253 1403 2282; x_wconf 71' lang='lat' dir='ltr'>et</span> <span class='ocrx_word' id='word_1_356' title='bbox 1427 2248 1532 2283; x_wconf 85' lang='lat' dir='ltr'>Colos.</span> <span class='ocrx_word' id='word_1_357' title='bbox 1551 2259 1579 2293; x_wconf 82' lang='lat'>3.</span> <span class='ocrx_word' id='word_1_358' title='bbox 1602 2247 1672 2282; x_wconf 81' lang='lat' dir='ltr'>lect.</span> <span class='ocrx_word' id='word_1_359' title='bbox 1692 2248 1749 2293; x_wconf 83' lang='lat'><em>3.).</em></span> 
     </span>
    </p>
   </div>
   <div class='ocr_carea' id='block_1_5' title="bbox 243 2336 1801 2870">
    <p class='ocr_par' dir='ltr' id='par_1_10' title="bbox 243 2336 1799 2545">
     <span class='ocr_line' id='line_1_38' title="bbox 315 2336 1799 2388; baseline -0.007 -9"><span class='ocrx_word' id='word_1_360' title='bbox 315 2345 374 2378; x_wconf 87' lang='lat' dir='ltr'>AD</span> <span class='ocrx_word' id='word_1_361' title='bbox 397 2354 547 2378; x_wconf 71' lang='lat' dir='ltr'><strong>SEXTL&#39;M</strong></span> <span class='ocrx_word' id='word_1_362' title='bbox 575 2343 624 2376; x_wconf 87' lang='lat' dir='ltr'>sic</span> <span class='ocrx_word' id='word_1_363' title='bbox 647 2341 861 2388; x_wconf 87' lang='lat' dir='ltr'>proceditur.</span> <span class='ocrx_word' id='word_1_364' title='bbox 883 2340 1045 2381; x_wconf 78' lang='lat' dir='ltr'>Videtur,</span> <span class='ocrx_word' id='word_1_365' title='bbox 1065 2339 1160 2385; x_wconf 89' lang='lat' dir='ltr'>quod</span> <span class='ocrx_word' id='word_1_366' title='bbox 1180 2339 1333 2373; x_wconf 85' lang='lat' dir='ltr'>charitas</span> <span class='ocrx_word' id='word_1_367' title='bbox 1351 2349 1426 2372; x_wconf 91' lang='lat' dir='ltr'>non</span> <span class='ocrx_word' id='word_1_368' title='bbox 1441 2337 1484 2372; x_wconf 88' lang='lat' dir='ltr'>sit</span> <span class='ocrx_word' id='word_1_369' title='bbox 1499 2336 1799 2371; x_wconf 88' lang='lat' dir='ltr'>excellentissima</span> 
     </span>
     <span class='ocr_line' id='line_1_39' title="bbox 243 2389 1797 2440; baseline -0.006 -8"><span class='ocrx_word' id='word_1_370' title='bbox 243 2398 433 2432; x_wconf 83' lang='lat' dir='ltr'>virtutum:</span> <span class='ocrx_word' id='word_1_371' title='bbox 458 2396 593 2430; x_wconf 88' lang='lat' dir='ltr'>altioris</span> <span class='ocrx_word' id='word_1_372' title='bbox 616 2396 712 2429; x_wconf 87' lang='lat' dir='ltr'>enim</span> <span class='ocrx_word' id='word_1_373' title='bbox 734 2394 914 2440; x_wconf 85' lang='lat' dir='ltr'>potentiae</span> <span class='ocrx_word' id='word_1_374' title='bbox 937 2393 1041 2427; x_wconf 91' lang='lat' dir='ltr'>altior</span> <span class='ocrx_word' id='word_1_375' title='bbox 1071 2401 1123 2426; x_wconf 81' lang='lat' dir='ltr'>cst</span> <span class='ocrx_word' id='word_1_376' title='bbox 1152 2393 1274 2434; x_wconf 81' lang='lat' dir='ltr'>virtus,</span> <span class='ocrx_word' id='word_1_377' title='bbox 1297 2392 1387 2425; x_wconf 91' lang='lat' dir='ltr'>sicut</span> <span class='ocrx_word' id='word_1_378' title='bbox 1417 2398 1451 2425; x_wconf 92' lang='lat' dir='ltr'>et</span> <span class='ocrx_word' id='word_1_379' title='bbox 1480 2390 1586 2424; x_wconf 91' lang='lat' dir='ltr'>altior</span> <span class='ocrx_word' id='word_1_380' title='bbox 1616 2389 1797 2436; x_wconf 87' lang='lat' dir='ltr'>operatio:</span> 
     </span>
     <span class='ocr_line' id='line_1_40' title="bbox 244 2443 1799 2491; baseline -0.006 -5"><span class='ocrx_word' id='word_1_381' title='bbox 244 2452 305 2486; x_wconf 89' lang='lat' dir='ltr'>sed</span> <span class='ocrx_word' id='word_1_382' title='bbox 328 2451 528 2485; x_wconf 86' lang='lat' dir='ltr'>intellectus</span> <span class='ocrx_word' id='word_1_383' title='bbox 552 2457 604 2483; x_wconf 88' lang='lat' dir='ltr'>est</span> <span class='ocrx_word' id='word_1_384' title='bbox 626 2448 730 2482; x_wconf 87' lang='lat' dir='ltr'>altior</span> <span class='ocrx_word' id='word_1_385' title='bbox 755 2447 951 2488; x_wconf 84' lang='lat' dir='ltr'>voluntate,</span> <span class='ocrx_word' id='word_1_386' title='bbox 978 2447 1059 2491; x_wconf 85' lang='lat' dir='ltr'>quia</span> <span class='ocrx_word' id='word_1_387' title='bbox 1086 2445 1206 2490; x_wconf 84' lang='lat' dir='ltr'>dirigit</span> <span class='ocrx_word' id='word_1_388' title='bbox 1232 2445 1364 2491; x_wconf 79' lang='lat' dir='ltr'>ipsam3</span> <span class='ocrx_word' id='word_1_389' title='bbox 1392 2455 1479 2490; x_wconf 82' lang='lat' dir='ltr'>ergo</span> <span class='ocrx_word' id='word_1_390' title='bbox 1506 2443 1604 2485; x_wconf 85' lang='lat' dir='ltr'>fides,</span> <span class='ocrx_word' id='word_1_391' title='bbox 1626 2453 1718 2488; x_wconf 89' lang='lat' dir='ltr'>quae</span> <span class='ocrx_word' id='word_1_392' title='bbox 1745 2449 1799 2476; x_wconf 86' lang='lat' dir='ltr'>est</span> 
     </span>
     <span class='ocr_line' id='line_1_41' title="bbox 244 2497 1496 2545; baseline -0.006 -6"><span class='ocrx_word' id='word_1_393' title='bbox 244 2505 280 2538; x_wconf 90' lang='lat' dir='ltr'>in</span> <span class='ocrx_word' id='word_1_394' title='bbox 301 2503 497 2545; x_wconf 89' lang='lat' dir='ltr'>intellectu,</span> <span class='ocrx_word' id='word_1_395' title='bbox 521 2510 573 2536; x_wconf 90' lang='lat' dir='ltr'>est</span> <span class='ocrx_word' id='word_1_396' title='bbox 594 2500 824 2536; x_wconf 77' lang='lat' dir='ltr'>excellentior</span> <span class='ocrx_word' id='word_1_397' title='bbox 846 2499 1030 2540; x_wconf 83' lang='lat' dir='ltr'>charitate,</span> <span class='ocrx_word' id='word_1_398' title='bbox 1053 2510 1143 2544; x_wconf 83' lang='lat' dir='ltr'>quae</span> <span class='ocrx_word' id='word_1_399' title='bbox 1165 2506 1218 2532; x_wconf 86' lang='lat' dir='ltr'>est</span> <span class='ocrx_word' id='word_1_400' title='bbox 1239 2498 1274 2531; x_wconf 91' lang='lat' dir='ltr'>in</span> <span class='ocrx_word' id='word_1_401' title='bbox 1296 2497 1496 2532; x_wconf 88' lang='lat' dir='ltr'>voluntate.</span> 
     </span>
    </p>

    <p class='ocr_par' dir='ltr' id='par_1_11' title="bbox 244 2547 1799 2751">
     <span class='ocr_line' id='line_1_42' title="bbox 317 2547 1798 2599; baseline -0.007 -7"><span class='ocrx_word' id='word_1_402' title='bbox 317 2568 348 2591; x_wconf 87' lang='lat'>2.</span> <span class='ocrx_word' id='word_1_403' title='bbox 370 2558 606 2592; x_wconf 68' lang='lat' dir='ltr'>PRAETEREA.</span> <span class='ocrx_word' id='word_1_404' title='bbox 636 2554 740 2595; x_wconf 90' lang='lat' dir='ltr'>Illud,</span> <span class='ocrx_word' id='word_1_405' title='bbox 762 2565 823 2599; x_wconf 86' lang='lat' dir='ltr'>per</span> <span class='ocrx_word' id='word_1_406' title='bbox 845 2553 940 2598; x_wconf 91' lang='lat' dir='ltr'>quod</span> <span class='ocrx_word' id='word_1_407' title='bbox 968 2551 1063 2585; x_wconf 83' lang='lat' dir='ltr'>aliud</span> <span class='ocrx_word' id='word_1_408' title='bbox 1086 2559 1264 2597; x_wconf 86' lang='lat' dir='ltr'>operatur,</span> <span class='ocrx_word' id='word_1_409' title='bbox 1286 2551 1427 2585; x_wconf 86' lang='lat' dir='ltr'>videtur</span> <span class='ocrx_word' id='word_1_410' title='bbox 1457 2561 1501 2584; x_wconf 91' lang='lat' dir='ltr'>eo</span> <span class='ocrx_word' id='word_1_411' title='bbox 1530 2560 1606 2584; x_wconf 88' lang='lat' dir='ltr'>esse</span> <span class='ocrx_word' id='word_1_412' title='bbox 1628 2547 1798 2590; x_wconf 88' lang='lat' dir='ltr'>inferius;</span> 
     </span>
     <span class='ocr_line' id='line_1_43' title="bbox 246 2599 1799 2655; baseline -0.006 -10"><span class='ocrx_word' id='word_1_413' title='bbox 246 2611 337 2646; x_wconf 89' lang='lat' dir='ltr'>sicut</span> <span class='ocrx_word' id='word_1_414' title='bbox 359 2611 531 2651; x_wconf 86' lang='lat' dir='ltr'>minister,</span> <span class='ocrx_word' id='word_1_415' title='bbox 553 2620 616 2655; x_wconf 86' lang='lat' dir='ltr'>per</span> <span class='ocrx_word' id='word_1_416' title='bbox 637 2619 745 2654; x_wconf 84' lang='lat' dir='ltr'>quem</span> <span class='ocrx_word' id='word_1_417' title='bbox 767 2606 934 2640; x_wconf 87' lang='lat' dir='ltr'>dominus</span> <span class='ocrx_word' id='word_1_418' title='bbox 957 2604 1087 2650; x_wconf 86' lang='lat' dir='ltr'>aliquid</span> <span class='ocrx_word' id='word_1_419' title='bbox 1108 2612 1285 2650; x_wconf 88' lang='lat' dir='ltr'>operatur,</span> <span class='ocrx_word' id='word_1_420' title='bbox 1304 2612 1356 2638; x_wconf 86' lang='lat' dir='ltr'>est</span> <span class='ocrx_word' id='word_1_421' title='bbox 1373 2603 1520 2637; x_wconf 87' lang='lat' dir='ltr'>inferior</span> <span class='ocrx_word' id='word_1_422' title='bbox 1538 2601 1707 2636; x_wconf 86' lang='lat' dir='ltr'>domino:</span> <span class='ocrx_word' id='word_1_423' title='bbox 1737 2599 1799 2634; x_wconf 84' lang='lat' dir='ltr'>sed</span> 
     </span>
     <span class='ocr_line' id='line_1_44' title="bbox 244 2653 1799 2710; baseline -0.007 -11"><span class='ocrx_word' id='word_1_424' title='bbox 244 2664 319 2709; x_wconf 66' lang='lat' dir='ltr'>fides</span> <span class='ocrx_word' id='word_1_425' title='bbox 335 2671 398 2710; x_wconf 65' lang='lat' dir='ltr'>per</span> <span class='ocrx_word' id='word_1_426' title='bbox 419 2664 622 2698; x_wconf 65' lang='lat' dir='ltr'>dilectionem</span> <span class='ocrx_word' id='word_1_427' title='bbox 645 2665 809 2708; x_wconf 60' lang='lat' dir='ltr'>operatur,</span> <span class='ocrx_word' id='word_1_428' title='bbox 833 2667 871 2692; x_wconf 92' lang='lat' dir='ltr'>ut</span> <span class='ocrx_word' id='word_1_429' title='bbox 891 2658 1041 2692; x_wconf 84' lang='lat' dir='ltr'>habetur</span> <span class='ocrx_word' id='word_1_430' title='bbox 1056 2657 1098 2690; x_wconf 83' lang='lat' dir='ltr'>ad</span> <span class='ocrx_word' id='word_1_431' title='bbox 1116 2657 1196 2691; x_wconf 86' lang='lat' dir='ltr'>Gal.</span> <span class='ocrx_word' id='word_1_432' title='bbox 1220 2668 1269 2702; x_wconf 79' lang='lat'>5.;</span> <span class='ocrx_word' id='word_1_433' title='bbox 1292 2668 1378 2703; x_wconf 87' lang='lat' dir='ltr'>ergo</span> <span class='ocrx_word' id='word_1_434' title='bbox 1397 2656 1484 2690; x_wconf 86' lang='lat' dir='ltr'>fides</span> <span class='ocrx_word' id='word_1_435' title='bbox 1500 2663 1552 2690; x_wconf 87' lang='lat' dir='ltr'>est</span> <span class='ocrx_word' id='word_1_436' title='bbox 1566 2653 1799 2689; x_wconf 87' lang='lat' dir='ltr'>excellentior</span> 
     </span>
     <span class='ocr_line' id='line_1_45' title="bbox 248 2718 432 2751; baseline -0.005 0"><span class='ocrx_word' id='word_1_437' title='bbox 248 2718 432 2751; x_wconf 87' lang='lat' dir='ltr'>charitate.</span> 
     </span>
    </p>

    <p class='ocr_par' dir='ltr' id='par_1_12' title="bbox 250 2761 1801 2870">
     <span class='ocr_line' id='line_1_46' title="bbox 323 2761 1800 2816; baseline -0.007 -11"><span class='ocrx_word' id='word_1_438' title='bbox 323 2782 351 2816; x_wconf 80' lang='lat'>3.</span> <span class='ocrx_word' id='word_1_439' title='bbox 374 2770 609 2804; x_wconf 57' lang='lat' dir='ltr'>PRAETEREA.</span> <span class='ocrx_word' id='word_1_440' title='bbox 638 2767 729 2802; x_wconf 89' lang='lat' dir='ltr'>Illud</span> <span class='ocrx_word' id='word_1_441' title='bbox 759 2765 855 2812; x_wconf 91' lang='lat' dir='ltr'>quod</span> <span class='ocrx_word' id='word_1_442' title='bbox 877 2776 913 2799; x_wconf 88' lang='lat' dir='ltr'>se</span> <span class='ocrx_word' id='word_1_443' title='bbox 935 2764 1043 2798; x_wconf 82' lang='lat' dir='ltr'>habet</span> <span class='ocrx_word' id='word_1_444' title='bbox 1068 2776 1108 2798; x_wconf 79' lang='lat' dir='ltr'>ex</span> <span class='ocrx_word' id='word_1_445' title='bbox 1131 2763 1311 2798; x_wconf 88' lang='lat' dir='ltr'>additione</span> <span class='ocrx_word' id='word_1_446' title='bbox 1346 2763 1389 2797; x_wconf 86' lang='lat' dir='ltr'>ad</span> <span class='ocrx_word' id='word_1_447' title='bbox 1419 2762 1526 2804; x_wconf 91' lang='lat' dir='ltr'>aliud,</span> <span class='ocrx_word' id='word_1_448' title='bbox 1552 2761 1690 2795; x_wconf 89' lang='lat' dir='ltr'>videtur</span> <span class='ocrx_word' id='word_1_449' title='bbox 1722 2769 1800 2794; x_wconf 86' lang='lat' dir='ltr'>esse</span> 
     </span>
     <span class='ocr_line' id='line_1_47' title="bbox 250 2812 1801 2870; baseline -0.007 -12"><span class='ocrx_word' id='word_1_450' title='bbox 250 2823 459 2870; x_wconf 80' lang='lat' dir='ltr'>perfectius:</span> <span class='ocrx_word' id='word_1_451' title='bbox 482 2822 542 2856; x_wconf 82' lang='lat' dir='ltr'>sed</span> <span class='ocrx_word' id='word_1_452' title='bbox 566 2833 644 2868; x_wconf 86' lang='lat' dir='ltr'>spes</span> <span class='ocrx_word' id='word_1_453' title='bbox 666 2820 805 2854; x_wconf 87' lang='lat' dir='ltr'>videtur</span> <span class='ocrx_word' id='word_1_454' title='bbox 825 2830 862 2853; x_wconf 86' lang='lat' dir='ltr'>se</span> <span class='ocrx_word' id='word_1_455' title='bbox 884 2818 1015 2852; x_wconf 84' lang='lat' dir='ltr'>habere</span> <span class='ocrx_word' id='word_1_456' title='bbox 1035 2828 1076 2850; x_wconf 78' lang='lat' dir='ltr'>ex</span> <span class='ocrx_word' id='word_1_457' title='bbox 1099 2817 1279 2851; x_wconf 81' lang='lat' dir='ltr'>additione</span> <span class='ocrx_word' id='word_1_458' title='bbox 1303 2816 1346 2850; x_wconf 81' lang='lat' dir='ltr'>ad</span> <span class='ocrx_word' id='word_1_459' title='bbox 1369 2815 1598 2850; x_wconf 86' lang='lat' dir='ltr'>charitatem:</span> <span class='ocrx_word' id='word_1_460' title='bbox 1619 2824 1705 2848; x_wconf 84' lang='lat' dir='ltr'>nam</span> <span class='ocrx_word' id='word_1_461' title='bbox 1720 2812 1801 2846; x_wconf 89' lang='lat' dir='ltr'>cha-</span> 
     </span>
    </p>
   </div>
  </div>
 </body>
</html>
