1859 3122
204 150 285 190 166
620 159 840 194 QUAESTIO
873 159 945 188 XX.
979 158 1223 189 ARTICULUS
1257 159 1317 188 111.

197 241 367 275 stantiam
389 239 508 286 perdit
528 253 559 272 ».
582 239 626 273 Et
646 239 729 273 Isid.
753 239 838 273 dicit
858 240 894 273 in
915 240 974 274 lib.
998 250 1028 274 2.
1051 240 1094 274 de
1118 239 1272 273 Summo
1287 240 1390 274 Bono
1409 240 1496 287 (cap.
1516 242 1584 286 14.)
1598 254 1608 276 .·
1631 255 1648 274 «
1669 242 1753 277 Per-

198 302 337 340 petrare
359 293 537 339 flagitium
560 292 716 339 aliquod,
739 304 837 327 mors
860 293 1001 327 animae
1024 301 1091 335 est3
1114 293 1176 327 sed
1199 293 1387 339 desperare
1409 302 1463 328 est
1484 294 1700 330 descendere
1715 296 1751 330 'm

197 347 377 381 infernum
399 360 430 380 ».

269 400 313 434 Et
334 412 396 446 per
417 400 489 434 hoc
511 407 609 446 patet
626 400 814 445 responsio
835 411 885 435 AD
905 410 1080 446 OBJECTA.

751 522 1093 568 ARTICULUS
1124 524 1198 566 IV.
1689 547 1752 583 109

492 632 646 661 UTRUM
672 632 942 661 DESPERATIO
970 633 1025 661 Ex
1052 632 1233 662 ACCIDIA
1260 632 1464 662 ORIATUR.

269 718 329 752 AD
352 728 542 757 QUARTUM
569 718 618 752 sic
647 718 863 764 proceditur.
889 718 1052 760 Videtur,
1080 719 1176 764 quod
1204 719 1406 765 desperatio
1441 730 1482 753 ex
1517 719 1654 753 accidia
1679 730 1754 753 non

201 772 352 806 oriatur:
375 771 472 805 idem
495 771 592 805 enim
614 782 687 805 non
709 771 873 817 procedit
895 783 937 806 ex
956 772 1102 805 diversis
1125 772 1260 805 causis:
1285 772 1486 818 desperatio
1509 780 1629 806 autem
1647 771 1754 806 futuri

201 824 337 860 saeculi
357 825 520 870 procedit
548 836 590 858 ex
617 824 767 866 luxuria,
795 832 831 859 ut
859 825 943 859 dicit
970 824 1079 871 Greg.
1106 836 1158 870 31.
1180 824 1310 859 Moral.
1334 826 1422 872 (cap.
1449 825 1539 872 17.);
1566 837 1641 860 non
1667 837 1754 872 ergo

199 878 363 924 procedit
385 889 428 911 ex
450 878 597 911 accidia.

271 941 302 964 2.
325 931 561 965 PRAETEREA.
590 930 691 964 Sicut
716 931 793 976 spei
820 932 1014 976 opponitur
1040 931 1253 976 desperatio,
1275 931 1323 965 ita
1345 932 1478 977 gaudio
1499 931 1673 978 spirituali
1694 943 1754 978 op-

201 985 346 1030 ponitur
377 984 533 1019 accidia:
570 984 633 1018 sed
667 984 839 1030 gaudium
873 983 1055 1030 spirituale
1084 985 1247 1030 procedit
1272 996 1314 1018 ex
1343 996 1417 1031 spe,
1447 985 1646 1019 secundum
1666 984 1754 1019 illud

199 1037 307 1071 Rom.
340 1047 410 1072 125
443 1037 507 1084 Spe
534 1037 726 1082 gaudentem
755 1048 840 1083 ergo
869 1037 1006 1071 accidia
1032 1037 1195 1083 procedit
1224 1049 1266 1072 ex
1288 1037 1550 1084 desperatione,
1578 1046 1612 1072 et
1636 1049 1711 1072 non
1736 1049 1754 1072 e

201 1101 389 1125 converso.

276 1155 304 1189 3.
328 1144 564 1178 PRAETEREA.
590 1143 866 1178 Contrariorum
889 1145 1089 1178 contrariae
1111 1153 1192 1178 sunt
1211 1155 1357 1178 causae:
1380 1145 1441 1179 sed
1460 1156 1551 1191 spes,
1571 1145 1629 1179 cui
1646 1156 1757 1192 oppo-

200 1197 295 1230 nitur
314 1197 528 1243 desperatio,
550 1196 690 1231 videtur
716 1197 910 1243 procedere
940 1209 982 1231 ex
1016 1197 1303 1232 consideratione
1331 1198 1535 1232 divinorum
1563 1198 1754 1232 beneficio-

202 1261 294 1292 rum,
317 1257 350 1284 et
373 1250 530 1283 maxime
553 1261 594 1283 ex
617 1250 904 1284 consideratione
928 1251 1206 1284 incarnationis:
1229 1251 1314 1284 dicit
1336 1251 1432 1285 enim
1454 1251 1606 1297 August.
1633 1262 1684 1297 13.
1712 1251 1755 1285 de

202 1302 304 1337 Trin.
329 1303 416 1351 (cap.
440 1303 530 1347 10.).·
565 1303 698 1336 «Nihil
717 1311 793 1337 tam
818 1304 1063 1338 necessarium
1084 1303 1149 1337 fuit
1168 1304 1210 1337 ad
1233 1304 1439 1349 erigendam
1459 1315 1559 1350 spem
1581 1312 1755 1346 nostram,

202 1367 311 1402 quam
335 1364 372 1390 ut
394 1356 702 1390 demonstraretur
719 1357 835 1398 nobis,
851 1365 1022 1402 quantum
1039 1368 1105 1390 nos
1119 1357 1219 1390 Deus
1234 1357 1407 1402 diligeret.
1432 1357 1530 1397 Quid
1548 1368 1635 1391 vero
1649 1357 1755 1402 hujus

202 1409 253 1443 rei
274 1409 342 1443 isto
365 1409 499 1442 indicio
523 1408 759 1450 manifestius,
781 1420 889 1455 quarn
912 1410 1007 1455 quod
1030 1410 1097 1443 Dei
1120 1409 1229 1443 Filius
1250 1418 1398 1444 naturae
1419 1417 1563 1444 nostrae
1590 1410 1755 1456 dignatus

202 1471 254 1498 est
274 1463 364 1497 inire
384 1463 637 1497 consortium?
654 1477 670 1495 >)
696 1462 791 1508 Ergo
815 1463 1015 1508 desperatio
1038 1463 1153 1508 magis
1172 1464 1334 1509 procedit
1352 1474 1394 1497 ex
1414 1463 1635 1509 negligentia
1648 1463 1754 1509 hujus

203 1516 516 1557 considerationis,
538 1527 647 1561 quam
670 1527 711 1550 ex
735 1516 882 1549 accidia.

273 1570 348 1604 SED
372 1580 526 1604 CONTRA
550 1577 613 1611 est,
636 1569 732 1615 quod
757 1580 807 1615 31.
827 1569 956 1603 Moral.
972 1570 1060 1615 (cap.
1076 1580 1124 1615 17.
1155 1581 1174 1603 a
1192 1569 1290 1615 med.)
1316 1569 1514 1616 Gregorius
1541 1569 1757 1616 desperatio-

201 1633 285 1657 nem
300 1631 489 1657 enumerat
511 1623 603 1656 inter
625 1634 676 1664 ea,
700 1634 791 1668 quae
813 1623 1014 1669 procedunt
1036 1634 1077 1656 ex
1100 1623 1249 1656 accidia.

273 1675 504 1710 RESPONDEo
527 1675 733 1717 dicendum,
755 1675 864 1721 quod,
886 1676 978 1709 sicut
999 1687 1105 1721 supra
1128 1676 1263 1710 dictum
1286 1684 1338 1710 est
1360 1676 1404 1722 (q.
1431 1687 1480 1722 17.
1503 1682 1567 1711 art.
1593 1689 1620 1711 1.
1643 1681 1673 1711 et
1692 1688 1754 1712 1-2.

201 1741 230 1774 q.
253 1740 309 1773 40.
332 1734 395 1763 art.
414 1731 472 1775 L),
491 1729 674 1774 objectum
696 1729 772 1774 spei
795 1737 847 1763 est
868 1729 1005 1762 bonum
1027 1729 1178 1763 arduum
1200 1729 1368 1775 possibile
1392 1729 1540 1776 adipisci
1552 1728 1610 1763 vel
1624 1740 1686 1775 per
1707 1740 1755 1772 se,

200 1783 258 1817 vel
280 1796 342 1830 per
365 1784 495 1818 alium:
518 1784 692 1830 dupliciter
713 1791 830 1829 potest
851 1794 938 1828 ergo
967 1783 1003 1816 in
1031 1782 1151 1828 aliquo
1175 1793 1253 1828 spes
1283 1781 1436 1816 deficere
1466 1783 1509 1816 de
1538 1782 1756 1816 beatitudine

201 1837 415 1872 obtinenda:
438 1849 500 1870 uno
526 1836 634 1878 modo,
658 1837 740 1882 quia
761 1847 835 1869 non
856 1844 996 1882 reputat
1018 1847 1097 1869 cam
1124 1843 1162 1870 ut
1189 1836 1326 1869 bonum
1353 1835 1520 1869 arduum:
1551 1836 1616 1869 alio
1648 1835 1755 1878 modo,

201 1891 284 1936 quia
305 1901 380 1923 non
403 1898 541 1936 reputat
564 1901 644 1923 eam
666 1897 703 1922 ut
725 1888 934 1934 possibilem
957 1889 1104 1934 adipisci
1133 1888 1190 1922 vel
1216 1900 1279 1934 per
1299 1900 1348 1930 se,
1377 1888 1434 1922 vel
1464 1900 1527 1934 per
1549 1888 1670 1923 alium.
1698 1889 1756 1923 Ad

201 1944 271 1977 hoc
289 1951 409 1977 autem
425 1943 521 1988 quod
536 1943 632 1976 bona
647 1941 841 1988 spiritualia
857 1953 931 1975 non
946 1942 1085 1987 sapiant
1102 1942 1205 1975 nobis
1220 1942 1321 1987 quasi
1334 1942 1441 1983 bona,
1455 1941 1513 1975 vel
1527 1953 1600 1975 non
1616 1941 1758 1976 videan-

201 2005 258 2031 tur
282 1997 386 2030 nobis
409 1997 509 2042 quasi
531 2007 664 2041 magna
685 1996 794 2037 bona,
816 1995 1006 2041 praecipue
1032 1995 1260 2040 perducimur
1281 2006 1344 2040 per
1364 1995 1448 2036 hoc,
1477 1995 1574 2040 quod
1608 1994 1756 2029 affectus

201 2058 324 2084 noster
347 2058 399 2083 est
420 2049 571 2083 infectus
601 2059 725 2082 amore
745 2048 1025 2082 delectationum
1049 2047 1309 2093 corporalium3
1332 2048 1423 2082 inter
1441 2059 1528 2094 quas
1542 2048 1756 2094 praecipuae

202 2111 286 2137 sunt
304 2103 563 2137 delectationes
578 2113 772 2135 venereae:
801 2113 886 2135 nam
910 2113 950 2135 ex
973 2100 1101 2135 affectu
1123 2101 1252 2134 harum
1274 2100 1556 2135 delectationum
1581 2101 1757 2147 contingit

203 2157 300 2202 quod
321 2157 437 2189 homo
460 2155 594 2189 fastidit
614 2155 709 2188 bona
728 2154 939 2200 spiritualia,
962 2162 996 2188 et
1016 2165 1089 2187 non
1111 2161 1228 2200 sperat
1255 2165 1295 2188 ea
1326 2154 1427 2199 quasi
1458 2155 1635 2199 quaedam
1660 2154 1757 2188 bona

204 2209 330 2243 ardua:
349 2217 383 2243 et
404 2209 603 2242 secundum
618 2208 689 2242 hoc
705 2208 907 2253 desperatio
931 2215 1096 2241 causatur
1117 2218 1158 2240 ex
1180 2206 1330 2240 luxuria.
1352 2207 1409 2240 Ad
1431 2207 1501 2241 hoc
1517 2215 1638 2241 autem
1659 2207 1756 2253 quod

205 2262 351 2308 aliquod
385 2262 521 2296 bonurn
557 2261 707 2295 arduum
740 2272 814 2294 non
837 2261 1000 2294 aestimet
1022 2268 1059 2294 ut
1079 2259 1247 2306 possibile
1270 2260 1335 2294 sibi
1357 2260 1506 2306 adipisci
1526 2271 1588 2306 per
1616 2271 1665 2302 se,
1698 2259 1757 2295 vel

206 2327 270 2361 per
293 2315 416 2357 alium,
438 2315 643 2361 perducitur
662 2326 702 2348 ex
728 2314 841 2347 nimia
862 2313 1082 2359 dejectione3
1104 2323 1195 2358 quae
1217 2313 1361 2358 quando
1388 2313 1423 2346 in
1447 2313 1575 2348 affectu
1596 2313 1756 2348 hominis

206 2369 424 2409 dominatur,
450 2368 590 2401 videtur
617 2367 660 2409 ei,
691 2368 785 2413 quod
818 2378 1016 2412 numquam
1038 2366 1150 2412 possit
1176 2367 1218 2400 ad
1253 2365 1399 2412 aliquod
1420 2367 1558 2400 bonum
1587 2366 1755 2410 relevari3

206 2430 240 2456 et
258 2422 341 2468 quia
364 2421 500 2455 accidia
523 2428 575 2454 est
589 2420 729 2454 tristitia
745 2420 922 2466 quaedam
943 2419 1119 2465 dejectiva
1141 2419 1294 2465 spiritus,
1316 2419 1397 2453 ideo
1416 2431 1478 2466 per
1492 2420 1588 2453 hunc
1604 2419 1756 2453 modum

203 2474 405 2520 desperatio
421 2485 462 2508 ex
478 2473 615 2508 accidia
638 2481 847 2517 generatur:
875 2473 946 2507 hoc
970 2480 1089 2506 autern
1112 2480 1164 2506 est
1184 2473 1369 2518 proprium
1391 2473 1573 2518 objectum
1591 2473 1678 2519 spei,
1692 2472 1756 2507 sci-

205 2528 288 2562 licet
321 2527 417 2574 quod
450 2527 493 2560 sit
519 2525 686 2572 possible,
721 2538 805 2559 nam
835 2526 984 2567 boumn,
1014 2534 1048 2560 et
1078 2525 1228 2559 arduum
1256 2526 1363 2559 etiam
1392 2525 1434 2559 ad
1458 2525 1544 2559 alias
1571 2525 1755 2571 passiones

202 2581 398 2627 pertinent3
422 2580 514 2614 unde
542 2579 731 2625 specialius
753 2580 864 2613 oritur
886 2590 927 2613 ex
951 2578 1104 2613 accidia:
1131 2586 1247 2624 potest
1273 2587 1394 2613 tamen
1424 2579 1509 2612 oriri
1537 2589 1579 2612 ex
1605 2578 1754 2621 luxuria,

202 2635 341 2668 ratione
363 2635 436 2679 jam
459 2633 552 2667 dicta
577 2631 623 2676 (l'n
647 2632 765 2678 corp).

274 2687 380 2721 Unde
402 2693 498 2733 patet
516 2686 703 2732 responsio
725 2696 774 2719 AD
798 2696 955 2719 PmMUM.

275 2741 335 2775 AD
364 2750 570 2774 SECUNDUM
593 2739 798 2780 dicendum,
820 2739 928 2784 quod,
951 2739 1040 2773 sicut
1061 2737 1152 2772 Phil.
1175 2737 1259 2772 dicit
1281 2738 1316 2771 in
1344 2748 1371 2773 1.
1393 2737 1497 2771 Rhet.
1517 2738 1604 2784 (cap.
1620 2737 1694 2781 rr),
1714 2737 1756 2771 si-

203 2801 263 2826 cut
284 2804 364 2839 spes
386 2792 471 2827 facit
493 2792 790 2834 delectationem,
813 2791 861 2825 ita
884 2792 991 2825 etiam
1013 2791 1181 2825 homines
1202 2791 1237 2824 in
1253 2791 1550 2825 delectationibus
1565 2790 1754 2824 existentes

203 2845 404 2880 cfficiuntur
425 2846 572 2892 majoris
590 2845 683 2891 spei:
707 2853 741 2878 et
763 2855 824 2890 per
845 2845 941 2878 hunc
968 2845 1077 2879 etiam
1098 2845 1249 2879 modum
1270 2844 1438 2878 homines
1460 2844 1495 2878 in
1517 2843 1664 2878 tristitiis
1687 2843 1755 2878 exi-
