1859 3122
219 152 298 194 168
647 164 870 199 QUAEsrto
903 165 992 194 xxt.
1026 164 1269 195 ARTICULUS
1301 165 1329 194 1.

287 246 360 281 SED
384 256 538 281 CONTRA
565 254 627 288 est,
655 247 751 292 quod
773 247 864 281 sicut
890 258 932 281 ex
959 247 1207 292 desperatione
1235 247 1361 293 aliquis
1389 248 1588 282 contemnit
1613 248 1772 283 divinam

215 300 512 341 misericordiam,
535 300 592 333 cui
614 311 693 345 spes
719 300 899 342 innititur;
925 301 972 334 ita
1000 312 1042 334 ex
1069 300 1360 346 praesumptione
1387 302 1587 335 contemnit
1613 302 1774 336 divinam

214 352 396 398 justitiam,
419 364 510 398 quae
524 361 734 398 peccatores
749 353 867 399 punit:
891 354 952 387 sed
970 354 1063 387 sicut
1083 353 1331 387 misericordia
1353 362 1406 388 est
1426 354 1462 387 in
1484 354 1576 396 Deo,
1599 355 1646 389 ita
1664 355 1773 389 etiam

216 413 250 439 et
270 405 401 450 justitia
424 413 476 439 est
501 405 537 438 in
559 406 656 451 ipso;
679 417 765 452 ergo
792 407 884 440 sicut
909 407 1109 452 desperatio
1138 414 1190 440 est
1215 417 1277 452 per
1304 407 1531 441 aversionem
1558 419 1578 440 a
1603 408 1697 450 Deo,
1723 409 1775 442 ita

215 459 460 504 praesumptio
484 467 536 492 est
557 471 619 504 per
640 459 881 493 inordinatam
904 460 1183 494 conversionem
1203 460 1245 493 ad
1265 460 1394 504 ipsum.

286 512 514 547 RESPONDEO
537 513 742 554 dicendum,
757 513 853 558 quod
867 513 1111 559 praesumptio
1126 513 1266 546 videtur
1284 513 1482 559 importare
1497 513 1694 559 quamdam
1711 514 1774 548 im-

215 565 480 599 moderantiam
507 566 600 611 spei:
628 568 703 611 spei
725 574 846 600 autem
869 567 1050 611 objectum
1073 574 1125 599 est
1146 566 1283 599 bonum
1311 566 1462 600 arduum
1485 566 1666 612 possibile.
1688 567 1776 601 Pos-

215 617 315 652 sibile
338 626 459 652 autern
481 627 533 652 est
555 618 687 665 aliquid
709 619 851 653 homini
871 619 1045 666 dupliciter
1057 632 1066 653 .·
1089 628 1153 652 uno
1176 618 1269 652 modo
1292 630 1355 665 per
1376 619 1560 665 propriam
1581 621 1770 654 virtutem:

216 672 280 705 alio
303 672 397 705 modo
412 683 486 706 non
501 672 568 706 nisi
589 684 651 718 per
668 672 836 706 virtutem
859 672 1036 707 divinam:
1059 672 1153 705 circa
1172 681 1361 717 utramque
1381 680 1502 706 autem
1517 683 1617 718 spem
1637 684 1699 718 per
1711 673 1776 708 im-

218 724 481 759 moderantiam
499 733 616 771 potest
638 737 715 759 esse
733 725 996 771 praesumptio:
1019 737 1104 758 nam
1124 725 1219 759 circa
1241 735 1354 770 spem,
1376 736 1439 771 per
1458 736 1566 771 quam
1586 725 1712 771 aliquis
1730 725 1774 760 de

215 778 359 824 propria
380 780 507 812 virtute
530 778 688 820 confidit,
711 778 903 812 attenditur
917 778 1161 824 praesumptio
1181 789 1223 811 ex
1241 777 1325 819 hoc,
1346 778 1442 823 quod
1462 778 1589 824 aliquis
1607 778 1721 813 tendit
1737 779 1775 812 in

216 830 360 877 aliquod
388 831 524 865 bonum
552 839 589 865 ut
614 831 679 865 sibi
705 830 886 877 possibile,
910 831 1005 876 quod
1027 843 1128 865 suam
1154 830 1362 864 facultatem
1392 831 1548 873 excedit3
1575 831 1775 865 secundum

217 885 313 930 quod
335 885 462 918 dicitur
479 884 601 929 Judith
628 883 677 918 6.:
701 885 944 918 Praesumentes
965 884 1001 918 de
1020 896 1050 918 sa
1073 884 1249 918 humilias:
1278 892 1312 918 et
1337 883 1418 918 talis
1443 885 1688 930 praesumptio
1715 895 1776 930 op-

216 937 358 983 ponitur
379 937 500 971 virtuti
522 937 843 983 magnanimitatis,
865 948 958 983 quae
981 937 1141 970 medium
1162 945 1261 971 tenet
1282 937 1318 970 in
1340 937 1550 982 hujusmodi
1571 948 1644 982 spe.
1668 937 1777 971 Circa

216 1001 317 1036 spem
340 998 471 1032 autem,
493 1002 556 1035 per
577 1002 685 1036 quam
708 990 834 1036 aliquis
857 990 1022 1024 inhaeret
1044 990 1184 1023 divinae
1207 990 1401 1036 potentiae,
1424 998 1543 1036 potest
1563 1001 1626 1036 per
1647 991 1778 1024 immo-

217 1044 416 1077 derantiam
439 1054 514 1077 esse
536 1043 780 1089 praesumptio
803 1044 838 1077 in
860 1044 942 1086 hoc,
965 1044 1061 1089 quod
1077 1043 1206 1089 aliquis
1222 1045 1335 1078 tendit
1355 1044 1391 1078 in
1414 1044 1560 1090 aliquod
1581 1044 1719 1078 bonum
1737 1052 1776 1079 ut

216 1096 384 1143 possibile
406 1108 468 1142 per
481 1097 661 1138 virtutem,
677 1105 711 1131 et
725 1097 1010 1131 misericordiam
1027 1097 1198 1138 divinam,
1213 1097 1309 1143 quod
1325 1096 1494 1143 possibile
1509 1109 1583 1131 non
1598 1106 1668 1132 est:
1684 1098 1776 1132 sicut

217 1161 300 1184 cum
323 1150 450 1195 aliquis
466 1158 583 1195 sperat
604 1161 641 1183 se
663 1150 807 1184 veniam
830 1151 990 1183 obtinere
1012 1150 1087 1184 sine
1110 1150 1342 1195 poenitentia,
1357 1150 1415 1184 vel
1434 1150 1589 1196 gloriam
1608 1152 1684 1184 sine
1704 1162 1776 1185 me-

215 1203 304 1237 ritis:
316 1203 405 1236 haec
423 1211 542 1236 autem
558 1203 802 1248 praesumptio
818 1211 870 1236 est
884 1203 1025 1249 proprie
1036 1203 1173 1249 species
1188 1203 1326 1248 peccati
1339 1203 1374 1236 in
1387 1203 1561 1249 Spiritum
1577 1203 1774 1246 Sanctum3

217 1256 299 1302 quia
321 1255 458 1290 scilicet
478 1267 540 1301 per
565 1256 774 1300 hujusmodi
800 1256 1131 1302 praesumptionem
1158 1255 1304 1298 tollitur,
1326 1255 1384 1290 vel
1411 1257 1654 1290 contemnitur
1681 1257 1778 1302 adju-

216 1309 350 1343 torium
373 1308 524 1354 Spiritus
547 1309 681 1350 Sancti,
703 1320 765 1354 per
787 1309 883 1354 quod
904 1309 1017 1342 homo
1040 1316 1230 1343 revocatur
1252 1320 1271 1342 a
1292 1316 1454 1354 peccato.

287 1363 347 1396 AD
369 1372 517 1396 PRIMUM
540 1373 626 1407 ergo
649 1362 853 1403 dicendum,
875 1362 983 1407 quod,
1005 1362 1097 1395 sicut
1118 1373 1223 1408 supra
1245 1362 1381 1396 dictum
1400 1370 1453 1396 est
1473 1362 1517 1407 (q.
1536 1374 1591 1397 20.
1616 1368 1680 1397 art.
1695 1375 1723 1409 3.
1746 1368 1777 1398 et

216 1427 278 1450 1-2.
301 1427 330 1461 q.
354 1426 398 1461 73.
421 1420 485 1449 art.
503 1414 565 1462 3.),
589 1423 789 1461 peccatum,
817 1415 913 1460 quod
936 1423 988 1448 est
1010 1423 1135 1448 contra
1156 1415 1289 1456 Deum,
1316 1414 1514 1448 secundum
1541 1426 1647 1448 suurn
1662 1427 1777 1461 genus

218 1476 271 1503 est
291 1470 432 1514 gravius
450 1468 598 1502 caeteris
617 1469 792 1514 peccatis,
814 1467 907 1501 unde
929 1468 1186 1514 praesumptio,
1205 1479 1274 1513 qua
1293 1468 1371 1513 quis
1389 1467 1591 1501 inordinate
1613 1468 1776 1502 innititur

216 1523 310 1563 Deo,
332 1522 474 1567 gravius
496 1529 686 1567 peccatum
709 1529 770 1562 est,
793 1532 902 1566 quam
932 1521 1189 1566 praesumptio,
1217 1532 1286 1566 qua
1315 1520 1392 1566 quis
1418 1520 1581 1554 innititur
1606 1521 1771 1566 propriae

216 1575 348 1616 virtuti,
372 1574 467 1620 quod
491 1574 586 1607 enim
603 1573 728 1619 aliquis
744 1575 914 1607 innitatur
935 1574 1076 1607 divinae
1098 1573 1219 1607 virtuti
1238 1573 1281 1607 ad
1301 1574 1597 1619 consequendum
1615 1574 1661 1616 id,
1678 1574 1775 1620 quod

216 1629 297 1662 Deo
320 1639 393 1662 non
417 1627 596 1668 convenit,
623 1627 693 1660 hoc
718 1635 770 1660 est
791 1627 991 1660 diminuere
1014 1627 1173 1660 divinam
1194 1627 1382 1660 virtutem:
1405 1634 1502 1672 patet
1524 1634 1655 1669 autem,
1678 1627 1775 1673 quod

218 1681 360 1727 gravius
387 1689 523 1726 peccat,
546 1680 606 1726 qui
627 1679 794 1714 diminuit
815 1680 971 1714 divinam
994 1680 1175 1721 virtutem,
1195 1691 1304 1725 quam
1327 1679 1386 1725 qui
1405 1680 1586 1726 propriam
1604 1680 1776 1714 virtutem

217 1734 471 1781 superextollit.

289 1788 349 1822 AD
369 1797 574 1821 SECUNDUM
590 1786 794 1827 dicendum,
809 1787 905 1832 quod
920 1786 994 1832 ipsa
1010 1785 1268 1831 praesumptio,
1285 1797 1354 1831 qua
1369 1785 1446 1831 quis
1462 1785 1662 1820 inordinate
1677 1797 1776 1832 prae-

218 1841 328 1875 sumit
345 1840 388 1874 de
410 1840 503 1881 Deo,
526 1851 689 1873 amorem
711 1839 765 1873 sui
785 1838 945 1880 includit,
961 1850 1031 1884 quo
1054 1839 1132 1884 quis
1147 1838 1331 1884 proprium
1346 1839 1483 1873 bonum
1501 1839 1703 1873 inordinate
1718 1839 1776 1873 de-

218 1894 360 1935 siderat,
383 1893 478 1938 quod
501 1893 596 1927 enim
612 1892 766 1926 multum
782 1892 1037 1933 desideramus,
1055 1891 1286 1925 aestimamus
1300 1891 1404 1925 nobis
1427 1891 1469 1925 de
1491 1890 1588 1925 facili
1605 1903 1668 1938 per
1683 1891 1776 1926 alios

217 1958 324 1994 posse
343 1946 543 1992 provenire,
567 1946 673 1980 etiam
694 1945 723 1978 si
743 1956 817 1978 non
838 1945 959 1990 possit.

289 2000 349 2034 AD
377 2009 547 2033 TERTIUM
573 1998 778 2039 dicendum,
805 1998 900 2043 quod
922 1997 1165 2043 praesumptio
1188 1997 1230 2031 de
1253 1997 1372 2031 divina
1399 1997 1646 2031 misericordia
1667 1997 1776 2033 habet

220 2052 496 2088 conversionem
513 2052 556 2085 ad
571 2052 707 2085 bonum
727 2050 996 2092 commutabile,
1012 2051 1224 2095 inquantum
1239 2050 1400 2096 procedit
1421 2062 1463 2084 ex
1485 2050 1664 2084 desiderio
1682 2051 1778 2085 inor-

220 2107 342 2140 dinato
364 2106 498 2151 proprii
518 2105 620 2147 boni3
643 2113 676 2138 et
699 2104 924 2138 aversionem
947 2115 965 2137 a
988 2104 1083 2137 bono
1111 2102 1412 2145 incommutabili,
1439 2103 1653 2149 inquantum
1680 2105 1775 2138 attri-

219 2160 295 2193 buit
316 2159 457 2192 divinae
475 2159 607 2200 virtuti,
629 2158 724 2203 quod
752 2157 784 2192 ei
802 2168 875 2191 non
898 2156 1086 2198 convenit3
1112 2167 1172 2202 per
1194 2156 1265 2191 hoc
1293 2156 1389 2190 enim
1417 2157 1585 2190 avertitur
1613 2157 1726 2191 homo
1754 2168 1775 2192 a

220 2213 348 2247 virtute
367 2212 497 2246 divina.

778 2348 1121 2394 ARTICULUS
1151 2349 1206 2391 ΙΙ.
1710 2371 1773 2395 111.

565 2460 717 2489 UTRUM
750 2457 1050 2488 PRAESUMPTIO
1085 2457 1151 2486 SIT
1180 2456 1428 2486 PECCATUM.

741 2547 847 2591 (Dist.
870 2558 896 2580 1.
913 2545 999 2592 prol.
1024 2546 1057 2578 in
1078 2550 1148 2590 exp.
1171 2544 1249 2588 lit).

293 2636 352 2670 AD
368 2645 571 2670 SECUNDUM
582 2634 631 2667 sic
648 2634 860 2679 proceditur.
876 2633 1037 2674 Videtur,
1053 2632 1147 2678 quod
1159 2632 1402 2678 praesumptio
1418 2642 1491 2665 non
1506 2631 1551 2666 sit
1564 2639 1774 2677 peccatum:

221 2688 360 2722 nullutn
383 2688 479 2722 enim
501 2695 690 2734 peccatum
706 2695 758 2720 est
771 2687 861 2720 ratio
877 2687 972 2732 quod
995 2687 1108 2720 homo
1132 2686 1338 2719 exaudiatur
1361 2697 1379 2719 a
1402 2686 1500 2720 Deo:
1524 2685 1585 2719 sed
1599 2696 1662 2730 per
1675 2695 1774 2730 prae-

221 2742 465 2787 sumptionem
488 2740 597 2786 aliqui
619 2740 853 2773 exaudiuntur
876 2751 894 2773 a
913 2740 1012 2773 Deo:
1036 2738 1163 2773 dicitur
1179 2738 1274 2771 enim
1284 2738 1404 2783 Judith
1427 2749 1475 2784 9.:
1499 2738 1632 2772 Exaudi
1646 2750 1695 2772 me
1713 2738 1774 2771 mi-

220 2807 326 2829 seram
347 2794 586 2840 deprecantem,
606 2798 633 2828 et
653 2793 689 2827 (Iu
711 2797 765 2827 ίιια
788 2792 1015 2827 misericordia
1035 2797 1313 2838 praesumentem;
1343 2802 1428 2837 ergo
1456 2790 1701 2837 praesumptio
1727 2790 1776 2825 de

222 2848 342 2882 divina
364 2846 609 2882 misericordia
629 2857 703 2880 non
726 2853 777 2880 est
804 2854 1004 2891 peccatum.
