1859 3122
541 164 761 200 Quixsssrio
797 164 834 193 L.
869 164 1112 194 ⁴-utTmurus
1148 164 1206 193 111.
1565 151 1645 206 385

90 247 199 282 ctiam
221 254 368 293 paterna
395 245 581 292 prudentia
603 245 700 292 poni,
723 246 815 280 sicut
841 253 874 279 et
901 245 1104 290 regnativa:
1128 256 1200 279 non
1224 253 1344 279 autem
1372 245 1535 291 ponitur;
1563 256 1649 291 ergo

90 312 155 336 nec
178 300 419 335 oeconomica
441 300 545 334 debet
566 300 650 346 poni
671 299 808 345 species
830 299 1049 345 prudentiae.

163 354 236 388 SED
259 364 413 388 CONTRA
441 362 504 395 est,
527 353 622 399 quod
645 352 779 387 Philos.
803 353 889 386 dicit
911 354 945 386 in
968 351 998 386 6.
1023 352 1181 387 Ethicor.
1207 352 1293 399 (cap.
1309 353 1359 397 Si)
1382 352 1478 399 quod
1502 352 1650 394 illarum,

91 407 227 443 scilicet
247 407 529 453 prudentiarum,
552 417 642 452 quae
664 417 701 440 se
723 407 857 440 habent
879 406 922 440 ad
944 406 1106 451 regimen
1123 406 1373 448 multitudinis,
1391 407 1482 440 haec
1505 406 1651 452 quidem

91 462 343 502 oeconomica,
365 461 455 494 haec
478 468 598 494 autem
620 459 879 505 legispositiva,
902 460 992 493 haec
1017 468 1138 493 autem
1161 459 1319 505 politica.

162 514 390 549 RESPONDEO
414 514 618 555 dicendum,
641 513 737 559 quod
761 514 849 547 ratio
873 513 1004 558 oliJecti
1024 513 1262 548 diversificata
1288 514 1488 548 secundum
1516 513 1653 547 univer-

92 567 177 610 sale,
200 576 234 602 et
255 567 480 613 particulare,
503 567 560 601 vel
581 566 779 601 secundum
803 575 931 608 totum,
952 575 986 601 et
1008 575 1158 613 partem,
1182 567 1397 601 diversificat
1416 575 1520 609 artes,
1537 575 1571 601 et
1588 567 1654 600 vir-

93 631 204 657 tutes:
226 622 427 656 secundum
450 632 558 667 quam
580 621 821 655 diversitatem
840 632 910 654 una
931 629 983 655 est
1001 620 1206 667 principalis
1221 629 1384 666 respectu
1401 621 1561 655 alterius:
1582 632 1654 654 ma-

93 675 261 710 nifestum
281 684 334 710 est
352 684 484 716 autem,
499 674 594 721 quod
611 674 739 708 domus
756 675 875 708 medio
891 675 1002 708 modo
1022 686 1059 709 se
1077 675 1186 709 habet
1203 675 1294 709 inter
1308 686 1418 709 unam
1434 675 1654 721 singularem

95 741 300 776 personam,
323 736 356 763 et
378 729 571 770 civitatem,
592 727 650 761 vel
673 739 845 773 regnum:
873 739 959 762 nam
987 728 1078 762 sicut
1105 740 1176 762 una
1203 728 1393 774 singularis
1421 740 1574 775 persona
1603 737 1655 763 est

94 795 175 830 pars
197 783 343 825 domus3
365 783 412 816 ita
435 794 505 816 una
526 782 655 816 domus
682 790 734 815 est
760 793 840 827 pars
869 782 1033 822 civitatis,
1056 781 1114 815 vel
1142 783 1260 827 regni3
1288 791 1321 816 et
1348 782 1430 816 ideo
1459 783 1550 817 sicut
1576 794 1657 828 pru-

95 837 214 871 dentia
237 836 480 870 communiter
493 836 598 877 dicta,
617 846 708 881 quae
725 843 777 869 est
791 835 942 881 regitiva
968 835 1028 880 [al.
1045 836 1233 881 regnati-va]
1256 836 1370 877 unius,
1390 836 1618 882 distinguitur
1637 847 1655 869 a

96 890 243 937 politica
265 889 469 936 prudentia:
492 890 539 923 ita
562 896 713 935 oportet,
736 889 832 935 quod
855 889 1098 923 oeconomica
1121 889 1359 935 distinguatur
1382 890 1424 923 ab
1446 898 1607 935 utraque.

167 944 226 978 An
249 953 397 978 PRIMUM
420 954 506 988 ergo
529 942 733 984 dicendum,
756 942 851 988 quod
871 942 1014 977 divitiae
1032 951 1289 989 comparantur
1304 943 1347 977 ad
1363 943 1656 984 oeconomicam,

96 1009 169 1032 non
191 997 282 1031 sicut
304 996 382 1031 finis
403 996 561 1038 ultimus,
583 996 644 1030 sed
665 996 757 1030 sicut
777 996 1016 1030 instrumenta
1038 996 1229 1042 quaedam,
1252 1005 1290 1030 ut
1311 996 1488 1030 diciturin
1507 1007 1534 1030 1.
1550 996 1656 1030 Polit.

98 1052 185 1098 (cap.
203 1063 231 1097 5.
254 1056 282 1086 et
300 1050 362 1097 7.):
384 1050 463 1084 finis
483 1058 604 1084 autem
626 1049 773 1084 ultimus
797 1050 1062 1084 oeconomicae
1084 1058 1137 1084 est
1158 1058 1276 1085 totum
1297 1051 1387 1084 bene
1401 1050 1521 1085 vivere
1536 1061 1659 1084 secun-

97 1105 184 1139 dum
210 1104 449 1138 domesticam
477 1103 812 1137 conversationem:
840 1103 978 1138 Philos.
1006 1112 1127 1138 autem
1154 1103 1189 1137 in
1222 1115 1248 1137 1.
1277 1103 1357 1137 Eth.
1382 1103 1468 1150 (cap.
1490 1105 1533 1149 1.)
1558 1103 1659 1149 ponit

98 1157 397 1204 exemplificando
420 1156 559 1191 divitias
581 1156 691 1191 finem
714 1158 988 1199 oeconomicae,
1004 1157 1205 1192 secundum
1227 1157 1385 1192 studium
1407 1157 1658 1204 plurimorum.

168 1212 228 1246 AD
250 1221 456 1246 SECUNDUM
479 1210 684 1252 dicendum,
699 1211 796 1256 quod
819 1210 863 1244 ad
885 1210 1004 1257 aliqua
1025 1211 1266 1257 particularia,
1280 1222 1371 1257 quae
1386 1220 1468 1246 sunt
1488 1211 1525 1245 in
1546 1211 1658 1245 domo

99 1265 332 1311 disponenda,
354 1272 505 1311 possunt
527 1263 636 1310 aliqui
657 1272 867 1310 peccatores
890 1265 1039 1310 provide
1061 1276 1098 1299 se
1120 1265 1275 1308 habere;
1297 1266 1358 1299 sed
1379 1277 1453 1299 non
1476 1266 1519 1299 ad
1541 1266 1659 1312 ipsum

98 1327 216 1354 totum
237 1319 328 1353 bene
349 1318 469 1352 vivere
491 1317 712 1352 domesticae
740 1318 1038 1360 conversationis,
1062 1319 1105 1352 ad
1128 1319 1224 1365 quod
1252 1319 1443 1365 praecipue
1469 1319 1660 1365 requiritur

99 1372 171 1407 vita
192 1372 363 1406 virtuosa.

171 1425 230 1460 AD
250 1436 421 1460 TERTIUM
443 1424 646 1467 dicendum,
669 1424 765 1471 quod
787 1433 886 1470 pater
913 1425 948 1458 in
976 1426 1087 1460 domo
1109 1425 1218 1460 habet
1239 1426 1435 1472 quamdam
1462 1426 1661 1460 similitudi-

102 1490 186 1513 nem
209 1479 297 1525 regii
320 1478 549 1524 principatus,
572 1486 609 1512 ut
630 1478 759 1512 dicitur
780 1478 816 1511 in
839 1478 869 1512 8.
894 1478 1008 1513 Ethic.
1027 1479 1114 1525 (cap.
1132 1480 1213 1524 IO.),
1229 1490 1302 1513 non
1325 1488 1447 1514 tamen
1462 1479 1570 1513 habet
1587 1491 1662 1525 per-

104 1532 237 1567 fectam
266 1540 483 1578 potestatem
516 1531 713 1578 regiminis,
735 1531 826 1565 sicut
847 1542 924 1574 rex3
955 1540 989 1566 et
1015 1532 1096 1566 ideo
1120 1544 1194 1566 non
1220 1533 1365 1579 ponitur
1387 1533 1579 1579 separatim
1602 1544 1662 1579 po-

102 1594 211 1621 testas
232 1594 380 1632 paterna
401 1585 539 1631 species
560 1585 780 1631 prudentiae,
803 1585 893 1618 sicut
915 1585 1111 1630 regnativa.

652 1726 995 1771 ARTICULUS
1030 1727 1106 1770 IV.
1597 1741 1663 1776 286

246 1835 397 1865 UTRUM
431 1835 648 1865 MILITARIS
682 1836 853 1864 DEBEAT
886 1835 989 1866 PONI
1023 1836 1194 1866 SPECIES
1229 1836 1519 1867 PRUDENTIAE.

704 1923 816 1967 (Locis
833 1929 903 1970 sup.
922 1923 1070 1969 notatis).

177 2011 236 2046 AD
259 2021 446 2051 QUARTUM
468 2012 518 2046 sic
533 2011 748 2058 proceditur.
764 2011 926 2054 Videtur,
943 2012 1039 2059 quod
1058 2012 1222 2047 militaris
1243 2024 1317 2047 non
1340 2012 1469 2048 debeat
1482 2013 1568 2060 poni
1590 2025 1664 2060 spe-

108 2065 180 2100 cies
203 2065 427 2111 prudentiae:
450 2065 638 2111 prudentia
660 2065 757 2100 enim
780 2074 905 2100 contra
928 2074 1041 2100 artem
1061 2066 1239 2109 dividitur,
1263 2075 1301 2100 ut
1322 2066 1451 2101 dicitur
1472 2067 1507 2100 in
1530 2065 1561 2101 6.
1584 2067 1664 2101 Eth.

109 2118 196 2165 (cap.
219 2130 251 2163 4.
274 2123 303 2153 at
319 2118 382 2164 5.).·
405 2118 465 2152 sed
488 2118 651 2153 militaris
673 2119 812 2153 videtur
839 2130 916 2153 esse
938 2120 1117 2166 quaedam
1139 2131 1195 2154 ars
1217 2120 1254 2154 in
1275 2121 1380 2154 rebus
1402 2120 1551 2162 bellicis,
1574 2121 1666 2155 sicut

108 2180 205 2218 patet
225 2183 288 2218 per
308 2171 444 2205 Philos.
467 2171 503 2205 in
528 2183 556 2218 3.
578 2172 659 2207 Eth.
680 2173 849 2217 (innuitur
870 2179 940 2220 cap.
963 2174 994 2208 8.
1008 2173 1061 2208 sad
1078 2179 1200 2220 expres.
1216 2174 1273 2208 lib.
1288 2186 1315 2208 Ι.
1331 2180 1404 2220 cap.
1418 2174 1477 2218 I.);
1495 2185 1581 2220 ergo
1604 2174 1667 2208 mi-

109 2225 219 2260 litaris
241 2236 315 2258 non
336 2224 441 2258 debet
461 2225 547 2270 poni
565 2226 702 2271 species
724 2226 943 2272 prudentiae.

181 2288 212 2312 2.
239 2277 473 2312 PRAETEREA.
497 2278 597 2313 Sicut
618 2278 771 2313 militare
793 2279 982 2325 negotium
1004 2280 1207 2314 continetur
1228 2280 1290 2314 sub
1310 2280 1472 2326 politico,
1490 2281 1539 2315 ita
1558 2282 1666 2315 etiam

111 2339 144 2366 et
165 2331 267 2378 plura
294 2330 363 2364 alia
395 2331 554 2377 negotia,
589 2332 679 2366 sicut
713 2341 970 2374 mercatorum,
993 2333 1182 2375 artificum,
1205 2342 1239 2368 et
1260 2333 1415 2368 aliorum
1440 2334 1668 2379 hujusmodi3

109 2385 171 2419 sed
194 2384 392 2419 secundum
415 2384 484 2418 alia
505 2386 664 2431 negotia,
679 2397 769 2432 quae
784 2395 866 2420 sunt
887 2388 922 2420 in
942 2387 1095 2429 civitate,
1110 2398 1184 2421 non
1204 2387 1426 2433 accipiuntur
1439 2387 1579 2433 aliquae
1594 2399 1669 2433 spe-

111 2438 182 2472 cies
204 2438 430 2484 prudentiae;
453 2449 540 2483 ergo
563 2439 671 2473 etiam
695 2450 810 2485 neque
834 2440 1034 2474 secundum
1062 2440 1216 2475 militare
1238 2441 1439 2486 negotium.

185 2503 214 2537 3.
241 2491 476 2525 PRAETEREA.
499 2492 540 2525 ln
561 2493 665 2526 rebus
691 2493 828 2527 bellicis
851 2493 1047 2539 plurimum
1069 2493 1164 2528 valet
1189 2494 1345 2528 militum
1367 2493 1558 2536 sortitud03
1581 2505 1668 2539 ergo

112 2545 274 2579 militaris
297 2545 411 2590 magis
434 2545 586 2590 pertinet
607 2546 649 2579 ad
671 2545 930 2588 fortitudinem,
951 2558 1059 2593 quam
1082 2547 1124 2581 ad
1147 2548 1384 2593 prudentiam.

185 2598 258 2632 SED
282 2609 436 2632 CONTRA
459 2606 521 2640 est,
540 2599 635 2645 quod
656 2600 784 2633 dicitur
802 2600 970 2634 Proverb.
992 2611 1065 2643 24:
1088 2601 1173 2635 Cum.
1193 2601 1394 2647 dispositione
1415 2601 1519 2634 initur
1537 2601 1667 2643 bellum,

112 2657 144 2686 et
163 2653 225 2685 erit
244 2651 343 2693 salus,
376 2652 430 2685 ubi
456 2657 531 2686 sunt
555 2653 658 2686 multa
688 2654 846 2688 consilia:
869 2654 930 2687 sed
958 2653 1140 2687 consiliari
1173 2654 1324 2700 pertinet
1354 2654 1397 2686 ad
1424 2653 1669 2699 prudentiam3

114 2716 200 2751 ergo
222 2705 258 2738 in
280 2704 384 2738 rebus
405 2704 542 2739 bellicis
560 2706 717 2740 maxime
739 2707 940 2741 necessaria
963 2715 1015 2741 est
1037 2707 1156 2753 aliqua
1178 2707 1314 2753 species
1337 2706 1557 2752 prudentiae,
1577 2719 1668 2753 quae

114 2759 270 2792 militaris
291 2757 429 2791 dicitur.

185 2811 413 2845 RESPONDEO
436 2810 640 2854 dicendum,
659 2813 755 2858 quod
774 2824 827 2854 ea,
842 2824 933 2859 quae
949 2813 1149 2847 secundum
1172 2820 1296 2853 artem,
1312 2820 1346 2846 et
1363 2812 1540 2846 rationem
1563 2825 1671 2859 agun-

115 2873 182 2906 tur,
205 2863 406 2898 conformia
429 2876 505 2899 esse
528 2873 670 2911 oportet
684 2866 752 2908 his,
767 2878 858 2912 quae
873 2873 954 2900 sunt
968 2865 1166 2900 secundum
1182 2873 1367 2907 naturam3
1389 2877 1481 2912 quae
1497 2877 1516 2900 a
1531 2867 1669 2901 ratione
