1859 3122
187 179 295 222 1208
563 189 784 225 QUAESTIO
818 188 1006 218 CLXXXV.
1039 187 1284 217 ARTICULUS
1317 187 1361 217 11.

180 273 388 318 imponatur
405 270 545 311 sarcina
558 268 748 315 pastoralis
765 267 885 310 officii,
900 279 968 303 nec
987 268 1037 302 sic
1053 267 1250 302 deserenda
1265 275 1318 302 est
1332 267 1522 303 delectatio
1535 268 1694 304 veritatis
1708 281 1742 311 n,

183 336 275 372 quae
297 324 434 358 scilicet
455 323 490 356 in
510 322 820 368 contemplatione
841 322 1004 355 habetur.

251 378 310 412 AD
333 387 540 411 SECUNDUM
561 375 765 417 dicendum,
789 375 884 421 quod
903 374 1023 409 nullus
1036 382 1178 409 tenetur
1193 374 1339 409 obedire
1354 374 1517 421 praelato
1533 375 1577 409 ad
1596 374 1742 422 aliquod

179 432 363 473 illicitum3
382 430 475 464 sicut
488 437 585 475 patet
599 441 642 463 ex
656 429 712 463 his
727 440 819 474 quae
833 440 939 474 supra
955 429 1049 462 dicta
1063 436 1146 462 sunt
1159 428 1202 462 de
1218 428 1421 462 obedientia
1436 428 1481 474 (q.
1500 439 1575 473 104.
1597 434 1662 464 art.
1674 430 1740 475 5.);

181 493 299 531 potest
321 495 406 529 ergo
430 483 652 528 contingere,
676 482 771 528 quod
793 481 865 523 ille,
888 482 945 516 cui
966 482 1164 527 injungitur
1193 481 1425 528 praelationis
1451 481 1624 524 officium,
1645 482 1683 520 in
1703 493 1742 518 se

181 538 314 584 aliquid
335 537 475 578 sentiat,
497 544 644 582 propter
665 536 762 582 quod
777 547 852 569 non
873 535 957 569 licet
979 535 1011 569 ei
1032 534 1294 581 praelationem
1317 535 1492 581 accipere.
1515 535 1596 570 Hoc
1619 543 1742 570 autem

180 591 479 637 impedimentum
506 589 698 635 quandoque
717 589 864 635 quidem
886 589 1066 622 removeri
1087 596 1205 634 potest
1226 600 1289 634 per
1314 589 1522 635 ipsummet,
1544 589 1603 622 cui
1622 597 1740 635 pasto-

181 645 264 678 ralis
286 655 370 677 cura
391 643 607 688 injungitur3
631 650 716 688 puta
737 643 767 676 si
788 642 920 676 habeat
940 642 1115 687 peccandi
1136 642 1375 688 propositum,
1391 641 1488 688 quod
1507 649 1625 688 potest
1646 642 1743 676 dese-

180 709 277 739 rere;
301 705 335 731 et
355 704 500 743 propter
520 697 591 730 hoc
614 707 688 730 non
715 703 915 736 excusatur,
943 695 1027 741 quin
1048 695 1202 729 finaliter
1222 703 1385 729 teneatur
1407 695 1554 730 obedire
1579 694 1740 742 praelato

179 751 395 796 injungenti:
424 750 615 795 quandoque
640 760 728 784 vero
754 749 1067 795 impedimentum,
1090 760 1132 782 ex
1159 759 1230 795 quo
1258 748 1295 782 fit
1317 749 1349 782 ei
1369 748 1537 783 illicitum
1563 748 1743 795 pastorale

181 804 353 846 officium,
375 815 449 837 non
471 811 589 850 potest
606 803 682 848 ipse
697 814 899 844 removere,
921 802 983 836 sed
1002 801 1182 848 praelatus
1205 802 1265 848 qui
1286 802 1458 848 injungit3
1481 810 1566 849 puta
1584 802 1614 836 si
1635 802 1680 840 sit
1699 803 1744 836 ir-

178 858 364 904 regularis,
387 857 445 891 vel
467 856 822 898 excommunicatus3
847 864 881 889 et
901 864 984 889 tunc
1001 856 1105 889 debet
1127 854 1310 889 defectum
1325 867 1430 889 suum
1453 855 1614 901 praelato
1628 856 1742 900 injun-

179 912 277 957 genti
299 910 505 945 ostendere:
529 910 590 956 qui
611 910 640 944 si
666 910 969 956 impedimentum
996 920 1184 942 removere
1206 909 1374 950 noluerit,
1396 916 1536 943 tenetur
1556 908 1742 943 humiliter

180 965 342 1006 obedire,
369 964 462 998 unde
489 963 601 997 Exod.
628 973 660 1005 4.
689 975 772 997 cum
799 963 946 1008 Moyses
973 962 1137 996 dixisset:
1160 962 1300 997 Obsecro
1328 963 1571 1003 Donzitw‚710n
1590 973 1662 996 sum
1679 962 1742 996 elo-

179 1030 276 1064 quens
297 1019 336 1052 ab
356 1018 437 1059 huri,
461 1023 490 1052 ct
508 1017 626 1051 nardius
645 1018 769 1058 tertius,
789 1016 971 1050 Dominus
985 1015 1171 1061 respondit
1189 1015 1232 1049 ad
1254 1026 1356 1049 eum:
1379 1016 1448 1061 Ego
1467 1027 1520 1049 ero
1542 1016 1578 1049 in
1600 1027 1654 1050 ore
1673 1020 1739 1058 tuo,
1855 1054 1859 1070 A

177 1072 359 1117 doceboque
375 1077 414 1113 ta,
444 1070 522 1116 quid
548 1071 718 1116 loquaris.-
745 1069 938 1116 quandoque
964 1080 1050 1103 vero
1073 1080 1145 1102 non
1168 1077 1287 1114 potest
1307 1069 1487 1103 removeri
1507 1068 1742 1115 impedimen·
1856 1098 1859 1102 .

178 1133 268 1167 tum,
282 1136 349 1159 nec
372 1136 432 1170 per
455 1125 714 1169 injungentem,
729 1135 795 1157 nec
811 1135 874 1169 per
889 1135 973 1157 eum
988 1123 1046 1157 cui
1059 1123 1272 1168 injungitur,
1291 1123 1382 1157 sicut
1398 1123 1427 1157 si
1448 1123 1742 1170 archiepiscopus
1854 1108 1859 1165 i

179 1190 254 1212 non
276 1178 389 1225 possit
410 1189 516 1223 super
536 1176 799 1223 irregularitate
819 1177 1044 1222 dispensare:
1066 1178 1159 1210 unde
1182 1177 1341 1210 subditus
1363 1188 1438 1210 non
1452 1184 1593 1210 tenetur
1610 1176 1644 1211 ei
1661 1177 1742 1212 obe·
1854 1178 1859 1228 ξ

181 1232 254 1266 dire
272 1232 315 1265 ad
331 1231 600 1277 suscipiendum
623 1231 883 1284 episcopatum,
905 1229 964 1264 vel
983 1231 1091 1264 etiam
1109 1241 1231 1264 sacros
1247 1230 1402 1272 ordines,
1417 1232 1445 1264 si
1459 1232 1505 1265 sit
1524 1229 1739 1276 irregularis.
1851 1229 1859 1296 j

249 1286 308 1319 AD
332 1295 502 1319 TERTIUM
525 1284 729 1325 dicendum,
749 1284 846 1329 quod
869 1283 1032 1329 accipere
1055 1283 1304 1329 episcopatum
1325 1294 1398 1317 non
1421 1290 1473 1317 est
1494 1283 1538 1317 de
1559 1295 1598 1318 se
1619 1295 1741 1319 neces-

178 1339 313 1373 sarium
337 1338 380 1372 ad
401 1338 567 1378 salutem,
595 1337 655 1371 sed
681 1337 720 1371 fit
741 1337 986 1370 necessarium
1009 1348 1050 1370 ex
1072 1337 1265 1382 superioris
1292 1345 1502 1383 praecepto:
1524 1337 1580 1371 his
1606 1345 1740 1380 autem,

178 1404 269 1438 quae
296 1392 345 1426 sic
368 1400 450 1425 sunt
470 1390 672 1424 necessaria
695 1390 737 1424 ad
756 1389 923 1432 salutem,
944 1397 1063 1435 potest
1090 1389 1215 1435 aliquis
1239 1389 1540 1436 impedimentum
1565 1390 1662 1424 licite
1683 1401 1740 1437 ap-

176 1456 323 1492 ponere,
345 1452 539 1490 antequam
554 1443 615 1477 fiat
628 1451 880 1490 praeceptum:
903 1442 1064 1489 alioquin
1086 1454 1160 1476 non
1182 1443 1306 1477 liceret
1328 1443 1434 1476 alicui
1453 1443 1604 1477 transire
1627 1443 1671 1478 ad
1689 1455 1740 1478 se-

177 1499 312 1532 cundas
338 1498 490 1544 nuptias,
517 1508 562 1531 ne
589 1509 652 1543 per
678 1497 750 1530 hoc
777 1497 972 1543 imperetur
999 1507 1019 1530 a
1044 1497 1274 1542 susceptione
1301 1497 1542 1542 episcopatus,
1567 1496 1626 1535 vel
1647 1497 1740 1531 sacri

176 1552 330 1586 ordinis:
353 1563 426 1585 non
449 1558 571 1584 autem
592 1551 663 1584 hoc
685 1550 810 1584 liceret
823 1550 860 1583 in
874 1550 941 1591 his,
957 1560 1047 1595 quae
1070 1561 1132 1596 per
1153 1561 1190 1583 se
1212 1558 1295 1583 sunt
1308 1550 1350 1584 de
1364 1550 1578 1584 necessitate
1597 1550 1739 1594 salutis;

174 1606 270 1639 unde
282 1606 320 1639 B.
332 1605 475 1638 Marcus
492 1615 566 1637 non
582 1612 707 1638 contra
722 1611 956 1649 praeceptum
971 1603 1054 1648 egit,
1070 1603 1135 1637 sibi
1150 1603 1302 1648 digitum
1318 1604 1557 1649 amputando:
1573 1604 1738 1650 quamvis

175 1670 260 1693 eum
283 1657 449 1693 credibile
469 1658 512 1691 sit
533 1657 604 1691 hoc
628 1669 671 1691 ex
692 1657 862 1691 instinctu
885 1656 1038 1702 Spiritus
1066 1656 1190 1690 Sancti
1210 1656 1349 1698 fecisse,
1371 1657 1447 1691 sine
1471 1668 1542 1703 quo
1557 1669 1631 1694 non
1652 1657 1737 1692 licet

175 1712 281 1746 alicui
296 1712 364 1746 sibi
384 1722 535 1746 manum
555 1711 720 1756 injicere:
745 1711 805 1756 qui
825 1719 946 1744 autem
964 1719 1091 1744 votum
1114 1710 1243 1744 emittit
1265 1711 1307 1744 de
1322 1721 1396 1744 non
1417 1711 1646 1757 suscipiendo
1669 1711 1739 1757 epi-

173 1774 336 1812 scopatu,
357 1765 387 1799 si
408 1777 471 1811 per
492 1765 563 1798 hoc
585 1764 749 1799 intendat
769 1776 806 1798 se
830 1764 991 1810 obligare
1014 1764 1057 1798 ad
1084 1765 1168 1806 hoc,
1191 1765 1287 1810 quod
1313 1775 1380 1798 nec
1407 1776 1471 1811 per
1493 1765 1739 1801 obedientiam

173 1819 366 1865 superioris
388 1818 538 1865 praelati
562 1818 725 1864 accipiat,
752 1817 875 1852 illicite
902 1825 1029 1852 vovet:
1052 1817 1082 1852 si
1103 1826 1225 1851 autem
1250 1817 1403 1852 intendit
1430 1818 1473 1852 ad
1500 1819 1572 1853 hoc
1593 1830 1630 1853 se
1652 1818 1738 1854 obli-

174 1884 270 1918 gare,
292 1880 341 1915 ut,
364 1880 537 1918 quantum
559 1880 611 1906 est
629 1872 673 1906 de
695 1882 744 1913 se,
768 1871 1017 1917 episcopatum
1031 1883 1105 1905 non
1124 1879 1282 1917 quaerat,
1301 1882 1368 1905 nec
1389 1871 1571 1918 suscipiat,
1589 1872 1658 1906 nisi
1674 1872 1736 1906 im÷

173 1926 334 1960 minente
356 1926 582 1967 necessitate,
603 1925 744 1960 licitum
766 1932 819 1959 est
835 1932 982 1967 votum3
1002 1925 1084 1971 quia
1106 1932 1214 1959 vovet
1234 1936 1271 1959 se
1290 1924 1471 1959 facturum
1490 1925 1538 1968 id,
1557 1926 1654 1972 quod
1674 1925 1738 1960 ho-

171 1980 312 2014 minem
330 1979 448 2014 facere
468 1979 581 2014 decet.

744 2094 1089 2141 ARTICULUS
1117 2095 1195 2138 HI.
1666 2108 1734 2156 878

256 2205 411 2236 UTRUM
443 2204 692 2243 OPORTEAT,
727 2204 818 2233 EUM
851 2204 928 2240 QUI
960 2204 1018 2232 AD
1052 2203 1360 2233 EPISCOPATUM
1391 2204 1653 2244 ASSUMITUR,

647 2264 747 2293 ESSE
782 2263 989 2293 CAETERIS
1023 2263 1256 2293 MELIOREM.

245 2353 305 2388 AD
329 2362 500 2387 TERTIUM
522 2351 572 2386 sic
594 2351 809 2398 proceditur.
831 2350 993 2392 Videtur,
1016 2351 1112 2396 quod
1140 2358 1317 2397 oporteat,
1340 2362 1424 2385 eum
1451 2351 1512 2397 qui
1532 2351 1576 2385 ad
1598 2351 1736 2398 episco->

173 2414 298 2453 patum
319 2406 523 2447 assumitur,
545 2416 622 2439 esse
645 2405 794 2439 caeteris
815 2403 1026 2438 meliorem:
1048 2404 1231 2438 Dominus
1254 2405 1351 2439 enim
1373 2405 1532 2447 Petrum,
1555 2405 1611 2439 cui
1634 2416 1734 2440 com-

172 2461 346 2494 missurus
368 2467 443 2503 erat
464 2458 644 2505 pastorale
668 2457 840 2499 officium,
863 2457 1091 2499 examinavit,
1107 2458 1137 2492 si
1151 2469 1189 2492 se
1205 2458 1368 2504 diligeret
1386 2457 1466 2504 plus
1488 2458 1655 2496 caeteris:
1670 2459 1734 2497 sed

174 2524 217 2547 ex
231 2514 302 2547 hoc
319 2512 446 2559 aliquis
467 2512 598 2546 melior
619 2519 682 2554 est,
701 2511 797 2558 quod
819 2511 941 2545 Deum
955 2510 1033 2556 plus
1053 2511 1188 2557 diligit3
1212 2522 1299 2557 ergo
1317 2511 1468 2553 videtur,
1483 2511 1580 2558 quod
1598 2512 1642 2546 ad
1664 2512 1734 2559 epi-

172 2575 360 2613 scopatum
383 2577 456 2600 non
478 2566 523 2600 sit
544 2565 790 2606 assumendus,
813 2564 882 2598 nisi
899 2563 959 2597 ille
982 2564 1041 2610 qui
1063 2572 1117 2598 est
1139 2565 1291 2599 caeteris
1309 2564 1451 2598 melior.

243 2630 274 2653 2.
296 2620 532 2654 PRAETEREA.
556 2618 800 2665 Symmachus
815 2629 907 2664 papa
929 2617 1014 2651 dicit
1035 2619 1144 2664 (cap..·
1168 2619 1360 2660 Vilissimus,
1378 2631 1404 2653 J.
1427 2630 1457 2664 q.
1472 2618 1540 2663 1.).·
1566 2617 1734 2654 «Vilissi-

172 2684 252 2706 mus
275 2673 538 2719 computandus
561 2681 624 2713 est,
645 2672 714 2705 nisi
735 2671 895 2713 scientia,
918 2678 952 2705 et
970 2673 1158 2705 sanctitate
1180 2671 1386 2717 praecellat,
1404 2671 1465 2718 qui
1487 2679 1540 2706 est
1557 2672 1730 2718 dignitate

171 2728 427 2772 praestantior:
450 2726 512 2760 sed
540 2725 599 2759 ille
627 2725 687 2771 qui
712 2724 895 2771 praecellit
923 2724 1082 2765 scientia,
1111 2732 1145 2758 et
1171 2725 1372 2766 sanctitate,
1394 2732 1447 2759 est
1469 2724 1616 2768 nielior3
1643 2736 1729 2772 ergo

170 2791 244 2813 non
266 2780 370 2814 debet
392 2779 519 2825 aliquis
542 2779 586 2812 ad
608 2779 856 2825 episcopatum
880 2777 1025 2818 assumi,
1044 2777 1112 2812 nisi
1135 2778 1285 2812 caeteris
1307 2777 1447 2812 melior.

246 2845 274 2878 3.
296 2833 531 2867 PRAETEREA.
554 2832 594 2865 In
617 2831 777 2877 quolibet
799 2841 929 2877 genere
944 2830 1086 2865 minora
1101 2842 1163 2876 per
1177 2832 1317 2876 majora
1331 2839 1521 2877 reguntur3
1543 2831 1636 2867 sicut
1653 2843 1729 2867 cor·
1855 2747 1859 2907 1

170 2886 309 2933 poralia
329 2894 500 2933 reguntur
520 2896 582 2932 per
607 2884 816 2931 spiritualia,
838 2892 873 2919 et
894 2883 1064 2918 inferiora
1086 2895 1240 2930 corpora
1260 2896 1324 2931 per
1345 2885 1542 2931 superiora,
1557 2893 1596 2920 ut
1609 2885 1730 2933 Augu-
