1859 3122
199 154 309 208 1246
557 163 777 198 QUAESTIO
813 163 1033 192 CLXXXVII.
1060 163 1305 193 ARTICULUS
1338 164 1395 193 IV.

194 246 312 281 studio
335 246 466 280 Sacrae
483 245 688 290 Scripturae
723 245 766 279 ad
797 256 1032 279 communem
1063 244 1254 279 utilitatem
1282 245 1392 279 totius
1425 245 1628 288 Ecclesiae;
1655 245 1751 280 unde

191 300 341 333 Hieron.
365 298 450 332 dicit
468 306 593 332 contra
613 297 696 344 Vig.
716 298 805 344 (cap.
824 310 853 344 5.
875 303 903 332 et
924 300 1059 344 incipit:
1076 298 1188 332 Multa
1206 299 1241 331 in
1259 298 1376 342 orbe):
1401 310 1419 330 «
1441 298 1540 332 Haec
1560 298 1751 345 (undique)

191 353 227 387 in
249 352 385 397 Judaea
414 363 526 396 usque
556 351 666 385 hodie
696 360 900 397 perseverat
931 351 1169 393 consuetudo,
1196 362 1270 384 non
1303 350 1423 385 solum
1451 352 1543 397 apud
1574 363 1652 394 nos,
1687 352 1750 386 sed

191 406 301 440 etiam
324 405 416 451 apud
447 405 645 446 Hebraeos,
676 412 715 438 ut
743 405 804 450 qui
824 405 860 438 in
889 404 968 450 lege
999 405 1151 438 Domini
1179 404 1396 438 meditantur
1423 404 1479 438 die
1507 415 1547 438 ac
1568 413 1693 447 nocte,
1717 413 1752 440 et

190 467 328 505 partem
350 469 425 492 non
446 458 583 491 habent
601 458 639 491 in
659 465 766 499 terra,
782 458 851 492 nisi
866 457 985 492 solum
1000 458 1132 499 Deum,
1156 457 1448 503 Synagogarum,
1471 465 1506 491 et
1527 458 1636 491 totius
1655 458 1751 493 orbis

189 511 381 546 foveantur
403 511 609 545 ministeriis
630 523 670 545 »t
694 517 824 556 quarto,
844 511 874 545 si
891 511 987 544 bona
1008 511 1225 557 temporalia
1247 521 1338 556 quae
1355 510 1547 552 habebant,
1574 518 1753 546 monaste-

191 566 244 598 rio
267 564 476 610 largiantur,
492 564 535 598 de
550 563 794 610 eleemosynis
808 564 1030 598 monasterio
1044 563 1147 598 factis
1162 572 1312 610 possunt
1324 563 1466 605 vivere3
1489 563 1584 597 unde
1599 564 1752 610 August.

191 618 278 651 dicit
298 619 333 651 in
355 617 413 650 lib.
436 617 479 651 de
496 617 607 663 Oper.
629 617 800 651 Monach.
815 619 904 663 (cap.
919 618 997 663 25.)‚
1014 617 1109 663 quod
1134 631 1152 649 «
1171 617 1226 651 his
1249 617 1309 663 qui
1329 616 1466 659 relicta,
1487 616 1545 650 vel
1567 616 1753 651 distributa

192 671 268 705 sive
292 670 423 717 ampla,
446 670 520 704 sive
543 669 798 716 qualicumque
821 670 991 716 opulenta
1013 669 1195 712 facultate,
1216 670 1309 703 inter
1327 680 1502 716 pauperes
1525 669 1662 704 Christi
1682 670 1753 716 pia,

193 732 228 759 et
249 724 383 759 salubri
403 723 607 758 humilitate
637 724 821 758 numerari
849 724 1054 766 voluerunt,
1083 724 1202 758 vicem
1233 724 1487 757 sustentandae
1507 723 1603 757 vitae
1625 734 1753 757 eorum

190 789 246 812 res
269 778 346 824 ipsa
369 778 587 819 communis,
610 786 644 811 et
664 777 819 811 fraterna
843 778 998 812 charitas
1020 777 1143 819 debet3
1166 777 1226 823 qui
1244 776 1470 810 laudabiliter
1492 784 1614 822 agunt,
1634 777 1664 811 si
1682 787 1755 811 ma-

192 831 296 865 nibus
319 840 530 876 operentur:
566 831 662 876 quod
692 830 839 876 quidem
860 831 890 864 si
911 831 1038 871 nolint,
1068 830 1146 876 quis
1168 830 1298 863 audeat
1327 840 1389 863 eos
1417 830 1572 875 cogere?
1593 830 1673 864 Nec
1700 838 1754 865 est

192 884 450 918 attendendum
473 885 526 927 (ut
548 884 630 917 ibid.
653 884 829 928 subditur)
845 884 880 917 in
903 884 1030 929 quibus
1052 883 1292 924 monasteriis,
1312 882 1371 917 vel
1396 882 1433 916 in
1459 894 1531 929 quo
1558 882 1642 917 loco
1667 883 1756 917 indi-

192 937 358 984 gentibus
380 937 545 971 fratribus
568 937 717 982 quisque
738 937 773 970 id
796 937 892 982 quod
914 937 1080 978 habebat,
1101 936 1328 982 impenderit,
1347 936 1513 969 omniurn
1533 936 1630 970 enim
1653 936 1756 971 Chri-

193 991 395 1026 stianorum
417 1002 487 1024 una
509 990 711 1036 respublica
733 998 786 1024 est
803 1003 835 1023 ³).
859 990 898 1024 Si
919 1001 1006 1023 vero
1030 989 1139 1035 aliqui
1159 989 1230 1023 sint
1250 988 1422 1035 religiosi,
1449 989 1509 1035 qui
1536 989 1668 1035 absque
1693 1000 1756 1024 ne-

193 1045 369 1087 cessitate,
392 1052 426 1078 et
447 1043 598 1078 utilitate
620 1055 730 1090 quam
753 1043 913 1085 afferant,
931 1043 1043 1078 velint
1058 1043 1166 1077 otiosi
1184 1043 1227 1076 de
1250 1042 1493 1089 eleemosynis
1515 1054 1607 1088 quae
1626 1043 1756 1076 dantur

191 1098 419 1145 pauperibus,
437 1098 570 1139 vivere,
591 1097 663 1131 hoc
686 1105 739 1131 est
760 1097 809 1131 eis
824 1097 1010 1138 illicitum3
1032 1097 1126 1130 unde
1145 1096 1298 1141 August.
1322 1096 1407 1130 dicit
1427 1095 1464 1129 in
1490 1095 1549 1130 lib.
1572 1096 1614 1130 de
1643 1096 1754 1142 Oper.

191 1152 364 1186 Monach.
389 1151 476 1198 (cap.
502 1153 596 1196 22.):
623 1164 640 1182 (‹
661 1150 881 1196 Plerumque
905 1150 949 1184 ad
968 1150 1061 1183 hanc
1084 1148 1347 1195 professionem
1367 1149 1548 1183 servitutis
1569 1149 1641 1183 Dei
1661 1157 1696 1183 et
1714 1160 1756 1184 ex

194 1205 404 1240 conditione
426 1204 546 1238 servili
562 1204 671 1250 aliqui
693 1206 852 1246 veniunt,
879 1212 914 1238 et
932 1215 973 1237 ex
994 1204 1066 1237 vita
1081 1203 1273 1244 rusticana,
1305 1211 1340 1237 et
1362 1214 1403 1237 ex
1426 1203 1599 1249 opificum
1626 1203 1758 1238 exerci-

192 1259 340 1300 tatione,
363 1266 398 1292 et
418 1257 560 1304 plebejo
583 1257 726 1299 labore3
750 1258 793 1291 de
815 1257 942 1303 quibus
963 1268 1036 1290 non
1060 1264 1217 1302 apparet,
1239 1263 1361 1290 utrum
1383 1267 1424 1290 ex
1442 1256 1628 1302 proposito
1650 1256 1758 1290 servi-

191 1313 276 1346 tutis
297 1312 368 1345 Dei
388 1311 561 1351 venerint,
593 1322 638 1344 an
666 1311 779 1344 vitam
810 1311 971 1355 inopem,
994 1319 1028 1344 et
1057 1309 1279 1343 laboriosam
1308 1308 1486 1355 sugentes,
1513 1310 1618 1342 vacui
1644 1309 1756 1355 pasci,

194 1374 300 1410 atque
325 1364 432 1398 vestri
454 1363 644 1405 voluerint,
664 1371 698 1397 et
718 1363 864 1409 insuper
884 1363 1057 1396 honorari
1077 1363 1118 1395 ab
1143 1362 1204 1403 eis,
1227 1373 1246 1396 a
1268 1362 1395 1407 quibus
1417 1362 1616 1404 contemni,
1636 1370 1757 1397 conte·

192 1418 292 1464 rique
311 1425 592 1458 consueverant;
619 1415 708 1450 tales
736 1427 823 1461 ergo
854 1427 902 1457 se,
932 1416 1126 1461 quominus
1155 1423 1358 1460 operentur,
1382 1415 1426 1449 de
1447 1415 1654 1450 infirmitate
1677 1426 1757 1450 cor-

193 1472 290 1518 poris
313 1481 483 1505 excusare
497 1481 571 1504 non
594 1477 755 1516 possunt,
771 1469 983 1515 praeteritae
999 1469 1129 1514 quippe
1144 1468 1238 1501 vitae
1261 1468 1521 1502 consuetudine
1540 1469 1757 1503 convincan-

192 1535 249 1561 tur
270 1538 311 1567 »3
334 1533 368 1559 et
390 1532 514 1571 postea
540 1524 658 1558 subdit
680 1523 766 1570 (cap.
788 1523 876 1569 25.):
903 1536 920 1554 «
941 1523 978 1557 Si
1004 1523 1119 1556 nolunt
1140 1523 1285 1568 operari,
1308 1533 1374 1555 non
1394 1522 1611 1556 manducent:
1638 1533 1757 1568 neque

193 1579 291 1614 enim
312 1586 501 1624 propterea
524 1577 567 1610 ad
593 1577 764 1623 pietatem
792 1577 918 1610 divites
944 1575 1192 1618 humiliantur,
1220 1583 1258 1609 ut
1283 1586 1458 1621 pauperes
1485 1575 1528 1608 ad
1551 1575 1758 1621 superbiam

195 1632 431 1667 extollantur:
453 1630 554 1664 nullo
577 1630 674 1664 enim
697 1630 808 1664 modo
832 1630 946 1671 decet,
968 1637 1007 1663 ut
1028 1629 1064 1662 in
1086 1640 1128 1662 ea
1149 1629 1233 1670 vita,
1255 1628 1315 1661 ubi
1337 1636 1522 1662 senatores
1543 1627 1633 1662 fiunt
1658 1627 1758 1662 labo-

193 1686 290 1727 riosi,
312 1685 361 1718 ibi
382 1684 469 1718 fiant
490 1683 638 1729 opifices
658 1683 777 1725 otiosi,
797 1691 832 1717 et
853 1694 924 1728 quo
943 1683 1103 1724 veniunt,
1125 1681 1258 1715 relictis
1280 1680 1416 1715 deliciis
1437 1681 1522 1723 suis,
1543 1681 1604 1727 qui
1616 1680 1758 1716 fuerant

194 1738 425 1786 praediorum
447 1737 597 1779 domini,
615 1737 665 1770 ibi
685 1737 757 1770 sint
778 1736 899 1770 rustici
914 1735 1057 1769 delicati
1076 1748 1108 1769 ».

266 1793 325 1826 AD
352 1801 501 1826 PRiMUM
534 1801 621 1835 ergo
653 1790 858 1831 dicendum,
881 1789 977 1834 quod
1013 1788 1245 1822 auctoritates
1275 1786 1360 1821 illae
1390 1795 1472 1821 sunt
1497 1786 1754 1833 intelligendae

192 1854 357 1891 tempore
373 1843 607 1885 necessitatis,
623 1843 768 1889 quando
790 1842 927 1876 scilicet
952 1853 1026 1875 non
1048 1849 1171 1887 posset
1193 1840 1295 1874 aliter
1316 1840 1532 1886 pauperibus
1553 1840 1752 1874 subveniri:

193 1907 277 1933 tunc
302 1898 398 1932 enirn
421 1904 628 1931 tenerentur
649 1907 723 1930 non
746 1895 866 1930 solum
903 1895 944 1928 ab
973 1894 1215 1940 eleemosynis
1239 1893 1457 1939 accipiendis
1485 1893 1668 1935 desistere,
1695 1892 1757 1927 sed

196 1952 306 1987 etiam
328 1963 403 1992 sua,
425 1951 455 1985 si
477 1962 546 1996 qua
568 1950 752 1991 haberent,
774 1949 897 1994 largiri
920 1949 962 1982 ad
986 1959 1185 1994 pauperum
1207 1947 1518 1981 sustentationem.

266 2005 325 2039 AD
345 2014 551 2038 SECUNDUM
570 2003 776 2045 dicendum,
795 2002 891 2048 quod
916 2001 1082 2046 praelatis
1106 2000 1281 2046 competit
1301 2000 1522 2045 praedicatio
1550 2011 1591 2034 ex
1615 1998 1756 2033 officio:

196 2057 374 2103 religiosis
397 2065 517 2090 autern
539 2064 658 2102 potest
681 2064 888 2102 competere
911 2066 954 2089 ex
977 2054 1254 2088 commissione:
1286 2061 1321 2087 et
1348 2053 1397 2087 ita
1419 2064 1503 2086 cum
1530 2052 1696 2086 laborant
1720 2052 1757 2086 in

197 2122 285 2157 agro
309 2110 506 2151 dominico,
528 2117 678 2155 possunt
699 2109 826 2143 exinde
848 2108 980 2149 vivere,
1003 2108 1201 2142 secundum
1217 2106 1308 2141 illud
1330 2116 1361 2140 2.
1384 2106 1428 2139 ad
1451 2105 1615 2140 Timoth.
1635 2115 1678 2140 2.:
1694 2105 1759 2140 La-

196 2165 368 2199 borantem
391 2163 575 2208 agricolam
596 2167 718 2208 oportet
736 2163 887 2208 prinlum
902 2161 1114 2206 dusructilms
1126 2161 1318 2206 pm·cipere;
1341 2159 1401 2193 ubi
1415 2159 1501 2193 dicit
1517 2158 1637 2193 Gloss.
1651 2158 1753 2204 (ord.)

200 2217 325 2251 «idest
346 2217 653 2257 Praedicatorem,
676 2216 736 2261 qui
758 2216 793 2248 in
813 2226 901 2259 agro
924 2214 1121 2256 Ecclesiae,
1143 2214 1266 2260 ligone
1287 2213 1386 2247 verbi
1406 2213 1477 2247 Dei
1499 2212 1631 2246 excolit
1649 2213 1759 2246 corda

199 2271 404 2305 auditorum
420 2283 451 2304 »z
475 2277 625 2315 possunt
647 2269 755 2302 etiam
783 2269 826 2302 de
854 2268 1054 2313 Evangelio
1078 2268 1210 2309 vivere,
1239 2268 1299 2313 qui
1320 2266 1628 2313 praedicatoribus
1657 2266 1760 2300 mini-

199 2331 332 2365 strant3
355 2323 449 2356 unde
472 2334 579 2368 super
599 2322 687 2356 illud
708 2322 750 2356 ad
769 2321 877 2355 Rom.
899 2332 961 2366 13.:
975 2322 1012 2355 Si
1029 2321 1254 2367 spiritzmlizcm
1272 2319 1761 2366 corumparticipesfactisunt

196 2377 340 2422 gentiles,
369 2376 483 2410 debent
509 2381 536 2410 et
564 2377 597 2409 in
619 2375 809 2410 carnalibus
830 2376 1024 2408 ministrare
1054 2376 1108 2416 cis,
1136 2374 1222 2407 dicit
1244 2373 1365 2407 Gloss.
1388 2373 1553 2418 (interl.):
1590 2372 1760 2406 «scilicet

194 2430 350 2476 Judaeis,
374 2429 434 2475 qui
453 2429 626 2463 miserunt
648 2429 912 2474 praedicatores
936 2428 977 2460 ab
1002 2426 1267 2473 Hierosolymis
1282 2439 1313 2460 n:
1336 2434 1419 2460 sunt
1445 2434 1479 2459 et
1501 2425 1592 2459 aliae
1616 2436 1759 2467 causae,

199 2494 241 2517 ex
263 2483 391 2529 quibus
415 2482 522 2516 alicui
544 2482 702 2524 debetur,
726 2489 764 2515 ut
786 2481 829 2515 de
850 2481 1051 2526 sumptibus
1074 2479 1234 2513 fidelium
1255 2479 1363 2521 vivat,
1390 2487 1428 2512 ut
1454 2478 1590 2512 dictum
1622 2486 1676 2512 est
1706 2479 1760 2524 (in

199 2543 290 2583 corp.
313 2537 408 2580 art).

271 2590 331 2624 AD
354 2599 524 2623 TERTIUM
548 2588 754 2629 dicendum,
777 2588 885 2633 quod,
905 2586 1054 2621 caeteris
1076 2586 1230 2632 paribus,
1253 2585 1337 2619 dare
1359 2593 1412 2619 est
1432 2584 1635 2631 perfectius,
1650 2595 1759 2630 quam

201 2643 389 2688 accipere:
413 2651 448 2676 et
467 2650 589 2676 tamen
609 2642 706 2683 dare,
726 2641 784 2674 vel
807 2640 1006 2686 relinquere
1030 2639 1153 2673 omnia
1175 2650 1238 2673 sua
1265 2650 1329 2685 pro
1358 2638 1517 2681 Christo,
1550 2646 1585 2672 et
1614 2637 1760 2672 modica

201 2696 364 2741 accipere
388 2696 430 2729 ad
453 2695 753 2729 sustentationem
767 2696 872 2735 vitae,
887 2693 1016 2727 melius
1039 2701 1103 2734 est,
1123 2703 1231 2738 quam
1251 2692 1336 2726 dare
1359 2692 1477 2737 aliqua
1499 2690 1760 2737 particulariter

200 2749 429 2795 pauperibus,
448 2757 485 2782 ut
507 2760 547 2782 cx
571 2759 675 2794 supra
698 2748 799 2781 dictis
821 2755 918 2793 patet
941 2746 984 2791 (q.
1007 2746 1082 2781 136.
1105 2751 1170 2779 art.
1190 2757 1217 2791 3.
1237 2745 1278 2779 ad
1301 2744 1363 2789 6.).

273 2802 332 2836 AD
356 2811 543 2840 QUARTUM
567 2801 771 2841 dicendum,
788 2800 884 2846 quod
901 2800 1063 2844 accipere
1080 2809 1231 2832 munera
1247 2798 1290 2831 ad
1306 2797 1445 2831 divitias
1463 2796 1758 2842 augmentandas,

201 2855 259 2889 vel
283 2855 445 2901 accipere
466 2857 601 2888 victum
625 2854 667 2888 ab
691 2854 811 2900 aliquo
834 2853 901 2887 sibi
921 2864 995 2886 non
1019 2852 1190 2893 debitum,
1214 2851 1346 2897 absque
1369 2850 1531 2892 utilitate,
1553 2858 1587 2884 ct
1607 2849 1760 2884 necessi-
