1859 3122
181 192 289 222 1110
579 189 800 225 QUAESTIO
834 188 979 218 CLXXI.
1011 188 1256 218 ARTICULUS
1288 188 1328 217 V.

172 275 317 308 Primae
339 280 460 307 autern
480 272 638 306 rationes
655 271 855 318 procedunt
872 278 1047 317 quantum
1066 269 1110 304 ad
1125 280 1179 312 ea,
1197 280 1289 316 quae
1306 269 1520 316 prophetico
1537 269 1662 316 spiritu
1680 280 1732 304 re-

172 327 346 362 velantur.

245 379 351 414 Unde
372 386 470 425 patet
489 377 677 424 responsio
700 387 749 411 AD
772 386 948 424 OBJECTA.

740 523 1085 569 ARTICULUS
1116 523 1193 566 VI.
1663 534 1730 580 817

408 643 562 673 UTRUM
592 644 648 672 EA
674 644 791 679 QUAE
819 644 1093 674 PROPHETICE
1122 643 1495 682 COGNOSCUNTUR,

466 709 547 737 VEL
570 709 930 748 ANNUNTIANTUR,
959 709 1140 739 POSSINT
1163 709 1263 738 ESSE
1288 708 1435 737 FALSA.

269 810 369 854 (Infr.
392 821 421 855 q.
441 820 512 855 172.
531 814 595 844 art.
618 819 647 842 Ι.
666 814 695 844 et
712 814 776 843 art.
792 821 820 855 5.
840 809 882 843 ad
896 821 923 854 3.
943 814 970 843 et
991 814 1056 844 art.
1079 809 1112 844 5.
1135 809 1176 843 ad
1194 821 1224 844 2.
1248 814 1276 843 et
1296 809 1382 842 Veri.
1405 820 1434 854 q.
1457 819 1506 843 12.
1529 813 1594 843 art.
1610 819 1649 855 3.-

787 868 817 898 et
837 868 900 897 art.
921 875 974 898 10.
995 863 1038 897 ad
1060 864 1118 909 7.).

243 965 469 1011 ADVSEXTUM
491 963 540 997 sic
564 963 780 1009 proceditur.
796 963 958 1006 Videtur,
978 963 1074 1009 quod
1097 974 1139 997 ea
1160 973 1251 1008 quae
1273 961 1483 1008 prophetice
1505 971 1734 1007 cognoscun-

172 1025 239 1059 tur,
261 1017 321 1052 vel
342 1017 609 1058 annuntiantur,
632 1017 770 1062 possint
797 1028 874 1050 esse
895 1016 1001 1050 falsa:
1026 1016 1215 1062 prophetia
1237 1015 1334 1049 enirn
1358 1023 1409 1048 est
1430 1014 1474 1048 de
1499 1013 1625 1047 futuris
1651 1025 1734 1048 con-

171 1071 402 1116 tingentibus,
417 1078 455 1104 ut
473 1070 608 1104 dictum
632 1078 684 1103 est
707 1070 785 1113 (art.
798 1082 825 1115 3.
841 1070 909 1115 huj.
925 1071 986 1115 q.).·
1002 1069 1064 1103 sed
1086 1068 1205 1102 futura
1224 1067 1472 1113 contingentia
1493 1074 1643 1113 possunt
1659 1078 1734 1101 non

173 1124 328 1166 evenire,
343 1123 505 1169 alioquin
526 1134 567 1157 ex
586 1123 800 1157 necessitate
820 1123 1090 1168 contingerent;
1113 1133 1199 1167 ergo
1218 1121 1428 1167 prophetiae
1450 1128 1569 1166 potest
1589 1119 1734 1154 subesse

172 1177 315 1211 falsum.

244 1241 275 1264 2.
297 1231 533 1264 PRAETEREA.
561 1229 908 1275 Isaias‘prophetice
935 1227 1201 1274 praenuntiavit
1221 1227 1397 1261 Ezechiae
1423 1226 1564 1261 dicens:
1587 1227 1734 1273 Dispone

173 1284 284 1318 domui
306 1289 390 1325 ticize,
406 1285 483 1329 quia
503 1285 653 1317 morieris
675 1288 722 1324 tu,
737 1288 765 1317 et
779 1295 843 1316 non
862 1284 966 1316 vives:
982 1290 1016 1315 et
1032 1289 1155 1315 tamen
1178 1281 1287 1314 additi
1305 1289 1387 1314 sunt
1404 1280 1498 1313 vitae
1514 1281 1589 1325 ejus
1607 1287 1733 1325 postea

173 1337 379 1383 quindecim
402 1337 497 1378 anni,
512 1344 549 1370 ut
564 1336 714 1370 habetur
727 1346 759 1378 4.
776 1335 864 1380 Reg.
881 1345 948 1376 20„
965 1343 999 1368 et
1012 1335 1078 1368 Isa.
1099 1335 1150 1379 38.
1180 1333 1352 1367 Similiter
1371 1341 1416 1375 et,
1430 1333 1561 1378 Jerem.
1581 1333 1644 1374 18„
1662 1332 1735 1366 Do-

172 1390 291 1424 minus
313 1389 415 1423 dicit:
440 1391 576 1435 Repente
594 1389 713 1434 loquar
731 1388 905 1422 adversum
927 1393 1065 1433 gentem,
1089 1392 1118 1421 et
1136 1387 1310 1421 izdversmn
1329 1398 1476 1431 regnum,
1502 1391 1538 1420 ut
1558 1385 1732 1427 eradicem,

175 1448 202 1477 et
228 1443 406 1485 destruam,
425 1447 453 1477 et
474 1442 660 1488 disperdam
687 1441 786 1476 illini.-
807 1442 844 1476 Si
858 1442 1091 1487 poenitentiam
1112 1441 1210 1485 egerit
1229 1451 1303 1485 gens
1324 1440 1383 1473 illa
1404 1451 1424 1473 a
1445 1439 1532 1473 malo
1553 1450 1622 1481 suo,
1650 1438 1735 1484 quod

173 1498 297 1530 locutus
316 1508 388 1530 siim
410 1495 564 1530 aci-versus
581 1507 666 1538 eam,
686 1507 783 1540 agam
804 1500 834 1529 ct
851 1506 905 1539 ego
924 1495 1161 1540 poenitentiam
1182 1499 1277 1539 super
1304 1493 1403 1534 malo,
1426 1492 1511 1538 quod
1537 1493 1682 1537 cogitavi
1699 1496 1735 1526 ut

164 1551 312 1596 jizcerem
329 1551 369 1589 ei,·
384 1558 418 1583 et
432 1550 503 1583 hoc
519 1557 665 1595 apparet
679 1560 742 1594 per
754 1547 960 1594 exemplum
973 1547 1228 1588 Ninivitarum,
1243 1546 1443 1580 secundum
1457 1544 1545 1579 illud
1555 1545 1668 1590 Jonae
1686 1556 1733 1590 3.:

172 1605 327 1638 ,llisertus
344 1608 388 1638 est
405 1604 571 1637 Dominus
583 1609 679 1648 snper
698 1603 876 1643 mestitiam,
896 1613 995 1646 quiam
1017 1601 1101 1635 dixit
1127 1605 1161 1635 ut
1179 1601 1306 1646 fuceret
1319 1601 1374 1642 eis,
1397 1604 1425 1633 et
1442 1611 1507 1633 non
1521 1599 1625 1644 fecit‚·
1646 1609 1734 1644 ergo

171 1657 382 1703 prophetiae
405 1664 522 1702 potest
543 1657 689 1690 subesse
711 1655 853 1689 falsum.

246 1722 273 1756 3.
297 1710 532 1744 PRAETEREA.
558 1709 690 1744 Omnis
718 1708 984 1749 conditionalis,
1020 1709 1122 1752 cujus
1152 1706 1369 1741 antecedens
1403 1714 1457 1740 est
1489 1705 1735 1739 necessarium

172 1763 346 1804 absolute,
369 1774 595 1808 consequens
616 1770 667 1796 est
686 1762 930 1796 necessarium
954 1761 1136 1803 absolute3
1160 1760 1242 1806 quia
1261 1761 1309 1793 ita
1326 1771 1364 1794 se
1382 1759 1492 1793 habet
1509 1769 1734 1804 consequens

172 1817 207 1850 in
231 1816 465 1851 conditionali
488 1817 532 1850 ad
555 1816 782 1855 antecedens,
806 1816 897 1849 sicut
925 1814 1112 1849 conclusio
1136 1814 1179 1847 ad
1202 1813 1416 1858 praemissas
1438 1813 1474 1845 in
1500 1811 1734 1858 syllogismo:

173 1884 215 1904 ex
236 1871 447 1905 necessariis
467 1878 586 1904 autem
601 1881 801 1915 numquam
821 1870 998 1914 contingit
1016 1868 1231 1914 syllogizare
1250 1868 1318 1901 nisi
1336 1867 1592 1908 necessarium,
1604 1874 1642 1900 ut
1659 1876 1737 1911 pro-

170 1924 275 1958 batur
297 1926 332 1958 in
358 1935 385 1957 1.
408 1924 602 1957 Posterior.
628 1923 706 1966 (tex.
726 1925 806 1968 17.).·
827 1923 888 1956 sed
911 1923 939 1956 si
960 1922 1172 1968 prophetiae
1194 1932 1267 1955 non
1290 1928 1407 1966 potest
1425 1920 1569 1954 subesse
1590 1918 1734 1960 falsum,

173 1985 315 2022 oportet
336 1977 430 2010 hanc
454 1975 739 2011 conditionalem
763 1986 840 2009 esse
855 1987 1000 2009 veram:
1019 1976 1053 2010 511
1073 1975 1200 2020 aliquid
1218 1980 1262 2009 est
1275 1974 1520 2020 prophetatum,
1535 1974 1612 2007 erit:
1630 1973 1736 2017 hujus

173 2039 296 2064 autem
318 2030 572 2064 conditionalis
595 2029 812 2063 antecedens
836 2037 888 2063 est
908 2029 1154 2063 necessarium
1176 2027 1352 2069 absolute,
1368 2038 1452 2060 cum
1474 2027 1517 2060 sit
1539 2027 1581 2061 de
1601 2033 1737 2072 praete-

172 2085 260 2126 rit03
283 2095 369 2130 ergo
393 2092 427 2117 et
450 2094 676 2129 consequens
699 2083 762 2116 erit
784 2083 1030 2116 necessarium
1059 2081 1232 2123 absolute,
1260 2081 1355 2127 quod
1383 2088 1436 2114 est
1456 2079 1733 2114 inconveniens:

173 2138 255 2184 quia
274 2138 324 2172 sic
343 2138 533 2184 prophetia
548 2148 622 2170 non
637 2144 730 2170 esset
745 2136 1053 2181 contingentium3
1076 2135 1207 2170 falsum
1229 2143 1282 2169 est
1300 2145 1398 2180 ergo,
1414 2134 1510 2180 quod
1525 2133 1734 2180 prophetiae

172 2203 247 2225 non
269 2191 382 2237 possit
402 2191 547 2225 subesse
568 2189 711 2224 falsum.

244 2245 319 2279 SED
335 2255 489 2279 CONTRA
508 2251 571 2285 est,
587 2243 684 2289 quod
699 2243 863 2277 Cassiod.
876 2243 960 2277 dicit
974 2243 1026 2288 (in
1037 2242 1125 2289 prol.
1138 2243 1171 2276 in
1182 2242 1233 2276 Ps.
1245 2248 1315 2288 cap.
1326 2241 1381 2284 ri),
1394 2240 1491 2286 quod
1508 2253 1526 2272 «
1542 2239 1734 2286 prophetia

173 2306 227 2332 est
252 2297 449 2344 inspiratio,
475 2296 533 2330 vel
559 2295 732 2330 revelatio
755 2296 887 2337 divina,
909 2307 1028 2329 rerum
1051 2302 1199 2329 eventus
1225 2293 1406 2328 immobili
1427 2293 1576 2327 veritate
1603 2294 1735 2327 denun-

172 2353 264 2386 tians
286 2363 326 2385 »z
348 2362 421 2384 non
445 2358 565 2384 autem
588 2358 682 2384 esset
703 2348 900 2382 immobilis
922 2349 1052 2383 veritas
1075 2347 1296 2394 prophetiae,
1324 2347 1353 2381 si
1385 2354 1507 2393 posset
1540 2346 1573 2380 ei
1603 2345 1733 2380 falsum

173 2405 337 2446 subesse;
359 2415 445 2449 ergo
468 2415 542 2437 non
563 2410 681 2448 potest
702 2402 734 2436 ei
756 2402 901 2436 subesse
928 2401 1070 2436 falsum.

244 2458 472 2492 RESPONDEO
496 2456 701 2497 dicendum,
724 2456 832 2500 quod,
854 2455 946 2488 sicut
976 2467 1017 2488 ex
1040 2455 1142 2489 dictis
1164 2462 1260 2500 patet
1279 2454 1358 2498 (izi-t.
1378 2466 1405 2488 I.
1424 2465 1451 2499 3.
1479 2458 1508 2487 et
1534 2464 1558 2497 5.
1581 2453 1649 2498 huj.
1672 2454 1735 2498 q.),

174 2512 362 2557 prophetia
379 2519 431 2545 est
453 2510 631 2556 quaedam
647 2509 807 2553 cognitio
831 2508 1028 2542 intellectui
1043 2508 1246 2554 Prophetae
1265 2507 1439 2553 impressa
1454 2518 1504 2545 eit,
1514 2505 1734 2540 revelatione

174 2565 293 2598 divina
316 2576 377 2610 per
399 2564 550 2597 modum
573 2563 760 2607 cujusdam
782 2561 984 2603 doctrinae3
1006 2562 1137 2595 veritas
1153 2569 1273 2595 autem
1297 2560 1515 2605 cognitionis
1538 2567 1591 2593 est
1607 2559 1734 2593 eadem

174 2619 208 2651 in
236 2617 422 2663 discipulo,
447 2625 481 2650 et
513 2617 548 2650 in
571 2616 742 2656 docente3
766 2615 847 2660 quia
878 2614 1038 2659 cognitio
1077 2614 1292 2648 addiscentis
1316 2621 1368 2647 est
1395 2612 1591 2647 similitudo
1615 2612 1736 2657 cogni-

173 2671 281 2704 tionis
303 2670 484 2704 docentis:
508 2669 599 2703 sicut
614 2669 723 2703 etiam
744 2668 780 2701 in
799 2667 903 2701 rebus
919 2667 1139 2701 naturalibus
1161 2667 1279 2700 forma
1294 2666 1454 2712 generati
1469 2674 1522 2700 est
1536 2665 1733 2699 similitudo

175 2725 351 2770 quaedam
375 2724 513 2757 formae
530 2722 753 2767 generanti53
777 2729 810 2755 et
824 2732 886 2766 per
907 2721 1002 2754 hunc
1028 2721 1136 2754 etiam
1160 2721 1311 2754 modum
1328 2720 1475 2754 Hieron.
1492 2719 1578 2753 dicit
1594 2719 1732 2765 (implic.

173 2785 268 2823 super
288 2777 366 2811 illud
384 2778 475 2810 Dim.
494 2789 546 2811 2..·
568 2775 799 2821 Respondemus
818 2786 891 2818 ergo
909 2773 1097 2817 Chaliliisi),
1115 2774 1211 2819 quod
1237 2786 1253 2804 «
1269 2773 1456 2819 prophetia
1479 2780 1532 2806 est
1550 2772 1733 2817 quoddam

175 2831 317 2875 signum
339 2830 481 2863 divinae
503 2829 760 2874 praescientiae
775 2841 814 2862 n:
838 2834 980 2873 oportet
1001 2827 1119 2870 igitur,
1142 2827 1307 2860 eamdem
1331 2837 1408 2860 esse
1439 2826 1627 2860 veritatem
1656 2836 1734 2871 pro-

177 2883 340 2929 pheticae
363 2882 593 2928 cognitionis,
615 2890 650 2915 et
676 2880 943 2921 enuntiationis,
966 2891 1056 2925 quae
1093 2887 1145 2913 est
1167 2879 1385 2924 cognitionis
1412 2879 1565 2919 divinae,
1593 2877 1650 2911 cui
1671 2878 1720 2911 im
