1920 3142
515 167 651 197 INDEX
683 167 730 196 SE
737 167 914 198 CUNDAE

406 246 600 278 QUAESTIO
620 246 684 273 VII.

274 312 314 338 De
323 312 375 348 fide
389 313 443 348 ipsa
456 316 577 347 quantum
591 311 624 337 ad
636 320 689 338 suos
703 311 808 347 effectus.

170 382 193 398 1.
214 372 312 398 Utrum
333 373 416 397 timor
435 372 470 396 sit
491 371 604 396 effectus
619 371 691 396 fidei.

161 411 194 440 ⁴2.
215 414 313 440 Utrum
333 414 486 449 purificatio
501 413 592 439 cordis
606 414 641 438 sit
656 413 770 439 effectus
784 414 856 440 fidei.

399 524 591 556 QUAESTIO
610 525 690 552 VIII.

298 596 338 621 De
359 596 601 632 correspondentibus
618 597 708 622 virtuti
722 596 801 632 fidei.-

347 642 370 663 et
381 639 464 674 primo
479 638 507 663 de
521 638 584 664 dono
599 638 746 664 intellectus.

170 712 193 730 1.
216 703 313 729 Utrum
328 703 486 728 intellectus
500 704 536 729 sit
549 704 653 729 donum
667 703 782 738 Spiritus
797 703 900 729 Sancti.

166 754 190 771 2.
212 745 310 771 Utrum
330 746 418 779 possit
432 745 513 770 simul
527 754 586 770 esse
602 746 629 770 in
643 746 741 771 eodem
756 754 817 770 cum
830 745 894 770 fide.

166 796 190 821 3.
211 787 309 813 Utrum
324 787 491 819 intellectus,
507 788 554 821 qui
571 794 613 812 est
633 788 746 818 donum,
768 788 804 812 sit
823 795 922 822 specu-

204 860 206 862 ·
253 828 353 854 lativus
366 835 483 860 tantum,
498 828 541 854 vel
562 829 644 854 etiam
659 829 804 863 practicus.

163 878 190 902 4.
212 869 311 895 Utrum
332 879 438 901 omnes,
460 871 506 904 qui
532 876 597 895 sunt
623 871 651 895 in
678 871 776 905 gratia,
803 870 922 896 habeant

253 911 356 936 donum
370 911 539 936 intellectus.

165 960 188 985 ς.
210 951 308 978 Utrum
335 952 390 978 hoc
415 953 517 978 donum
544 953 702 979 inveniatur
727 953 756 978 in
784 952 920 987 aliquibus

252 994 353 1028 absque
367 995 464 1029 gratia.
872 996 876 1000 ’

163 1036 188 1061 6.
211 1035 361 1066 Quomodo
376 1044 405 1061 se
419 1035 517 1061 habeat
531 1035 634 1061 donum
648 1035 806 1062 intellectus
821 1036 854 1062 ad
867 1035 920 1062 alia

253 1078 335 1102 dona.

163 1126 188 1152 7.
212 1118 290 1149 Quae
316 1118 516 1144 beatitudinum
545 1119 710 1154 respondeat
735 1119 810 1145 dono
837 1118 919 1145 intel-

252 1159 350 1185 lectus.

405 1272 598 1303 QUAESTIO
621 1271 672 1298 IX.

294 1343 333 1368 De
353 1343 596 1378 correspondentibus
613 1344 704 1369 virtuti
718 1344 782 1379 fidei

329 1390 450 1420 quantum
463 1385 497 1410 ad
510 1385 602 1411 donum
615 1386 744 1413 scientiae.

181 1470 186 1475 .
208 1449 306 1476 Utrum
326 1450 441 1475 scientia
456 1451 492 1475 sit
512 1450 624 1476 donum.

181 1511 186 1516 .
208 1491 306 1517 Utrum
325 1493 360 1517 sit
382 1492 453 1517 circa
468 1492 568 1517 divina.

180 1553 186 1558 .
207 1532 305 1558 Utrum
325 1534 360 1558 sit
380 1533 548 1567 speculativa
561 1533 604 1559 vel
617 1534 747 1568 practica.

207 1574 285 1605 Quae
300 1574 499 1600 beatitudinum
520 1575 545 1599 ei
565 1575 738 1609 respondeat.

159 1459 185 1607 -jbwum

407 1692 600 1723 QUAESTIO
622 1693 658 1718 X.

291 1762 331 1788 De
340 1763 392 1797 fide
406 1768 526 1797 quantum
540 1763 573 1788 ad
586 1763 650 1788 vitia
664 1763 792 1798 opposita:

263 1810 286 1830 et
300 1805 383 1840 primo
403 1804 432 1830 cie
452 1804 603 1839 infidelitate
623 1805 649 1829 in
669 1805 804 1830 communi.

182 1876 204 1894 1.
226 1868 324 1894 Utrum
344 1868 492 1894 infidelitas
507 1869 542 1894 sit
556 1874 708 1903 peccatum.

177 1918 202 1936 2.
223 1909 321 1936 Utrum
342 1910 489 1936 infidelitas
510 1911 545 1935 sit
565 1911 593 1935 iu
620 1909 774 1941 intellectu,
795 1910 867 1936 sicut
886 1911 915 1935 in

251 1952 385 1986 subjecto.

180 2002 204 2027 3.
225 1993 324 2019 Utrum
344 1994 379 2018 sit
394 1994 540 2018 maximum
552 1999 738 2027 peccatorum.

178 2045 204 2068 4.
226 2035 325 2061 Utrum
339 2035 430 2059 omnis
444 2035 516 2060 actio
532 2034 683 2059 infidelium
697 2035 732 2059 sit
746 2040 899 2069 peccatum.

182 2084 205 2109 5.
227 2076 268 2102 De
285 2076 429 2110 speciebus
443 2076 624 2103 infidelitatis.

178 2119 204 2144 6.
225 2118 265 2143 De
287 2118 492 2152 comparatione
514 2125 605 2142 earum
619 2117 653 2142 ad
673 2117 801 2142 invicem.

178 2167 204 2193 7.
225 2159 323 2185 Utrum
345 2167 405 2184 cum
426 2158 582 2184 infidelibus
603 2159 638 2183 sit
664 2158 857 2193 disputandum
886 2159 917 2184 de

255 2200 316 2225 fide.

181 2242 207 2267 8.
228 2241 326 2266 Utrum
346 2241 401 2266 sint
417 2241 535 2275 cogendi
548 2241 581 2266 ad
596 2241 686 2266 fidem.

179 2291 203 2316 9.
227 2282 325 2308 Utrum
346 2283 381 2307 sit
395 2283 434 2307 eis
449 2282 717 2307 communicandum.

166 2332 206 2349 10.
228 2323 327 2349 Utrum
347 2324 456 2358 possint
471 2322 620 2348 Christiani
634 2322 760 2348 fidelibus
773 2331 907 2357 praeesse.

163 2374 172 2390 1
182 2373 203 2390 1.
226 2364 323 2390 Utrum
343 2365 411 2389 ritus
425 2364 577 2389 infidelium
592 2365 647 2389 sint
660 2364 805 2389 tolerandi.

167 2414 207 2431 12.
230 2405 329 2432 Utrum
348 2406 423 2440 pueri
443 2405 595 2430 infidelium
616 2405 670 2430 sint
690 2405 783 2430 invitis
797 2406 917 2440 parenti-

251 2447 300 2472 bus
316 2447 480 2482 baptizandi.

402 2558 594 2589 QUAESTIO
616 2558 666 2584 XI.

217 2629 255 2655 De
267 2630 336 2655 viliis
349 2631 464 2665 oppositis
473 2629 537 2665 fidei
549 2635 671 2665 quantum
684 2630 718 2656 ad
732 2630 860 2656 haeresim.

165 2707 187 2724 1.
209 2698 307 2724 Utrum
327 2698 447 2723 haeresis
461 2699 496 2724 sit
510 2699 680 2724 infidelitatis
694 2700 809 2734 species.

162 2749 187 2766 2.
210 2740 307 2766 Utrum
318 2740 438 2765 haeresis
454 2741 489 2766 sit
502 2742 611 2776 proprie
625 2742 696 2766 circa
710 2749 751 2772 ea,
767 2749 834 2776 quae
854 2748 917 2766 sunt

254 2781 325 2806 fider

165 2832 188 2857 3.
210 2822 307 2848 Utrum
328 2822 457 2848 haeretici
472 2824 527 2848 sint
541 2823 684 2849 tolerandi.

162 2873 189 2897 4.
211 2863 306 2890 Utrum
327 2870 493 2891 revertentes
513 2865 544 2891 ad
561 2865 639 2892 fidem
655 2866 710 2892 sint
724 2865 879 2901 recipiendi.

949 168 1178 199 SECUNDAE
1211 170 1375 201 PARTIS.

1219 250 1411 281 QUAESTIO
1430 251 1497 279 XII.

1020 314 1060 340 De
1070 315 1140 340 vitiis
1153 316 1269 351 oppositis
1277 316 1341 351 fidei
1353 322 1474 351 quantum
1487 317 1521 343 ad
1533 320 1691 354 apostasiam.

980 382 1003 399 1.
1024 372 1123 399 Utrum
1142 375 1280 409 apostasia
1294 375 1326 400 ad
1340 375 1530 401 infidelitatem
1543 377 1687 411 pertineat.

977 423 1002 441 2.
1024 414 1122 441 Utrum
1132 422 1243 450 propter
1255 418 1421 451 apostasiam
1431 426 1446 442 a
1457 417 1509 442 fide
1523 418 1625 444 subditi
1637 418 1730 444 absol-

1066 463 1163 482 vantur
1187 467 1203 483 a
1225 457 1349 484 dominio
1377 459 1591 494 praesidentium
1619 466 1730 495 aposta-

1065 503 1163 524 tarum.

1208 582 1400 613 QUAESTIO
1421 582 1503 608 XIII.

1040 645 1080 672 De
1093 647 1163 672 vitiis
1177 647 1293 682 oppositis
1306 647 1543 682 confessionifidei:
1557 653 1580 674 et
1589 648 1673 684 primo

1166 688 1195 714 de
1211 689 1366 724 blasphemia
1378 689 1406 714 in
1418 689 1540 724 generali.

978 757 1001 774 1.
1023 748 1120 774 Utrum
1132 747 1300 782 blasphemia
1310 755 1464 783 opponatur
1474 749 1645 774 confessioni
1656 749 1728 775 fidei.

977 798 1002 815 2.
1025 789 1123 815 Utrum
1143 789 1311 824 blasphemia
1325 798 1431 824 semper
1445 791 1481 815 sit
1494 796 1636 825 peccatum
1656 799 1730 816 mor-

1064 831 1128 856 tale.

978 882 1000 906 3.
1022 872 1119 898 Utrum
1140 872 1309 907 blasphemia
1323 873 1358 898 sit
1371 873 1517 898 maximum
1531 879 1716 908 peccatorum.

975 923 1001 947 4.
1023 914 1120 940 Utrum
1136 913 1304 948 blasphemia
1318 915 1353 939 sit
1367 915 1394 939 in
1409 914 1552 940 damnatis.

1206 1001 1398 1032 QUAESTIO
1419 1001 1497 1028 XIV.

1027 1066 1066 1093 De
1081 1066 1236 1102 blasphemia
1249 1067 1276 1092 in
1288 1066 1401 1102 speciali,
1416 1075 1478 1101 quae
1493 1071 1668 1102 estpeccatum

1197 1109 1224 1133 in
1236 1107 1357 1144 Spiritum
1373 1108 1500 1134 Sanctum.

976 1175 999 1193 1.
1020 1167 1118 1193 Utrum
1138 1167 1317 1202 blasphemia,
1337 1166 1381 1193 vel
1400 1173 1542 1202 peccatum
1557 1167 1585 1193 in
1599 1167 1729 1202 Spiritum

1062 1209 1193 1234 Sanctum
1213 1209 1248 1234 sit
1261 1209 1343 1241 idem,
1359 1209 1432 1244 quod
1445 1215 1588 1244 peccatum
1602 1217 1634 1234 ex
1653 1216 1728 1235 certa

1062 1250 1175 1276 malitia.

974 1300 999 1317 2.
1020 1291 1061 1317 De
1075 1292 1218 1326 speciebus
1233 1291 1312 1325 hujus
1327 1292 1443 1326 peccati.

991 1353 996 1358 ,
1019 1333 1118 1359 Utrum
1132 1334 1166 1358 sit
1180 1332 1378 1358 irremissibile.

972 1382 998 1406 4.
1019 1373 1117 1400 Utrum
1131 1374 1228 1409 aliquis
1242 1375 1330 1409 possit
1343 1382 1454 1409 peccare
1469 1374 1496 1399 in
1511 1373 1641 1409 Spiritum
1656 1374 1726 1400 San-

1061 1422 1135 1441 ctum
1160 1425 1175 1441 a
1199 1416 1345 1450 principio,
1369 1422 1514 1451 antequam
1536 1415 1589 1441 alia
1615 1422 1729 1451 peccata

1061 1457 1226 1482 committat.

973 1341 984 1366 w

1213 1543 1405 1575 QUAESTIO
1426 1543 1489 1570 XV.

1102 1609 1142 1634 De
1154 1609 1226 1634 vitiis
1239 1609 1355 1644 oppositis
1368 1608 1433 1635 dono
1446 1609 1597 1641 intellectus,

1008 1650 1102 1676 scilicet
1115 1650 1145 1675 de
1160 1651 1278 1676 caecitate
1291 1651 1389 1682 mentis,
1404 1654 1428 1675 el
1441 1650 1587 1676 hebetudine
1599 1659 1688 1677 sensus.

975 1718 998 1736 1.
1019 1709 1117 1736 Utrum
1139 1711 1256 1735 caecitas
1270 1710 1370 1734 mentis
1385 1710 1420 1734 sit
1433 1716 1585 1744 peccatum.

973 1760 998 1778 2.
1020 1751 1118 1777 Utrum
1138 1751 1275 1776 hebetudo
1291 1759 1388 1776 sensus
1408 1751 1443 1776 sit
1463 1750 1537 1776 aliud
1549 1757 1693 1786 peccatum
1713 1760 1729 1776 a

1062 1799 1194 1818 caecitate
1209 1799 1317 1817 mentis.

974 1843 997 1868 3.
1019 1833 1117 1860 Utrum
1137 1834 1205 1859 haec
1219 1834 1285 1859 vitia
1298 1842 1313 1859 a
1332 1834 1452 1868 peccatis
1468 1833 1621 1859 carnalibus
1635 1833 1728 1859 orian-

1062 1881 1113 1900 tur.

1205 1956 1397 1988 QUAESTIO
1417 1956 1494 1982 XVI.

1066 2022 1105 2048 De
1115 2022 1442 2058 praeceptispertinentibus
1454 2021 1488 2047 nd
1498 2021 1639 2056 praedicta,

1003 2063 1097 2089 scilicet
1111 2063 1143 2088 aci
1152 2062 1240 2098 fidem,
1255 2068 1278 2088 et
1293 2063 1359 2090 dona
1372 2064 1499 2094 scientiae,
1514 2068 1537 2088 et
1551 2063 1697 2088 intellectus.

977 2132 999 2150 1.
1022 2123 1120 2149 Utrum
1140 2124 1168 2148 in
1181 2124 1266 2148 veteri
1284 2123 1344 2158 lege
1359 2123 1415 2148 dari
1429 2123 1571 2148 debuerint
1584 2129 1728 2157 praecepta

1063 2165 1201 2190 credendi.

973 2215 998 2233 2.
1020 2206 1118 2233 Utrum
1139 2206 1336 2231 convenienter
1354 2206 1382 2230 in
1401 2206 1486 2231 veteri
1506 2204 1567 2240 lege
1587 2205 1728 2230 tradantur

1060 2253 1203 2282 praecepta
1222 2247 1386 2281 pertinentia
1407 2246 1440 2272 ad
1461 2247 1616 2279 scientiam,
1637 2252 1664 2272 et
1684 2246 1726 2271 in-

1062 2288 1212 2314 tellectum.

1202 2368 1393 2400 QUAESTIO
1413 2368 1506 2395 XVII.

1120 2435 1159 2461 De
1172 2440 1212 2471 spe
1227 2439 1347 2470 quantum
1361 2433 1394 2460 ad
1407 2434 1488 2470 ipsam
1501 2439 1577 2470 spem.

975 2503 998 2520 1.
1019 2494 1117 2521 Utrum
1138 2502 1200 2529 spes
1214 2495 1250 2520 sit
1263 2494 1357 2522 virtus.

972 2544 997 2562 2.
1019 2536 1117 2561 Utrum
1138 2536 1276 2570 objectum
1291 2535 1348 2569 ejus
1362 2535 1397 2560 sit
1417 2534 1558 2560 beatitudo
1569 2541 1688 2562 aeterna.

974 2585 997 2610 3.
1019 2577 1117 2603 Utrum
1128 2585 1198 2602 unus
1212 2577 1296 2602 homo
1307 2577 1394 2611 possit
1407 2583 1514 2611 sperare
1529 2575 1725 2601 beatitudinem

1061 2618 1172 2643 alterius
1184 2626 1231 2652 per
1244 2618 1372 2643 virtutem
1386 2618 1454 2652 spei.

972 2668 998 2691 4.
1020 2659 1118 2685 Utrum
1139 2659 1223 2684 homo
1245 2659 1320 2684 licite
1334 2659 1422 2693 possit
1435 2666 1540 2693 sperare
1560 2658 1588 2683 in
1602 2658 1724 2686 homine.

974 2708 997 2732 ς.
1019 2700 1116 2725 Utrum
1131 2708 1191 2734 spes
1211 2701 1247 2724 sit
1266 2701 1351 2725 virtus
1365 2699 1536 2734 theologica.

972 2742 996 2767 6.
1018 2741 1059 2766 De
1074 2741 1250 2766 distinctione
1265 2742 1323 2775 ejus
1338 2741 1370 2766 ab
1390 2740 1451 2766 aliis
1477 2739 1622 2767 virtutibus
1647 2739 1725 2767 theo-

1061 2781 1171 2816 logicis.

972 2831 998 2858 7.
1019 2823 1115 2849 Utrum
1136 2831 1197 2857 spes
1210 2823 1352 2857 praecedat
1366 2823 1457 2851 fidem.

972 2865 998 2891 8.
1021 2864 1116 2891 Utrum
1137 2865 1172 2889 sit
1193 2864 1329 2899 posterior
1343 2864 1484 2890 charitate.
