1859 3122
426 165 644 203 QUAESTIO
676 164 852 196 cxxxw.
886 162 1129 194 Arm-mutus
1162 162 1223 193 111.
1521 150 1601 205 893

49 250 222 298 pecuniis,
243 249 334 284 sicut
355 247 559 291 liberalitas,
581 247 644 282 sed
666 247 761 281 circa
776 253 1008 292 sumptuosas
1029 244 1160 288 solum,
1172 244 1208 278 in
1223 244 1350 290 quibus
1371 242 1514 278 excellit
1524 242 1609 277 libe-

49 304 226 339 ralitatem
249 301 519 348 magnitudine3
538 312 625 347 ergo
647 309 699 335 est
721 299 840 335 solum
864 300 959 333 circa
980 310 1134 344 magnos
1153 305 1327 344 sumptus.

119 357 348 391 RESPONDEO
387 355 592 396 dicendum,
618 354 713 400 quod
742 353 785 388 ad
820 352 1139 398 magnificentiam,
1166 352 1258 386 sicut
1283 351 1420 385 dictum
1446 357 1500 384 est
1527 348 1607 394 (art.

43 417 145 458 praec
149 411 185 454 .)‚
203 410 355 456 pertinet
370 409 551 443 intendere
575 408 616 441 ad
633 407 778 454 aliquod
802 418 974 452 magnum
990 417 1080 452 opus
1095 405 1319 440 faciendum:
1341 405 1382 438 ad
1402 405 1472 438 hoc
1489 411 1608 438 autem

50 465 146 511 quod
180 463 324 510 aliquod
360 474 535 508 magnum
570 473 659 508 opus
688 462 944 496 convenienter
977 460 1048 502 fiat,
1081 460 1311 506 requiruntur
1344 457 1607 518 proportionati

50 526 236 564 sumptus:
259 528 331 551 non
354 517 450 550 enim
474 524 624 561 possunt
646 526 778 557 marna
805 526 914 561 opera
941 514 1028 556 fieri,
1055 514 1120 547 nisi
1144 525 1226 548 cum
1255 513 1396 557 magnis
1425 512 1609 557 expensi33

51 571 145 606 unde
168 571 210 604 ad
232 569 475 615 inwniiiccnti
482 581 539 603 un
563 571 648 616 perti
654 577 713 603 net
735 580 809 602 ma
799 580 888 609 ‚mos
907 575 1070 627 sumptus
1092 566 1222 609 facere,
1246 566 1289 600 ad
1311 558 1381 600 hoc
1401 565 1497 612 quod
1521 576 1610 611 opus
1630 586 1635 590 -

51 635 226 670 magnum
242 635 334 658 conv
338 623 498 657 enienter
520 622 597 656 siat:
614 623 707 656 unde
725 631 757 656 et
777 621 911 656 Philos.
935 621 1045 654 dicit
1038 632 1074 654 1n
1093 620 1209 654 Ethic.
1229 620 1307 666 (loc.
1327 619 1412 665 cit.,)
1429 619 1525 666 quod
1540 630 1613 652 rna-

51 677 202 725 gnificus
225 677 266 712 ab
290 676 441 723 aequali,
472 677 563 710 idest
584 688 602 710 a
630 677 904 722 proportionato
927 682 1070 720 sumptu
1094 685 1183 720 opus
1209 673 1317 708 faciet
1338 674 1454 720 magis
1475 673 1614 719 magni-

50 731 179 766 ficum:
201 739 364 777 sumptus
388 738 508 764 autem
533 738 585 764 est
611 729 789 776 quaedam
816 728 989 775 pecuniae
1017 728 1176 770 emissio,
1199 739 1218 762 a
1245 739 1314 774 qua
1340 735 1458 774 potest
1484 727 1612 773 aliquis

52 785 232 832 prohiberi
253 795 316 829 per
334 782 554 829 superfluum
577 794 739 817 amorem
763 782 958 829 pecuniae3
977 789 1011 816 et
1036 782 1118 816 ideo
1147 782 1297 816 materia
1320 780 1611 827 magnificentiae

53 845 203 885 possunt
224 837 294 872 dici
317 845 351 872 et
372 837 439 883 ipsi
461 844 636 883 sumptus,
659 837 785 883 quibus
804 836 912 870 utitur
939 834 1153 881 magnificus
1180 835 1223 869 ad
1251 847 1341 882 opus
1368 846 1544 880 magnum
1565 833 1612 868 fa-

55 892 238 934 ciendum,
261 899 295 925 et
315 891 391 936 ipsa
413 890 577 937 pecunia,
600 902 669 937 qua
688 890 795 924 utitur
817 890 858 923 ad
882 897 1044 935 sumptus
1066 900 1221 935 magnos
1237 889 1432 931 faciendos,
1455 897 1489 923 et
1510 899 1614 922 amor

56 946 244 993 pecuniae,
266 956 373 991 quem
395 944 603 979 moderatur
623 943 849 990 magnificus,
871 954 915 976 ne
937 951 1100 988 sumptus
1122 943 1247 988 magni
1267 942 1518 989 impediantur.

125 999 184 1034 AD
207 1009 356 1034 PRIMUM
379 1009 466 1044 ergo
485 997 689 1039 dicendum,
709 996 816 1043 quod,
839 996 931 1030 sicut
951 1007 1058 1042 supra
1079 995 1215 1029 dictum
1236 1003 1289 1030 est
1310 996 1357 1042 (q.
1379 1008 1452 1043 129.
1468 1000 1532 1030 art.
1551 996 1614 1041 2.)‚

52 1053 201 1087 virtutes
222 1052 305 1087 illae
324 1063 416 1098 quae
437 1059 519 1086 sunt
540 1052 635 1085 circa
657 1062 712 1085 res
735 1050 941 1091 exteriores,
962 1049 1096 1083 habent
1115 1049 1275 1095 aliquam
1296 1048 1545 1084 difficultatem
1572 1061 1615 1083 ex

54 1107 132 1153 ipso
155 1117 287 1153 genere
305 1105 367 1147 rei,
390 1105 485 1139 circa
507 1116 614 1151 quarn
639 1112 691 1138 est
711 1105 834 1146 virtus,
856 1111 890 1137 et
911 1102 1019 1137 aliam
1042 1101 1289 1137 difficultatem
1306 1114 1347 1137 ex
1366 1103 1615 1150 magnitudine

52 1160 164 1206 ipsius
187 1160 257 1194 rei:
280 1166 314 1193 et
334 1159 416 1193 ideo
440 1166 583 1205 oportet
605 1158 700 1192 circa
726 1158 931 1204 pecuniam,
954 1165 988 1191 et
1013 1168 1120 1190 usum
1147 1158 1222 1203 ejus
1244 1168 1321 1192 esse
1345 1157 1432 1191 duas
1450 1157 1615 1200 virtutes3

53 1213 192 1248 scilicet
211 1211 476 1254 liberalitatem,
505 1222 595 1258 quae
617 1211 761 1257 respicit
782 1210 1025 1246 communiter
1051 1222 1157 1244 usum
1179 1211 1365 1258 pecuniae,
1393 1218 1428 1245 et
1453 1209 1616 1257 magnifi-

55 1267 224 1309 centiam,
246 1277 338 1313 quae
360 1266 505 1312 respicit
526 1276 700 1311 magnum
722 1265 757 1298 in
777 1265 951 1311 pecuniae
973 1276 1049 1299 usu.

124 1321 184 1355 AD
206 1330 413 1355 SECUNDUM
435 1319 640 1361 dicendum,
655 1319 752 1365 quod
767 1330 851 1353 usus
873 1318 1047 1364 pecuniae
1070 1317 1172 1353 aliter
1184 1319 1338 1365 pertinet
1360 1318 1403 1352 ad
1417 1317 1616 1361 liberalem,

55 1382 90 1410 et
109 1374 210 1408 aliter
229 1374 272 1408 ad
291 1373 547 1420 magnificum:
568 1373 611 1406 ad
629 1371 816 1406 liberalem
832 1374 928 1406 enirn
944 1373 1106 1418 pertinet,
1126 1373 1324 1407 secundum
1340 1372 1436 1419 quod
1455 1371 1618 1419 procedit

56 1440 100 1462 ex
121 1428 287 1462 ordinato
304 1426 435 1461 affectu
451 1426 546 1460 circa
561 1426 749 1472 pecunias3
772 1434 806 1460 et
828 1426 908 1460 ideo
925 1426 1044 1461 omnis
1059 1438 1142 1461 usus
1161 1426 1300 1461 debitus
1314 1426 1500 1473 pecuniae,
1516 1426 1616 1471 cujus

56 1481 357 1528 impedimentum
381 1480 477 1515 tollit
502 1480 705 1514 moderatio
734 1480 867 1514 amoris
894 1480 1080 1526 pecuniae,
1107 1480 1260 1526 pertinet
1282 1480 1324 1514 ad
1351 1479 1616 1521 liberalitatem,

57 1535 195 1570 scilicet
215 1534 322 1576 dona,
345 1542 379 1568 et
401 1542 583 1580 sumptus:
607 1533 668 1568 sed
682 1545 766 1568 usus
780 1534 954 1580 pecuniae
968 1534 1120 1580 pertinet
1134 1534 1177 1568 ad
1192 1533 1425 1580 magnificum
1442 1534 1476 1567 in
1491 1532 1617 1567 ordine

57 1589 101 1623 ad
125 1588 271 1635 aliquod
293 1599 470 1634 magnum
490 1599 592 1634 opus,
611 1587 707 1634 quod
728 1586 935 1621 faciendum
958 1595 1029 1622 est:
1052 1595 1086 1622 et
1106 1587 1187 1622 talis
1206 1599 1289 1622 usus
1303 1598 1377 1622 non
1399 1594 1519 1634 potest
1539 1596 1617 1620 esse

55 1643 132 1677 sine
155 1649 311 1688 sumptu,
333 1641 407 1676 sive
426 1652 592 1686 expensa.

127 1696 187 1729 AD
218 1705 389 1730 TERTIUM
411 1694 617 1736 dicendum,
640 1694 736 1740 quod
759 1693 973 1740 magnificus
1000 1695 1108 1728 etiam
1135 1694 1195 1729 dat
1221 1694 1328 1737 dona,
1354 1694 1413 1729 vel
1436 1694 1553 1736 xenia,
1580 1701 1619 1728 ut

56 1749 185 1783 dicitur
204 1748 241 1782 in
263 1748 379 1782 Ethic.
403 1747 489 1794 (cap.
512 1747 562 1792 2.)
573 1760 585 1788 ,·
608 1759 683 1782 non
701 1755 823 1782 tamen
839 1748 902 1782 sub
918 1748 1057 1783 ratione
1072 1748 1169 1791 doni,
1185 1749 1246 1783 sed
1261 1749 1380 1794 potius
1399 1749 1462 1784 sub
1478 1749 1618 1783 ratione

56 1809 219 1848 sumptus
241 1801 397 1836 ordinati
420 1801 463 1835 ad
484 1800 629 1847 aliquod
647 1812 736 1847 opus
757 1800 987 1844 faciendum3
1009 1810 1095 1848 puta
1117 1802 1161 1836 ad
1175 1802 1433 1837 honorandum
1449 1802 1618 1849 aliquem,

56 1855 115 1889 vel
137 1855 180 1889 ad
202 1854 409 1889 faciendum
432 1854 577 1901 aliquid,
599 1855 693 1888 unde
708 1856 896 1901 proveniat
915 1855 1036 1889 honor
1048 1856 1115 1890 toti
1137 1856 1290 1900 civitati3
1316 1857 1409 1891 sicut
1431 1867 1512 1891 cum
1535 1855 1621 1890 facit

60 1909 205 1956 aliquid,
228 1909 272 1943 ad
294 1909 391 1955 quod
412 1916 488 1943 tota
511 1909 635 1942 civitas
658 1909 786 1943 studet.

130 1963 190 1997 AD
206 1973 395 2002 QUARTUM
417 1962 624 2004 dicendum,
640 1962 737 2008 quod
755 1962 960 2009 principalis
977 1971 1076 1998 actus
1091 1963 1231 1998 virtutis
1246 1971 1299 1998 est
1315 1963 1464 1998 interior
1478 1963 1619 2006 electio,

60 2029 170 2064 quam
190 2017 302 2051 virtus
320 2024 438 2063 potest
458 2016 592 2050 habere
615 2016 748 2062 absque
770 2016 939 2050 exteriori
959 2016 1120 2051 fortuna:
1145 2025 1180 2051 et
1201 2018 1251 2052 sic
1275 2018 1383 2052 etiam
1405 2029 1541 2064 pauper
1561 2028 1622 2063 po-

58 2079 128 2105 test
149 2082 225 2105 esse
248 2069 487 2116 magnificus:
511 2069 573 2103 sed
595 2069 639 2103 ad
658 2069 853 2104 exteriores
876 2077 975 2104 actus
996 2070 1170 2104 virtutum
1192 2071 1420 2117 requiruntur
1436 2071 1532 2105 bona
1553 2069 1621 2104 for-

58 2132 179 2166 tunae,
201 2123 294 2158 sicut
315 2123 494 2169 quaedam
512 2122 765 2157 instrumenta:
781 2131 815 2157 et
828 2123 1028 2157 secundum
1043 2123 1114 2158 hoc
1130 2135 1265 2170 pauper
1278 2136 1351 2159 non
1367 2132 1485 2171 potest
1499 2131 1620 2158 actum

60 2177 353 2223 magnificentiae
376 2176 591 2211 exteriorem
615 2187 780 2210 exercere
802 2176 837 2210 in
859 2176 926 2219 his,
946 2188 1036 2223 quae
1058 2185 1141 2212 sunt
1160 2177 1292 2224 magna
1314 2178 1536 2224 simpliciter,
1558 2177 1620 2211 sed

60 2230 152 2265 forte
175 2231 210 2264 in
232 2231 300 2272 his,
329 2241 420 2276 quae
451 2237 533 2263 sunt
553 2241 687 2274 magna
721 2241 784 2276 per
811 2231 1125 2276 comparationem
1156 2232 1199 2265 ad
1222 2231 1367 2278 aliquod
1390 2243 1497 2278 opus3
1524 2230 1620 2277 quod

62 2285 129 2319 etsi
149 2284 185 2317 in
207 2295 245 2318 se
268 2284 312 2318 sit
332 2294 495 2330 parvum,
516 2291 640 2316 tamen
661 2290 779 2328 potest
805 2283 997 2329 magnifice
1023 2283 1099 2318 fieri
1121 2285 1320 2319 secundum
1346 2285 1621 2331 proportionem

60 2336 155 2372 illius
177 2337 338 2383 generis;
357 2348 442 2371 nam
463 2342 624 2382 parvum,
648 2343 682 2370 et
703 2348 859 2382 magnum
881 2337 1048 2372 dicuntur
1068 2337 1228 2380 relative,
1251 2346 1289 2372 ut
1314 2338 1449 2373 Philos.
1479 2337 1565 2372 dicit
1586 2339 1619 2371 in

65 2391 226 2426 Praedic.
253 2391 364 2438 (σαμε
384 2390 438 2425 Ad
459 2389 613 2436 aliquid).

622 2531 966 2576 ARTICULUS
995 2533 1070 2576 IV.
1554 2543 1618 2590 (265

280 2642 434 2671 UTRUM
467 2641 811 2671 MAGNIFICENTIA
843 2642 909 2671 srr
944 2642 1044 2671 PARS
1079 2642 1404 2673 FORTITUDINIS.

532 2728 649 2774 (Sccpr.
671 2740 702 2774 q.
721 2740 794 2774 129.
816 2733 845 2763 et
866 2729 942 2764 locis
964 2730 1010 2763 ibi
1032 2730 1162 2772 notat).

140 2817 199 2850 AD
226 2825 414 2854 QUARTUM
436 2814 485 2849 sic
512 2815 727 2860 proceditur.
749 2816 910 2859 Videtur,
943 2817 1040 2863 quod
1074 2815 1344 2862 magnificentia
1367 2827 1441 2850 non
1470 2817 1514 2851 sit
1542 2829 1623 2863 pars

69 2868 297 2904 fortitudinis:
314 2867 583 2914 magnificentia
597 2869 693 2903 enim
709 2870 878 2904 convenit
891 2870 927 2904 in
942 2869 1092 2904 materia
1103 2881 1187 2904 cum
1201 2869 1425 2912 liberalitate,
1437 2877 1474 2904 ut
1487 2870 1623 2905 dictum
