1859 3122
466 197 686 232 QUAESTIO
721 197 898 226 CLXXIII.
931 196 1175 226 ARTICULUS
1209 196 1265 225 IV.
1549 197 1656 239 1127

103 278 232 324 phetae
253 289 326 312 non
349 279 473 312 onmia
502 286 740 324 cognoscunt,
763 289 854 324 quae
876 278 912 311 in
934 289 1061 312 eorum
1084 277 1179 319 visis,
1215 284 1274 310 aut
1303 276 1431 319 verbis,
1452 284 1522 310 ‘aut
1547 277 1656 311 etiam

102 331 204 366 factis
227 331 379 377 Spiritus
403 332 556 366 Sanctus
579 332 739 366 intendit.

172 384 216 418 Et
237 396 299 430 per
320 385 390 418 hoc
414 393 509 430 patet
531 385 717 431 responsio
744 396 793 418 Al)
821 395 1005 430 OBJECTA:
1026 395 1111 418 nam
1129 385 1262 430 primae
1285 385 1438 418 rationes
1462 383 1658 430 loquuntur

101 437 145 472 de
167 438 259 472 veris
281 437 483 484 Prophetis,
507 449 661 484 quorum
680 449 782 472 mens
804 438 971 472 divinitus
993 437 1190 472 illustratur
1208 437 1374 484 perfecte.

543 713 897 775 QUAESTIO
940 711 1219 759 CLXXIV.

171 836 235 867 DE
272 835 517 867 DIVISIONE
555 836 866 874 PROPHETIAE,
898 836 948 866 IN
981 836 1066 867 SEX
1105 834 1365 866 ARTICULOS
1404 833 1576 864 DIVISA.

170 971 311 1006 Deinde
333 971 634 1006 considerandum
657 980 710 1006 est
731 971 774 1006 de
796 971 970 1005 divisione
992 971 1213 1017 prophetiae.

615 1060 657 1094 Et
678 1061 767 1094 circa
789 1061 848 1094 hoc
869 1065 1075 1105 quaeruntur
1093 1071 1156 1094 sex.

169 1131 304 1165 Primo.
328 1132 383 1165 De
405 1131 580 1164 divisione
602 1131 813 1176 prophetiae
836 1131 871 1164 in
894 1142 975 1164 suas
998 1131 1146 1176 species,

171 1184 350 1218 Secundo.
374 1184 505 1218 Utrum
528 1184 571 1218 sit
594 1183 698 1217 altior
719 1184 918 1229 prophetia,
939 1195 1029 1229 quae
1052 1191 1105 1217 est
1125 1183 1201 1217 sine
1223 1183 1436 1227 imaginaria
1457 1182 1608 1216 visione.

171 1237 308 1273 Tertio.
329 1238 385 1272 De
407 1238 611 1271 diversitate
634 1238 812 1283 graduum
833 1237 1055 1283 prophetiae.

171 1291 324 1332 Quarto.
348 1292 478 1326 Utrum
501 1292 647 1337 Moyses
669 1291 774 1325 fuerit
795 1291 1116 1325 excellentissimus
1139 1291 1408 1337 prophetarum.

171 1346 321 1386 Quinto.
344 1345 476 1380 Utrum
499 1345 628 1391 aliquis
650 1345 935 1391 comprehensor
956 1345 1066 1390 possit
1088 1356 1165 1378 esse
1184 1345 1371 1391 propheta.

170 1399 292 1434 Sexto.
315 1399 446 1434 Utrum
468 1399 658 1445 prophetia
681 1400 830 1433 creverit
851 1410 914 1444 per
934 1398 1108 1443 temporis
1130 1409 1353 1444 processum.

661 1517 1005 1562 ARTICULUS
1042 1517 1075 1559 Ι.
1591 1529 1658 1563 829

350 1625 503 1656 UTRUM
531 1625 867 1655 CONVENIENTER
889 1624 1133 1653 DIVIDATUR
1160 1623 1407 1654 PROPHETIA

402 1692 446 1721 IN
472 1690 754 1720 PROPHETIAM
780 1689 1228 1719 PRAEDESTINATIONIS
1263 1689 1350 1727 DEI,

468 1755 822 1794 PRAESCIENTIAE,
838 1754 894 1783 ET
920 1754 1287 1785 COMMINATIONIS.

428 1843 539 1888 (Veri.
567 1855 596 1889 q.
623 1855 672 1878 12.
699 1848 762 1878 art.
790 1855 839 1878 10.
866 1848 894 1877 et
920 1843 1039 1878 Matth.
1067 1856 1094 1878 r.
1116 1848 1221 1889 prope
1243 1843 1329 1888 fin).

170 1933 230 1967 AD
256 1943 405 1968 PRIMUM
432 1933 481 1967 sic
508 1933 723 1978 proceditur.
742 1932 904 1974 Videtur,
931 1932 1028 1978 quod
1054 1931 1352 1966 inconvenienter
1378 1931 1555 1966 dividatur
1580 1943 1662 1977 pro-

99 1986 222 2032 phetia
242 1986 278 2019 in
302 1985 421 2020 Gloss.
438 1986 609 2032 (01·cl.sup.
629 1986 737 2019 mad„-
762 1987 803 2019 Ut
821 1985 1056 2031 adimpleretur
1070 1985 1155 2030 quod
1169 1986 1242 2030 etc.)
1263 1996 1338 2030 sup.
1354 1985 1481 2018 Matth.
1505 1995 1552 2018 1.:
1575 1986 1662 2019 Ecca

98 2040 194 2084 virgo
217 2041 251 2073 in
273 2044 361 2073 utero
388 2039 530 2073 habebit.-
553 2039 612 2072 ubi
634 2038 773 2080 dicitur,
796 2038 904 2084 quod,
930 2051 948 2070 «
970 2038 1159 2084 prophetia
1186 2037 1255 2071 alia
1277 2046 1330 2071 est
1356 2049 1397 2071 ex
1419 2038 1662 2083 praedestina-

98 2092 198 2126 tione
219 2092 300 2133 Dei,
323 2103 431 2137 quam
452 2103 600 2126 necesse
623 2099 675 2125 est
696 2092 864 2125 omnibus
886 2091 1004 2125 modis
1028 2091 1182 2132 evenire,
1205 2099 1243 2124 ut
1264 2091 1339 2124 sine
1365 2099 1490 2125 nostro
1511 2090 1662 2136 implea-

99 2152 155 2179 tur
178 2144 342 2187 arbitri03
366 2153 402 2178 ut
424 2145 526 2186 haec,
549 2145 591 2178 de
614 2155 683 2190 qua
704 2144 762 2178 hic
786 2144 920 2190 agitur:
943 2144 1010 2178 alia
1034 2152 1087 2178 est
1108 2156 1149 2178 ex
1171 2144 1408 2190 praescientia
1426 2144 1576 2185 Dei‚cui
1596 2155 1660 2177 no-

100 2206 214 2232 strum
236 2197 452 2231 admiscetur
474 2197 674 2231 arbitrium:
699 2197 768 2231 alia
791 2205 854 2239 est,
882 2209 972 2243 quae
1001 2197 1238 2231 comminatio
1265 2197 1402 2239 dicitur,
1425 2208 1516 2242 quae
1548 2197 1586 2230 fit
1612 2197 1657 2231 ob

101 2251 246 2296 signum
268 2250 408 2284 divinae
431 2250 754 2284 animadversionis
770 2262 806 2284 »ς
822 2250 909 2284 iilud
925 2250 1022 2284 enim
1038 2251 1133 2296 quod
1158 2250 1388 2296 consequitur
1410 2261 1559 2284 omnem
1581 2261 1659 2295 pro-

100 2303 273 2350 phetiam,
295 2314 369 2337 non
391 2303 495 2337 debet
512 2304 598 2349 poni
619 2311 657 2337 ut
677 2304 881 2337 membrum
902 2303 1062 2337 dividens
1085 2303 1331 2349 prophetiam:
1355 2303 1417 2337 sed
1440 2305 1558 2336 omnis
1581 2314 1659 2348 pro-

101 2356 222 2402 phetia
243 2365 296 2390 est
317 2357 516 2390 secundum
538 2356 813 2401 praescientiam
835 2357 1013 2399 divinam3
1037 2357 1118 2402 quia
1140 2357 1338 2402 prophetae
1361 2356 1485 2401 legunt
1505 2356 1541 2389 in
1568 2355 1658 2389 libro

101 2409 371 2455 praescientiae,
393 2417 430 2443 ut
452 2409 536 2443 dicit
559 2409 661 2443 Glos.
684 2410 750 2443 Isa.
776 2410 828 2455 38.
853 2409 937 2454 (ord.
953 2416 1021 2456 sup.
1039 2409 1132 2443 illud:
1152 2411 1301 2456 Dispone
1316 2409 1426 2443 domici
1444 2409 1548 2453 tzctw);
1569 2420 1657 2454 ergo

100 2462 251 2504 videtur,
273 2463 370 2508 quod
391 2474 465 2496 non
487 2462 614 2496 debeat
640 2463 727 2508 poni
752 2474 823 2496 una
850 2463 986 2508 species
1014 2462 1236 2509 prophetiae,
1263 2474 1354 2508 quae
1382 2470 1433 2496 est
1459 2462 1659 2496 secundum

101 2523 387 2561 praescientiam.

172 2578 204 2602 2.
226 2569 460 2603 PRAETEREA.
485 2568 598 2602 Sicuti
620 2568 753 2614 aliquid
775 2569 1010 2615 prophetatur
1031 2569 1230 2603 secundum
1253 2569 1590 2610 comminationem,
1611 2569 1660 2602 ita

101 2621 210 2655 etiam
225 2621 425 2655 secundum
439 2622 719 2667 promissionem
732 2634 739 2664 3
754 2630 789 2656 et
802 2630 952 2668 utraque
967 2623 1142 2656 variatur:
1158 2622 1285 2656 dicitur
1300 2622 1395 2655 enim
1414 2622 1572 2656 Hierem.
1592 2622 1660 2655 18.:

102 2676 239 2720 Repente
258 2675 378 2719 loquar
398 2675 571 2709 adversum
588 2679 726 2720 gentem,
747 2681 776 2710 et
793 2675 967 2710 adzwszzm
990 2687 1140 2721 mgnum,
1156 2680 1190 2709 ut
1208 2675 1382 2718 eradicem,
1401 2680 1430 2710 at
1443 2675 1619 2716 destruam,
1635 2680 1662 2709 ct

102 2727 285 2772 disperdam
308 2727 402 2762 illud:
424 2728 459 2762 Si
474 2729 714 2774 poenitentum
741 2730 838 2773 egerit
857 2741 930 2773 gans
954 2729 1010 2762 illa
1033 2740 1052 2762 α
1075 2729 1163 2762 malo
1182 2740 1250 2770 suo,
1270 2740 1365 2773 agam
1385 2733 1411 2762 el
1425 2739 1481 2772 ago
1499 2730 1664 2774 poenina-

103 2781 207 2820 tiam;
231 2788 265 2814 et
284 2780 356 2814 hoc
375 2780 528 2826 pertinet
546 2781 589 2814 ad
608 2781 837 2826 prophetiam
859 2781 1166 2823 comminationis3
1186 2789 1220 2815 et
1240 2789 1365 2827 postea
1383 2781 1501 2815 subdit
1522 2781 1564 2814 de
1582 2792 1661 2826 pro-

102 2833 224 2878 phetia
245 2833 512 2879 promissionis:
535 2834 647 2868 Subito
675 2834 792 2880 loquar
818 2834 854 2868 de
877 2839 978 2880 gente,
1007 2840 1037 2869 et
1062 2846 1171 2879 regno,
1199 2840 1236 2869 ut
1262 2835 1438 2880 aedificem,
1466 2839 1494 2868 et
1513 2834 1662 2880 plantem

100 2885 194 2920 illud.-
211 2886 248 2920 Si
263 2886 374 2928 facerit
392 2887 517 2921 malum
535 2888 569 2921 in
595 2887 695 2922 oculis
711 2889 802 2929 meis,
821 2889 1062 2934 poenitentiam
1083 2898 1181 2932 agam
1198 2894 1295 2934 super
1314 2888 1408 2930 bono,
1428 2887 1512 2932 quod
1533 2887 1658 2922 locutus
