1859 3122
220 137 302 179 282
609 148 829 184 QUAESTIO
862 149 1013 180 XXXIII.
1048 150 1291 180 ARTICULUS
1322 150 1396 181 VII.

219 238 360 264 suetum
383 236 436 263 est
456 229 490 262 in
513 228 757 275 religionibus,
779 230 876 277 quod
898 231 934 265 in
957 230 1122 277 capitulis
1149 230 1259 277 aliqui
1285 230 1555 277 proclamentur
1580 231 1624 266 de
1650 231 1775 279 culpis,

219 283 316 317 nulla
338 291 474 317 secreta
496 283 744 318 admonitione
766 285 981 330 praemissa3
1004 296 1090 331 ergo
1112 285 1264 326 videtur,
1286 284 1383 330 quod
1405 285 1475 319 hoc
1496 296 1570 320 non
1592 286 1638 320 sit
1655 285 1698 320 de
1718 297 1778 320 ne-

219 337 384 370 cessitate
406 336 597 382 praecepti.

294 400 320 434 5.
344 389 578 424 PRAETEREA.
606 389 782 436 Religiosi
802 399 968 426 tenentur
990 392 1061 426 suis
1088 391 1255 438 praelatis
1282 391 1446 426 obedire:
1474 391 1535 426 sed
1561 391 1777 438 quandoque

219 443 367 489 praelati
389 444 611 489 praecipiunt
624 444 682 478 vel
701 446 943 480 communiter
961 446 1140 487 omnibus,
1159 445 1215 479 vel
1236 445 1342 479 alicui
1360 444 1573 491 specialiter,
1592 453 1630 479 ut
1647 445 1677 480 si
1694 445 1778 491 quid

219 497 263 530 sit
285 496 551 541 corrigendum,
573 497 623 531 eis
646 498 802 541 dicatur3
826 510 911 544 ergo
943 500 1093 540 videtur,
1117 498 1212 544 quod
1236 499 1286 532 eis
1319 506 1507 532 teneamur
1529 498 1647 532 dicere
1669 499 1778 533 etiam

220 557 301 583 ante
323 558 500 583 secretam
523 551 830 594 admonitionem3
852 564 926 586 non
949 564 1035 598 ergo
1059 561 1111 586 est
1138 553 1179 586 de
1207 552 1419 586 necessitate
1444 551 1636 598 praecepti,
1665 559 1705 586 ut
1729 563 1780 586 se-

220 610 315 637 creta
339 603 539 637 admonitio
561 605 752 650 praecedat
773 605 954 651 publicam
982 606 1305 640 denuntiationem.

291 656 365 690 SED
385 667 539 691 CONTRA
558 667 621 699 est,
640 659 736 704 quod
755 660 908 705 August.
928 660 1013 693 dicit
1027 660 1061 693 in
1077 659 1136 692 lib.
1156 660 1198 693 de
1212 659 1319 693 Verb.
1339 659 1450 693 Dom.
1468 670 1651 705 exponens
1669 657 1776 692 illud:

221 709 361 756 Corripe
374 711 480 756 ipsum
499 712 582 745 inter
601 717 640 754 tc,
660 716 688 746 et
705 713 809 758 ipsum
826 713 951 747 solum:
971 724 1077 747 serm.
1101 712 1151 746 16.
1172 724 1248 758 cap.
1268 722 1319 755 4:
1344 725 1361 744 α
1381 712 1535 746 Studens
1551 712 1778 753 correctioni,

219 774 344 808 parces
366 763 512 809 pudori:
535 763 626 798 forte
649 765 746 799 enim
766 777 849 811 prae
864 767 1081 801 verecundia
1096 766 1220 812 incipit
1234 765 1423 800 defendere
1445 773 1635 811 peccatum
1655 776 1777 800 suum:

220 824 254 850 et
275 827 383 862 quem
404 819 456 851 vis
478 817 596 852 facere
618 818 820 861 meliorem,
842 819 930 853 facis
953 821 1114 866 pejorem
1137 831 1172 853 »1
1192 819 1253 853 sed
1273 819 1316 853 ad
1334 819 1405 853 hoc
1420 827 1586 853 tenemur
1603 830 1664 865 per
1681 829 1780 865 prae-

220 878 364 916 ceptum
387 871 582 913 charitatis,
605 880 643 905 ut
664 883 868 915 caveamus,
890 884 935 907 ne
957 872 1065 907 frater
1088 873 1243 908 deterior
1265 872 1454 915 efficiatur,
1477 883 1564 918 ergo
1587 872 1676 907 ordo
1704 883 1780 906 cor-

219 923 389 958 rectionis
411 923 588 958 fraternae
611 925 706 959 cadit
726 926 789 959 sub
813 934 1016 972 praecepto.

291 976 519 1012 RESPONDEO
547 978 752 1021 dicendum,
774 980 871 1025 quod
894 980 988 1014 circa
1010 980 1192 1026 publicam
1214 979 1524 1014 denuntiationem
1546 987 1779 1025 peccatorum

220 1030 512 1076 distinguendum
533 1041 602 1067 est:
619 1038 675 1067 aut
690 1033 786 1067 enim
805 1041 952 1079 peccata
972 1042 1053 1068 sunt
1071 1034 1224 1080 publica,
1240 1039 1297 1068 ant
1310 1042 1392 1068 sunt
1407 1033 1569 1068 occulta:
1588 1033 1617 1067 si
1635 1033 1780 1079 quidem

220 1083 288 1117 sint
303 1084 457 1129 publica,
475 1097 549 1120 non
569 1095 621 1120 est
638 1095 777 1121 tantum
793 1088 1039 1122 adhibendum
1053 1089 1255 1122 remedium
1270 1088 1313 1130 ei,
1329 1090 1389 1134 qui
1405 1088 1578 1134 peccavit,
1594 1095 1633 1122 ut
1650 1086 1781 1122 melior

220 1136 291 1178 fiat,
313 1138 375 1171 sed
398 1139 505 1172 ctiam
529 1139 617 1182 aliis,
640 1141 675 1174 in
698 1152 852 1186 quorum
878 1142 1045 1175 notitiam
1072 1142 1226 1184 devenit,
1253 1151 1291 1176 ut
1311 1154 1384 1176 non
1412 1142 1718 1184 scandalizentur3
1746 1148 1781 1175 et

220 1191 301 1224 ideo
335 1191 420 1225 talia
453 1201 601 1238 peccata
628 1202 709 1228 sunt
735 1194 876 1240 publice
905 1195 1099 1241 arguenda,
1126 1196 1324 1230 secundum
1351 1195 1439 1229 illud
1474 1194 1644 1241 Apostoli
1677 1206 1704 1229 1.
1737 1194 1780 1228 ad

221 1242 317 1277 Tim.
350 1255 396 1289 5.:
421 1246 593 1281 Peccczsztes
614 1259 726 1281 coram
747 1249 897 1282 omnibns
918 1260 1030 1294 argue,
1058 1254 1093 1283 ut
1117 1254 1145 1283 at
1171 1251 1290 1284 caeteri
1316 1250 1466 1283 timorem
1495 1249 1655 1290 habemini,-
1684 1248 1780 1294 quod

219 1297 430 1343 intelligitur
451 1300 494 1334 de
516 1301 672 1346 peccatis
695 1301 857 1346 publicis,
880 1310 918 1336 ut
938 1302 1091 1347 August.
1115 1302 1201 1336 dicit
1222 1303 1258 1336 in
1279 1302 1338 1336 lib.
1366 1302 1408 1336 de
1431 1301 1537 1336 Verb.
1568 1302 1679 1336 Dom.
1701 1302 1780 1347 (loc.

221 1352 273 1385 cit.
301 1359 373 1398 cap.
401 1353 460 1398 7.).
484 1353 522 1387 Si
544 1365 631 1388 vero
658 1355 727 1388 sint
757 1363 904 1400 peccata
936 1355 1090 1397 occulta,
1120 1356 1170 1389 sic
1197 1356 1337 1390 videtur
1362 1355 1495 1389 habere
1522 1355 1657 1397 locum,
1684 1355 1780 1401 quod

220 1405 401 1439 Dominus
423 1407 509 1440 dicit
531 1407 668 1451 (Mults).
687 1408 753 1452 13.)
767 1421 776 1442 .·
798 1409 1035 1454 Sipascaverit
1052 1410 1087 1442 in
1107 1414 1134 1443 te
1148 1409 1259 1454 fratrer
1281 1414 1372 1443 trans:
1393 1409 1538 1454 quando
1561 1409 1658 1442 enim
1676 1416 1709 1443 te
1733 1407 1782 1442 of-

220 1457 332 1492 fendit
353 1460 494 1505 publice
517 1472 641 1494 coram
663 1461 754 1502 aliis,
781 1462 853 1506 jam
875 1473 949 1495 non
972 1461 1091 1496 solum
1113 1462 1148 1495 in
1170 1470 1203 1495 te
1227 1469 1363 1507 peccat,
1390 1462 1451 1495 sed
1486 1462 1595 1495 etiam
1621 1462 1655 1495 in
1678 1461 1780 1503 alios,

222 1523 311 1558 quos
333 1513 464 1547 turbat:
488 1515 549 1547 sed
573 1515 655 1560 quia
678 1515 786 1548 etiam
809 1515 844 1548 in
875 1515 1028 1549 occultis
1054 1515 1210 1562 peccatis
1240 1523 1360 1561 potest
1385 1515 1502 1561 parari
1531 1515 1781 1561 proximorum

221 1565 369 1608 offensa,
390 1567 472 1601 ideo
496 1568 612 1601 adhuc
635 1569 774 1602 videtur
796 1569 1088 1615 distinguendum
1116 1580 1212 1603 esse:
1241 1568 1401 1614 quaedam
1428 1568 1524 1602 enim
1551 1576 1699 1614 peccata
1726 1579 1784 1602 oc-

221 1618 315 1653 culta
346 1628 437 1661 sunt,
472 1632 561 1666 quae
589 1629 670 1655 sunt
691 1622 726 1655 in
748 1630 1011 1656 nocumentum
1034 1623 1284 1669 proximorum
1306 1621 1364 1656 vel
1386 1622 1586 1668 corporale,
1607 1621 1666 1656 vel
1684 1622 1783 1668 spiri-

219 1672 335 1714 tuale3
357 1681 441 1719 puta
463 1675 492 1707 si
514 1674 641 1720 aliquis
664 1675 806 1709 occulte
828 1683 967 1718 tractet,
990 1677 1177 1722 quomodo
1201 1676 1325 1710 civitas
1347 1676 1506 1710 tradatur
1524 1676 1706 1718 hostibus3
1725 1675 1783 1710 vel

220 1726 249 1760 si
270 1726 472 1761 haereticus
495 1728 662 1773 privatim
694 1729 862 1763 homines
885 1741 904 1763 a
927 1729 995 1763 fide
1018 1737 1174 1772 avertat3
1198 1737 1232 1763 et
1254 1729 1336 1775 quia
1364 1729 1436 1770 ille,
1472 1729 1532 1775 qui
1562 1729 1612 1763 sic
1640 1728 1783 1764 occulte

220 1788 358 1825 peccat,
380 1791 454 1814 non
475 1781 595 1815 solum
617 1782 652 1815 in
674 1790 708 1816 te
731 1791 868 1828 peccat,
888 1783 948 1817 sed
972 1784 1081 1817 etiam
1102 1783 1138 1816 in
1162 1783 1263 1825 alios,
1286 1790 1430 1829 oportet
1444 1783 1563 1817 statim
1585 1783 1782 1829 procedere

222 1833 265 1866 ad
287 1833 607 1877 denuntiationem,
630 1842 667 1869 ut
688 1835 898 1881 hujusmodi
918 1844 1181 1870 nocumentum
1202 1836 1436 1882 impediatur:
1459 1836 1527 1870 nisi
1545 1835 1636 1870 forte
1655 1835 1782 1882 aliquis

222 1887 371 1923 firmiter
393 1889 608 1932 aestimaret,
631 1890 726 1936 quod
749 1892 869 1924 statim
891 1902 953 1935 per
979 1898 1156 1925 secretam
1190 1890 1479 1924 admonitionem
1512 1897 1634 1935 posset
1664 1890 1784 1935 hujus-

222 1942 321 1976 modi
344 1943 438 1976 mala
460 1943 652 1989 impedire:
676 1943 835 1989 quaedam
854 1955 940 1978 vero
960 1952 1108 1990 peccata
1126 1951 1218 1985 sunt,
1240 1954 1330 1989 quae
1350 1942 1469 1977 solum
1488 1943 1622 1976 suntin
1645 1942 1783 1976 malum

223 1996 416 2041 peccantis,
439 2004 474 2030 et
496 1998 582 2042 ejus,
604 1997 640 2030 in
663 2008 771 2042 quem
794 2005 974 2043 peccatur,
997 1998 1049 2032 vel
1070 1997 1152 2043 quia
1175 2008 1195 2031 a
1216 2004 1388 2043 peccante
1410 1995 1528 2030 solum
1551 1995 1714 2038 laeditur,
1731 1996 1784 2030 vel

223 2048 349 2083 saltem
373 2061 413 2083 ex
435 2049 512 2084 sola
534 2050 676 2084 notitia:
701 2058 735 2084 et
755 2058 839 2084 tunc
863 2051 905 2084 ad
928 2051 998 2084 hoc
1022 2050 1140 2084 solum
1170 2049 1391 2084 tendendum
1422 2057 1486 2091 est,
1517 2057 1555 2083 ut
1581 2048 1680 2084 fratri
1705 2060 1784 2096 pec-

224 2103 319 2137 canti
340 2103 588 2138 subveniatur:
612 2112 646 2138 et
667 2104 759 2137 sicut
780 2105 941 2138 medicus
964 2103 1163 2150 corporalis
1185 2103 1376 2137 sanitatem
1405 2111 1555 2149 aegroto
1578 2102 1728 2145 confert,
1754 2103 1784 2137 si

223 2164 351 2203 potest,
368 2157 443 2191 sine
458 2156 608 2202 alicujus
623 2157 776 2191 membri
795 2158 1032 2191 abscissione:
1051 2157 1081 2191 si
1099 2165 1216 2191 autem
1237 2167 1311 2190 non
1329 2164 1457 2202 potest,
1477 2156 1652 2190 abscindit
1672 2167 1784 2190 mem-

222 2210 327 2244 brum
349 2211 467 2244 minus
488 2211 744 2253 necessarium,
767 2219 804 2244 ut
826 2211 897 2244 vita
919 2211 1027 2244 totius
1051 2218 1300 2244 conservetur:
1320 2210 1367 2243 ita
1386 2210 1495 2244 etiam
1513 2209 1572 2244 ille
1589 2210 1649 2255 qui
1666 2210 1784 2244 studet

224 2263 467 2297 emendationi
489 2262 615 2305 fratris,
639 2264 752 2305 debet,
776 2264 804 2298 si
826 2272 954 2309 potest,
977 2264 1026 2297 sic
1050 2264 1242 2297 emendare
1265 2263 1424 2306 fratrem,
1446 2271 1619 2309 quantum
1638 2264 1682 2297 ad
1701 2274 1784 2297 con-

223 2317 424 2358 scientiam,
447 2325 484 2350 ut
505 2316 601 2350 fama
625 2318 699 2361 ejus
722 2326 964 2351 conservetur.
989 2317 1094 2357 Quae
1117 2317 1261 2362 quidem
1285 2325 1337 2350 est
1364 2317 1476 2352 utilis:
1497 2318 1610 2363 primo
1637 2317 1782 2363 quidem

223 2371 289 2417 ipsi
312 2371 485 2416 peccanti,
503 2382 577 2404 non
596 2370 714 2404 solum
733 2371 768 2403 in
787 2370 1058 2416 temporalibus,
1078 2370 1112 2403 in
1133 2371 1260 2416 quibus
1279 2378 1451 2416 quantum
1475 2370 1518 2404 ad
1537 2369 1650 2404 multa
1667 2370 1782 2404 homo

223 2425 354 2470 patitur
376 2424 642 2465 detrimentum,
669 2424 800 2457 amissa
827 2423 942 2465 fama3
969 2424 1029 2457 sed
1058 2424 1166 2457 etiam
1193 2432 1367 2469 quantum
1396 2424 1439 2457 ad
1465 2423 1674 2469 spiritualia,
1700 2423 1782 2469 quia

223 2489 306 2524 prae
324 2478 455 2512 timore
475 2476 644 2511 infamiae
664 2476 767 2510 multi
786 2488 803 2510 a
824 2485 972 2522 peccato
993 2476 1237 2518 retrahuntur,
1260 2477 1354 2511 unde
1373 2477 1518 2523 quando
1538 2488 1575 2511 se
1588 2475 1782 2510 infamatos

225 2531 461 2577 conspiciunt,
473 2530 702 2564 irrefraenate
717 2538 885 2576 peccant3
903 2531 994 2564 unde
1011 2530 1255 2576 Hieronymus
1284 2531 1369 2564 dicit
1393 2531 1478 2578 (sup.
1495 2530 1781 2565 illndMatth.18.:

224 2586 458 2632 Sipaccawrit
478 2586 513 2618 in
535 2585 599 2630 le):
625 2597 642 2615 «
666 2584 925 2629 Corripiendus
947 2592 1000 2617 est
1022 2595 1186 2617 seorsum
1205 2583 1323 2625 frater,
1347 2595 1391 2618 ne
1414 2584 1441 2618 si
1461 2583 1573 2618 semel
1594 2583 1781 2629 pudorem,

223 2638 282 2673 vel
302 2638 558 2673 verecundiam
581 2637 751 2679 amiserit,
774 2644 983 2682 permaneat
1003 2637 1039 2670 in
1061 2645 1211 2682 peccato
1234 2650 1271 2671 »ι
1294 2637 1430 2672 serundo
1452 2637 1556 2671 debet
1577 2637 1783 2671 conservari

224 2691 320 2725 fama
342 2691 457 2726 fratris
479 2691 680 2738 peccantis:
702 2698 779 2724 tum
801 2690 895 2736 quia,
923 2701 995 2723 uno
1030 2689 1217 2733 infamato,
1248 2690 1307 2724 alii
1338 2690 1557 2724 infamantur
1583 2689 1782 2724 secundum

224 2745 310 2778 illud
333 2745 485 2791 August.
508 2745 544 2778 in
566 2745 665 2791 epist.
690 2744 731 2777 ab
754 2743 896 2790 plebem
919 2743 1191 2789 Hipponensem
1217 2744 1260 2789 (q.
1282 2744 1386 2790 137.):
1422 2757 1439 2775 «
1463 2744 1558 2778 Cum
1586 2744 1628 2777 de
1660 2742 1783 2789 aliqui-

224 2798 301 2841 bus,
323 2798 383 2844 qui
404 2806 569 2832 sanctum
591 2808 726 2832 nomen
748 2796 970 2843 profitentur,
993 2796 1125 2842 aliquid
1149 2797 1321 2840 criminis,
1343 2796 1400 2831 vel
1422 2796 1501 2830 falsi
1525 2796 1698 2838 sonuerit,
1724 2795 1783 2830 vel

225 2851 299 2885 veri
321 2851 484 2897 patuerit,
506 2851 648 2894 instant,
670 2857 847 2896 satagunt,
871 2850 1043 2893 ambiunt,
1065 2857 1103 2884 ut
1124 2849 1167 2884 de
1189 2850 1356 2884 omnibus
1376 2850 1446 2884 hoc
1465 2850 1629 2884 credatur
1650 2862 1686 2885 »z
1704 2857 1781 2884 tum
