1859 3122
457 174 678 210 QUAESTIO
714 175 889 206 LXXXIX.
925 176 1169 206 ART1CULus
1201 177 1258 207 1v.
1554 169 1633 223 643

628 361 973 406 ARTICULUS
1009 363 1084 406 IV.
1570 378 1635 424 485

231 473 383 503 UTRUM
406 473 566 515 JURARE
595 475 661 504 SIT
689 475 831 505 ACTUS
860 477 1121 517 RELIGIONIS,
1152 478 1245 508 SIVE
1272 479 1474 509 LATRIAE.

145 573 204 607 AD
224 583 411 612 QUARTUM
434 574 484 607 sic
500 575 717 620 proceditur.
740 576 901 617 Videtur,
924 577 1021 622 quod
1043 579 1290 623 juramentum
1312 591 1385 613 non
1408 579 1452 614 sit
1474 588 1573 615 actus
1590 591 1640 615 re-

74 626 232 672 ligionis,
254 627 328 660 sive
350 626 494 662 latriae:
523 636 621 662 actus
647 629 744 662 enim
771 629 896 663 latriae
924 638 1006 664 sunt
1033 631 1128 665 circa
1157 631 1276 678 aliqua
1303 644 1415 675 sacra,
1439 642 1473 668 et
1495 634 1637 669 divina:

74 680 137 715 sed
163 682 366 725 juramenta
393 681 607 715 adhibentur
635 682 729 716 circa
757 684 1022 718 controversias
1049 684 1239 727 humanas,
1268 694 1305 720 ut
1331 687 1531 733 Apostolus
1554 688 1640 723 dicit

75 734 118 768 ad
141 734 248 768 Hebr.
272 733 324 775 6.;
348 746 434 779 ergo
455 735 572 779 jurare
594 746 668 769 non
691 743 745 769 est
767 744 867 770 actus
888 736 1086 782 religionis,
1109 749 1172 772 seu
1194 739 1329 773 latriae.

146 798 177 822 2.
212 788 448 823 PRAETEREA.
475 789 533 822 Ad
561 789 776 833 religionem
805 790 957 835 pertinet
983 790 1122 825 cultum
1147 792 1228 826 Deo
1256 793 1396 836 offerre,
1424 802 1461 828 ut
1497 794 1638 829 Tullius

75 842 160 876 dicit
181 841 255 887 (lib.
277 853 308 876 2.
337 841 372 876 cle
398 842 564 886 Intraum:
592 843 653 876 sed
680 842 741 876 ille
769 843 829 888 qui
854 844 958 888 jurat,
985 844 1075 877 nihil
1102 845 1183 879 Deo
1211 845 1326 887 offert,
1354 847 1415 881 sed
1444 848 1565 882 Deum
1591 849 1641 883 in-

74 895 172 929 ducit
191 895 227 928 in
249 902 399 937 testem;
423 906 510 941 ergo
533 897 650 941 jurare
671 907 745 930 non
768 903 821 930 est
843 904 942 930 actus
964 897 1162 943 religionis,
1184 909 1247 933 seu
1269 899 1404 935 latriae.

148 959 176 994 3.
199 948 436 983 PRAETEREA.
460 949 556 982 Finis
578 949 776 994 religionis,
792 961 854 983 seu
869 949 994 984 latriae
1019 959 1071 987 est
1092 953 1334 986 reverentiam
1348 953 1430 988 Deo
1450 955 1636 991 exhibere:

73 1002 144 1036 hoc
169 1009 290 1036 autern
312 1013 386 1036 non
409 1009 460 1036 est
482 1002 561 1036 finis
588 1003 799 1048 juramentis
826 1004 887 1037 sed
915 1004 1034 1050 potius
1058 1004 1204 1051 aliquod
1226 1007 1376 1040 verbum
1404 1008 1639 1053 confirmare3

74 1067 161 1102 ergo
183 1057 300 1101 jurare
322 1067 396 1089 non
419 1064 472 1090 est
494 1064 593 1090 actus
616 1056 812 1102 religionis.

145 1109 219 1143 SED
240 1119 395 1144 CONTRA
417 1117 480 1151 est,
496 1110 592 1155 quod
608 1110 737 1144 dicitur
757 1110 904 1144 Deuter.
925 1110 976 1144 6.:
1000 1112 1186 1146 Dominum
1207 1113 1319 1147 Deum
1338 1119 1431 1148 tuum
1454 1116 1592 1158 timebis,
1612 1122 1641 1151 et

74 1164 136 1210 ipsi
153 1163 214 1197 soli
233 1164 364 1204 semies,
389 1175 426 1197 ac
442 1169 503 1209 par
525 1175 641 1197 nomen
662 1164 751 1198 illius
773 1165 918 1208 jurabis:
938 1164 1097 1210 loquitur
1120 1174 1240 1200 autem
1263 1167 1311 1200 ibi
1333 1167 1377 1202 de
1399 1169 1568 1203 servitute
1595 1169 1642 1203 la-

73 1216 179 1258 triae3
201 1227 288 1261 ergo
310 1218 427 1262 jurare
449 1224 502 1250 est
524 1224 623 1250 actus
645 1216 782 1251 latriae.

144 1269 373 1304 RESPONDEO
396 1269 600 1312 dicendum,
623 1270 719 1316 quod
741 1271 833 1305 sicut
852 1282 894 1305 ex
916 1271 1018 1306 dictis
1040 1280 1138 1318 patet
1155 1273 1236 1317 (art.
1258 1286 1285 1308 1.
1308 1274 1377 1320 huj.
1400 1277 1461 1321 q.),
1485 1275 1556 1318 ille,
1579 1277 1643 1322 qui

74 1325 177 1369 Jurat,
203 1323 350 1357 invocat
376 1323 537 1357 divinum
564 1324 814 1358 testimonium
843 1325 886 1358 ad
914 1325 1205 1360 confirmandum
1233 1338 1274 1361 ea
1301 1339 1392 1373 quae
1420 1329 1521 1363 dicit:
1551 1329 1641 1363 nihil

75 1385 195 1411 autem
214 1377 459 1419 confirmatur,
481 1377 549 1411 nisi
571 1388 633 1423 per
648 1377 781 1423 aliquid
803 1378 899 1424 quod
920 1379 1049 1413 certius
1069 1386 1132 1421 est,
1155 1388 1189 1414 et
1209 1382 1348 1425 potius3
1369 1389 1403 1416 et
1420 1382 1503 1416 ideo
1518 1384 1553 1416 in
1568 1383 1640 1416 hoc

73 1431 152 1476 ipso
175 1432 270 1476 quod
298 1431 412 1464 homo
440 1442 502 1476 per
528 1431 649 1465 Deum
676 1432 779 1476 jurat,
806 1431 992 1477 profitetur
1017 1432 1139 1466 Deum
1166 1434 1367 1479 potiorem3
1390 1443 1515 1481 utpote
1538 1437 1640 1482 cujus

74 1485 203 1518 veritas
226 1492 279 1518 est
299 1483 563 1525 indefectibilis,
586 1493 620 1518 et
642 1485 803 1530 cognitio
826 1485 1056 1519 universalis:
1075 1494 1109 1520 et
1130 1487 1180 1520 sic
1202 1487 1283 1521 Deo
1307 1487 1427 1534 aliquo
1456 1490 1568 1523 modo
1588 1501 1639 1523 re-

74 1538 274 1572 verentiam
301 1538 462 1580 exhibet,
490 1538 584 1572 unde
612 1546 646 1572 et
672 1538 872 1584 Apostolus
899 1539 983 1573 dicit
1014 1539 1057 1572 ad
1085 1539 1193 1575 Hebr.
1221 1539 1253 1574 6.
1284 1542 1381 1587 quod
1408 1543 1553 1577 homines
1578 1550 1640 1589 pur

75 1593 236 1637 majorem
257 1603 286 1626 se
302 1594 444 1637 jzcrant,·
467 1599 501 1625 et
523 1591 769 1637 Hieronymus
791 1592 877 1626 dicit
891 1603 998 1637 super
1014 1593 1141 1627 Matth.
1158 1604 1185 1638 5.
1203 1606 1309 1640 super
1323 1595 1428 1630 illud:
1445 1597 1516 1641 Ego
1532 1602 1639 1631 autem

74 1645 159 1687 dico,
180 1657 245 1678 non
262 1647 381 1690 jurare
409 1644 505 1690 quod
537 1657 554 1676 ((
577 1645 636 1690 qui
657 1646 761 1690 J'urat,
785 1653 844 1679 aut
864 1654 1066 1688 veneratur,
1095 1655 1155 1681 aut
1182 1647 1297 1693 diligit
1318 1660 1414 1690 eum,
1442 1661 1505 1695 per
1531 1661 1639 1696 quem

74 1700 167 1744 jurat
180 1708 220 1730 »ε
247 1697 340 1731 Phil.
363 1698 471 1731 etiam
495 1697 580 1731 dicit
600 1698 636 1731 in
663 1709 690 1731 1.
712 1698 872 1744 Metaph.
895 1699 983 1745 (cap.
1007 1701 1051 1745 3.)
1076 1700 1173 1746 quod
1198 1713 1215 1732 α
1237 1702 1482 1746 juramentum
1505 1711 1557 1737 est
1578 1704 1641 1737 ho-

73 1751 383 1786 norabilissimum
405 1764 443 1785 »z
468 1751 635 1785 exhibere
657 1759 779 1785 autem
799 1753 1038 1786 reverentiam
1059 1753 1141 1787 Deo
1168 1754 1322 1799 pertinet
1344 1755 1387 1789 ad
1410 1755 1639 1801 religionem,

74 1806 149 1840 sive
163 1805 324 1847 latriam3
340 1805 434 1839 unde
456 1804 688 1839 manifestum
704 1812 767 1847 est,
782 1807 878 1851 quod
900 1807 1144 1851 juramentum
1167 1815 1220 1841 est
1233 1816 1333 1843 actus
1348 1808 1546 1855 religionis,
1565 1810 1640 1844 sive

76 1859 213 1893 latriae.

145 1913 206 1946 AD
224 1922 374 1947 PRIMUM
389 1923 476 1957 ergo
492 1911 697 1953 dicendum,
714 1912 809 1958 quod
824 1913 861 1945 in
875 1913 1080 1958 juramento
1095 1913 1158 1948 ᾱιιο
1174 1915 1467 1959 considerantur3
1483 1917 1638 1952 scilicet:

77 1967 299 2001 testimonium
321 1965 417 2011 quod
439 1965 637 1999 inducitur:
662 1973 696 1999 et
716 1966 787 1999 hoc
811 1973 864 1999 est
885 1966 1067 2008 divinum;
1090 1974 1124 2001 et
1150 1967 1184 2000 id
1205 1979 1312 2013 super
1338 1970 1434 2014 quod
1460 1970 1641 2004 inducitur

74 2020 334 2060 testimonium,
356 2018 415 2052 vel
436 2019 532 2064 quod
554 2017 639 2052 facit
659 2019 915 2052 necessitatem
936 2019 1187 2053 testimonium
1209 2020 1422 2063 inducendi;
1446 2031 1479 2056 et
1501 2023 1571 2056 hoc
1588 2031 1641 2057 est

75 2073 298 2114 humanum3
320 2072 473 2117 pertinet
497 2083 583 2117 ergo
597 2073 841 2117 juramentum
857 2072 899 2105 ad
914 2071 1131 2117 religionem
1146 2073 1286 2107 ratione
1298 2076 1414 2120 primi,
1429 2087 1503 2109 non
1519 2084 1639 2110 autem

75 2127 216 2160 ratione
237 2125 377 2160 secundi.

146 2180 206 2214 AD
223 2189 430 2214 SECUNDUM
453 2178 658 2220 dicendum,
685 2178 781 2224 quod
808 2178 844 2211 in
872 2178 942 2212 hoc
966 2178 1044 2224 ipso
1067 2179 1164 2224 quod
1192 2179 1320 2225 aliquis
1343 2182 1494 2215 assumit
1518 2182 1639 2215 Deum

75 2234 112 2267 in
134 2240 264 2267 testem
286 2243 348 2277 per
370 2231 524 2265 modum
545 2232 749 2276 juramenti,
771 2231 958 2277 profitetur
980 2243 1063 2265 eum
1085 2234 1276 2278 majorem,
1299 2246 1394 2280 quon
1417 2236 1569 2281 pertinet
1596 2237 1638 2270 ad

75 2287 146 2320 Dei
166 2285 417 2326 reverentiam,
440 2293 474 2319 et
488 2285 688 2318 honorem:
712 2293 747 2319 et
761 2284 810 2318 sic
831 2284 965 2330 aliquid
981 2285 1086 2320 offert
1102 2286 1197 2328 Deo,
1217 2287 1372 2322 scilicet:
1388 2290 1639 2332 reverentiam,

77 2348 112 2374 et
133 2340 325 2374 honorem.

145 2393 205 2426 AD
228 2401 400 2426 TERTIUM
415 2391 619 2433 dicendum,
642 2392 738 2437 quod
760 2392 885 2426 omnia
906 2403 997 2438 quae
1019 2391 1184 2434 facimus,
1207 2393 1380 2428 debemus
1402 2395 1437 2428 in
1455 2395 1525 2429 Dei
1544 2407 1642 2430 reve-

77 2447 231 2480 rentiam
253 2445 392 2487 facere,
415 2453 449 2479 et
470 2445 551 2479 ideo
578 2445 669 2478 nihil
694 2446 872 2491 prohibet,
899 2446 928 2479 si
949 2446 986 2479 in
1007 2446 1079 2480 hoc
1101 2447 1180 2492 ipso
1208 2448 1304 2493 quod
1331 2448 1551 2483 intendimus
1578 2449 1641 2483 ho-

78 2500 215 2534 minem
238 2498 447 2540 certificare,
469 2499 550 2532 Deo
572 2499 813 2533 reverentiam
836 2499 1091 2534 exhibeamus:
1113 2500 1164 2534 sic
1188 2501 1285 2534 enim
1312 2501 1483 2535 debemus
1507 2502 1640 2548 aliquid

77 2553 115 2586 in
136 2553 207 2586 Dei
226 2552 467 2586 reverentiam
488 2551 617 2593 facere,
640 2559 678 2585 ut
699 2563 742 2585 ex
759 2552 830 2586 hoc
853 2552 987 2586 utilitas
1001 2553 1175 2598 proximis
1197 2555 1403 2598 proveniat:
1427 2555 1509 2600 quia
1531 2557 1639 2589 etiam

79 2606 178 2640 Deus
201 2614 369 2652 operatur
387 2605 430 2639 ad
454 2616 557 2639 suam
581 2604 747 2650 gloriam,
770 2613 805 2639 et
831 2614 992 2640 nostram
1016 2606 1218 2640 utilitatem.
