1905 3137
253 144 335 186 104
665 139 882 175 QUAESTIO
915 139 956 170 X.
990 138 1233 170 ARTICULUS
1267 139 1309 168 X.

246 223 382 258 delium
403 221 605 257 secundum
627 233 664 256 se
687 221 914 256 considerata
935 233 1009 256 non
1031 221 1126 256 tollit
1147 220 1361 263 dominium,
1385 228 1419 255 et
1444 220 1707 267 praelationem
1732 221 1808 256 infi-

247 277 382 312 delium
404 287 510 322 supra
533 274 665 309 fideles.
688 275 813 309 Potest
834 283 956 309 tamen
986 276 1076 320 juste
1104 286 1166 321 per
1196 274 1424 316 sententiam,
1451 274 1508 308 vel
1539 275 1807 309 ordinationem

246 331 432 365 Ecclesiae
453 329 705 363 auctoritatem
727 329 797 363 Dei
817 329 981 363 habentis
1004 328 1074 362 tale
1096 329 1150 373 jus
1173 328 1336 369 dominii,
1364 327 1422 362 vel
1451 327 1683 374 praelationis
1709 328 1805 372 tolli;

247 385 329 431 quia
351 383 514 418 infideles
537 383 666 416 merito
694 394 779 416 suae
809 382 1029 416 infidelitatis
1058 390 1240 416 merentur
1266 389 1483 428 potestatem
1511 382 1676 416 amittere
1702 393 1807 428 super

246 438 381 479 fideles,
404 438 462 483 qui
484 436 744 470 transferuntur
765 436 801 470 in
819 435 912 470 filios
933 436 1014 469 Dei.
1035 435 1105 468 Sed
1127 435 1199 470 hoc
1227 435 1372 481 quidem
1403 434 1564 469 Ecclesia
1591 436 1808 481 quandoque

246 491 342 532 facit,
365 490 581 536 quandoque
605 498 723 523 autem
746 501 821 523 non
842 489 943 522 facit:
966 489 1002 522 in
1024 488 1094 522 illis
1117 489 1214 522 enim
1236 488 1449 531 infidelibus,
1469 488 1529 533 qui
1548 488 1657 522 etiam
1671 496 1810 534 tempo-

247 545 311 578 rali
338 544 563 589 subjectione
597 543 832 588 subjiciuntur
861 541 1056 583 Ecclesiae,
1082 549 1116 575 et
1144 541 1315 575 membris
1343 542 1430 586 ejus,
1459 541 1530 575 hoc
1563 542 1617 587 jus
1647 541 1809 576 Ecclesia

247 597 379 639 statuit,
395 605 432 631 ut
446 608 568 630 servus
585 596 817 642 judaeorum,
840 607 923 629 cum
942 594 1047 629 fuerit
1064 594 1178 629 factus
1199 594 1438 636 Christianus,
1457 595 1577 629 statim
1599 606 1618 629 a
1639 597 1809 630 servitute

247 651 416 685 liberetur
437 650 537 684 nullo
560 650 675 696 pretio
699 649 794 691 dato,
817 649 846 683 si
867 648 973 682 fuerit
998 647 1224 690 vernaculus,
1251 648 1342 682 idest
1364 649 1399 681 in
1426 648 1596 682 servitute
1623 656 1747 683 natus:
1775 656 1811 683 et

248 705 423 746 similiter,
439 703 468 738 si
483 703 636 738 infidelis
652 705 804 737 existens
818 702 923 736 fuerit
939 710 1079 748 emptus
1095 702 1137 735 ad
1153 701 1354 736 servitium:
1371 702 1399 736 si
1415 710 1535 736 autem
1549 701 1654 736 fuerit
1668 710 1809 748 emptus

249 759 292 793 ad
315 758 592 798 mercationem,
611 764 752 791 tenetur
773 767 856 789 eum
878 755 969 789 infra
983 763 1053 789 tres
1069 766 1211 789 menses
1226 766 1405 800 exponere
1420 756 1464 789 ad
1477 755 1727 790 vendendum:
1742 767 1808 790 nec

249 814 284 847 in
305 813 376 846 hoc
399 812 567 856 injuriam
588 810 672 844 facit
699 809 880 844 Ecclesia:
912 809 1006 855 quia,
1037 820 1120 842 cum
1148 809 1214 855 ipsi
1235 808 1362 853 Judaei
1392 808 1462 843 sint
1492 809 1585 843 servi
1613 808 1809 851 Ecclesiae,

248 873 365 912 potest
385 865 575 910 disponere
602 864 645 898 de
676 863 780 897 rebus
811 874 958 896 eorum:
989 862 1081 896 sicut
1103 862 1212 896 etiam
1230 861 1416 908 Principes
1447 861 1649 896 saeculares
1677 861 1810 896 multas

248 919 347 965 leges
369 918 557 952 ediderunt
579 917 674 950 circa
696 927 780 950 suos
799 915 959 950 subditos
982 915 1018 949 in
1040 915 1204 949 favorem
1222 915 1406 949 libertatis.
1426 914 1465 948 In
1487 914 1557 949 illis
1577 926 1664 949 vero
1689 915 1811 950 infide-

248 972 352 1013 libus,
374 972 434 1017 qui
455 970 702 1016 temporaliter
723 969 919 1011 Ecclesiae,
938 968 996 1002 vel
1011 970 1085 1014 ejus
1101 968 1271 1003 membris
1287 979 1361 1002 non
1376 968 1572 1014 subjacent,
1587 968 1809 1015 praedictum

248 1028 302 1072 jus
324 1025 487 1059 Ecclesia
509 1036 583 1058 non
606 1023 738 1065 statuit,
758 1023 843 1057 licet
863 1031 985 1069 posset
1005 1023 1190 1057 instituere
1212 1023 1255 1056 de
1273 1023 1368 1067 jure:
1393 1030 1427 1056 et
1447 1022 1519 1056 hoc
1540 1021 1627 1056 facit
1647 1022 1691 1056 ad
1712 1033 1812 1057 scan-

249 1079 372 1113 dalum
393 1078 600 1112 vitandum:
625 1077 716 1111 sicut
738 1077 847 1111 etiam
865 1076 1047 1110 Dominus
1069 1076 1170 1110 Matt.
1198 1087 1248 1121 17.
1272 1075 1439 1118 ostendit,
1459 1076 1554 1122 quod
1573 1084 1715 1122 poterat
1734 1087 1772 1110 se
1791 1087 1812 1110 a

248 1133 382 1168 tributo
406 1143 587 1173 excusare,
610 1131 693 1177 quia
714 1130 817 1165 liberi
838 1138 920 1164 sunt
945 1129 1028 1172 filii3
1049 1129 1110 1164 sed
1131 1138 1254 1164 tamen
1274 1129 1459 1163 mandavit
1473 1129 1645 1163 tributum
1660 1128 1753 1164 solvi
1767 1129 1811 1164 ad

249 1185 462 1221 scandalum
483 1184 690 1219 vitandum:
712 1184 761 1218 ita
783 1183 892 1218 etiam
915 1191 948 1217 et
969 1183 1114 1225 Paulus,
1138 1194 1220 1217 cum
1244 1182 1399 1224 dixisset,
1422 1182 1518 1228 quod
1534 1182 1629 1217 servi
1643 1182 1811 1217 dominos

249 1251 334 1274 suos
356 1239 592 1278 honorarent,
608 1238 807 1283 subjungit:
830 1237 880 1271 Ne
902 1249 1018 1271 nomm
1039 1237 1194 1279 Domini,
1221 1241 1248 1270 et
1269 1235 1419 1270 doctrina
1442 1236 1690 1283 blasphemetur.

319 1292 424 1327 Unde
446 1300 543 1338 patet
563 1291 751 1337 responsio
772 1301 823 1324 AD
845 1301 1005 1325 PRIMUM.

318 1346 378 1380 AD
401 1355 607 1380 SECUNDUM
629 1344 834 1386 dicendum,
849 1344 945 1389 quod
961 1343 1022 1377 illa
1037 1342 1212 1389 praelatio
1232 1342 1398 1377 Caesaris
1413 1342 1674 1389 praeexistebat
1692 1342 1811 1377 distin-

251 1399 361 1435 ctioni
383 1399 543 1433 fidelium
567 1398 609 1432 ab
631 1397 853 1440 infidelibus,
872 1397 966 1431 unde
984 1408 1059 1431 non
1077 1396 1283 1431 solvebatur
1301 1408 1363 1442 per
1382 1396 1659 1431 conversionem
1678 1396 1812 1443 aliquo-

250 1465 331 1488 rum
353 1453 396 1486 ad
418 1452 547 1494 fidem3
570 1459 604 1486 et
625 1450 711 1485 utile
733 1458 819 1492 erat,
842 1450 938 1496 quod
959 1450 1068 1496 aliqui
1086 1449 1209 1484 fideles
1228 1449 1351 1483 locum
1370 1449 1405 1483 in
1424 1449 1562 1484 familia
1579 1450 1811 1496 Imperatoris

250 1507 434 1548 haberent,
457 1506 500 1539 ad
523 1504 790 1539 defendendum
818 1503 908 1538 alios
935 1503 1076 1538 fideles:
1105 1503 1196 1537 sicut
1222 1503 1346 1537 beatus
1375 1502 1606 1537 Sebastianus
1635 1503 1812 1537 Christia-

250 1571 381 1594 norum
403 1559 558 1600 animos,
580 1569 670 1604 quos
692 1558 728 1591 in
749 1558 940 1591 tormentis
962 1557 1105 1590 videbat
1128 1556 1292 1598 deficere,
1315 1555 1553 1599 confortabat,
1573 1563 1608 1591 et
1626 1556 1744 1591 adhuc
1765 1555 1813 1590 la-

250 1614 347 1656 tebat
367 1613 430 1647 sub
454 1611 601 1646 militari
624 1610 816 1657 chlamyde
839 1612 875 1644 in
897 1610 1009 1644 domo
1031 1609 1267 1644 Diocletiani.

322 1668 382 1701 AD
410 1676 580 1700 TERTIUM
608 1664 813 1706 dicendum,
841 1663 937 1710 quod
964 1663 1057 1698 servi
1083 1663 1319 1709 subjiciuntur
1345 1663 1502 1698 dominis
1529 1663 1601 1698 suis
1628 1663 1672 1697 ad
1696 1671 1813 1698 totam

249 1721 373 1762 vitam,
389 1728 424 1754 et
440 1719 569 1754 subditi
584 1717 774 1764 praefectis
792 1717 834 1751 ad
851 1717 974 1751 onmia
988 1717 1154 1762 negotia:
1179 1717 1240 1751 sed
1255 1716 1410 1751 ministri
1424 1716 1601 1751 artificum
1615 1717 1814 1751 subduntur

251 1775 301 1808 eis
324 1773 366 1807 ad
390 1773 509 1818 aliqua
530 1771 699 1818 specialia
722 1783 843 1818 opera,
866 1771 960 1805 unde
982 1769 1218 1816 periculosius
1241 1779 1304 1812 est,
1327 1770 1423 1816 quod
1445 1769 1608 1804 infideles
1631 1770 1810 1817 accipiant

252 1827 467 1867 dominium,
488 1825 547 1859 vel
568 1825 832 1871 praelationem
859 1835 965 1870 super
987 1823 1120 1865 fideles,
1144 1835 1253 1869 quam
1280 1823 1377 1869 quod
1404 1823 1582 1868 accipiant
1604 1823 1646 1857 ab
1669 1823 1720 1858 eis
1746 1823 1813 1857 mi-

251 1881 437 1914 nisterium
452 1879 488 1912 in
503 1878 623 1924 aliquo
640 1878 809 1920 artifici03
830 1885 864 1911 et
878 1877 959 1911 ideo
976 1877 1147 1923 permittit
1162 1876 1335 1918 Ecclesia,
1351 1877 1447 1922 quod
1463 1876 1661 1911 Christiani
1674 1876 1813 1922 possint

253 1933 372 1967 colere
393 1940 504 1966 terras
521 1931 759 1977 Judaeorum3
783 1930 866 1976 quia
888 1942 951 1977 per
973 1931 1044 1964 hoc
1067 1941 1140 1964 non
1163 1930 1297 1963 habent
1327 1941 1476 1964 necesse
1500 1930 1708 1964 conversari
1729 1941 1812 1964 cum

254 1989 313 2021 eis.
333 1986 511 2020 Salomon
533 1985 642 2019 etiam
664 1984 812 2030 expetiit
826 1995 845 2018 a
860 1995 944 2029 rege
961 1983 1049 2029 Tyri
1066 1985 1258 2029 magistros
1281 1994 1431 2029 operum
1447 1983 1490 2017 ad
1506 1983 1603 2029 ligna
1619 1982 1812 2026 caedenda,

254 2048 292 2074 ut
316 2040 467 2074 habetur
497 2051 525 2084 3.
555 2038 644 2084 Reg.
675 2036 727 2081 6.;
758 2046 792 2072 et
820 2045 943 2071 tamen
970 2037 999 2071 si
1026 2048 1068 2070 ex
1094 2037 1156 2071 tali
1185 2037 1530 2080 communicatione,
1557 2036 1615 2071 vel
1642 2038 1811 2072 convictu

254 2094 436 2128 subversio
459 2091 619 2127 fidelium
641 2091 838 2133 timeretur,
858 2098 951 2125 esset
972 2090 1112 2136 penitus
1134 2090 1433 2124 interdicendum.

810 2213 1153 2258 ARTICULUS
1181 2214 1259 2257 XI.
1768 2225 1808 2260 61

531 2323 682 2353 UTRUM
704 2322 961 2351 INFIDELIUM
988 2322 1113 2352 RiTus
1136 2322 1233 2352 SINT
1261 2321 1526 2351 ToLERANm.

326 2412 385 2446 AD
408 2421 639 2446 UNDEOEMUM
661 2410 710 2445 sic
732 2410 947 2457 proceditur.
971 2410 1132 2451 Videtur,
1148 2409 1244 2456 quod
1267 2410 1352 2443 ritus
1368 2408 1567 2443 infidelium
1586 2420 1661 2443 non
1680 2409 1750 2443 sint
1763 2417 1814 2443 to-

254 2465 409 2500 lerandi:
432 2464 663 2498 manifestum
685 2472 738 2498 est
759 2464 867 2505 enim,
886 2464 981 2509 quod
1004 2463 1164 2497 infideles
1186 2463 1222 2496 in
1244 2464 1315 2496 suis
1337 2462 1460 2496 ritibus
1479 2470 1642 2508 peccant,
1663 2473 1726 2497 eos
1745 2474 1815 2496 ser-

255 2519 394 2552 vando:
430 2518 491 2552 sed
526 2526 675 2564 peccato
696 2518 843 2551 ‘videtur
874 2517 1087 2557 consentire,
1115 2517 1175 2562 qui
1201 2527 1274 2550 non
1310 2516 1486 2562 prohibet,
1515 2527 1597 2549 cum
1623 2515 1813 2562 prohibere

257 2573 378 2618 possit,
401 2579 438 2606 ut
458 2572 610 2605 habetur
630 2571 666 2604 in
691 2570 791 2605 Glos.
815 2570 939 2615 (ordin.
963 2571 1132 2614 „imm-05.)
1157 2570 1263 2603 Rom.
1291 2580 1317 2602 1.
1341 2580 1445 2614 super
1471 2569 1576 2602 illud:
1605 2570 1684 2604 Non
1708 2569 1813 2604 solum

257 2627 471 2671 qztisacinnl,
493 2625 545 2660 sad
571 2630 600 2659 ct
627 2626 682 2670 qni
709 2625 912 2659 consetilizmt
934 2624 1155 2669 ‚faciantilnffi
1185 2634 1270 2668 ergo
1294 2631 1458 2668 peccant,
1489 2623 1548 2668 qui
1579 2634 1705 2657 eorum
1728 2623 1813 2657 ritus

258 2679 423 2714 tolerant.

331 2744 360 2767 2.
388 2733 623 2767 PRAETEREA.
652 2732 752 2766 Ritus
775 2731 996 2776 Judaeorum
1030 2729 1258 2764 idololatriae
1293 2738 1567 2776 comparantur:
1595 2730 1678 2775 quia
1705 2741 1812 2776 super

258 2786 343 2820 illud
367 2786 447 2820 Gal.
474 2797 520 2831 5.:
542 2787 649 2821 Nolite
669 2787 786 2820 iturum
802 2787 882 2831 jugo
903 2785 1069 2819 ser-vitatis
1087 2785 1257 2825 contineri,
1275 2783 1359 2817 dicit
1376 2784 1478 2819 Glos.
1494 2783 1658 2828 (interl.):
1674 2784 1752 2818 Non
1769 2788 1814 2818 est

259 2840 362 2874 levior
383 2840 477 2885 liujus
499 2839 573 2885 legis
593 2840 742 2882 servitus,
765 2850 862 2884 quam
887 2838 1112 2873 idololatriae:
1136 2837 1197 2871 sed
1219 2848 1293 2872 non
1312 2837 1557 2879 sustineretur,
1579 2837 1675 2883 quod
1701 2836 1814 2871 idolo-
