1859 3122
194 117 278 172 748
623 126 839 161 QUAESTIO
874 126 959 155 cv1.
993 125 1236 155 ARTICULUS
1269 125 1329 154 111.

195 222 236 244 ex
256 210 328 244 hoc
350 216 457 255 patet,
479 207 576 254 quod
598 215 931 253 quantumcumque
952 206 989 240 in
1011 206 1181 240 felicitate
1209 205 1372 240 existenti
1397 213 1515 251 potest
1539 215 1749 253 recompen-

194 263 285 298 satio
307 261 473 296 beneficii
498 260 574 294 fieri
600 272 662 306 per
691 260 950 294 exhibitionem
979 259 1211 301 reverentiae,
1234 267 1268 293 et
1293 259 1463 301 honoris3
1491 259 1584 293 unde
1610 257 1748 292 Philos.

196 317 282 350 dicit
303 316 337 348 in
350 314 726 360 8.Eth{c.(1a.ult.)
743 313 838 358 quod
863 312 1192 358 «superexcellenti
1214 312 1360 358 quidem
1381 312 1486 345 debet
1505 312 1582 345 fieri
1598 310 1749 345 honoris

195 367 576 413 retributio,indigenti
591 374 711 400 autem
726 367 910 400 retributio
924 366 1015 399 lucri
1029 378 1060 399 »ι
1073 374 1107 400 et
1123 366 1204 400 Sen.
1221 366 1305 399 dicit
1323 364 1355 399 6.
1371 366 1413 399 de
1429 365 1549 399 Benef.
1567 364 1750 411 (cap.29.).·

199 421 345 455 «Multa
372 429 463 462 sunt,
490 432 552 466 per
586 432 676 466 quae
704 420 875 465 quidquid
902 419 1073 453 debemus
1108 419 1254 453 reddere
1290 427 1324 452 et
1349 418 1512 452 felicibus
1540 428 1750 464 possumus:

196 475 301 510 fidele
325 474 529 515 consilium,
552 474 693 508 assidua
716 474 953 514 conversatio,
969 484 1089 506 sermo
1109 473 1235 513 comis,
1251 480 1285 506 et
1305 472 1381 506 sine
1404 472 1609 506 adulatione
1631 473 1753 517 jucun-

197 530 261 563 dus
276 541 319 571 »3
343 537 376 562 et
396 528 478 562 ideo
501 539 574 561 non
598 535 749 573 oportet,
774 535 810 561 ut
834 527 949 560 homo
978 534 1076 572 optet
1101 526 1338 571 indigentiam
1364 527 1451 571 ejus,
1473 537 1536 559 seu
1558 526 1752 568 miseriam,

198 583 258 628 qui
278 581 495 616 beneficium
518 581 623 622 dedit,
648 581 691 614 ad
712 581 796 622 hoc,
819 581 915 626 quod
933 579 1149 613 beneficium
1163 587 1475 624 recompensetur:
1499 579 1593 624 quia,
1611 587 1650 613 ut
1668 579 1750 614 Sen.

198 636 283 670 dicit
303 636 339 668 in
361 633 392 668 6.
417 635 459 668 de
481 633 602 669 Benef.
625 634 714 680 (cap.
737 634 809 679 26.)
822 644 832 666 :
859 633 931 667 «Si
949 633 1020 666 hoc
1041 633 1075 667 ei
1093 641 1246 679 optares,
1265 633 1364 678 cujus
1382 631 1521 666 nullum
1539 631 1753 666 beneficium

197 689 360 730 haberes,
375 688 616 722 inhumanum
639 694 713 721 erat
727 695 872 721 votum:
889 695 1023 732 quanto
1042 686 1276 720 inhumanius
1292 685 1323 719 ei
1339 693 1452 731 optas,
1468 685 1524 719 cui
1536 685 1753 720 beneficium

199 742 330 776 debes?
346 755 378 776 »ι
400 741 431 776 si
451 749 572 775 autem
592 740 652 774 ille
667 740 727 786 qui
744 740 961 774 beneficium
980 740 1086 782 dedit,
1099 740 1134 773 in
1149 740 1249 785 pejus
1265 747 1423 773 mutatus
1438 746 1500 781 est,
1515 738 1620 773 debet
1633 747 1755 773 tamen

200 795 267 830 sibi
288 795 363 829 fieri
384 794 673 840 recompensatio
697 794 895 828 secundum
921 801 1054 827 statum
1076 792 1206 838 ipsius;
1228 800 1266 826 ut
1287 791 1425 826 scilicet
1446 792 1489 825 ad
1510 792 1681 826 virtutem
1702 803 1756 826 re-

200 849 361 890 ducatur,
383 848 412 882 si
433 848 477 882 sit
497 846 687 894 possibile:
710 847 740 881 si
761 855 882 881 autem
904 846 948 880 sit
961 845 1169 880 insanabilis
1187 853 1333 892 propter
1347 845 1535 887 malitiam,
1550 853 1635 880 tunc
1655 845 1757 880 aliter

202 910 255 937 est
276 901 436 943 effectus,
459 912 567 947 quarn
581 901 677 947 prius
698 908 790 943 erat;
811 908 845 934 et
865 900 948 934 ideo
967 911 1041 933 non
1063 899 1211 933 debetur
1226 899 1258 933 ei
1275 899 1567 945 recompensatio
1581 898 1757 940 beneficii,

202 956 294 990 sicut
316 955 430 1002 prius:
454 963 488 988 et
508 963 642 996 tamen,
665 962 839 1000 quantum
860 953 936 987 fieri
957 961 1085 999 potest,
1108 952 1206 987 salva
1233 952 1433 994 honestate,
1456 952 1634 986 memoria
1654 952 1759 987 debet

202 1009 328 1044 haberi
349 1008 510 1055 praestiti
530 1007 708 1049 beneficii,
730 1016 769 1042 ut
789 1015 887 1052 patet
907 1018 970 1053 per
991 1006 1128 1040 Philos.
1150 1006 1186 1040 in
1209 1017 1240 1053 9.
1262 1006 1378 1040 Ethic.
1404 1005 1490 1052 (cap.
1508 1007 1564 1053 3.).
1665 1001 1669 1004 ⁴

274 1063 333 1096 AD
356 1072 507 1096 SEXTUM
529 1061 734 1102 dicendum,
750 1061 857 1106 quod,
875 1060 967 1094 sicut
986 1060 1123 1093 dictum
1143 1066 1194 1094 est
1209 1060 1260 1104 (in
1277 1060 1369 1094 solut.
1384 1061 1529 1106 praec),
1548 1069 1760 1105 recompen-

204 1116 294 1150 satio
320 1115 487 1150 beneficii
513 1115 704 1161 praecipue
730 1114 862 1160 pendet
889 1125 930 1147 ex
958 1112 1108 1155 affectu3
1132 1120 1167 1147 et
1187 1112 1269 1146 ideo
1293 1124 1335 1147 eo
1358 1113 1469 1147 modo
1492 1113 1598 1147 debet
1617 1124 1759 1147 recom-

204 1169 367 1216 pensatio
389 1168 476 1211 fieri,
500 1179 571 1214 quo
594 1168 710 1213 magis
737 1167 781 1201 sit
809 1167 924 1201 utilis:
955 1168 984 1201 si
1013 1174 1136 1200 tamen
1166 1174 1291 1211 postea
1320 1177 1383 1212 per
1416 1167 1491 1212 ejus
1521 1166 1700 1200 incuriam
1724 1165 1761 1199 in

206 1223 380 1256 damnum
401 1222 512 1268 ipsius
533 1230 702 1262 vertatur,
728 1232 803 1254 non
828 1220 1025 1266 imputatur
1051 1220 1361 1265 recompensanti3
1388 1228 1426 1253 ut
1453 1219 1536 1254 Sen.
1564 1219 1650 1253 dicit
1670 1219 1707 1253 in
1729 1229 1760 1264 7.

205 1276 249 1310 de
271 1275 393 1310 Benef.
418 1275 612 1322 (cap.19.):
635 1287 652 1306 ι(
671 1273 910 1309 Reddendum
930 1273 1020 1307 mihi
1036 1281 1099 1315 est,
1114 1283 1188 1306 non
1210 1273 1438 1315 servandum,
1458 1284 1542 1307 cum
1560 1272 1762 1314 reddidero,

208 1341 248 1364 ac
265 1329 439 1364 tuendum
456 1342 487 1362 ».

761 1448 1105 1495 ARTICULUS
1134 1449 1210 1491 tv.
1700 1468 1762 1504 557

293 1561 446 1591 UTRUM
478 1560 607 1589 HOMO
641 1559 812 1588 DEBEAT
846 1558 1008 1588 STATIM
1034 1556 1298 1587 BENEFICIUM
1330 1556 1682 1587 RECOMPENSARE.

280 1649 340 1683 AD
369 1658 557 1688 QUARTUM
578 1647 628 1682 sic
657 1647 873 1693 proceditur.
904 1645 1067 1687 Videtur,
1090 1645 1186 1691 quod
1212 1644 1326 1678 homo
1349 1643 1476 1678 debeat
1496 1643 1616 1678 statim
1636 1642 1766 1678 benefi-

211 1704 307 1737 cium
329 1713 626 1748 recompensare:
649 1700 711 1735 illa
738 1700 835 1735 enim
862 1710 953 1745 quae
983 1699 1156 1733 debemus
1185 1698 1261 1732 sine
1293 1705 1391 1732 certo
1413 1697 1580 1739 termino,
1601 1704 1766 1731 tenemur

211 1757 396 1791 restituere
418 1756 557 1790 statim:
581 1755 644 1789 sed
669 1766 743 1788 non
763 1762 815 1788 est
836 1753 963 1799 aliquis
985 1752 1159 1787 terminus
1181 1751 1419 1798 praescriptus
1438 1750 1766 1797 recompensationi

210 1810 487 1851 beneficiorum3
511 1820 601 1855 quae
623 1816 744 1842 tamen
768 1807 861 1842 cadit
883 1807 946 1840 sub
969 1806 1101 1847 debito,
1125 1813 1164 1839 ut
1185 1805 1320 1839 dictum
1336 1811 1388 1839 est
1408 1804 1491 1850 (art.
1509 1805 1662 1851 praec.);
1679 1814 1766 1850 ergo

210 1872 351 1898 tenetur
370 1863 485 1897 homo
508 1862 627 1896 statim
649 1861 865 1895 beneficium
887 1869 1173 1905 recompensare.

284 1927 315 1950 2.
338 1917 572 1951 PRAETEREA.
598 1915 747 1956 Quanto
770 1913 919 1960 aliquod
940 1913 1078 1947 bonum
1093 1912 1131 1946 fit
1152 1924 1193 1946 ex
1215 1912 1353 1957 majore
1373 1911 1484 1945 animi
1501 1910 1653 1952 fervore,
1666 1918 1767 1945 tanto

212 1970 353 2005 videtur
375 1981 452 2004 esse
473 1969 705 2003 laudabilius:
728 1968 790 2002 sed
812 1979 854 2001 ex
871 1966 1011 2001 fervore
1028 1966 1138 1999 animi
1159 1965 1299 1999 videtur
1314 1964 1522 2010 procedere,
1537 1965 1633 2010 quod
1652 1964 1767 1998 homo

215 2023 332 2058 nullas
354 2034 475 2057 moras
499 2023 666 2056 adhibeat
686 2022 722 2055 in
744 2020 910 2054 faciendo
933 2019 1028 2065 quod
1045 2019 1168 2062 debet3
1192 2030 1278 2064 ergo
1295 2018 1435 2052 videtur
1453 2028 1530 2052 esse
1544 2017 1768 2059 laudabilius,

215 2077 311 2124 quod
333 2076 454 2110 statim
475 2076 589 2109 homo
613 2074 829 2109 beneficium
856 2073 990 2107 reddat.

290 2142 318 2176 3.
341 2130 575 2164 PRAETEREA.
600 2128 739 2162 Seneca
755 2127 840 2161 dicit
854 2127 889 2160 in
906 2137 936 2160 2.
952 2126 994 2160 de
1010 2125 1163 2160 Benefic.
1180 2126 1265 2171 (cap.
1280 2125 1341 2171 5),
1361 2124 1457 2170 quod
1474 2137 1491 2156 «
1508 2124 1693 2170 proprium
1711 2124 1768 2158 be-

215 2183 408 2218 nefactoris
430 2190 483 2216 est
502 2176 664 2223 libenter,
687 2189 720 2215 et
742 2183 812 2214 cito
834 2180 950 2214 facere
969 2193 1006 2214 »t
1034 2179 1095 2213 sed
1116 2178 1406 2224 recompensatio
1429 2177 1533 2212 debet
1554 2177 1768 2211 beneficium

217 2238 438 2282 adaequare3
461 2247 546 2281 ergo
570 2235 674 2268 debet
693 2234 814 2268 statim
836 2243 1126 2279 recompensare.

291 2290 364 2324 SED
390 2299 544 2324 CONTRA
568 2296 631 2329 est,
653 2288 748 2333 quod
769 2287 851 2321 Sen.
875 2287 960 2320 dicit
978 2287 1013 2319 in
1035 2296 1067 2328 4.
1091 2286 1133 2319 de
1156 2284 1300 2319 Benef.:
1326 2297 1343 2316 «
1364 2284 1438 2325 Qui
1458 2283 1603 2318 festinat
1622 2283 1769 2318 reddere

218 2356 292 2379 non
314 2343 476 2377 animum
497 2342 606 2375 habet
627 2341 718 2386 grati
739 2340 911 2382 hominis,
934 2340 995 2374 sed
1019 2339 1188 2373 debitoris
1208 2352 1239 2372 n.

292 2398 519 2432 RESPONDEO
543 2394 749 2436 dicendum,
773 2394 869 2440 quod
891 2395 983 2428 sicut
1004 2394 1040 2427 in
1063 2392 1238 2427 beneficio
1262 2392 1379 2426 dando
1402 2391 1465 2425 dno
1488 2390 1770 2431 considerantur,

219 2451 374 2486 scilicet:
398 2451 538 2496 affectus,
559 2457 594 2483 et
614 2448 749 2490 donum,
777 2448 824 2481 ita
847 2448 955 2481 etiam
977 2447 1067 2481 haec
1090 2446 1152 2480 duo
1176 2445 1448 2480 considerantur
1466 2444 1502 2478 in
1521 2454 1772 2488 recompensa-

219 2506 318 2540 tione
339 2503 514 2545 beneficii,
543 2510 576 2537 et
598 2510 771 2548 quantum
799 2501 944 2546 quidem
972 2500 1016 2534 ad
1043 2500 1206 2545 affectum,
1234 2498 1524 2544 recompensatio
1551 2497 1671 2531 statim
1696 2496 1773 2530 fieri

221 2558 342 2600 debet3
365 2557 458 2591 unde
479 2556 562 2590 Seri.
585 2555 670 2589 dicit
691 2556 726 2588 in
749 2564 779 2587 2.
803 2554 845 2587 de
869 2553 1006 2587 Benefi:
1032 2552 1102 2586 «V'
1095 2564 1124 2587 is
1142 2552 1290 2586 reddere
1311 2550 1552 2585 beneficium?
1567 2549 1703 2596 Accipe
1717 2549 1773 2583 be-

221 2611 329 2653 nione
344 2622 383 2643 »z
407 2618 581 2655 quantum
603 2616 724 2642 autem
747 2607 789 2640 ad
811 2607 947 2649 lomim,
971 2606 1075 2640 debet
1096 2605 1277 2651 expectari
1294 2613 1447 2650 tempus,
1466 2615 1538 2649 quo
1565 2614 1774 2648 recompen-

222 2665 312 2699 satio
342 2664 386 2698 sit
406 2662 626 2697 benefactori
653 2668 872 2707 opportuna:
901 2660 929 2693 si
957 2668 1077 2693 autem
1103 2670 1177 2693 non
1205 2658 1433 2692 convenienti
1459 2665 1622 2702 tempore
1652 2655 1772 2690 statim

221 2718 308 2752 velit
330 2717 456 2763 aliquis
479 2727 608 2750 munus
629 2726 694 2762 pro
722 2724 870 2747 munere
901 2712 1059 2754 reddere,
1081 2723 1155 2746 non
1181 2712 1320 2745 videtur
1347 2722 1422 2745 esse
1453 2710 1611 2744 virtuosa
1637 2720 1775 2743 recom-

222 2770 397 2817 pensatio,
420 2769 510 2804 sed
503 2769 633 2811 1nvita3
655 2776 692 2802 ut
714 2767 810 2802 enim
833 2766 972 2801 Seneca
995 2741 1108 2799 dicit
1101 2777 1136 2798 m
1157 2774 1189 2807 4.
1214 2765 1255 2799 de
1279 2763 1419 2798 Benefiz
1445 2776 1462 2794 «
1479 2762 1554 2803 Qui
1574 2761 1682 2796 nimis
1701 2762 1772 2796 cito

224 2824 319 2869 cupit
341 2823 493 2864 solvere,
515 2821 645 2856 invitus
668 2821 790 2862 debet3
813 2828 846 2854 et
868 2820 927 2865 qui
950 2819 1080 2853 invitus
1102 2817 1217 2859 debet,
1240 2817 1398 2862 ingratus
1420 2823 1472 2850 est
1486 2828 1517 2849 ».
