1859 3122
159 144 242 199 840
549 150 765 188 QUAESTIO
800 149 948 180 CXXIII.
982 148 1227 180 ARTICULUS
1260 148 1318 179 IX.

157 237 272 275 venit2
295 235 356 269 sed
377 234 519 268 Tullius
541 233 626 266 dicit
647 233 683 266 in
705 243 768 266 sua
790 231 986 266 Rhetorica
1009 230 1082 275 (lib.
1097 241 1128 266 2.
1147 230 1182 264 de
1196 229 1357 274 luvana),
1385 229 1480 275 quod
1509 229 1713 264 «fortitudo

159 298 211 324 est
233 288 457 324 considerata
480 285 725 333 periculorum
746 285 938 331 susceptio,
955 291 989 319 et
1002 283 1167 318 laborum
1182 282 1364 329 perpessio
1383 296 1400 315 >›
1415 295 1423 325 3
1439 293 1525 329 ergo
1540 282 1712 317 fortitudo

158 354 232 377 non
253 341 413 376 consistit
434 340 591 374 maxime
613 339 649 372 in
671 338 877 385 repentinis.

232 405 263 429 2.
285 395 520 428 PRAETEREA.
544 392 714 426 Ambros.
737 392 822 426 dicit
843 392 879 425 in
906 402 933 425 1.
949 390 992 425 de
1009 389 1081 426 Off.
1101 390 1295 436 (cap.38.):
1322 388 1468 423 «Fortis
1489 388 1555 423 viri
1575 397 1626 423 est
1642 400 1717 423 non

163 447 402 489 dissimulare,
425 459 508 480 cum
531 446 664 492 aliquid
687 445 887 487 immineat,
909 444 971 479 sed
998 444 1243 490 praetendere,
1266 451 1300 477 et
1325 451 1511 488 tamquam
1533 441 1717 488 explorare

164 502 205 535 de
229 500 375 547 specula
398 500 553 546 quadam
576 499 718 540 mentis,
741 507 775 532 et
797 498 942 532 obviare
966 497 1187 542 cogitatione
1214 496 1364 542 provida
1386 496 1491 529 rebus
1512 494 1649 537 futuris,
1670 507 1716 530 ne

162 555 252 589 [orte
275 555 369 588 dicat
394 562 535 600 postea:
569 553 649 586 [deo
672 552 707 585 in
729 552 795 585 ista
817 551 937 592 incidi,
960 551 1042 597 quia
1068 561 1142 584 non
1169 549 1363 583 arbitrabar
1388 560 1493 595 posse
1521 549 1663 582 evenire
1677 560 1717 582 »ι

163 608 223 642 sed
247 608 306 641 ubi
332 615 385 641 est
407 606 552 652 aliquod
580 605 819 651 repentinum,
845 604 893 638 ibi
919 615 993 638 non
1021 611 1138 649 potest
1164 603 1342 649 provideri
1370 604 1405 636 in
1427 601 1605 644 futurum3
1633 612 1719 647 ergo

164 661 326 708 operatio
353 660 570 694 fortitudinis
593 670 666 692 non
690 666 742 692 est
761 659 855 692 circa
877 657 1074 704 repentina.

237 726 265 760 3.
288 714 523 748 PRAETEREA.
554 712 690 746 Philos.
719 711 804 745 dicit
829 711 865 745 in
895 722 923 757 3.
951 710 1067 744 Ethic.
1093 710 1178 756 (cap.
1201 710 1262 754 8.),
1286 708 1382 755 quod
1405 708 1505 743 fortis
1529 716 1582 743 est
1601 708 1717 743 bonae

165 768 256 815 spei:
278 767 339 801 sed
361 778 440 812 spes
464 773 627 812 expectat
650 765 784 811 aliquid
811 765 847 798 in
873 764 1043 806 futurum,
1072 763 1168 809 quod
1194 769 1368 809 repugnat
1395 762 1603 808 repentin03
1630 772 1718 808 ergo

165 821 326 868 operatio
344 820 560 854 fortitudinis
582 831 656 853 non
679 819 842 853 consistit
864 818 958 852 circa
976 817 1172 863 repentina.

237 875 310 909 SED
339 884 493 909 CONTRA
513 881 576 915 est,
599 872 696 919 quod
719 871 856 906 Philos.
885 871 971 905 dicit
992 871 1027 904 in
1053 882 1081 917 3.
1104 869 1219 904 Ethic.
1242 868 1405 916 (eap.8.)‚
1433 869 1528 915 quod
1549 868 1721 903 fortitudo

167 929 321 963 maxime
344 936 396 962 est
423 928 516 961 circa
543 937 804 973 quaesumque,
827 936 918 971 quae
941 932 1099 958 mortem
1121 923 1287 965 inferunt,
1312 923 1499 970 repentina
1521 922 1720 958 existentia.

236 982 464 1016 RESPONDEO
487 980 690 1021 dicendum,
715 979 810 1025 quod
832 979 868 1012 in
891 978 1100 1025 operatione
1121 977 1339 1011 fortitudinis
1361 976 1423 1011 duo
1450 984 1533 1010 sunt
1558 975 1721 1010 conside-

168 1036 291 1070 randa:
316 1047 415 1069 unam
438 1034 584 1081 quidem
606 1041 781 1080 quantum
803 1032 845 1067 ad
869 1031 1086 1066 electionem
1107 1031 1234 1077 ipsius:
1257 1038 1293 1064 et
1310 1030 1359 1064 sic
1381 1029 1553 1064 fortitudo
1575 1041 1650 1063 non
1670 1037 1724 1063 est

170 1091 263 1124 circa
285 1089 488 1135 repentina:
513 1087 612 1133 eligit
634 1087 730 1121 enim
751 1086 853 1120 fortis
875 1085 1127 1132 praemeditari
1145 1084 1315 1130 pericula,
1330 1095 1421 1130 quae
1443 1091 1594 1130 possunt
1609 1084 1724 1117 immi-

167 1154 262 1184 nere,
286 1150 322 1176 ut
344 1143 393 1176 eis
416 1142 578 1176 resistere
601 1141 724 1186 possit,
747 1148 806 1174 aut
819 1139 959 1173 facilius
974 1150 1014 1173 ea
1036 1137 1148 1173 ferre:
1170 1138 1264 1184 quia,
1287 1145 1325 1172 ut
1348 1137 1458 1183 Greg.
1482 1136 1567 1171 dicit
1586 1137 1624 1170 in
1643 1147 1726 1182 qua-

172 1198 255 1230 dam
284 1195 410 1229 homil.
448 1195 542 1241 (35.):
577 1193 740 1239 «Jacula,
763 1204 853 1239 quae
872 1192 1135 1238 praevidentur,
1159 1191 1278 1225 minus
1303 1190 1449 1224 feriunt:
1473 1197 1507 1224 et
1532 1201 1599 1224 nos
1629 1188 1725 1223 mala

170 1249 295 1283 mundi
320 1248 460 1282 facilius
486 1247 646 1288 ferimus,
673 1248 701 1281 si
729 1255 855 1280 contra
882 1257 923 1280 ea
954 1245 1081 1291 clypeo
1112 1244 1368 1291 praescientiae
1396 1243 1667 1290 praemunimur
1681 1255 1721 1277 »z

169 1302 260 1336 alind
281 1313 366 1336 vero
390 1300 692 1335 considerandum
716 1307 768 1334 est
789 1299 825 1333 in
847 1299 1057 1344 operatione
1078 1297 1295 1332 fortitudinis
1314 1305 1488 1343 quantum
1511 1296 1554 1330 ad
1577 1295 1726 1330 manife-

168 1356 361 1390 stationem
382 1354 532 1388 virtuosi
553 1354 713 1387 habitus:
737 1360 772 1386 et
792 1352 842 1386 sic
864 1351 1036 1386 fortitudo
1060 1351 1216 1385 maxime
1239 1358 1292 1385 est
1314 1351 1407 1384 circa
1422 1351 1622 1396 repentina:
1640 1350 1721 1396 quia

171 1408 368 1443 secundum
390 1407 526 1441 Philos.
548 1407 584 1440 in
610 1418 638 1452 3.
661 1405 776 1440 Ethic.
801 1404 888 1452 (cap.
915 1405 978 1449 8.),
1004 1405 1039 1438 in
1066 1404 1259 1450 repentinis
1280 1403 1447 1450 periculis
1469 1403 1626 1437 maxime
1648 1414 1722 1437 ma-

170 1462 355 1496 nifestatur
376 1460 592 1495 fortitudinis
614 1459 774 1493 habitus:
797 1459 939 1492 habitus
966 1458 1062 1492 enirn
1090 1457 1163 1503 agit
1192 1457 1227 1490 in
1258 1456 1409 1491 modurn
1438 1464 1608 1498 naturae3
1629 1456 1723 1491 unde

171 1516 266 1562 quod
290 1515 415 1560 aliquis
438 1514 570 1560 absque
594 1512 914 1560 praemeditatione
936 1511 1044 1545 faciat
1065 1522 1106 1545 ea
1129 1522 1220 1557 quae
1239 1518 1321 1544 sunt
1337 1510 1489 1552 virtutis,
1508 1521 1589 1544 curn
1605 1521 1727 1543 neces-

171 1571 255 1604 sitas
277 1568 443 1602 imminet
468 1576 612 1613 propter
639 1566 824 1612 repentina
851 1564 1023 1612 pericula,
1050 1564 1121 1598 hoc
1149 1564 1306 1598 maxime
1333 1562 1537 1597 manifestat
1559 1563 1655 1608 quod
1682 1564 1726 1597 sit

172 1622 342 1657 fortitudo
364 1621 557 1655 habitualis
578 1621 614 1654 in
637 1620 757 1654 anima
780 1619 1012 1653 confirmata:
1036 1625 1154 1664 potest
1175 1625 1295 1652 autem
1311 1616 1450 1663 aliquis,
1469 1616 1577 1650 etiam
1593 1616 1652 1662 qui
1666 1616 1727 1650 ha-

172 1678 244 1710 bitu
267 1675 482 1710 fortitudinis
506 1682 613 1716 caret,
637 1685 679 1708 ex
702 1673 867 1707 diuturna
888 1671 1210 1718 praemeditatione
1233 1671 1393 1704 animum
1409 1681 1515 1704 suum
1530 1677 1655 1704 contra
1673 1680 1730 1715 pe-

173 1729 284 1764 ricula
306 1739 530 1776 praeparare,
553 1739 622 1774 qua
649 1727 759 1761 etiam
785 1727 1060 1773 praeparatione
1082 1724 1184 1760 fortis
1206 1725 1325 1767 utitur,
1349 1735 1432 1758 cum
1453 1731 1595 1770 tempus
1618 1723 1728 1758 adest.

240 1784 283 1818 Et
304 1795 366 1829 per
386 1783 457 1817 hoc
480 1790 575 1829 patet
597 1781 784 1828 responsio
806 1791 856 1815 AD
880 1790 1055 1826 OBJECTA.

736 1941 1078 1987 ARTICULUS
1107 1941 1162 1984 X.
1663 1950 1731 1986 626

448 2062 599 2092 UTRUM
632 2062 785 2092 FORTrs
819 2062 997 2092 UTATUR
1030 2061 1100 2091 IRA
1133 2061 1176 2091 IN
1210 2061 1294 2091 suo
1328 2061 1460 2091 ACTU.

366 2162 467 2208 (Infr.
490 2167 552 2196 art.
571 2174 615 2197 11.
638 2162 680 2196 ad
700 2174 727 2197 1.
749 2167 777 2197 et
804 2162 889 2197 Veri.
912 2174 941 2208 q.
967 2162 1023 2197 26.
1046 2167 1110 2197 art.
1133 2173 1163 2208 7.
1185 2166 1212 2196 et
1229 2174 1257 2208 3.
1281 2161 1356 2196 Eth.
1378 2161 1448 2196 lect.
1470 2161 1549 2207 17.).

251 2265 310 2298 ΑΒ
332 2273 507 2298 DECIMUM
531 2263 580 2297 sic
603 2262 818 2308 proceditur.
841 2262 1002 2304 Videtur,
1025 2262 1120 2308 quod
1146 2261 1247 2296 fortis
1273 2273 1347 2296 non
1373 2268 1491 2295 utatur
1517 2261 1569 2295 ira
1592 2261 1626 2295 in
1651 2268 1731 2295 actu

180 2329 264 2352 suo:
287 2317 405 2351 nullus
427 2317 524 2351 enim
546 2316 650 2350 debet
680 2327 862 2350 assumere
893 2316 993 2362 quasi
1023 2316 1300 2350 instrumentum
1331 2326 1415 2349 suae
1445 2315 1597 2349 actionis
1629 2314 1728 2357 illud,

181 2383 251 2418 quo
274 2383 347 2405 non
366 2379 484 2417 potest
505 2372 555 2405 uti
576 2382 641 2416 pro
664 2382 729 2405 suo
753 2371 917 2405 arbitrio:
941 2373 1002 2406 sed
1024 2372 1138 2405 homo
1157 2382 1230 2405 non
1246 2379 1363 2416 potest
1381 2370 1431 2404 uti
1445 2371 1496 2404 ira
1515 2381 1578 2416 pro
1599 2381 1664 2404 suo
1685 2381 1735 2404 ar-

179 2425 296 2466 bitrio,
319 2433 355 2458 ut
377 2424 514 2458 scilicet
536 2424 647 2470 possit
669 2435 749 2457 earn
773 2435 953 2458 assumere
978 2436 1059 2458 cum
1082 2424 1178 2466 velit,
1202 2432 1235 2458 et
1262 2424 1442 2470 deponere
1466 2435 1547 2457 cum
1569 2423 1666 2465 velit,
1693 2431 1731 2457 ut

181 2479 277 2512 enim
299 2478 433 2512 Philos.
449 2478 534 2512 dicit
556 2478 590 2511 in
612 2477 671 2511 lib.
695 2478 736 2511 de
759 2477 867 2511 Mem.
894 2478 979 2524 (rap.
1003 2478 1064 2522 2.)‚
1094 2477 1238 2523 quando
1266 2477 1383 2522 passio
1411 2475 1608 2522 corporalis
1630 2484 1729 2510 mota

181 2541 242 2573 est,
258 2543 330 2565 non
351 2532 470 2565 statim
493 2531 653 2577 quiescit,
676 2538 714 2564 ut
739 2530 853 2564 homo
875 2531 971 2571 vult3
995 2542 1081 2576 ergo
1103 2530 1204 2565 fortis
1226 2542 1299 2564 non
1322 2530 1427 2564 debet
1445 2541 1627 2564 assumere
1643 2530 1734 2563 iram

182 2586 223 2619 ad
247 2597 348 2619 suam
372 2585 630 2631 operationem.

253 2651 283 2673 2.
307 2641 541 2674 PRAETEREA.
565 2639 628 2673 Ille
651 2638 710 2684 qui
738 2649 799 2684 per
821 2638 979 2683 seipsum
1003 2638 1133 2672 sufficit
1155 2639 1197 2672 ad
1221 2638 1353 2684 aliquid
1376 2637 1634 2683 peragendum,
1661 2647 1734 2670 non

181 2694 285 2727 debet
306 2693 341 2726 in
364 2693 535 2727 auxilium
563 2692 616 2726 sui
639 2702 820 2726 assumere
843 2691 877 2724 id
906 2691 1000 2736 quod
1029 2699 1081 2725 est
1107 2691 1293 2733 infirmius,
1321 2699 1354 2725 et
1380 2689 1644 2736 imperfectius:
1673 2691 1734 2724 sed

183 2747 272 2780 ratio
295 2758 356 2792 per
377 2746 530 2791 seipsam
554 2745 685 2779 sufficit
707 2745 750 2778 ad
773 2755 863 2790 opus
881 2743 1097 2778 fortitudinis
1120 2744 1382 2790 exequendum,
1402 2744 1436 2777 in
1459 2754 1531 2789 quo
1550 2742 1735 2776 iracundia

183 2800 320 2841 delicit3
343 2799 436 2833 unde
457 2799 596 2833 Seneca
619 2798 705 2833 dicit
725 2798 760 2831 in
783 2797 841 2832 lib.
865 2808 892 2831 1.
915 2797 958 2831 de
980 2797 1034 2830 Ira
1052 2797 1140 2843 (cap.
1162 2798 1252 2842 16.):
1278 2797 1392 2831 «Non
1413 2797 1455 2830 ad
1471 2795 1733 2842 providendum

180 2861 330 2895 tantum,
353 2852 413 2887 sed
433 2853 475 2886 ad
499 2864 553 2886 res
575 2851 749 2898 gerendas
772 2851 856 2885 satis
879 2858 930 2885 est
952 2861 1014 2896 per
1032 2849 1189 2896 seipsam
1211 2850 1320 2884 ratio:
1345 2857 1378 2884 et
1399 2849 1483 2895 quid
1505 2848 1644 2884 stultius
1667 2857 1730 2891 est,
