1859 3122
148 173 232 228 984
571 180 791 216 QUAESTIO
826 179 925 209 CLII.
959 178 1203 209 ARTICULUS
1236 178 1293 208 IV.

715 348 1059 393 ARTICULUS
1090 348 1166 390 iv.
1637 370 1700 406 735

312 459 463 488 UTRUM
495 457 743 487 VIRGINITAS
778 457 844 486 SIT
877 456 1212 486 EXCELLENTIOR
1244 454 1542 485 MATRIMONIO.

151 550 200 593 (4.
224 549 312 582 Dist.
332 559 382 592 30.
405 559 434 592 q.
449 557 480 581 2.
500 550 562 580 art.
578 557 606 592 3.
629 545 671 580 ad
693 546 725 580 6.
747 551 777 580 et
796 546 881 579 Dist.
900 557 944 591 33.
967 556 996 590 q.
1016 557 1043 591 3.
1066 549 1132 578 art.
1154 555 1186 578 2.
1205 543 1247 577 ad
1263 554 1291 589 5.
1314 548 1344 578 et
1363 547 1427 577 art.
1445 555 1474 589 3.
1493 543 1536 577 ad
1552 555 1580 578 r.
1602 547 1630 578 et
1646 544 1704 590 3.)-

218 636 278 670 AD
301 645 488 674 QUARTUM
510 635 560 668 sic
583 634 799 680 proceditur.
821 633 984 675 Videtur,
1007 633 1103 679 quod
1122 632 1306 678 virginitas
1326 642 1400 665 non
1415 631 1458 665 sit
1473 630 1706 666 excellentior

149 689 401 724 matrimonio:
422 689 507 723 dicit
530 689 626 722 enim
641 688 795 734 August.
815 687 850 721 in
865 687 923 721 lib.
939 687 982 721 de
998 687 1101 720 Bono
1119 685 1225 731 Conj.
1248 685 1337 731 (cap.
1353 685 1435 729 21.):
1455 685 1571 719 «Non
1589 685 1707 730 impar

148 744 317 778 meritum
346 751 398 777 est
426 742 669 777 continentiae
691 742 728 775 in
754 741 905 786 Joanne,
929 740 989 787 qui
1017 739 1133 774 nullas
1164 747 1328 785 expertus
1355 745 1408 772 est
1433 738 1587 784 nuptias,
1611 746 1652 773 et
1670 738 1708 772 in

146 798 345 839 Abraham,
368 797 427 843 qui
441 796 534 830 filios
549 797 734 842 generavit
751 809 768 827 ))
784 806 791 828 ;
807 795 869 829 sed
885 794 1032 840 majoris
1054 793 1192 827 virtutis
1209 793 1325 837 majus
1343 799 1396 826 est
1409 792 1602 834 meritum;
1619 803 1706 838 ergo

144 851 328 897 virginitas
350 862 423 884 non
443 858 496 884 est
517 850 636 896 potior
657 849 780 890 virtus,
802 860 911 895 quam
935 847 1078 882 castitas
1101 846 1313 892 conjugalis.

220 915 250 939 2.
274 905 509 939 PRAETEREA.
529 903 580 937 Ex
601 903 730 937 virtute
753 902 932 948 dependet
953 901 1029 935 laus
1048 900 1218 942 virtuosi;
1238 900 1267 933 si
1289 910 1375 945 ergo
1396 899 1581 945 virginitas
1611 909 1709 945 prae-

148 958 298 994 ferretur
321 957 564 991 continentiae
588 956 782 1002 conjugali,
797 956 938 990 videtur
952 966 1029 989 esse
1045 965 1283 999 consequens,
1299 953 1395 999 quod
1410 952 1589 999 quaelibet
1604 952 1708 998 virgo

147 1020 239 1046 esset
260 1011 474 1045 laudabilior
497 1010 655 1056 qualibet
676 1011 887 1055 conjugata,
910 1009 981 1042 hoc
1013 1015 1134 1041 autem
1156 1015 1209 1041 est
1235 1006 1386 1048 falsum3
1409 1017 1496 1052 ergo
1523 1005 1710 1052 virginitas

148 1077 222 1100 non
242 1064 438 1111 praefertur
461 1064 644 1109 conjugio.

222 1130 250 1164 3.
273 1118 508 1152 PRAETEREA.
538 1118 682 1151 Bonum
705 1127 901 1150 commune
932 1115 1049 1162 potius
1072 1122 1124 1149 est
1152 1114 1250 1148 bono
1283 1113 1435 1159 privato,
1462 1120 1500 1147 ut
1525 1120 1623 1159 patet
1647 1124 1711 1159 per

148 1172 284 1206 Philos.
307 1172 344 1205 in
379 1182 404 1205 1.
434 1171 593 1205 Ethicor.
625 1171 714 1216 (cap.
745 1170 816 1214 2.):
844 1169 905 1204 sed
933 1168 1143 1214 conjugium
1171 1167 1354 1201 ordinatur
1377 1167 1420 1200 ad
1450 1166 1587 1200 bonum
1614 1177 1712 1200 com-

150 1237 271 1267 mune,
294 1225 379 1258 dicit
401 1225 496 1258 enim
520 1225 673 1269 August.
696 1225 732 1257 in
753 1223 812 1257 lib.
835 1223 878 1257 de
898 1223 1001 1256 Bono
1018 1221 1124 1266 Conj.
1142 1220 1230 1267 (cap.
1252 1220 1344 1265 16.):
1367 1233 1384 1251 ((
1405 1219 1516 1260 Quod
1537 1227 1589 1254 est
1612 1219 1711 1254 cibus

150 1279 194 1313 ad
216 1278 370 1313 salutem
388 1278 560 1320 hominis,
582 1278 653 1311 hoc
675 1284 726 1311 est
754 1277 966 1310 concubitus
990 1275 1032 1309 ad
1060 1274 1213 1309 salutem
1239 1273 1391 1308 humani
1416 1274 1558 1319 generis
1584 1285 1623 1307 »:
1645 1273 1712 1307 vir-

149 1333 278 1379 ginitas
302 1340 423 1366 autem
445 1331 632 1369 ordinatur
654 1331 697 1364 ad
723 1331 861 1364 bonum
884 1328 1051 1375 speciale,
1078 1336 1116 1362 ut
1141 1327 1279 1362 scilicet
1303 1327 1416 1361 vitent
1441 1326 1710 1361 tribulationem

149 1387 278 1428 carnis,
300 1397 409 1432 quarn
431 1385 609 1419 sustinent
625 1384 820 1429 conjugati,
843 1383 935 1417 sicut
953 1390 1050 1428 patet
1071 1393 1134 1427 per
1148 1380 1315 1426 Apostol.
1342 1391 1369 1414 1.
1393 1380 1436 1414 ad
1456 1379 1542 1414 Cor.
1565 1390 1608 1425 7.;
1623 1391 1710 1426 ergo

146 1439 332 1485 virginitas
354 1450 428 1473 non
451 1446 504 1472 est
520 1438 640 1484 potior
663 1437 887 1471 continentia
909 1434 1104 1481 conjugali.

222 1494 296 1528 SED
324 1502 479 1527 CONTRA
499 1500 562 1533 est,
581 1491 678 1538 quod
701 1491 788 1524 dicit
814 1491 967 1535 August.
989 1489 1026 1522 in
1048 1488 1107 1522 lib.
1131 1488 1174 1522 de
1194 1487 1362 1533 Virginit.
1390 1487 1478 1533 (cap.
1504 1487 1594 1533 19.).·
1624 1500 1642 1518 «
1668 1487 1712 1522 Et

151 1555 257 1582 certa·
275 1546 425 1587 ratione,
457 1553 491 1580 et
518 1545 734 1579 Sanctarum
771 1544 1038 1590 Scripturarum
1075 1541 1287 1575 auctoritate
1313 1552 1380 1574 nec
1410 1548 1601 1586 peccatum
1634 1551 1712 1575 esse

149 1601 291 1648 nuptias
321 1599 546 1641 invenimus3
574 1610 640 1633 nec
664 1609 723 1632 eas
752 1598 850 1632 bono
880 1605 938 1631 aut
960 1595 1145 1642 virginalis
1176 1594 1430 1636 continentiae,
1452 1593 1511 1628 vel
1536 1593 1644 1628 etiam
1665 1594 1713 1628 vi-

152 1654 266 1688 dualis
289 1664 487 1699 aequamus
509 1666 540 1686 n.

222 1708 450 1742 RESPONDEO
474 1705 679 1748 dicendum,
703 1704 811 1751 quod,
833 1704 925 1738 sicut
945 1711 1042 1749 patet
1067 1703 1102 1736 in
1124 1702 1182 1736 lib.
1210 1713 1238 1736 1.
1262 1702 1409 1736 Hieron.
1435 1709 1559 1736 contra
1581 1701 1712 1747 Jovin.,

149 1761 207 1796 hic
231 1772 329 1795 error
350 1760 416 1794 fuit
429 1759 622 1805 Joviniani‚
645 1758 705 1804 qui
724 1758 854 1804 posuit,
876 1757 1120 1803 virginitatem
1149 1767 1223 1790 non
1250 1767 1327 1790 esse
1354 1755 1588 1789 matrimonio
1616 1766 1714 1801 prae-

150 1815 348 1856 ferendam,
371 1814 431 1860 qui
453 1813 599 1859 quidem
623 1823 722 1846 error
743 1811 935 1857 praecipue
963 1811 1154 1844 destruitur
1176 1817 1210 1843 et
1236 1808 1403 1855 exemplo
1432 1808 1578 1850 Christi,
1598 1808 1659 1854 qui
1679 1816 1714 1843 et

153 1876 307 1902 matrem
320 1867 500 1912 virginem
519 1866 639 1911 elegit,
659 1873 693 1899 et
707 1867 781 1910 ipse
795 1865 1040 1910 virginitatem
1059 1863 1224 1904 servavit,
1240 1870 1274 1896 et
1295 1874 1336 1896 ex
1351 1863 1514 1896 doctrina
1532 1861 1712 1908 Apostoli,

154 1922 224 1968 qui,
245 1933 271 1955 1.
296 1921 338 1954 ad
355 1921 440 1955 Cor.
458 1932 500 1965 7.,
523 1920 767 1965 virginitatem
790 1918 981 1959 consuluit,
1003 1925 1190 1963 tamquam
1221 1916 1348 1950 melius
1369 1916 1525 1951 bonum:
1549 1923 1583 1950 et
1604 1915 1713 1950 etiam

153 1976 309 2009 ratione:
332 1983 410 2008 tum
429 1974 511 2019 quia
527 1974 664 2007 bonum
687 1973 846 2006 divinum
870 1980 923 2006 est
937 1971 1055 2018 potius
1076 1971 1239 2004 humano
1254 1970 1370 2004 bono:
1387 1977 1465 2003 tum
1480 1969 1563 2015 quia
1576 1969 1713 2003 bonum

154 2029 295 2063 animae
325 2027 522 2074 praefertur
547 2027 644 2060 bono
674 2026 854 2072 corporis:
885 2034 962 2059 tum
993 2025 1102 2059 etiam
1132 2025 1213 2070 quia
1241 2024 1379 2057 bonum
1409 2022 1712 2068 contemplativae

150 2083 244 2116 vitae
266 2081 464 2128 praefertur
485 2081 582 2114 bono
605 2080 762 2114 activae:
785 2079 971 2125 virginitas
995 2087 1114 2112 autem
1138 2078 1324 2112 ordinatur
1346 2077 1388 2111 ad
1410 2077 1548 2111 bonum
1571 2077 1712 2111 animae

154 2136 355 2171 secundum
374 2136 485 2168 vitam
508 2133 842 2179 contemplativam,
862 2133 958 2175 quod
974 2140 1027 2166 est
1043 2132 1202 2177 cogitare
1219 2143 1261 2165 ea
1282 2142 1373 2177 quae
1387 2139 1469 2164 sunt
1482 2130 1569 2164 Dei:
1593 2130 1714 2175 conju-

153 2191 253 2235 gium
277 2196 398 2222 autem
421 2187 605 2222 ordinatur
627 2188 669 2220 ad
691 2187 828 2220 bonum
852 2186 1024 2231 corporis,
1047 2185 1143 2231 quod
1166 2193 1218 2219 est
1240 2184 1437 2230 corporalis
1460 2183 1713 2230 multiplicatio

154 2243 294 2289 generis
316 2242 483 2283 humani3
507 2249 540 2275 et
562 2241 715 2286 pertinet
737 2240 780 2274 ad
801 2240 912 2273 vitam
936 2240 1109 2281 activam3
1133 2239 1215 2285 quia
1236 2239 1301 2280 vir,
1325 2246 1359 2272 et
1384 2237 1514 2271 mulier
1533 2237 1570 2271 in
1596 2237 1715 2271 matri-

156 2297 282 2330 monio
309 2296 469 2329 viventes
489 2305 635 2329 necesse
654 2294 788 2327 habent
807 2294 966 2338 cogitare
990 2305 1079 2338 quae
1102 2300 1183 2326 sunt
1205 2291 1341 2333 mundi,
1364 2300 1401 2325 ut
1419 2299 1516 2338 patet
1536 2302 1598 2337 per
1619 2291 1715 2336 Apo-

152 2350 287 2385 stolum
307 2361 333 2383 1.
351 2349 394 2383 ad
411 2348 496 2383 Cor.
512 2359 542 2393 7.
556 2360 564 2390 3
586 2347 680 2381 unde
700 2346 941 2381 indubitanter
956 2346 1140 2391 virginitas
1156 2345 1388 2392 praeferenda
1403 2352 1456 2379 est
1471 2344 1713 2379 continentiae

156 2402 349 2449 conjugali.

223 2458 282 2490 An
310 2466 458 2490 PRIMUM
486 2466 572 2500 ergo
600 2453 803 2495 dicendum,
831 2453 926 2499 quod
954 2453 1121 2487 meritum
1149 2464 1222 2487 non
1245 2451 1363 2486 solum
1391 2459 1559 2497 pensatur
1586 2462 1629 2485 ex
1657 2462 1715 2496 ge-

153 2522 237 2544 nere
261 2518 372 2550 actus,
394 2509 455 2543 sed
478 2510 593 2553 magis
617 2520 657 2542 ex
681 2508 802 2541 animo
826 2507 1025 2552 operantis:
1049 2507 1173 2540 habuit
1196 2514 1315 2540 autem
1339 2505 1500 2538 animum
1524 2504 1712 2538 Abraham

153 2564 202 2598 sic
226 2563 439 2609 di<positt1m
463 2589 470 2603 ‚
494 2570 531 2596 ut
553 2570 696 2608 paratus
719 2569 812 2595 esset
833 2561 1076 2605 virginitatem
1100 2571 1252 2600 servare,
1275 2559 1304 2593 si
1332 2566 1424 2593 esset
1445 2557 1603 2604 tempori
1630 2568 1713 2592 con-

154 2629 300 2663 gruum:
319 2630 359 2651 ex
379 2628 449 2662 quo
470 2616 639 2650 meritum
656 2614 898 2648 continentiae
915 2613 1115 2657 conjugalis
1138 2614 1172 2646 in
1193 2615 1269 2658 ipso
1291 2621 1462 2658 aequatur
1482 2611 1611 2645 merito
1628 2621 1710 2645 con-

152 2671 323 2704 tinentiae
346 2669 530 2713 virginalis
553 2669 587 2702 in
606 2669 757 2713 Joanne,
781 2675 943 2712 respectu
970 2667 1120 2712 praemii
1142 2665 1396 2706 substantialis,
1419 2676 1492 2699 non
1515 2672 1636 2698 autem
1659 2675 1711 2698 re-

155 2732 278 2769 spectu
295 2723 443 2769 praemii
460 2721 704 2763 accidentali53
716 2721 809 2754 unde
829 2721 980 2765 August.
997 2720 1081 2753 dicit
1100 2721 1134 2753 in
1151 2720 1209 2753 lib.
1227 2720 1268 2753 de
1286 2720 1388 2753 Bono
1405 2718 1511 2763 Conj.
1529 2717 1615 2764 (cap.
1631 2717 1712 2762 21.)‚

151 2777 247 2822 quod
270 2777 446 2821 «Joannis
463 2776 673 2816 coelibatus,
688 2782 722 2809 et
740 2774 908 2808 Abrahae
922 2774 1142 2807 connubium
1161 2784 1224 2818 pro
1240 2781 1448 2818 temporum
1464 2770 1714 2805 distributione

155 2830 302 2863 Christo
327 2829 588 2870 militaverunt3
612 2829 673 2862 sed
697 2828 957 2862 continentiam
974 2826 1132 2871 Joannes
1154 2835 1188 2861 et
1209 2827 1244 2860 in
1268 2837 1388 2872 opere,
1411 2824 1600 2859 Abraham
1627 2834 1714 2858 vero

156 2883 191 2916 in
215 2883 295 2917 solo
317 2883 439 2916 habitu
462 2882 617 2916 habebat
632 2896 663 2914 n.
