1859 3122
201 140 286 181 660
652 150 877 186 QUAESTIO
911 150 1016 181 xc11.
1050 150 1294 181 ARTICULUS
1325 151 1352 180 1.

200 232 413 279 opponitur:
436 243 538 266 unum
560 230 707 278 quidem
729 232 930 266 secundum
956 243 1164 267 excessum:
1187 232 1279 267 aliud
1300 240 1421 267 autem
1448 233 1649 268 secundum
1675 234 1768 270 defe-

200 294 318 328 ctum3
341 285 519 331 contingit
540 293 661 319 autem
689 285 862 320 excedere
890 286 1052 320 medium
1071 285 1211 320 virtutis
1233 297 1307 320 non
1334 285 1454 320 solum
1481 288 1682 322 secundum
1704 288 1767 323 cir-

200 339 468 380 cumstantiam,
483 349 575 384 quae
590 338 720 372 dicitur
737 345 912 385 quantum,
931 339 993 374 sed
1013 339 1122 374 etiam
1138 339 1339 374 secundum
1356 339 1442 374 alias
1460 340 1765 377 circumstantias:

200 392 293 426 unde
316 399 351 426 et
371 391 407 425 in
430 391 607 438 aliquibus
628 393 829 435 virtutibus,
851 393 943 428 sicut
964 393 1000 426 in
1022 393 1334 439 magnanimitate,
1358 401 1392 427 et
1418 394 1699 440 magnificentia,
1720 395 1769 430 vi-

200 445 291 480 tium
313 445 452 479 excedit
472 445 611 479 virtutis
633 446 814 480 medium:
837 458 912 480 non
930 447 1013 493 quia
1029 447 1071 480 ad
1088 447 1204 492 majus
1220 446 1353 492 aliquid
1372 447 1505 490 tendat,
1520 459 1629 494 quam
1643 449 1766 492 virtus,

200 498 262 533 sed
273 497 365 532 forte
381 498 424 532 ad
438 498 575 533 minus:
595 499 816 534 transcendit
829 507 953 535 tamen
964 500 1104 534 virtutis
1118 500 1291 542 medium,
1307 500 1522 546 inquantum
1535 500 1621 536 facit
1635 501 1769 548 aliquid

201 553 258 587 cui
280 563 354 586 non
377 552 492 594 debet,
514 552 573 586 vel
594 553 739 599 quando
761 565 836 588 non
857 554 977 596 habet,
1000 562 1034 588 et
1055 553 1220 588 similiter
1238 553 1438 588 secundum
1457 553 1526 588 alia
1543 554 1766 601 hujusmodi,

201 615 239 641 ut
259 614 357 653 patet
376 618 440 653 per
460 606 597 641 Philos.
620 607 656 640 in
677 617 709 650 4.
733 607 849 642 Ethic.
875 608 963 655 (cap.
990 621 1018 643 ι.
1041 613 1068 642 et
1089 609 1134 654 5.)
1146 620 1158 649 ,·
1179 608 1229 642 sic
1247 619 1333 653 ergo
1349 608 1553 654 superstitio
1574 616 1627 643 est
1640 609 1769 643 vitium

200 660 367 706 religioni
389 660 596 707 oppositum
618 661 818 695 secundum
841 672 1048 704 excessum3
1071 672 1145 695 non
1168 661 1251 707 quia
1273 661 1353 707 plus
1376 661 1543 696 exhibeat
1562 661 1599 695 in
1629 661 1767 696 cultum

201 714 375 756 divinum,
398 725 507 760 quam
529 725 613 748 vera
632 714 778 760 religi03
801 715 863 748 sed
885 715 968 761 quia
991 715 1135 749 exhibet
1157 714 1294 749 cultum
1317 714 1491 757 divinum,
1522 714 1580 749 vel
1612 715 1670 749 cui
1695 726 1770 749 non

203 767 318 810 debet,
339 766 398 801 vel
420 778 463 801 eo
486 767 598 801 modo
622 779 693 814 quo
716 779 790 802 non
813 767 930 802 debet.

274 822 334 855 AD
360 831 511 856 PRiMUM
537 832 624 867 ergo
652 821 858 863 dicendum,
887 821 983 867 quod
1011 821 1104 855 sicut
1128 821 1267 855 bonum
1294 821 1545 867 metaphorice
1578 821 1707 856 dicitur
1734 822 1771 856 in

204 874 321 916 malis,
344 882 451 920 prout
473 874 626 908 dicimus
650 875 771 909 bonum
793 875 952 909 latronem
959 887 972 916 ;
995 875 1044 908 ita
1067 875 1176 908 etiam
1189 874 1339 908 nomina
1361 875 1532 909 virtutum
1554 875 1770 922 quandoque

203 928 465 974 transumptive
493 928 719 973 accipiuntur
744 928 780 962 in
807 928 933 971 malis3
959 928 1052 963 sicut
1077 928 1265 974 prudentia
1292 928 1509 974 quandoque
1536 929 1682 975 ponitur
1706 940 1771 976 pro

203 981 344 1023 astutia,
367 982 567 1015 secundum
597 980 698 1023 illud,
728 981 849 1015 Lucae
876 980 946 1016 16.:
969 982 1052 1016 Filii
1073 982 1168 1028 hujus
1199 982 1321 1016 saeculi
1337 981 1566 1027 prudentiores
1582 983 1666 1029 filiis
1692 982 1773 1018 lucis

201 1040 294 1070 sunt:
315 1043 349 1069 et
370 1046 433 1081 per
453 1035 551 1068 hunc
574 1034 727 1068 modum
749 1035 952 1081 superstitio
975 1035 1105 1069 dicitur
1127 1046 1204 1069 esse
1226 1034 1367 1080 religio.

275 1089 335 1123 AD
358 1099 566 1123 SECUNDUM
585 1088 791 1130 dicendum,
813 1088 909 1134 quod
931 1088 1023 1122 aliud
1041 1096 1094 1122 est
1115 1088 1341 1134 etymologia
1362 1088 1533 1131 nominis,
1553 1097 1588 1123 et
1608 1089 1700 1124 aliud
1720 1097 1774 1124 est

203 1142 420 1189 significatio
435 1142 613 1176 nominis:
632 1141 857 1188 etymologia
873 1142 969 1176 enim
979 1141 1172 1176 attenditur
1183 1141 1440 1184 secundumid,
1456 1153 1475 1176 a
1490 1153 1561 1189 quo
1575 1142 1773 1189 imponitur

207 1207 345 1230 nomen
368 1196 412 1230 ad
434 1195 732 1241 significandum:
755 1195 915 1230 nominis
933 1206 1020 1229 vero
1043 1194 1259 1241 significatio
1287 1195 1481 1230 attenditur
1502 1196 1702 1230 secundum
1726 1196 1774 1238 id,

205 1249 250 1284 ad
270 1250 367 1296 quod
390 1249 669 1295 significandum
691 1260 828 1284 nomen
848 1249 1065 1295 imponitur:
1089 1259 1180 1294 quae
1203 1248 1420 1295 quandoque
1440 1249 1578 1284 diversa
1597 1258 1774 1285 suntzno-

205 1315 290 1338 men
313 1304 411 1338 enim
432 1303 560 1350 lapidis
583 1303 781 1349 imponitur
804 1314 822 1336 a
837 1302 999 1337 laesione
1017 1302 1136 1348 pedis;
1152 1313 1225 1336 non
1247 1309 1370 1336 tamen
1388 1302 1459 1336 hoc
1475 1302 1670 1348 significan
1689 1303 1774 1337 alio-

207 1357 293 1403 quin
314 1356 461 1398 ferrum,
485 1368 569 1391 cum
590 1356 721 1402 pedem
743 1356 873 1398 laedat,
892 1356 980 1402 lapis
1003 1364 1114 1390 esset:
1138 1355 1302 1389 similiter
1324 1355 1431 1389 etiam
1450 1367 1587 1390 nomen
1608 1356 1773 1402 supersti-

205 1410 314 1445 tionis
336 1421 410 1444 non
433 1417 577 1456 oportet
599 1410 696 1456 quod
718 1409 897 1455 significet
922 1409 1022 1451 illud,
1043 1420 1062 1443 a
1085 1420 1157 1455 quo
1179 1419 1315 1442 nomen
1338 1417 1392 1443 est
1408 1409 1630 1455 impositum.

278 1465 339 1499 AD
363 1475 535 1499 TERTIUM
557 1463 764 1505 dicendum,
787 1463 884 1509 quod
906 1462 1035 1508 religio
1057 1473 1132 1496 non
1151 1469 1270 1508 potest
1290 1461 1426 1496 habere
1442 1473 1627 1497 excessum
1651 1474 1774 1497 secun-

206 1518 293 1552 dum
316 1518 554 1564 quantitatem
577 1517 800 1551 absolutam:
815 1524 934 1563 potest
948 1524 1069 1550 tamen
1092 1516 1226 1549 habere
1245 1526 1435 1550 excessum
1450 1516 1649 1550 secundum
1667 1528 1775 1563 quan-

205 1573 344 1607 titatem
379 1571 643 1619 proportionis3
671 1579 777 1618 prout
807 1570 946 1605 scilicet
971 1570 1007 1603 in
1042 1569 1139 1604 cultu
1173 1569 1295 1604 divino
1325 1569 1364 1604 fit
1397 1569 1542 1616 aliquid,
1571 1571 1668 1617 quod
1697 1570 1774 1606 fieri

206 1637 281 1660 non
300 1626 414 1661 debet.

780 1766 1125 1811 ARTICULUS
1160 1766 1216 1808 H.
1702 1777 1773 1824 498

414 1875 567 1905 UTRUM
600 1875 698 1905 SINT
732 1875 945 1904 DIVERSAE
979 1874 1335 1904 SUPERSTITIONIS
1369 1874 1555 1903 SPECIES.

795 1963 900 2009 (Jnfr.
919 1975 948 2009 q.
969 1974 1024 2009 94.
1048 1967 1112 1998 art.
1135 1963 1191 2008 L).

279 2053 340 2088 AD
367 2063 574 2087 SECUNDUM
597 2053 646 2086 sic
670 2051 887 2098 proceditur.
915 2051 1077 2093 Videtur,
1104 2050 1200 2097 quod
1227 2061 1301 2084 non
1327 2050 1398 2084 sint
1424 2050 1584 2085 diversae
1611 2050 1776 2096 supersti-

207 2107 316 2142 tionis
338 2106 496 2152 species;
520 2106 614 2151 quia,
637 2105 837 2139 secundum
859 2104 995 2139 Philos.
1018 2105 1053 2138 in
1080 2115 1107 2138 1.
1132 2103 1260 2150 Topic.
1283 2104 1371 2151 (cap.
1395 2116 1437 2150 13.
1460 2109 1533 2139 ante
1554 2104 1677 2149 med.):
1703 2103 1775 2137 «Si

209 2172 321 2195 unum
344 2160 597 2206 oppositorum
619 2159 749 2192 dicitur
764 2158 1021 2204 multipliciter,
1044 2166 1078 2192 et
1100 2158 1278 2204 reliquum
1298 2171 1315 2190 >³
1330 2171 1336 2192 :
1353 2158 1415 2192 sed
1434 2157 1575 2203 religio,
1594 2158 1652 2191 cui
1666 2168 1777 2203 oppo-

208 2214 303 2249 nitur
324 2213 543 2259 superstitio,
565 2223 639 2246 non
662 2212 770 2246 habet
792 2212 950 2246 diversas
972 2211 1123 2257 species,
1142 2211 1203 2245 sed
1231 2222 1360 2245 omnes
1383 2212 1458 2256 ejus
1477 2219 1578 2245 actus
1600 2210 1643 2246 ad
1665 2221 1774 2245 unam

209 2267 370 2314 speciem
392 2265 613 2308 referuntur;
637 2277 724 2311 ergo
747 2277 812 2299 nec
836 2265 1042 2311 superstitio
1064 2265 1173 2298 habet
1195 2265 1354 2299 diversas
1376 2264 1526 2310 species.

281 2330 312 2354 2.
335 2320 573 2354 PRAETEREA.
596 2319 776 2365 Opposita
791 2326 873 2352 sunt
895 2319 990 2352 circa
1006 2319 1121 2361 idem3
1144 2318 1206 2352 sed
1221 2317 1362 2367 religio,
1379 2319 1434 2352 cui
1450 2317 1645 2364 opponitur
1658 2328 1777 2364 supcr-

211 2374 321 2416 stitio‚
345 2382 398 2408 est
416 2374 511 2408 circa
534 2384 586 2415 ea,
610 2373 738 2418 quibus
761 2372 972 2406 ordinamur
993 2372 1029 2405 in
1050 2373 1184 2414 Deum,
1206 2379 1244 2405 ut
1269 2383 1375 2417 supra
1397 2371 1561 2405 habitum
1585 2379 1636 2405 est
1657 2371 1704 2417 (q.
1723 2372 1773 2406 SI.

210 2433 275 2463 art.
299 2428 367 2472 1.);
390 2438 465 2461 non
496 2437 583 2471 ergo
614 2426 751 2471 species
774 2425 1048 2471 superstitionis,
1083 2436 1174 2471 quae
1197 2425 1390 2470 opponitur
1420 2424 1597 2470 religioni,
1627 2432 1777 2470 possunt

211 2481 346 2515 attendi
365 2480 565 2515 secundum
589 2479 725 2525 aliquas
749 2479 988 2512 divinationes
1007 2479 1252 2512 humanorum
1268 2486 1475 2520 eventuum,
1497 2477 1554 2511 vel
1575 2477 1775 2512 secundum

213 2534 351 2580 aliquas
374 2533 646 2568 observationes
665 2533 911 2566 humanorum
935 2540 1092 2565 actuum.

287 2600 314 2634 3.
338 2589 574 2622 PRAETEREA.
598 2587 654 2620 Ad
683 2586 922 2620 Colossenses
946 2587 1105 2620 secundo
1128 2597 1235 2632 super
1260 2585 1366 2620 illud:
1396 2587 1492 2629 Quae
1517 2589 1590 2620 snut
1612 2586 1776 2619 rationem

210 2643 362 2676 lmlwnticz
388 2643 564 2686 sapientiae
595 2642 626 2674 in
654 2641 894 2686 superstitiom,
923 2640 1007 2673 dicit
1036 2639 1169 2673 Glossa
1197 2639 1321 2684 (ordin.
1349 2640 1503 2673 Ambros.
1532 2640 1564 2672 in
1587 2639 1649 2684 fin.
1676 2639 1777 2684 cap),

214 2709 230 2727 ε(
249 2695 339 2729 idest
361 2695 395 2728 in
412 2694 579 2729 simulata
595 2693 769 2739 religione
792 2706 829 2735 »3
847 2704 933 2737 ergo
950 2694 1058 2727 etiam
1074 2693 1258 2727 simulatio
1279 2693 1384 2727 debet
1399 2693 1485 2739 poni
1503 2693 1641 2739 species
1656 2703 1776 2738 super-

211 2749 377 2783 stitionis.

284 2802 358 2837 SED
382 2812 537 2837 CONTRA
560 2809 623 2843 cst,
646 2801 741 2847 quod
765 2800 917 2845 August.
941 2799 974 2833 in
999 2809 1029 2832 2.
1053 2800 1095 2833 de
1114 2800 1289 2834 Doctrina
1313 2800 1446 2834 Christ.
1464 2800 1552 2846 (cap.
1574 2811 1629 2835 20.
1651 2811 1700 2834 21.
1721 2810 1774 2834 22.

213 2867 259 2901 23.
281 2862 310 2891 ct
331 2856 402 2900 24.)
425 2856 583 2890 diversas
606 2855 744 2901 species
763 2853 1025 2900 superstitionis
1049 2853 1216 2898 assignat.
