1859 3122
531 175 752 212 QUAESTIO
787 175 887 206 cm.
921 175 1164 206 ARTICULUS
1198 175 1258 205 111.
1592 165 1673 220 983

183 257 242 292 AD
261 267 409 292 PRIMUM
437 268 524 303 ergo
552 258 757 301 dicendum,
785 258 881 305 quod
918 258 1087 293 homines
1114 270 1155 294 ex
1182 270 1245 293 sua
1272 258 1457 294 nativitate
1483 259 1617 294 habent
1643 260 1677 294 id

114 311 210 358 quod
238 319 291 346 est
317 311 502 346 materiale
531 313 565 345 in
592 313 807 357 virginitate,
834 312 971 347 scilicet
997 313 1240 357 integritatem
1270 313 1386 346 carnis
1408 313 1610 347 immunem
1634 314 1676 347 ab

115 365 361 411 experimento
383 377 640 400 venereorum:
664 377 738 400 non
760 374 883 401 tamen
905 366 1038 400 habent
1060 366 1092 400 id
1112 366 1207 412 quod
1231 374 1284 401 est
1304 366 1457 400 formale
1480 368 1515 400 in
1537 367 1680 413 virgini-

113 426 197 460 tate,
219 426 257 453 ut
278 417 416 453 scilicet
430 418 586 453 habeant
608 420 833 465 propositum
856 419 1022 454 servandi
1037 419 1248 465 hujusmodi
1267 420 1511 465 integritatem
1532 428 1678 466 propter

113 472 252 507 Deum:
276 480 310 507 et
332 484 372 507 ex
393 473 465 507 hoc
484 473 593 507 habet
615 474 792 508 rationem
815 474 976 516 virtutis;
999 474 1092 508 unde
1115 474 1268 519 August.
1292 474 1377 508 dicit
1399 475 1434 508 in
1455 474 1514 508 lib.
1538 475 1580 508 de
1605 474 1680 508 Vir-

115 526 263 572 ginitate
287 526 372 573 (cap.
395 528 480 571 11.):
507 527 616 561 «Nec
640 539 706 561 nos
728 528 798 562 hoc
826 528 861 561 in
888 528 1085 573 virginibus
1112 528 1372 573 praedicamus,
1399 529 1495 574 quod
1522 528 1679 574 virgines

114 587 207 622 sunt,
229 580 290 614 sed
314 580 411 626 quod
432 580 513 615 Deo
533 580 672 615 dicatae
696 581 752 627 pia
775 581 997 615 continentia
1020 582 1176 627 virgines
1198 590 1328 616 sunt».

186 633 245 668 An
279 644 486 669 SECUNDUM
516 634 721 676 dicendum,
752 635 848 680 quod
878 635 1056 669 connexio
1083 635 1256 669 virtutum
1285 635 1458 681 accipitur
1479 634 1680 670 secundum

115 686 215 729 illud,
239 687 335 733 quod
358 695 410 722 est
432 687 584 722 formale
607 688 642 721 in
664 688 864 730 virtutibus,
888 688 978 723 idest
1004 689 1203 723 secundum
1230 689 1456 731 charitatem,
1478 689 1535 723 vel
1558 700 1682 723 secun-

116 741 202 774 dum
224 741 464 787 prudentiam,
480 749 517 775 ut
533 752 638 787 supra
661 742 823 775 habitum
847 750 899 776 est
917 742 961 788 (q.
978 754 1050 787 129.
1067 748 1130 777 art.
1145 755 1171 788 3.
1188 742 1229 776 ad
1248 743 1310 787 2.),
1326 754 1400 776 non
1421 751 1541 777 autern
1556 753 1681 777 secun-

116 794 202 828 dum
224 794 259 828 id
281 795 378 841 quod
401 802 453 829 est
476 794 660 829 materiale
683 795 718 828 in
740 795 947 829 virtutibus:
969 795 1059 829 nihil
1082 796 1179 830 enim
1201 796 1368 842 prohibet
1389 795 1497 830 alicui
1518 796 1679 830 virtuoso

116 856 305 894 suppetere
321 848 510 882 materiam
528 848 632 882 unius
646 848 797 890 virtutis,
815 860 889 882 non
905 857 1025 882 autem
1047 849 1237 883 materiam
1254 849 1413 883 alterius:
1438 849 1528 883 sicut
1542 860 1678 895 pauper

116 901 224 936 habet
246 902 436 936 materiam
459 901 730 947 temperantiae,
757 913 830 936 non
854 910 973 936 autem
1001 903 1191 936 materiam
1219 902 1530 948 magnificentiae3
1553 911 1587 937 et
1608 903 1680 936 hoc

117 954 228 989 modo
255 955 363 989 alicui
388 955 535 989 habenti
562 954 649 989 alias
675 955 823 989 virtutes
842 955 941 989 deest
960 955 1111 989 materia
1132 956 1357 1001 virginitatis,
1384 956 1475 990 idest
1496 956 1681 1002 praedicta

116 1008 303 1054 integritas
326 1008 461 1042 carnis:
484 1016 605 1042 tamen
628 1016 747 1053 potest
777 1008 810 1041 id
831 1008 927 1054 quod
943 1016 995 1042 est
1016 1008 1169 1042 formale
1188 1009 1223 1042 in
1242 1009 1457 1054 virginitate,
1475 1009 1619 1051 habere,
1641 1017 1679 1044 ut

119 1061 258 1096 scilicet
278 1062 409 1096 habeat
435 1063 470 1095 in
497 1061 770 1107 praeparatione
794 1061 924 1095 mentis
950 1061 1154 1107 praedictae
1176 1062 1388 1107 integritatis
1411 1063 1680 1097 conservandae

118 1115 356 1162 propositum,
385 1115 415 1149 si
443 1115 514 1149 hoc
544 1114 611 1149 sibi
637 1122 878 1160 competeret:
908 1115 999 1149 sicut
1028 1127 1164 1161 pauper
1192 1123 1309 1161 potest
1339 1115 1376 1149 in
1405 1116 1679 1162 praeparatione

119 1169 232 1202 animi
249 1169 382 1202 habere
399 1169 624 1214 propositum
643 1168 858 1213 magnificos
880 1176 1043 1214 sumptus
1065 1168 1231 1211 faciendi,
1253 1169 1283 1203 si
1301 1169 1367 1203 sibi
1386 1176 1625 1215 competeret:
1647 1177 1681 1203 et

118 1222 283 1256 similiter
302 1221 375 1263 ille,
390 1221 450 1268 qui
469 1229 522 1256 est
540 1221 575 1255 in
594 1222 842 1268 prosperitate,
865 1221 973 1256 habet
986 1222 1021 1256 in
1035 1223 1310 1269 praeparatione
1328 1223 1439 1256 animi
1454 1223 1680 1269 propositum

117 1275 266 1310 adversa
287 1275 549 1321 aequanimiter
567 1275 765 1309 tolerandi:
790 1283 824 1310 et
845 1275 921 1310 sine
943 1275 1011 1310 hac
1034 1276 1308 1322 praeparatione
1329 1276 1441 1310 animi
1461 1287 1535 1311 non
1558 1284 1676 1323 potest

118 1339 195 1363 esse
218 1327 346 1375 aliquis
367 1328 558 1363 virtuosus.
752 1339 755 1340 ⁷

189 1382 249 1417 AD
278 1392 449 1417 TERTIUM
483 1382 688 1423 dicendum,
718 1382 814 1428 quod
841 1383 952 1417 virtus
979 1394 1042 1428 per
1075 1383 1336 1429 poenitentiam
1368 1383 1526 1428 reparari
1552 1391 1682 1429 potest,

121 1444 295 1482 quantum
319 1435 362 1469 ad
383 1435 418 1469 id
441 1435 536 1482 quod
561 1442 612 1470 est
633 1435 786 1469 formale
808 1435 844 1469 in
866 1436 1007 1478 virtute,
1030 1447 1104 1470 non
1127 1445 1247 1471 autem
1271 1445 1442 1483 quantum
1468 1437 1511 1470 ad
1530 1436 1564 1470 id
1584 1436 1681 1483 quod

120 1497 174 1524 est
195 1488 380 1524 materiale
402 1489 438 1522 in
457 1489 552 1535 ipsa:
567 1500 641 1522 non
664 1491 761 1523 enim
776 1489 804 1523 si
823 1490 900 1535 quis
921 1490 1135 1535 magnificus
1153 1491 1418 1536 consumpserit
1432 1490 1573 1524 divitias
1588 1502 1682 1532 suas,

121 1553 184 1589 per
204 1542 466 1589 poenitentiam
487 1542 627 1588 peccati
648 1544 882 1576 restituuntur
899 1544 932 1577 ei
954 1543 1115 1577 divitiae:
1139 1551 1174 1577 et
1194 1543 1357 1578 similiter
1377 1543 1437 1577 ille
1460 1544 1520 1590 qui
1541 1543 1686 1589 virgini-

120 1604 233 1631 tatem
254 1596 439 1642 peccando
463 1595 592 1637 amisit,
609 1607 670 1641 per
686 1595 946 1641 poenitentiam
960 1608 1034 1630 non
1050 1605 1237 1643 recuperat
1250 1597 1463 1643 virginitatis
1478 1597 1680 1639 materiam,

121 1650 184 1684 sed
206 1657 394 1695 recuperat
414 1649 627 1695 virginitatis
650 1649 895 1695 propositum:
919 1649 1014 1683 circa
1036 1650 1226 1684 materiam
1248 1658 1368 1684 autem
1387 1650 1601 1695 virginitatis
1628 1658 1682 1684 est

123 1703 270 1749 aliquid,
286 1702 381 1748 quod
399 1702 616 1736 miraculose
640 1703 797 1748 reparari
818 1703 949 1749 poterit
963 1703 1142 1744 divinitus,
1159 1703 1296 1737 scilicet
1310 1703 1494 1749 integritas
1517 1704 1683 1746 membri,

121 1768 230 1803 quarn
252 1756 405 1790 dicimus
433 1756 702 1790 accidentaliter
717 1767 754 1790 se
770 1757 813 1790 ad
827 1757 1071 1801 virginitatem
1086 1757 1237 1791 habere:
1255 1756 1349 1790 aliud
1367 1765 1487 1791 autern
1503 1765 1566 1798 est,
1583 1757 1680 1803 quod

121 1821 187 1844 nec
210 1809 428 1844 miraculose
451 1809 608 1856 reparari
630 1817 758 1855 potest,
780 1817 819 1844 ut
840 1809 979 1844 scilicet
998 1810 1058 1856 qui
1081 1818 1244 1856 expertus
1267 1818 1320 1844 est
1333 1810 1556 1856 voluptatem
1578 1821 1684 1844 vene-

123 1875 235 1905 ream,
257 1863 319 1897 fiat
339 1874 413 1897 non
433 1871 612 1909 expertus:
635 1874 709 1897 non
733 1863 829 1897 enirn
850 1864 949 1898 Deus
972 1872 1091 1910 potest
1107 1863 1237 1906 facere,
1260 1872 1298 1898 ut
1313 1875 1354 1898 ea
1376 1876 1467 1910 quae
1482 1864 1576 1898 facta
1590 1871 1682 1906 sunt,

121 1928 195 1952 non
217 1917 287 1952 sint
307 1916 413 1958 facta,
435 1925 473 1951 ut
494 1917 529 1950 in
556 1928 583 1952 1.
601 1917 765 1951 habiturn
787 1925 840 1951 est
861 1918 908 1963 (q.
930 1929 977 1963 25.
997 1923 1060 1952 art.
1081 1918 1144 1962 4.).

192 1970 252 2006 AD
275 1981 463 2010 QUARTUM
485 1971 690 2013 dicendum,
713 1971 809 2017 quod
830 1971 1028 2017 virginitas,
1055 1971 1253 2006 secundum
1277 1972 1374 2018 quod
1401 1980 1453 2005 est
1474 1971 1596 2013 virtus,
1618 1971 1682 2005 im-

123 2032 241 2071 portat
261 2025 490 2071 propositum
511 2032 598 2058 voto
614 2024 796 2058 firmatum
818 2024 1030 2070 integritatis
1045 2033 1219 2071 perpetuo
1239 2025 1454 2059 servandae:
1479 2025 1564 2059 dicit
1585 2025 1682 2059 enirn

123 2078 276 2123 August.
299 2078 335 2111 in
357 2078 417 2112 lib.
441 2078 483 2111 de
498 2077 664 2123 Virginit.
687 2078 776 2125 (cap.
797 2078 859 2122 8.),
875 2078 971 2124 quod
990 2091 1007 2110 ‹<
1028 2089 1091 2124 per
1105 2078 1348 2124 virginitatem
1365 2079 1549 2124 integritas
1565 2078 1681 2112 carnis
1732 2096 1735 2099 ·

123 2131 191 2177 ipsi
213 2130 379 2165 Creatori
402 2132 556 2172 animae,
579 2139 614 2165 et
635 2131 750 2165 carnis
765 2139 927 2173 vovetur,
950 2140 1193 2174 consecratur,
1215 2140 1376 2166 servatur
1397 2145 1438 2174 »3
1460 2132 1554 2166 unde
1575 2131 1682 2177 virgi-

124 2184 228 2226 nitas,
250 2185 449 2218 secundum
473 2184 569 2230 quod
591 2192 644 2218 est
664 2185 787 2226 virtus,
809 2196 1009 2231 numquam
1032 2186 1216 2228 amittitur,
1238 2186 1305 2220 nisi
1326 2197 1387 2232 per
1409 2194 1610 2232 peccatum.

197 2238 256 2271 AD
269 2248 449 2277 QUINTUM
466 2238 670 2280 dicendum,
685 2238 781 2284 quod
797 2238 939 2272 castitas
951 2238 1151 2284 conjugalis
1167 2251 1208 2273 ex
1222 2239 1294 2273 hoc
1309 2238 1389 2273 solo
1406 2239 1514 2272 habet
1528 2238 1684 2280 laudem,

125 2291 222 2337 quod
246 2291 399 2325 abstinet
420 2291 462 2325 ab
485 2290 617 2325 illicitis
638 2291 900 2337 voluptatibu33
920 2292 1013 2326 unde
1027 2303 1101 2326 non
1123 2292 1232 2327 habet
1254 2292 1412 2338 aliquam
1434 2292 1685 2326 excellentiam

125 2355 232 2390 supra
255 2355 491 2378 communem
514 2344 734 2378 castitatem:
749 2344 902 2379 viduitas
926 2353 1045 2379 autem
1068 2345 1166 2380 addit
1187 2346 1332 2392 quidem
1356 2345 1487 2391 aliquid
1507 2357 1613 2391 supra
1633 2356 1687 2380 ca-

126 2397 283 2432 stitatem
307 2408 558 2431 communem:
581 2409 655 2431 non
676 2405 797 2432 tamen
819 2399 981 2444 pervenit
1002 2398 1045 2432 ad
1072 2399 1118 2440 id,
1142 2399 1238 2445 quod
1262 2407 1314 2433 est
1334 2398 1532 2445 perfectum
1554 2399 1590 2432 in
1612 2410 1687 2432 ma-

125 2451 215 2485 teria
231 2451 310 2492 ista,
329 2450 467 2485 scilicet
489 2451 531 2484 ad
548 2451 799 2484 omnimodam
814 2451 1080 2485 immunitatem
1101 2463 1276 2486 venereae
1298 2451 1503 2498 voluptatis,
1522 2451 1583 2485 sed
1606 2451 1685 2485 sola

126 2504 329 2549 virginitas3
347 2512 380 2538 et
394 2505 474 2538 ideo
491 2504 568 2538 sola
582 2504 766 2550 virginitas
782 2505 926 2550 ponitur
939 2507 1050 2539 virtus
1065 2506 1229 2552 specialis
1245 2517 1350 2552 supra
1366 2505 1580 2547 castitatem,
1595 2505 1687 2539 sicut

129 2558 396 2604 magnificentia
420 2569 525 2604 supra
547 2557 808 2592 liberalitatem.
