1859 3122
461 195 683 230 Qum-:svo
716 194 830 224 LXVI.
864 193 1107 224 ARTICULUS
1140 193 1200 223 111.
1523 181 1606 237 489

51 276 177 322 possis,
200 284 234 311 et
256 276 441 310 abundans
469 277 527 318 sis,
550 276 791 322 indigentibus
813 276 1025 321 denegare»
1043 288 1050 318 3
1073 286 1160 321 ergo
1183 275 1274 309 sicut
1295 274 1427 309 furtum
1448 275 1611 309 consistit

51 330 86 363 in
106 330 317 376 acceptione
340 330 389 364 rei
414 329 563 371 alienae,
586 330 633 363 ita
653 330 760 364 etiam
784 330 818 362 in
842 330 1049 364 detentione
1072 329 1190 375 ipsius.

126 395 154 429 3.
178 383 412 417 PRAETEREA.
451 383 573 416 Homo
605 392 721 429 potest
749 383 868 417 furtim
894 384 935 416 ab
960 383 1030 416 alio
1064 383 1227 428 accipere
1257 383 1365 416 ctiam
1388 383 1483 428 quod
1506 394 1608 417 suum

51 444 122 477 est·,
145 445 228 482 puta
257 448 331 470 rem
356 448 464 482 quam
488 437 580 482 apud
605 437 714 470 alium
739 437 916 482 deposuit,
939 437 995 470 vel
1018 448 1108 482 quae
1128 445 1179 470 est
1199 437 1240 469 ab
1262 448 1304 470 eo
1326 437 1453 481 injuste
1473 436 1609 479 ablata,

49 500 122 523 non
146 498 197 523 est
217 501 303 534 crgo
327 490 370 523 de
393 491 530 523 ratione
553 490 645 531 furti,
675 491 768 536 quod
793 491 837 524 sit
859 490 1000 524 occulta
1025 490 1187 535 acceptio
1211 490 1258 523 rei
1283 490 1433 524 alienae.

122 543 195 577 SED
219 553 372 577 CONTRA
397 551 458 583 est,
483 544 577 589 quod
600 544 681 577 Isid.
706 544 791 577 dicit
814 544 847 576 in
872 543 929 576 lib.
959 554 1009 577 10.
1032 543 1189 588 Etymol.
1214 543 1273 587 (ud
1295 544 1342 577 lit.
1366 545 1425 586 ff).-
1459 557 1475 575 «
1499 543 1568 577 Fur
1591 555 1608 577 a

49 594 152 629 furvo
174 596 289 629 dictus
313 604 374 637 est,
399 597 489 630 idest
511 608 529 630 a
551 596 672 630 fusco:
696 608 781 630 nam
804 597 919 630 noctis
943 597 1052 630 utitur
1073 604 1282 641 tempore».

120 649 350 684 RESPONDEO
374 650 579 691 dicendum,
608 650 702 695 quod
727 650 769 683 ad
793 649 971 683 rationem
992 648 1074 682 furti
1097 651 1161 682 tria
1186 658 1426 683 concurrunt:
1455 661 1608 695 quorum

42 703 192 748 primum
217 703 388 737 convenit
409 704 486 743 sibi,
509 703 708 737 secundum
730 703 826 748 quod
850 703 1088 736 contrariatur
1114 702 1280 747 justitiae,
1304 714 1394 748 quae
1416 703 1610 749 unicuique

48 755 170 789 tribuit
184 757 280 801 quod
295 768 399 790 suum
417 765 488 798 est;
511 765 545 790 et
567 768 609 790 ex
628 756 698 790 hoc
715 756 889 801 competit
903 755 946 797 ei,
962 755 1057 800 quod
1078 763 1224 801 usurpat
1240 755 1414 797 alienum3
1436 757 1608 790 secundum

48 819 134 842 vero
150 809 303 854 pertinet
325 810 367 843 ad
392 810 570 843 rationem
585 808 678 850 furti,
694 817 799 854 prout
815 809 1045 853 distinguitur
1060 820 1078 841 a
1098 809 1267 854 peccatis,
1283 820 1374 854 quae
1389 817 1470 843 sunt
1485 818 1610 844 contra

49 873 262 907 personam;
285 863 376 896 sicut
396 863 437 896 ab
460 863 673 904 homicidio,
689 871 722 896 et
738 862 930 903 adulterim
954 870 988 896 et
1009 862 1209 896 secundum
1223 862 1294 895 hoc
1313 863 1487 908 competit
1504 862 1611 905 furto,

48 915 144 960 quod
167 915 212 949 sit
234 916 329 949 circa
352 927 428 951 rem
451 927 674 962 possessam:
698 915 726 950 si
749 916 826 961 quis
843 915 940 949 enirn
960 915 1113 961 accipiat
1131 915 1166 948 id
1185 916 1281 961 quod
1297 924 1350 949 est
1365 915 1521 958 alterius,
1537 928 1610 950 non

48 968 149 1014 quasi
178 969 369 1014 possessio,
391 970 452 1003 sed
475 969 577 1015 quasi
605 980 686 1015 pars
718 970 826 1009 (sicut
848 969 876 1003 si
899 977 1062 1014 amputet
1090 969 1324 1010 membrum),
1348 969 1406 1003 vel
1428 970 1519 1003 sicut
1537 982 1612 1016 per-

47 1033 137 1055 sona
160 1024 353 1067 conjuncta
376 1024 430 1067 (ut
457 1023 487 1057 si
514 1022 650 1057 auferat
672 1022 794 1064 filiam,
817 1022 875 1056 vel
897 1022 1076 1066 uxorem),
1106 1033 1180 1055 non
1206 1022 1315 1056 habet
1337 1023 1480 1068 proprie
1503 1024 1612 1057 ratio-

47 1086 131 1109 nem
153 1075 258 1109 furti:
282 1078 378 1111 tertia
401 1076 601 1110 differentia
625 1085 687 1118 est,
712 1088 804 1122 quae
827 1076 986 1122 complet
1012 1076 1191 1109 rationem
1218 1075 1312 1117 furti,
1335 1084 1372 1110 ut
1394 1076 1531 1110 scilicet
1553 1088 1612 1110 oc-

49 1128 143 1162 culte
177 1137 366 1175 usurpetur
396 1129 574 1172 alienum3
615 1139 650 1164 et
684 1130 885 1164 secundum
919 1130 990 1163 hoc
1026 1129 1169 1175 propria
1197 1129 1288 1163 ratio
1310 1129 1393 1164 furti
1420 1138 1482 1172 est,
1506 1139 1542 1164 ut
1564 1131 1608 1165 sit

49 1181 192 1215 occulta
215 1183 377 1228 acceptio
400 1183 452 1217 rei
474 1183 623 1217 alienae.

116 1235 176 1269 AD
203 1245 351 1270 PRIMUM
374 1247 460 1282 ergo
482 1237 689 1278 dicendum,
712 1236 807 1282 quod
831 1235 1027 1270 occultatio
1050 1237 1241 1282 quandoque
1262 1236 1408 1283 quidem
1429 1245 1480 1271 est
1499 1248 1606 1271 causa

45 1289 203 1334 peccati;
230 1297 315 1335 puta
342 1301 425 1323 cum
452 1291 529 1335 quis
556 1291 664 1324 utitur
691 1289 934 1324 occultatione
958 1290 1001 1323 ad
1028 1291 1265 1335 peccandum,
1293 1290 1384 1323 sicut
1411 1290 1541 1324 accidit
1567 1291 1602 1323 in

46 1340 182 1384 fraude,
205 1350 239 1376 et
260 1341 366 1384 dolo;
389 1351 424 1377 et
444 1343 514 1376 hoc
538 1343 649 1377 modo
672 1355 745 1377 non
769 1343 945 1382 diminuit,
969 1344 1030 1376 sed
1054 1344 1238 1377 constituit
1265 1344 1423 1389 speciem
1445 1344 1605 1389 peccati3

46 1403 82 1429 et
102 1395 150 1430 ita
172 1404 224 1430 est
245 1397 280 1429 in
301 1395 413 1430 furto:
437 1397 502 1431 alio
524 1397 619 1431 modo
642 1397 838 1431 occultatio
863 1405 915 1431 est
936 1396 1090 1442 simplex
1110 1397 1379 1431 circumstantia
1401 1397 1557 1443 peccati,
1574 1406 1608 1431 et

47 1449 98 1482 sic
126 1449 293 1483 diminuit
318 1458 526 1496 peccatum:
554 1458 632 1484 tum
659 1452 741 1497 quia
769 1451 912 1496 signum
935 1451 1174 1484 verecundiae
1202 1459 1272 1492 est3
1299 1458 1377 1484 tum
1404 1451 1486 1496 quia
1513 1450 1607 1484 tollit

47 1502 270 1537 scandalum.

118 1556 177 1590 AD
193 1567 398 1591 SECUNDUM
417 1557 622 1598 dicendum,
646 1558 742 1603 quod
765 1557 922 1591 detinere
944 1557 979 1590 id
1001 1557 1097 1602 quod
1125 1557 1226 1590 alteri
1252 1557 1411 1598 debetur,
1440 1557 1606 1591 eamdem

45 1611 223 1643 rationem
248 1611 461 1644 nocumenti
486 1610 594 1644 habet
620 1622 703 1644 cum
730 1611 941 1656 acceptione
962 1611 1111 1656 injusta3
1139 1619 1173 1645 et
1199 1611 1280 1645 ideo
1305 1611 1367 1644 sub
1394 1611 1524 1656 injusta
1553 1622 1606 1644 ac-

47 1663 213 1708 ceptione
234 1663 446 1709 intelligitur
465 1664 574 1697 etiam
597 1664 726 1708 injusta
750 1664 919 1698 detentio.

116 1716 176 1750 AD
193 1726 363 1750 TERTIUM
383 1716 587 1758 dicendum,
604 1717 699 1762 quod
722 1717 812 1750 nihil
834 1717 1011 1763 prohibet,
1026 1717 1061 1750 id
1077 1717 1173 1763 quod
1191 1725 1242 1751 est
1260 1717 1471 1764 simpliciter
1490 1717 1605 1759 unius,

45 1770 243 1804 secundum
262 1771 346 1816 quid
366 1781 442 1805 esse
469 1770 629 1805 alterius:
653 1772 743 1805 sicut
765 1782 819 1805 res
842 1771 1004 1817 deposita
1027 1779 1079 1805 est
1100 1771 1310 1817 simpliciter
1332 1771 1476 1817 quidem
1500 1772 1605 1817 depo-

45 1823 180 1865 nentis;
203 1824 264 1857 sed
279 1832 332 1857 est
350 1825 437 1869 ejus,
453 1825 546 1870 apud
561 1836 669 1870 quem
685 1824 886 1870 deponitur,
902 1832 1075 1870 quantum
1092 1824 1135 1858 ad
1155 1825 1372 1858 custodiam:
1397 1833 1431 1859 et
1451 1825 1485 1858 id
1508 1825 1604 1870 quod

46 1884 100 1910 est
119 1887 181 1922 per
202 1877 365 1922 rapinam
389 1876 560 1920 ablatum,
585 1886 637 1912 est
660 1878 842 1924 rapientis,
864 1889 937 1912 non
960 1877 1180 1924 simpliciter,
1203 1878 1264 1912 sed
1287 1886 1461 1924 quantum
1484 1879 1526 1912 ad
1550 1878 1607 1911 de-

45 1936 258 1964 tentionem.

585 2072 928 2117 ARTICULUS
963 2073 1038 2116 IV.
1536 2095 1596 2131 371

77 2180 228 2210 UTRUM
255 2180 448 2220 FURTUM,
474 2181 529 2209 ET
557 2181 713 2211 RAPINA
741 2181 838 2212 SINT
866 2180 1067 2210 PECCATA
1095 2180 1383 2210 DIFFERENTIA
1412 2180 1571 2210 SPECIE.

205 2267 308 2312 (Infr.
327 2272 390 2301 art.
413 2279 444 2313 9.
467 2273 558 2313 corp.
573 2272 600 2302 et
621 2279 650 2313 q.
673 2279 718 2314 73.
741 2272 804 2302 art.
830 2278 858 2301 1.
882 2274 970 2313 corp.
993 2272 1020 2302 et
1041 2267 1082 2301 ad
1103 2279 1133 2302 2.
1156 2272 1186 2301 εἰ
1206 2279 1236 2301 2.
1258 2267 1335 2301 Cor.
1362 2267 1434 2312 13).

116 2354 176 2389 AD
191 2365 378 2394 QUARTUM
399 2355 449 2389 sic
472 2356 687 2401 proceditur.
702 2356 865 2398 Videtur,
881 2356 977 2402 quod
993 2355 1140 2397 furtum,
1163 2364 1197 2389 et
1218 2355 1341 2400 rapina
1356 2366 1429 2388 non
1445 2354 1513 2387 sint
1526 2364 1605 2399 pec-

49 2415 126 2442 cata
147 2407 346 2442 differentia
367 2409 506 2454 specie3
528 2409 662 2443 furtum
685 2410 793 2451 enim,
816 2418 850 2443 et
870 2410 995 2455 rapina
1017 2409 1185 2443 differunt
1205 2409 1404 2443 secundum
1427 2407 1598 2447 occultum,

49 2469 83 2495 et
106 2463 334 2507 manifestum:
361 2462 496 2496 furtum
524 2463 620 2497 enirn
650 2464 823 2509 importat
853 2463 1036 2497 occultam
1064 2462 1333 2507 acceptionem3
1364 2461 1487 2505 rapina
1516 2471 1602 2494 vero

47 2514 254 2557 violentam,
281 2525 315 2550 et
341 2515 589 2558 manifestam3
619 2517 681 2550 sed
707 2517 743 2549 in
771 2516 848 2550 aliis
876 2517 1064 2561 generibus
1098 2524 1332 2562 peccatorum
1367 2514 1540 2554 occultum,
1568 2521 1602 2546 et

47 2569 139 2601 mani
155 2573 254 2603 astum
276 2580 350 2602 non
373 2569 612 2603 diversificant
634 2570 812 2615 speciem3
842 2581 928 2615 ergo
950 2569 1096 2611 furtum,
1119 2577 1153 2602 et
1173 2568 1296 2614 rapina
1318 2578 1390 2601 non
1418 2575 1499 2600 sunt
1524 2577 1603 2612 pec-

49 2628 127 2654 cata
148 2622 265 2667 specie
288 2622 437 2656 diversa.

119 2683 149 2707 2.
183 2674 416 2709 PRAETEREA.
444 2675 596 2709 Moralia
622 2676 799 2721 recipiunt
831 2676 990 2721 speciem
1019 2687 1037 2708 a
1065 2675 1146 2716 fine,
1177 2683 1214 2708 ut
1246 2684 1349 2718 supra
1384 2673 1518 2706 dictum
1551 2680 1603 2706 est

50 2725 114 2768 (l-2
136 2738 165 2772 q.
187 2737 215 2760 Ι.
238 2733 300 2761 art.
316 2740 343 2773 3.
371 2734 401 2762 et
421 2740 449 2773 q.
472 2730 522 2763 18.
545 2734 609 2763 art.
625 2730 673 2773 6.)
690 2742 699 2762 :
714 2730 775 2762 sed
789 2728 934 2770 furtum,
957 2737 991 2762 et
1011 2729 1133 2773 rapina
1150 2728 1358 2761 ordinantur
1374 2726 1416 2758 ad
1433 2725 1602 2759 eumdem

0 2798 2 2818 ,
49 2777 168 2821 finem,
190 2780 328 2814 scilicet
351 2781 392 2814 ad
414 2781 622 2815 habendum
645 2781 781 2823 aliena;
805 2793 891 2826 ergo
914 2793 987 2814 non
1010 2780 1176 2814 differunt
1196 2779 1325 2824 specie.

0 2827 1 2831 ¹
122 2843 150 2877 3.
176 2832 410 2867 PRAETEREA.
441 2833 541 2868 Sicut
564 2834 699 2879 rapitur
727 2834 859 2879 aliquid
883 2835 925 2867 ad
948 2833 1217 2879 possidendum,
1244 2832 1292 2865 ita
1318 2831 1452 2877 rapitur
1472 2831 1603 2865 mulier

52 2885 95 2918 ad
120 2885 391 2928 delectandum3
413 2887 507 2920 unde
530 2895 564 2921 et
584 2887 742 2921 Isidorus
765 2887 850 2921 dicit
869 2887 905 2920 in
927 2886 985 2920 lib.
1012 2896 1062 2920 10·
1085 2884 1242 2931 Etymol.
1267 2884 1325 2929 (ad
1345 2885 1392 2919 lit.
1420 2886 1477 2930 R),
1505 2885 1601 2930 quod
