1859 3122
184 166 262 208 128
642 179 862 213 QUAESTIO
895 180 966 209 XV.
1000 180 1244 210 ARTICULUS
1276 181 1304 210 Ι.

700 404 1053 464 QUAESTIO
1095 405 1207 451 XV.

317 525 381 556 DE
419 525 559 557 VITHS
599 525 832 557 OPPOSITIS
870 527 1132 566 SCIENTIAE,
1173 527 1233 558 ET
1260 528 1587 567 INTELLEGTUI,

602 596 654 626 IN
690 597 805 628 TRES
832 597 1092 629 ARTICULOS
1131 598 1305 630 DIVISA.

246 735 388 769 Deinde
411 736 715 770 considerandum
737 745 790 770 est
811 737 854 771 de
881 737 974 771 vitiis
997 737 1170 783 oppositis
1193 737 1374 782 scientiae,
1403 745 1437 772 et
1461 737 1677 772 intellectui:
1699 747 1734 773 et

176 788 259 834 quia
281 789 324 822 de
346 789 562 834 ignorantia,
584 800 676 835 quae
703 790 894 835 opponitur
921 791 1103 832 scientiae,
1131 791 1266 824 dictum
1294 798 1346 824 est
1371 802 1478 836 supra
1501 791 1576 834 (1-2.
1599 803 1628 837 q.
1648 792 1732 838 76),

176 853 260 875 cum
274 842 317 876 de
333 844 449 876 causis
464 851 697 888 peccatorum
716 851 892 889 ageretur,
908 844 1154 889 quaerendum
1171 852 1222 878 est
1236 855 1329 877 nunc
1346 844 1388 878 de
1405 844 1577 879 caecitate
1592 845 1733 887 mentis,

176 903 211 929 et
232 895 448 929 hebetudine
471 907 606 938 sensus,
629 908 720 942 quae
743 905 975 942 opponuntur
996 897 1092 931 dono
1115 897 1328 931 intellectus.

672 986 718 1019 Et
739 987 829 1019 circa
850 986 909 1019 hoc
931 991 1135 1031 quaeruntur
1156 987 1234 1020 tria.

245 1056 381 1089 Primo.
405 1056 537 1090 Utrum
560 1057 714 1090 caecitas
735 1057 866 1091 mentis
888 1057 932 1090 sit
952 1065 1154 1102 peccatum.

247 1109 426 1145 Secundo.
444 1110 576 1143 Utrum
594 1110 775 1143 hebetudo
795 1121 919 1143 sensus
941 1110 985 1144 sit
1007 1109 1099 1143 aliud
1123 1118 1313 1156 peccatum
1336 1122 1355 1143 a
1378 1110 1550 1145 caecitate
1569 1110 1709 1144 mentis.

246 1161 384 1196 Tertio.
408 1162 540 1196 Utrum
560 1163 651 1196 haec
673 1163 759 1196 vitia
782 1174 801 1196 a
822 1163 980 1208 peccatis
1003 1163 1202 1197 carnalibus
1225 1163 1394 1197 oriantur.

759 1291 1101 1336 ARTICULUS
1137 1292 1170 1334 1.
1689 1316 1732 1351 77

469 1393 621 1422 UTRUM
655 1394 867 1423 CAECITAS
895 1394 1052 1423 MENTIS
1087 1395 1153 1423 SIT
1186 1394 1436 1424 PECCATUM.

245 1479 305 1512 AD
327 1489 475 1513 PRIMUM
498 1479 546 1513 sic
570 1480 787 1525 proceditur.
810 1480 973 1522 Videtur,
1000 1481 1097 1526 quod
1120 1481 1274 1514 caecitas
1297 1481 1427 1515 mentis
1449 1492 1523 1515 non
1545 1482 1589 1515 sit
1610 1493 1734 1527 pecca-

173 1541 266 1565 tum:
289 1532 376 1565 illud
399 1533 508 1574 enim,
535 1534 631 1578 quod
659 1542 804 1567 excusat
832 1545 850 1566 a
876 1542 1038 1579 peccato,
1066 1545 1139 1567 non
1166 1534 1306 1567 videtur
1332 1545 1409 1567 esse
1435 1543 1644 1580 peccatum:
1671 1535 1733 1569 sed

173 1585 326 1619 caecitas
349 1586 478 1619 mentis
501 1595 647 1620 excusat
669 1598 688 1619 a
710 1595 879 1632 peccato:
903 1587 1031 1620 dicitur
1053 1587 1150 1620 enim
1167 1587 1270 1632 Joan.
1293 1598 1342 1633 9.:
1362 1587 1398 1621 Si
1423 1589 1511 1622 caeci
1537 1589 1648 1630 essetis,
1668 1600 1732 1622 non

173 1639 331 1672 haberetis
352 1644 548 1685 pecccztzcm;
573 1650 659 1684 ergo
683 1640 837 1673 caecitas
859 1640 988 1673 metitis
1010 1651 1084 1673 non
1107 1648 1159 1673 est
1179 1648 1380 1684 peccatum.

244 1702 275 1725 2.
299 1692 534 1726 PRAETEREA.
558 1692 682 1726 Poena
709 1692 826 1726 differt
848 1705 867 1726 a
891 1692 1013 1738 culpa:
1042 1693 1103 1726 sed
1132 1693 1285 1727 caecitas
1314 1693 1443 1727 mentis
1474 1701 1527 1727 est
1555 1694 1733 1740 quaedam

173 1756 302 1790 poena,
325 1754 362 1778 ut
383 1754 480 1791 patet
501 1757 563 1791 per
580 1745 668 1779 illud
688 1746 784 1791 quod
806 1746 957 1779 habetur
978 1746 1044 1780 Isa.
1068 1745 1120 1780 6.:
1142 1747 1295 1780 Excczesa
1313 1758 1369 1780 cor
1385 1747 1502 1793 populi
1524 1748 1640 1793 hujus:
1659 1759 1732 1781 non

173 1799 267 1832 enirn
292 1807 383 1831 esset
407 1810 425 1831 a
440 1799 532 1840 Deo,
549 1810 632 1832 cum
651 1799 695 1832 sit
713 1798 862 1840 malum,
878 1799 945 1832 nisi
964 1811 1082 1845 poena
1105 1808 1215 1841 esset,
1237 1811 1323 1845 ergo
1344 1800 1497 1834 caecitas
1515 1801 1646 1834 mentis
1660 1812 1733 1834 non

173 1860 226 1885 est
248 1859 449 1897 peccatum.

247 1915 275 1949 3.
298 1904 533 1938 PRAETEREA.
558 1904 679 1939 Omne
702 1912 892 1949 peccatum
914 1912 966 1938 est
987 1905 1245 1946 voluntarium,
1267 1914 1305 1939 ut
1327 1905 1480 1951 August.
1502 1905 1587 1939 dicit
1605 1906 1656 1949 (in
1675 1906 1732 1940 lib.

171 1957 207 1991 ιῖε
229 1958 313 1991 Vera
332 1958 433 2002 erig.
456 1964 528 2003 cup.
548 1959 638 2002 14.);
663 1957 725 1991 sed
748 1958 901 1991 caecitas
922 1958 1051 1992 mentis
1072 1969 1145 1992 non
1169 1967 1222 1992 est
1242 1958 1463 1992 voluntaria:
1487 1959 1581 2004 quia,
1604 1967 1641 1993 ut
1662 1959 1735 1993 Au-

172 2011 333 2055 gustinus
356 2011 452 2052 dicit,
472 2022 522 2045 1o.
539 2010 645 2044 Conf.
662 2011 750 2056 (cap.
769 2012 847 2057 23.):
864 2011 1062 2055 Cognosma
1076 2013 1245 2045 veritatem
1263 2012 1420 2046 lucentem
1435 2023 1543 2046 onmes
1557 2017 1681 2053 amant,
1700 2020 1733 2046 et

173 2063 290 2097 Eccle.
318 2075 368 2097 11.
392 2064 540 2097 dicitur:
564 2065 669 2098 Dalm
692 2064 813 2106 lumen,
833 2070 862 2098 et
879 2064 1063 2099 delectabile
1082 2065 1184 2098 oculis
1204 2065 1314 2099 viciare
1335 2065 1446 2105 solemn
1470 2076 1556 2110 ergo
1580 2065 1733 2100 caecitas

173 2117 302 2151 mentis
324 2129 397 2151 non
418 2125 470 2151 est
490 2126 692 2163 peccatum.

244 2170 317 2204 SED
346 2181 500 2204 CONTRA
529 2179 591 2211 est,
620 2171 715 2216 quod
740 2171 892 2217 Gregor.
924 2182 975 2216 31.
1004 2170 1132 2204 Moral.
1158 2169 1245 2217 (cap.
1273 2182 1320 2216 17.
1347 2182 1367 2205 a
1392 2171 1490 2217 med.)
1521 2172 1732 2206 caecitatem

173 2224 302 2257 mentis
324 2225 425 2269 ponit
446 2224 536 2257 inter
558 2224 653 2265 vitia,
677 2236 767 2269 quae
790 2233 982 2258 causantur
1004 2236 1047 2258 ex
1064 2224 1213 2257 luxuria.

243 2276 471 2311 RESPONDEO
495 2277 700 2318 dicendum,
729 2278 824 2323 quod
852 2278 944 2312 sicut
971 2278 1125 2311 caecitas
1156 2277 1354 2324 corporalis
1385 2286 1437 2311 65(
1462 2278 1614 2323 privatio
1645 2279 1732 2323 ejus,

172 2329 268 2375 quod
285 2338 336 2363 est
351 2330 564 2375 principium
589 2330 786 2376 corporalis
808 2331 977 2364 visionis:
1000 2331 1048 2364 ita
1071 2331 1180 2364 etiam
1200 2331 1353 2364 caecitas
1369 2332 1498 2365 mentis
1514 2339 1566 2365 est
1580 2332 1732 2377 privatio

172 2383 259 2427 ejus,
283 2385 378 2428 quod
401 2391 453 2416 est
474 2383 689 2429 principium
713 2384 890 2425 mentalis,
910 2385 983 2418 sive
1006 2383 1257 2418 intellectualis
1272 2384 1431 2418 visionis.
1451 2384 1564 2429 Cujus
1586 2384 1733 2430 quidem

171 2436 386 2482 principium
411 2444 462 2470 est
484 2437 626 2482 triplex:
650 2449 753 2470 unum
775 2437 921 2482 quidem
944 2445 996 2470 est
1018 2437 1142 2470 lumen
1163 2437 1334 2470 naturalis
1357 2437 1524 2471 rationis:
1547 2445 1582 2471 et
1602 2438 1660 2472 hoc
1687 2438 1732 2472 lu-

172 2502 257 2531 men,
276 2501 357 2522 cum
374 2489 548 2535 pertineat
564 2489 606 2522 ad
626 2490 782 2535 speciem
803 2490 944 2524 animae
963 2490 1159 2531 rationalis,
1174 2502 1356 2535 numquamv
1370 2491 1534 2536 privatur
1547 2492 1587 2525 ab
1602 2492 1731 2525 anima:

172 2542 366 2587 impeditur
387 2551 507 2576 tamen
531 2542 747 2587 quandoque
770 2554 789 2575 a
811 2543 956 2588 proprio
981 2551 1060 2576 actu
1084 2554 1145 2588 per
1164 2543 1421 2588 impedimenta
1440 2543 1569 2576 virium
1590 2543 1733 2578 inferio-

171 2607 262 2636 rum,
278 2595 405 2641 quibus
420 2595 554 2639 indiget
569 2595 770 2629 intellectus
786 2596 966 2629 humanus
983 2596 1024 2628 ad
1041 2595 1331 2641 intelligendum3
1347 2596 1438 2630 sicut
1452 2604 1548 2641 patet
1562 2597 1598 2629 in
1613 2608 1733 2631 amen-

172 2649 276 2689 tibus,
293 2657 326 2682 et
341 2648 495 2689 furiosis,
511 2656 547 2681 ut
566 2648 599 2681 in
622 2648 740 2693 primo
761 2649 896 2681 dictum
920 2656 972 2682 cst
994 2650 1040 2694 (q.
1061 2650 1115 2693 34.
1132 2654 1194 2682 art.
1215 2660 1243 2694 7.
1260 2654 1287 2682 ct
1305 2650 1368 2694 S.);
1390 2649 1480 2683 uliud
1499 2657 1619 2683 autem
1642 2650 1732 2695 prin-

174 2702 307 2747 cipium
336 2701 587 2735 intellectualis
614 2701 762 2735 visionis
790 2710 842 2735 est
876 2701 1020 2747 aliquod
1055 2702 1177 2735 lumen
1208 2702 1389 2736 habituale
1419 2703 1572 2736 naturali
1604 2702 1732 2736 lumini

171 2755 319 2788 rationis
335 2755 620 2800 superadditum:
646 2764 680 2788 et
700 2755 769 2788 hoc
787 2755 931 2800 quidem
954 2755 1076 2789 lumen
1097 2755 1276 2788 interdum
1299 2756 1455 2801 privatur
1475 2756 1515 2789 ab
1536 2756 1673 2790 anima:
1698 2763 1732 2790 et

171 2808 251 2842 talis
274 2809 425 2854 privatio
449 2817 500 2842 est
523 2809 688 2850 caecitas,
712 2819 801 2853 quac
825 2816 877 2841 est
904 2819 1033 2853 poena,
1055 2808 1254 2841 secundum
1283 2808 1378 2853 quod
1407 2809 1557 2854 privatio
1585 2808 1730 2842 luminis

172 2862 306 2907 gratiae
330 2861 505 2906 quaedam
529 2872 645 2907 poena
673 2861 832 2907 ponitur,
852 2861 946 2894 unde
974 2861 1102 2894 dicitur
1128 2861 1170 2894 de
1194 2861 1407 2906 quibusdam
1431 2861 1513 2907 Sap.
1538 2872 1587 2894 2.:
1609 2862 1730 2896 Excae-
