1905 3137
499 155 720 191 QUAESTIO
754 155 810 185 1v.
844 155 1087 185 ARTICULus
1120 155 1192 185 vu.
1568 147 1618 200 65

66 238 181 284 prima
202 245 254 272 est
276 237 380 272 fides:
404 248 487 271 cum
510 237 606 272 enim
628 237 663 271 in
685 237 874 283 agibilibus
898 237 976 271 finis
999 238 1041 272 sit
1062 237 1289 284 principium,
1310 246 1346 272 ut
1364 250 1468 284 supra
1487 238 1622 273 dictum

65 299 118 325 est
141 290 216 334 (1-2.
238 303 268 336 q.
291 303 333 336 13.
357 296 419 325 ιιι-ί.
439 303 466 337 3.
489 296 516 325 et
537 303 566 336 q.
586 302 636 336 34.
659 296 723 325 art.
746 302 778 335 4.
800 291 842 325 acl
862 291 921 335 1.),
943 303 1090 325 necesse
1119 300 1170 326 est
1203 292 1351 326 virtutes
1383 292 1623 338 theologicas,

65 355 215 390 quarum
238 344 419 389 objectum
443 352 495 379 est
510 344 656 378 ultimus
671 343 761 386 finis,
776 356 853 378 esse
868 344 1005 390 priores
1021 345 1170 379 caeteris
1186 345 1390 379 virtutibus:
1407 346 1481 391 ipse
1502 354 1621 380 autem

64 397 210 431 ultimus
233 397 310 431 finis
333 406 475 444 oportet
496 398 591 443 quod
613 397 708 443 prius
730 398 774 432 sit
795 398 831 431 in
852 397 1050 439 intellectu,
1073 410 1181 443 quam
1196 399 1231 432 in
1247 398 1450 433 voluntate:
1467 399 1549 445 quia
1564 411 1624 433 vo-

63 450 180 484 luntas
202 462 274 484 non
296 450 405 485 fertur
428 452 463 484 in
485 451 630 496 aliquid,
653 451 721 485 nisi
743 459 848 497 prout
870 459 921 485 est
944 451 978 484 in
1002 451 1185 485 intellectu
1209 452 1493 498 apprehensum:
1529 453 1622 486 unde

64 515 147 538 cum
170 503 315 538 ultimus
349 504 428 538 finis
451 505 494 538 sit
515 505 660 550 quidem
682 505 716 538 in
739 504 924 538 voluntate
946 516 1008 550 per
1030 516 1142 551 spem,
1165 513 1198 538 et
1221 506 1445 548 charitatem,
1467 507 1502 540 in
1524 506 1624 540 intel-

63 557 158 592 lectu
181 565 300 591 autem
323 569 384 604 per
406 557 525 599 fidem,
547 568 694 592 necesse
717 565 769 592 est
791 558 886 604 quod
910 558 996 592 fides
1019 559 1062 592 sit
1083 558 1199 604 prima
1214 558 1305 592 inter
1320 571 1448 594 omnes
1463 560 1620 594 virtutes:

64 611 146 656 quia
168 611 339 645 naturalis
362 611 522 655 cognitio
544 622 617 645 non
639 619 757 657 potest
779 611 953 656 attingere
976 611 1019 645 ad
1042 611 1174 653 Deum,
1208 612 1409 646 secundum
1443 613 1539 659 quod
1570 621 1623 647 est

63 664 243 710 objectum
266 664 505 706 beatitudinis,
527 673 632 711 prout
653 665 765 698 tendit
786 665 822 698 in
844 665 962 710 ipsum
984 676 1076 711 spes,
1099 673 1132 698 et
1154 665 1320 701 charitas.
1355 666 1426 700 Sed
1449 678 1511 713 per
1533 666 1623 700 acci-

63 717 150 752 dens
183 726 301 764 potest
322 717 440 764 aliqua
461 718 571 752 virtus
593 729 670 752 esse
691 719 788 764 prior
809 718 901 754 fide:
924 729 1032 752 causa
1054 719 1150 752 enim
1180 730 1242 764 per
1272 719 1439 753 accidens
1473 728 1525 754 est
1559 732 1622 765 per

63 770 228 806 accidens
249 772 366 817 prior:
390 782 577 806 removere
600 780 720 806 autem
742 771 935 818 prohibens
958 772 1110 818 pertinet
1131 772 1173 805 ad
1197 783 1344 806 causam
1362 784 1424 819 per
1443 774 1620 816 accidens,

63 832 101 859 ut
121 833 217 871 patet
237 836 300 870 per
320 824 456 859 Philos.
478 825 515 858 in
536 825 568 859 8.
590 825 699 871 Phys.
722 825 802 870 (tax.
820 825 902 872 32.);
927 833 961 860 et
981 825 1181 859 secundum
1202 825 1274 860 hoc
1306 826 1446 872 aliquae
1472 827 1621 861 virtutes

62 886 212 924 possunt
232 878 302 912 dici
323 889 385 924 per
407 878 573 912 accidens
595 879 732 924 priores
750 878 830 921 fide,
845 879 1059 925 inquantum
1074 887 1263 913 removent
1277 880 1536 925 impedimenta
1552 892 1622 914 cre-

62 931 184 966 dendi:
207 932 298 966 sicut
314 931 486 966 fortitudo
506 940 669 966 removet
686 932 932 966 inordinatum
947 932 1119 967 timorem
1136 932 1394 978 impedientem
1414 933 1539 967 fidem:
1560 934 1622 967 hu-

63 984 194 1019 militas
216 993 337 1019 autem
358 985 574 1031 superbiam,
595 997 658 1032 per
679 997 789 1032 quam
809 986 1012 1020 intellectus
1034 995 1176 1021 recusat
1197 998 1233 1021 se
1255 987 1463 1022 submittere
1482 989 1621 1022 veritati

60 1039 160 1081 fidei;
182 1047 216 1073 et
235 1039 332 1073 idern
354 1047 471 1085 potest
492 1039 561 1072 dici
583 1039 625 1073 de
648 1039 824 1085 aliquibus
847 1039 924 1074 aliis
946 1040 1144 1082 virtutibus,
1160 1041 1325 1086 quamvis
1339 1052 1413 1075 non
1429 1041 1498 1076 sint
1514 1053 1621 1076 verae

61 1093 220 1134 virtutes,
241 1092 310 1126 nisi
331 1093 602 1139 praesupposita
623 1092 704 1134 fide,
727 1101 764 1127 ut
785 1101 882 1139 patet
903 1104 965 1140 per
986 1094 1140 1139 August.
1171 1095 1205 1128 in
1235 1093 1295 1128 lib.
1328 1105 1361 1137 4.
1396 1103 1522 1129 contra
1551 1095 1619 1141 Jul.

61 1147 149 1193 (cap.
172 1146 230 1192 3.).

133 1199 238 1234 Unde
259 1207 355 1245 patet
375 1199 562 1246 responsio
587 1209 637 1234 AD
659 1210 818 1234 PRtMUM.

131 1254 192 1288 AD
213 1264 418 1288 SECUNDUM
441 1253 645 1295 dicendum,
668 1253 764 1299 quod
787 1265 866 1300 spes
888 1265 963 1288 non
984 1262 1101 1299 potest
1123 1254 1372 1289 universaliter
1392 1255 1621 1290 introducere

63 1307 106 1342 ad
128 1307 255 1342 fidem:
276 1318 351 1341 non
373 1306 471 1341 enim
492 1315 610 1353 potest
631 1318 712 1353 spes
734 1307 860 1342 haberi
881 1307 924 1342 de
946 1315 1092 1341 aeterna
1113 1308 1343 1350 beatitudine,
1366 1309 1435 1342 nisi
1456 1310 1621 1343 credatur

62 1360 248 1407 possibile:
272 1360 354 1406 quia
374 1359 598 1406 impossibile
619 1371 693 1394 non
716 1360 810 1394 cadit
830 1361 894 1395 sub
917 1372 990 1407 spe,
1013 1369 1050 1395 ut
1072 1372 1113 1395 ex
1135 1373 1242 1407 supra
1272 1362 1375 1396 dictis
1410 1370 1508 1408 patet
1543 1363 1619 1406 (1-2.

62 1427 92 1460 q.
118 1426 175 1458 40.
197 1419 260 1449 art.
282 1413 342 1458 1.):
365 1414 426 1448 sed
449 1424 490 1448 ex
511 1424 573 1459 spe
596 1413 723 1459 aliquis
745 1414 924 1448 introduci
946 1422 1063 1460 potest
1082 1415 1125 1448 ad
1143 1415 1227 1457 hoc,
1246 1415 1342 1461 quod
1362 1424 1567 1462 perseveret
1584 1417 1619 1450 in

62 1467 142 1509 fide,
165 1467 221 1501 vel
242 1467 338 1513 quod
360 1467 442 1501 fidei
462 1466 611 1501 firmiter
632 1467 843 1510 adhaereat3
866 1475 901 1502 et
921 1467 1119 1502 secundum
1142 1468 1213 1502 hoc
1236 1468 1364 1503 dicitur
1396 1480 1476 1515 spes
1509 1469 1620 1504 intro-

63 1521 192 1555 ducere
215 1520 257 1554 ad
280 1520 398 1554 fidem.

133 1574 193 1609 AD
216 1584 386 1609 TERTmM
408 1573 612 1616 dicendum,
634 1573 730 1620 quod
745 1573 949 1608 obedientia
963 1574 1137 1621 dupliciter
1151 1574 1299 1610 dicitur:
1315 1575 1508 1622 quandoque
1522 1576 1619 1610 enim

62 1628 234 1674 importat
253 1626 528 1661 inclinationem
549 1626 744 1662 voluntatis
767 1627 810 1661 ad
832 1627 1057 1672 implendum
1081 1628 1200 1662 divina
1216 1629 1404 1663 mandata:
1428 1637 1463 1664 et
1476 1630 1526 1664 sic
1545 1641 1619 1664 non

63 1689 115 1716 est
131 1680 296 1727 specialis
316 1681 440 1722 virtus,
461 1680 523 1714 sed
545 1680 759 1726 generaliter
784 1680 978 1715 includitur
998 1681 1034 1714 in
1056 1682 1157 1715 omni
1189 1682 1337 1717 virtute:
1372 1683 1455 1729 quia
1490 1695 1617 1718 omnes

62 1742 161 1769 actus
182 1734 353 1768 virtutum
375 1733 508 1767 cadunt
529 1733 592 1767 sub
616 1734 814 1779 praeceptis
836 1733 926 1780 legis
948 1734 1102 1777 divinae,
1124 1743 1161 1769 ut
1182 1747 1288 1781 supra
1310 1736 1446 1770 dictum
1468 1746 1521 1772 est
1543 1737 1618 1782 (1-2.

61 1799 91 1833 q.
112 1800 186 1823 100.
209 1792 273 1822 art.
293 1788 358 1831 2.),·
382 1794 415 1821 et
435 1787 506 1821 hoc
529 1787 640 1821 modo
663 1787 707 1821 ad
728 1787 838 1821 fidem
857 1788 1046 1833 requiritur
1065 1789 1286 1824 obedientia:
1307 1790 1372 1824 alio
1391 1790 1485 1825 modo
1503 1799 1621 1837 potest

61 1841 177 1886 accipi
197 1840 411 1882 obedientia,
432 1839 632 1874 se‘cundum
654 1840 750 1886 quod
783 1841 955 1886 importat
987 1841 1261 1876 inclinationem
1295 1851 1470 1889 quantum
1493 1845 1536 1878 ad
1558 1845 1622 1878 im-

60 1893 232 1940 plendum
253 1894 434 1935 mandata,
456 1893 656 1928 secundum
679 1893 775 1940 quod
797 1894 930 1928 habent
952 1895 1131 1930 rationem
1153 1895 1281 1939 debiti;
1301 1905 1335 1931 et
1349 1897 1398 1931 sic
1416 1898 1618 1932 obedientia

61 1955 114 1982 est
133 1947 298 1994 specialis
318 1947 439 1989 virtus,
462 1955 496 1981 et
517 1958 596 1993 pars
610 1948 783 1993 justitiae,
798 1948 914 1982 reddit
928 1949 1025 1982 enim
1039 1949 1215 1994 superIOri
1230 1950 1401 1992 debitum,
1417 1951 1618 1985 obediendo

60 2001 144 2036 sibi:
167 2009 202 2036 et
222 2001 292 2035 hoc
314 2000 426 2035 modo
449 2000 651 2035 obedientia
673 2001 830 2047 sequitur
852 2001 972 2044 fidem,
994 2013 1056 2048 per
1074 2014 1182 2048 quam
1200 2003 1449 2038 manifestatur
1466 2005 1620 2047 homini,

60 2054 156 2101 quod
176 2054 276 2088 Deus
298 2054 342 2088 sit
362 2054 536 2100 superior,
559 2056 615 2088 cui
639 2055 766 2088 debeat
787 2054 943 2089 obedire.

131 2107 191 2142 AD
218 2117 406 2147 QUARTUM
428 2107 632 2150 dicendum,
655 2108 751 2154 quod
773 2108 816 2142 ad
839 2108 1017 2142 rationem
1036 2108 1260 2144 fundamenti
1277 2122 1351 2145 non
1369 2111 1488 2145 solum
1507 2112 1620 2157 requi-

61 2161 158 2203 ritur,
180 2161 276 2207 quod
297 2161 342 2195 sit
362 2161 532 2207 primum,
554 2161 615 2196 sed
638 2162 745 2196 etiam
769 2162 865 2208 quod
887 2162 932 2196 sit
954 2162 1031 2196 aliis
1053 2163 1209 2209 partibus
1229 2164 1383 2198 aedificii
1401 2177 1618 2207 connexum,

60 2226 133 2249 non
156 2214 252 2248 enim
275 2222 367 2248 esset
387 2213 675 2257 fundamentum,
697 2215 766 2249 nisi
788 2215 820 2249 ei
842 2214 932 2250 aliae
954 2224 1074 2262 partes
1093 2217 1246 2251 aedificii
1265 2218 1516 2253 cohaererent:
1537 2231 1619 2253 con-

59 2269 164 2302 nexio
188 2275 308 2301 autem
329 2267 522 2313 spiritualis
544 2267 698 2302 aedificii
723 2276 776 2302 est
797 2279 858 2314 per
873 2269 1097 2312 charitatem,
1114 2270 1314 2304 secundum
1328 2271 1415 2305 illud
1432 2271 1557 2306 Colos.
1576 2284 1616 2318 3.:

58 2321 162 2367 Super
182 2322 295 2355 omnia
321 2321 514 2356 charitatem
541 2321 662 2363 habete,
686 2333 767 2367 quae
793 2327 837 2356 est
857 2323 1028 2357 vinculum
1040 2324 1274 2370 perfectionis:
1290 2333 1324 2359 et
1337 2325 1419 2359 ideo
1435 2325 1522 2360 fides
1541 2326 1617 2360 sine

61 2374 233 2408 charitate
254 2373 529 2409 fundamentum
551 2385 628 2409 esse
647 2386 721 2409 non
743 2383 878 2421 potest:
905 2387 971 2410 nec
993 2384 1115 2411 tamen
1145 2386 1298 2424 oportet,
1332 2379 1427 2426 quod
1463 2380 1618 2414 charitas

59 2427 104 2462 sit
124 2427 221 2474 prior
242 2427 320 2462 fide.

131 2481 191 2515 AD
213 2491 393 2519 QUINTUM
415 2480 618 2523 dicendum,
641 2482 737 2528 quod
760 2490 860 2516 actus
881 2482 1076 2518 voluntatis
1091 2485 1330 2531 praeexigitur
1344 2487 1387 2520 ad
1402 2485 1522 2527 fidem,
1542 2497 1616 2519 non

59 2541 182 2568 tamen
204 2542 303 2568 actus
324 2533 519 2568 voluntatis
542 2535 715 2569 charitate
737 2535 968 2570 informatus:
993 2538 1055 2571 sed
1077 2537 1157 2572 talis
1180 2546 1279 2573 actus
1302 2539 1557 2584 praesupponit
1582 2539 1617 2573 fi-

61 2587 163 2628 dem3
185 2587 268 2632 quia
288 2598 361 2621 non
384 2595 501 2632 potest
522 2588 689 2622 voluntas
710 2589 871 2635 perfecto
895 2601 1018 2625 amore
1039 2591 1075 2625 in
1097 2591 1217 2625 Deum
1238 2592 1396 2634 tendere,
1418 2592 1486 2626 nisi
1518 2592 1618 2626 intel-

60 2639 174 2674 lectus
196 2648 333 2674 rectam
354 2640 462 2674 fidem
484 2641 615 2676 habeat
637 2643 730 2676 circa
754 2643 880 2688 ipsum.
