1920 3142
150 187 197 216 12
489 187 623 216 INDEX
655 187 883 218 SECUNDAE
915 188 1145 218 SECUNDAE
1177 189 1341 219 PARTIS.

143 276 168 293 2.
189 267 287 292 Utrum
306 266 388 292 liceat
405 267 490 301 judici
509 268 673 293 sententiam
698 267 768 293 ferre
795 274 890 294 contra

229 308 383 339 veritatem,
399 317 478 342 quam
489 309 576 340 novit,
591 315 701 343 propter
712 317 743 334 ea
757 317 825 343 quae
836 310 889 334 sibi

229 356 429 383 proponuntur.

143 398 167 424 3.
183 389 280 416 Utrum
287 391 367 424 judex
374 392 462 425 possit
470 390 588 426 aliquem
597 392 698 425 injuste
707 391 889 417 condemnare

228 440 284 456 non
303 438 471 457 accusatum.

140 481 166 504 4.
187 471 285 497 Utrum
304 473 393 507 possit
413 473 487 498 licite
506 482 623 508 poenam
643 473 772 500 relaxare.

344 554 535 584 QUAESTIO
554 555 685 581 LXVIII.

158 606 198 631 De
217 606 263 637 his,
283 615 345 641 quae
360 608 487 642 pertinent
514 608 547 634 ad
561 609 656 643 justam
676 610 869 636 accusationem.

160 690 166 696 .
187 670 285 696 Utrum
305 671 390 697 horno
409 681 538 698 accusare
558 679 692 700 teneatur.

159 731 165 737 .
186 711 282 737 Utrum
303 714 442 739 accusatio
463 714 588 740 facienda
607 716 643 740 sit
661 716 690 740 in
709 716 828 750 scriptis.

159 773 165 778 .
187 753 337 783 Quomodo
357 757 496 781 accusatio
516 757 552 781 sit
570 757 681 782 vitiosa.

159 815 165 822 .
187 793 312 824 Qualiter
330 796 400 821 male
420 804 582 822 accusantes
601 799 655 823 sint
674 798 815 833 puniendi.

139 678 156 827 ᾼωΝΗ

361 873 553 903 QUAESTIO
572 874 675 900 LXIX.

227 931 266 957 De
286 932 411 966 injustitia
429 942 458 958 ex
473 939 545 968 parte
564 934 610 966 rei,
632 935 682 959 sive
692 935 802 959 accusati

380 974 407 998 in
425 983 468 999 sua
487 974 639 1010 defensione.

141 1044 164 1062 1.
185 1036 282 1062 Utrum
302 1045 398 1072 peccet
417 1040 476 1073 quis
496 1039 648 1064 mortaliter
668 1040 794 1074 negando
820 1041 888 1066 veri-

225 1085 319 1111 tatem,
339 1088 386 1114 per
405 1089 484 1114 quam
505 1081 743 1109 condemnaretur.

137 1128 163 1145 2.
183 1119 282 1145 Utrum
302 1121 384 1146 liceat
402 1121 483 1147 alicui
504 1122 673 1148 calumniose
687 1131 715 1147 se
730 1122 886 1149 defendere.

139 1169 163 1194 3.
185 1161 281 1186 Utrum
300 1162 383 1187 liceat
402 1163 626 1197 alicuijudicium
641 1164 829 1199 subterfugere
843 1174 887 1199 ap-

224 1202 363 1237 pellando.

136 1251 163 1275 4.
182 1242 280 1269 Utrum
300 1244 382 1270 liceat
401 1245 483 1271 alicui
504 1246 631 1272 damnato
652 1255 699 1281 per
726 1246 887 1273 violentiam

225 1293 254 1310 se
275 1285 430 1319 defendere,
450 1288 473 1312 si
493 1287 564 1312 adsit
583 1287 708 1314 facultas.

361 1362 553 1392 QUAESTIO
573 1363 661 1389 LXX.

207 1421 246 1446 De
262 1422 361 1455 justitia
380 1431 408 1447 ex
418 1427 491 1457 parte
512 1423 576 1448 testis
595 1424 622 1448 in
649 1423 812 1458 testificando.

140 1493 163 1511 1.
184 1484 282 1510 Utrum
303 1486 387 1512 homo
414 1493 540 1512 teneatur
564 1487 597 1512 ad
625 1489 814 1513 testimonium
844 1487 885 1513 fe-

240 1527 364 1553 rendum.

135 1575 160 1593 2.
183 1567 279 1593 Utrum
299 1569 425 1602 duorum,
445 1570 488 1596 vel
508 1570 589 1595 trium
609 1571 800 1596 testimonium
829 1571 885 1596 suf-

241 1609 324 1635 ficiat.

137 1658 160 1683 3.
182 1649 278 1676 Utrum
293 1651 408 1686 alicujus
419 1653 608 1678 testimonium
622 1652 770 1688 repellatur
783 1654 884 1689 absque

223 1693 280 1726 ejus
301 1692 388 1727 culpa.

134 1741 160 1765 4.
181 1732 279 1758 Utrum
298 1734 439 1768 perhibere
458 1734 556 1760 falsum
570 1736 760 1761 testimonium
774 1736 810 1761 sit
823 1744 885 1771 pec-

225 1781 315 1800 catum
334 1776 459 1802 mortale.

348 1852 540 1883 QUAESTIO
560 1853 664 1879 LXXI.

267 1911 306 1937 De
325 1912 458 1947 injustitia,
479 1921 541 1947 quae
556 1912 589 1947 fit
608 1913 635 1937 in
650 1912 747 1947 judicio

347 1962 376 1978 ex
390 1958 463 1988 parte
482 1953 670 1980 advocatorum.

138 2026 160 2043 1.
183 2017 280 2044 Utrum
299 2019 449 2044 advocatus
469 2025 594 2044 teneatur
613 2026 748 2054 praestare
767 2021 883 2054 patroci-

222 2060 298 2084 nium
319 2068 415 2085 causae
434 2069 591 2095 pauperum.

135 2108 160 2126 2.
181 2100 278 2126 Utrum
289 2101 372 2135 aliqui
384 2101 499 2126 debeant
507 2102 592 2127 arceri
603 2102 635 2127 ab
645 2101 736 2127 officio
745 2102 882 2128 advocati.

136 2150 160 2175 3.
180 2141 278 2167 Utrum
297 2142 446 2168 advocatus
466 2149 561 2177 peccet
580 2144 708 2178 injustam
735 2151 817 2169 causa
837 2144 881 2168 de-

223 2182 371 2211 fendendo.

133 2233 160 2256 4.
181 2224 279 2250 Utrum
298 2231 394 2259 peccet
413 2226 556 2260 pecuniam
576 2226 738 2261 accipiendo
758 2234 808 2261 pro
831 2234 882 2252 suo

221 2272 386 2300 patrocinio.

341 2343 533 2373 QUAESTIO
553 2343 671 2370 LXXII.

148 2400 185 2426 De
204 2402 304 2436 injuriis
320 2402 461 2433 verborum,
482 2412 543 2437 quae
558 2402 626 2437 fiunt
644 2408 713 2428 extra
729 2402 874 2438 judicium:

330 2448 352 2468 el
367 2444 450 2478 primo
470 2444 498 2469 de
519 2444 679 2470 contumelia.

140 2515 162 2532 1.
184 2507 258 2537 Quid
278 2508 313 2533 sit
333 2509 511 2536 contumelia.

136 2557 160 2574 2.
182 2549 278 2574 Utrum
291 2551 380 2574 omnis
389 2551 557 2576 contumelia
564 2551 599 2575 sit
607 2557 748 2585 peccatum
757 2550 882 2578 mortale.

137 2598 160 2623 3.
183 2589 279 2615 Utrum
300 2597 426 2624 oporteat
447 2591 666 2617 contumeliosos
691 2592 846 2627 reprimere.

135 2640 160 2662 4.
182 2631 221 2656 De
242 2632 347 2665 origine
369 2632 562 2659 contumeliae.

336 2715 527 2744 QUAESTIO
548 2715 680 2741 LXXIII.

400 2774 438 2800 De
458 2775 618 2801 detractione.

139 2845 162 2863 Ι.
183 2836 257 2867 Quid
277 2838 312 2862 sit
331 2838 474 2866 detractio.

138 2887 161 2905 2.
183 2879 280 2905 Utrum
301 2879 432 2905 detractio
454 2881 488 2905 sit
508 2888 648 2915 peccatum
663 2881 787 2907 mortale.

946 277 970 302 3.
991 269 1032 294 De
1053 271 1257 304 comparatione
1279 271 1337 304 ejus
1353 271 1386 296 ad
1406 270 1458 296 alia
1477 279 1598 306 peccata.

943 319 969 343 4.
992 310 1088 336 Utrum
1101 319 1197 346 peccet
1216 311 1313 346 aliquis
1332 313 1467 338 audiendo
1483 314 1694 346 detractionem.

1145 410 1336 441 QUAESTIO
1356 410 1484 437 LXXIV.

1202 470 1242 495 De
1261 471 1436 496 susurratione.

946 548 968 565 1.
990 539 1088 565 Utrum
1108 541 1257 566 susurratio
1279 542 1314 566 sit
1333 548 1475 576 peccatum
1502 541 1661 567 distinctum
1681 550 1694 566 a
1726 575 1729 577 Β

1031 581 1211 607 detractione.

945 629 968 647 2.
992 621 1075 652 Quod
1095 622 1193 648 horum
1212 623 1248 648 sit
1267 624 1386 658 gravius.

1156 723 1347 754 QUAESTIO
1367 723 1482 750 LXXV.

1223 788 1262 814 De
1281 788 1412 815 derisione.

946 868 956 886 1
963 879 969 886 .
991 859 1087 885 Utrum
1102 860 1203 885 derisio
1213 860 1248 885 sit
1256 859 1374 894 speciale
1381 866 1524 894 peccatum
1533 860 1693 886 distinctum

1031 901 1063 926 ab
1078 901 1139 926 aliis
1158 902 1288 935 peccatis,
1309 902 1405 935 quibus
1425 909 1472 935 per
1489 901 1579 936 *verba
1605 910 1693 927 nocu-

1031 949 1154 967 mentum
1174 943 1297 976 proximo
1317 942 1442 968 infertur.
1470 960 1474 963 -

944 991 968 1009 2.
990 983 1088 1009 Utrum
1108 984 1208 1009 derisio
1227 984 1263 1009 sit
1282 991 1425 1018 peccatum
1445 984 1571 1010 mortale.

1148 1083 1340 1114 QUAESTIO
1360 1083 1489 1110 LXXVI.

1188 1148 1228 1174 De
1248 1148 1435 1175 maledictione.

944 1227 967 1244 1.
989 1218 1086 1244 Utrum
1098 1219 1173 1244 licite
1187 1219 1275 1254 possit
1289 1218 1387 1253 aliquis
1398 1218 1560 1244 maledicere
1575 1218 1691 1244 homini.

942 1269 967 1286 2.
990 1259 1087 1286 Utrum
1102 1260 1176 1285 licite
1196 1261 1284 1295 possit
1298 1260 1396 1295 aliquis
1411 1260 1573 1286 maledicere
1588 1261 1693 1286 irratio-

1048 1301 1103 1326 nali
1124 1308 1271 1327 creaturae.

944 1351 967 1376 3.
989 1341 1086 1367 Utrum
1100 1342 1258 1368 maledictio
1279 1343 1314 1367 sit
1333 1349 1475 1377 peccatum
1494 1342 1620 1368 mortale.

941 1392 967 1416 4.
985 1383 1027 1408 De
1047 1384 1252 1418 comparatione
1272 1384 1330 1418 ejus
1349 1384 1382 1409 ad
1401 1383 1454 1409 alia
1472 1391 1594 1419 peccata.

1137 1483 1329 1514 QUAESTIO
1350 1483 1494 1510 LXXVII.

986 1547 1025 1573 De
1038 1547 1142 1583 fraude,
1163 1557 1225 1583 quae
1245 1549 1409 1574 committitur
1426 1548 1454 1573 in
1473 1548 1648 1584 emptionibus,

1197 1595 1220 1614 ct
1238 1589 1433 1618 venditionibus,

942 1669 965 1687 x.
987 1660 1084 1686 Utrum
1095 1660 1177 1686 liceat
1187 1661 1289 1695 aliquid
1300 1661 1416 1686 vendere
1424 1660 1495 1695 plus,
1505 1669 1585 1695 quam
1592 1660 1692 1686 valeat.

941 1710 965 1728 2.
988 1702 1085 1728 Utrum
1105 1702 1228 1727 venditio
1254 1702 1381 1727 reddatur
1400 1703 1510 1736 injusta,
1541 1708 1568 1726 et
1595 1701 1693 1727 illicita

1028 1750 1138 1778 propter
1157 1743 1295 1768 defectum
1313 1744 1353 1768 rei
1371 1743 1508 1769 venditae.

942 1793 966 1818 3.
987 1784 1085 1809 Utrum
1105 1785 1232 1810 venditor
1257 1791 1383 1809 teneatur
1411 1785 1501 1809 dicere
1528 1784 1625 1809 vitium
1653 1784 1692 1809 rei

1028 1826 1163 1851 venditae.

939 1875 966 1899 4.
986 1866 1084 1892 Utrum
1099 1866 1180 1892 liceat
1194 1867 1364 1902 negotiando
1383 1867 1500 1893 vendere
1515 1866 1617 1902 aliquid
1630 1866 1690 1901 plus

1045 1917 1126 1943 quam
1145 1909 1181 1934 sit
1200 1915 1330 1943 emptum.

1125 2008 1317 2040 QUAESTIO
1336 2008 1496 2035 LXXVIII.

1241 2074 1281 2100 De
1300 2083 1382 2101 usura.

942 2154 964 2172 1.
985 2145 1083 2172 Utrum
1103 2146 1138 2171 sit
1156 2152 1298 2180 peccatum
1313 2146 1434 2180 accipere
1455 2152 1563 2170 usuram
1577 2152 1626 2178 pro
1643 2151 1688 2178 pe-

1027 2188 1107 2213 cunia
1127 2193 1259 2212 mutuata.

939 2238 964 2257 2.
985 2229 1081 2255 Utrum
1103 2229 1184 2254 liceat
1204 2237 1252 2263 pro
1273 2229 1369 2253 eodem
1390 2235 1588 2262 quamcumque
1609 2234 1687 2251 com-

1026 2270 1187 2295 moditatem
1206 2271 1339 2304 accipere.

940 2321 964 2346 3.
986 2311 1082 2338 Utrum
1103 2312 1200 2346 aliquis
1214 2318 1339 2337 teneatur
1352 2311 1494 2335 restituere
1510 2310 1547 2341 id,
1568 2309 1641 2343 quod
1656 2309 1688 2334 de

1028 2354 1143 2388 pecunia
1163 2353 1284 2378 usuraria
1302 2353 1376 2386 justo
1397 2351 1472 2376 lucro
1492 2351 1611 2376 lucratus
1630 2350 1688 2377 'est.

937 2404 963 2427 4.
986 2394 1082 2420 Utrum
1102 2395 1184 2420 liceat
1203 2401 1299 2420 mutuo
1320 2394 1441 2428 accipere
1462 2393 1605 2427 pecuniam
1638 2392 1689 2417 sub

1027 2445 1116 2464 usura.

1141 2534 1332 2566 QUAESTIO
1352 2534 1483 2560 LXXIX.

967 2602 1006 2628 De
1026 2601 1119 2627 duabus
1134 2601 1248 2636 partibus
1266 2601 1336 2635 quasi
1356 2599 1518 2634 integralibus
1535 2599 1658 2634 justitiae,

1002 2652 1063 2678 quae
1073 2642 1220 2677 suntsnccre
1233 2642 1332 2673 bonum,
1345 2647 1367 2666 ct
1378 2641 1503 2666 declinare
1515 2650 1529 2666 a
1540 2641 1618 2667 malo.

940 2723 964 2740 1.
984 2713 1082 2739 Utrum
1102 2713 1156 2738 duo
1177 2712 1313 2747 praedicta
1332 2712 1386 2736 sint
1406 2717 1495 2745 partes
1519 2711 1651 2744 justitiae.

938 2763 963 2781 2.
985 2754 1082 2780 Utrum
1102 2754 1283 2789 transgressio
1304 2753 1339 2778 sit
1358 2752 1476 2786 speciale
1496 2758 1648 2786 peccatum.

939 2805 962 2830 3.
985 2796 1081 2822 Utrum
1101 2796 1216 2821 omissio
1237 2796 1272 2820 sit
1291 2794 1409 2829 speciale
1427 2800 1579 2828 peccatum.

937 2848 963 2871 4,
986 2838 1027 2864 De
1054 2838 1258 2872 comparatione
1287 2836 1447 2862 omissionis
1476 2835 1509 2860 ad
1537 2841 1686 2867 transgres-

1026 2887 1144 2905 sionem.
