1859 3122
469 196 689 232 QUAESTIO
724 195 915 226 CLXXXII.
951 194 1193 225 ARTICULUS
1228 195 1252 225 Ι.
1529 193 1637 237 ῙΙ79

82 277 216 312 Philos.
238 277 274 311 in
302 288 351 311 io.
376 277 454 311 Eth.
479 277 566 323 (cap.
594 288 623 323 7.
646 282 677 312 et
701 276 764 321 8.),
788 276 915 322 probat
936 280 1006 310 octo
1029 275 1244 317 rationibu33
1267 285 1419 321 quarum
1436 276 1553 320 prima
1575 282 1638 316 est,

81 331 162 376 quia
183 331 255 365 vita
278 330 560 376 contemplativa
583 331 752 364 convenit
773 330 912 363 homini
936 330 1135 363 secundum
1157 328 1244 362 illud
1267 329 1362 374 quod
1386 336 1440 362 est
1457 328 1638 374 optimum

81 384 116 418 in
138 385 227 430 ipso,
249 384 385 418 scilicet
407 385 606 418 secundum
632 384 867 424 intellectum,
897 391 929 417 et
955 392 1119 428 respectu
1147 382 1377 428 propriorum
1400 382 1638 427 objectorum,

80 438 216 472 scilicet
238 438 534 483 intelligibilium:
557 438 629 471 vita
645 447 765 471 autem
782 438 898 471 activa
914 445 1111 482 occupatur
1127 437 1221 470 circa
1238 437 1434 478 exteriora3
1458 436 1550 469 unde
1569 435 1638 468 Ra-

80 491 244 538 chel‚per
262 503 370 537 quam
387 491 608 537 significatur
620 492 692 525 vita
709 491 1002 536 contemplativa,
1018 492 1269 536 interpretatur
1285 492 1394 524 visum
1408 491 1637 536 principium,-

79 546 150 578 vita
173 553 293 579 autem
316 545 431 579 activa
454 545 674 590 significatur
696 556 758 590 per
780 545 896 585 Liam‚
918 555 1009 589 quae
1033 552 1107 578 erat
1129 544 1231 589 lippis
1259 543 1385 586 oculis,
1412 551 1449 576 ut
1476 543 1630 588 Gregor.

79 598 163 632 dicit
184 597 216 633 6.
239 599 366 632 Moral.
392 598 478 644 (cap.
502 598 592 643 151).-
611 598 760 640 secunda,
781 599 863 644 quia
885 598 957 631 vita
981 597 1263 642 contemplativa
1285 605 1403 643 potest
1424 607 1501 630 esse
1520 598 1636 641 magis

80 652 262 694 continua,
277 652 361 686 licet
375 663 448 686 non
463 660 636 698 quantum
653 652 695 685 ad
711 663 895 686 summum
917 650 1235 696 contemplationis
1252 650 1415 696 gradum,
1430 650 1522 684 sicut
1535 661 1640 695 supra

79 706 214 740 dictum
237 715 290 740 est
310 706 357 751 (q.
380 707 454 741 183.
478 711 542 740 art.
569 707 589 741 5
608 706 650 739 ad
671 718 701 740 2.
729 711 756 740 et
778 718 808 751 q.
831 712 945 752 praec.
968 710 1032 738 art.
1052 715 1083 748 4.
1107 704 1149 738 ad
1172 706 1238 750 3.)‚·
1262 704 1356 737 unde
1378 712 1412 737 et
1433 703 1559 745 Maria,
1574 714 1637 749 per

79 770 188 805 quarn
210 759 432 805 significatur
454 759 525 793 vita
547 759 840 805 contemplativa,
860 758 1070 793 describitur
1088 768 1190 791 secus
1205 757 1314 803 pedes
1328 757 1479 790 Domini
1499 756 1640 790 assidue

79 814 224 848 sedens:
249 815 357 856 tertia,
381 813 463 859 quia
479 815 595 858 major
613 822 665 847 est
680 813 871 847 delectatio
892 813 988 847 vitae
1011 811 1326 857 contemplativae,
1349 822 1457 857 quam
1481 810 1638 851 activae3

79 867 174 901 unde
196 868 290 912 Aug.
314 867 399 901 dicit
424 867 460 901 in
482 867 542 902 lib.
563 867 606 900 de
628 867 755 901 Verbis
777 867 888 900 Dom.
911 867 1022 911 (serm.
1044 866 1100 900 26.
1119 871 1189 910 cap.
1208 862 1272 910 2.),
1299 865 1395 910 quod
1415 864 1553 898 Martha
1571 868 1637 897 tur-

79 922 232 961 babatur,
253 922 369 955 Maria
382 921 597 967 epulabatur:
612 925 745 965 quarta,
765 920 849 966 quia
870 920 905 953 in
927 920 999 953 vita
1022 918 1304 964 contemplativa
1319 925 1372 952 est
1385 917 1500 951 homo
1521 917 1636 962 magis

78 973 352 1016 sibisufficiens;
367 975 449 1020 quia
460 974 688 1020 paucioribus
703 974 746 1007 ad
766 984 847 1007 eam
866 973 1020 1018 indiget3
1039 972 1133 1006 unde
1156 972 1284 1005 dicitur
1299 971 1386 1004 Luc.
1406 981 1468 1005 10.:
1488 970 1636 1012 Martha,

79 1027 217 1062 Martha
245 1028 373 1062 solicita
398 1040 438 1069 es,
462 1033 491 1062 et
512 1028 656 1062 turbaris
688 1038 764 1071 erga
786 1027 960 1073 plurima:
984 1026 1112 1071 quinta,
1143 1025 1225 1070 quia
1251 1025 1323 1058 vita
1351 1023 1633 1070 contemplativa

78 1082 194 1126 magis
216 1089 362 1127 propter
383 1093 420 1115 se
455 1080 631 1125 diligitur3
656 1080 729 1113 vita
759 1087 881 1113 autem
909 1079 1024 1112 activa
1052 1078 1095 1112 ad
1123 1078 1217 1112 aliud
1251 1077 1453 1119 ordinatur3
1480 1076 1574 1110 unde
1601 1076 1638 1110 in

77 1133 170 1168 Psal.
191 1133 402 1169 26.dicitur:
424 1134 532 1169 Unam
543 1135 626 1180 petii
639 1144 659 1167 a
678 1134 840 1174 Domino,
857 1133 941 1166 hanc
964 1133 1145 1178 requiram,
1168 1136 1202 1165 ul
1216 1131 1395 1165 inhabitem
1411 1132 1445 1164 in
1460 1130 1554 1164 domo
1570 1130 1640 1164 Do-

76 1189 161 1221 mini
174 1189 323 1222 omnibus
333 1187 539 1222 diebusvitae
550 1198 650 1228 meae,
666 1192 703 1221 ut
715 1185 846 1220 videam
860 1185 1064 1231 voluptatem
1076 1186 1239 1218 Domini:
1259 1189 1358 1225 sexta,
1371 1184 1454 1229 quia
1470 1183 1542 1217 vita
1558 1194 1641 1216 con-

76 1240 287 1286 templativa
307 1241 468 1275 consistit
490 1241 526 1274 in
545 1240 702 1286 quadam
719 1239 926 1280 vocatione,
942 1247 976 1272 et
993 1239 1124 1284 quiete,
1139 1238 1340 1272 secundum
1355 1236 1442 1270 illud
1460 1236 1553 1270 Psal.
1569 1247 1636 1280 45.:

83 1294 214 1336 Vacate,
237 1299 266 1328 et
285 1294 401 1336 videte,
423 1295 581 1339 quoniam
598 1304 654 1339 ego
675 1305 747 1327 sum
769 1294 878 1327 Deus:
901 1294 1051 1339 septima,
1074 1291 1157 1338 quia
1177 1291 1250 1325 vita
1279 1289 1559 1336 contemplativa
1587 1297 1640 1323 est

77 1347 274 1381 secundum
299 1347 437 1388 divina;
463 1348 536 1381 vita
563 1355 685 1380 autem
711 1346 828 1380 activa
854 1353 908 1379 est
937 1345 1136 1380 secundum
1166 1344 1344 1386 humana;
1366 1344 1460 1377 unde
1483 1343 1639 1388 August.

78 1401 164 1435 dicit
184 1401 221 1434 in
242 1400 302 1435 lib.
324 1401 368 1435 de
389 1400 517 1434 Verbis
542 1401 653 1433 Dom.
678 1398 788 1442 (serm.
814 1410 867 1445 27.
889 1405 961 1445 cap.
989 1400 1058 1443 2.):
1090 1411 1108 1429 «
1126 1398 1165 1432 In
1183 1398 1351 1444 principio
1379 1401 1448 1430 erat
1473 1397 1614 1430 Verbum
1628 1406 1639 1428 .·

79 1465 163 1488 ecce
185 1454 282 1500 quod
308 1454 422 1488 Maria
445 1453 626 1488 audiebat:
661 1454 802 1487 Verbum
829 1464 906 1487 caro
925 1453 1058 1498 sactum
1080 1456 1144 1486 est:
1172 1462 1257 1484 ecce
1285 1450 1343 1484 cui
1368 1449 1511 1483 Martha
1537 1449 1640 1482 mini-

78 1508 264 1542 strabatn:
287 1513 417 1549 octava,
441 1507 524 1553 quia
544 1507 617 1540 vita
640 1505 923 1552 contemplativa
950 1513 1002 1540 est
1029 1505 1230 1539 secundum
1255 1504 1302 1545 id,
1325 1503 1422 1549 quod
1445 1510 1496 1536 est
1519 1502 1635 1548 magis

78 1562 263 1607 proprium
276 1561 429 1602 homini,
444 1560 583 1594 scilicet
596 1559 796 1593 secundum
806 1558 1050 1600 intellectum3
1071 1558 1107 1591 in
1126 1557 1396 1603 operationibus
1411 1564 1531 1589 autem
1544 1555 1639 1589 vitae

78 1615 216 1649 activae
239 1614 486 1648 communicat
512 1614 621 1647 etiam
648 1612 834 1646 inferiores
859 1613 964 1653 vires,
991 1623 1082 1658 quae
1109 1619 1191 1645 sunt
1211 1610 1327 1651 nobis,
1349 1617 1384 1643 et
1404 1609 1514 1643 brutis
1537 1619 1636 1642 com·

78 1679 224 1710 munes;
246 1668 340 1702 unde
362 1668 398 1701 in
419 1667 477 1701 Ps.
503 1678 567 1712 35„
589 1674 781 1713 postquam
803 1666 940 1699 dictum
962 1672 1033 1699 est:
1060 1665 1231 1706 Homines,
1253 1669 1281 1697 et
1298 1665 1449 1709 jumenta
1472 1662 1630 1705 salvabis,

78 1723 234 1763 Domine,
267 1721 428 1756 subditur
453 1721 488 1754 id
515 1720 611 1766 quod
639 1727 693 1754 est
718 1719 926 1753 hominibus
953 1717 1129 1764 speciale:
1162 1718 1202 1751 In
1230 1717 1353 1751 lumine
1375 1721 1429 1751 tuo
1455 1715 1638 1750 videbimus

78 1776 203 1810 lumen:
218 1786 343 1809 nonam
365 1775 545 1808 rationem
569 1773 665 1807 addit
685 1773 878 1814 Dominus,
901 1772 988 1806 Luc.
1015 1782 1079 1813 10„
1095 1782 1177 1805 curn
1197 1770 1298 1804 dicit:
1325 1770 1496 1816 Optimam
1507 1774 1637 1816 partem

77 1830 169 1875 elegit
190 1830 320 1870 Maria,
348 1839 430 1873 quae
455 1839 521 1861 non
543 1827 712 1872 auferetur
734 1827 774 1860 ab
797 1836 834 1860 ea
845 1838 859 1864 ,·
883 1826 979 1871 quod
999 1835 1180 1870 exponens
1202 1824 1298 1869 Aug.
1320 1823 1356 1856 in
1378 1822 1437 1856 lib.
1460 1822 1503 1856 de
1525 1821 1634 1856 Verb.

77 1883 186 1916 Dom.
215 1882 294 1926 (loc.
325 1882 398 1926 cit.)
426 1881 528 1914 dicit:
555 1893 573 1912 ‹<
594 1881 677 1914 Non
704 1888 742 1914 tu
764 1879 912 1921 malam,
934 1879 995 1913 sed
1018 1878 1079 1912 illa
1101 1878 1311 1912 meliorem:
1335 1877 1429 1919 audi,
1451 1877 1544 1911 unde
1567 1888 1641 1910 me-

77 1935 225 1970 liorem:
249 1935 332 1981 quia
350 1945 423 1968 non
446 1933 626 1968 auferetur
648 1935 689 1967 ab
713 1944 772 1967 ea:
797 1944 816 1966 a
838 1941 871 1966 te
894 1941 1015 1966 autem
1038 1931 1217 1966 auferetur
1244 1931 1437 1977 aliquando
1460 1941 1551 1964 onus
1572 1941 1634 1964 ne-

77 1989 267 2023 cessitatis:
291 1996 434 2022 aeterna
455 1996 508 2021 est
529 1987 682 2021 dulcedo
705 1986 863 2020 veritatis
884 1999 924 2021 »ς
948 1985 1147 2020 secundum
1169 1985 1253 2030 quid
1274 1993 1410 2025 tamen,
1433 1991 1467 2017 et
1487 1984 1524 2017 in
1545 1994 1630 2018 casu

78 2050 131 2076 est
151 2042 267 2087 magis
289 2041 455 2087 eligenda
480 2043 553 2075 vita
580 2041 696 2074 activa
723 2048 868 2086 propter
895 2040 1147 2074 necessitatem
1179 2038 1376 2084 praesentis
1408 2037 1520 2071 vitae:
1545 2037 1637 2071 sicut

78 2096 188 2130 etiam
216 2095 352 2129 Philos.
375 2095 460 2128 dicit
480 2095 516 2128 in
542 2106 569 2139 3.
593 2093 721 2140 Topic.
747 2095 834 2140 (cap.
861 2105 892 2128 2.
919 2095 953 2126 in
978 2093 1130 2139 explicat.
1157 2092 1216 2126 loc.
1238 2091 1313 2136 40.)
1336 2091 1432 2137 quod
1449 2089 1640 2136 «philoso-

78 2149 181 2195 phari
203 2156 255 2182 est
276 2148 416 2189 melius,
439 2159 546 2193 quam
571 2147 685 2188 ditari,
707 2147 768 2181 sed
791 2147 894 2180 ditari
916 2146 1046 2180 melius
1068 2154 1121 2179 est
1141 2145 1395 2179 necessitatem
1416 2143 1612 2190 patienti».

151 2202 210 2236 AD
233 2212 382 2236 PRIMUM
404 2212 491 2246 ergo
514 2200 718 2242 dicendum,
741 2200 836 2246 quod
864 2199 907 2233 ad
933 2198 1113 2245 praelatos
1139 2210 1214 2232 non
1240 2198 1361 2232 solum
1388 2197 1541 2243 pertinet
1565 2197 1638 2230 vita

80 2256 207 2296 activa,
230 2255 292 2289 sed
314 2254 423 2288 etiam
446 2254 575 2287 debent
596 2264 672 2287 esse
695 2253 912 2287 excellentes
933 2253 970 2286 in
991 2252 1064 2286 vita
1086 2250 1385 2297 contemplativa3
1408 2250 1502 2283 unde
1524 2249 1635 2295 Greg.

79 2309 166 2343 dicit
186 2309 222 2342 in
248 2307 425 2342 Pastorali
452 2307 554 2353 (part.
581 2319 611 2341 2.
639 2313 709 2353 cap.
736 2308 799 2352 1.).·
829 2319 846 2338 «
870 2306 924 2340 Sit
955 2304 1105 2340 Praesul
1126 2305 1268 2339 actione
1297 2304 1525 2350 praecipuus,
1552 2314 1636 2349 prae

80 2362 218 2396 cunctis
239 2362 275 2395 in
289 2360 597 2406 contemplatione
618 2371 858 2406 suspensus».

151 2415 211 2449 AD
238 2424 443 2448 SECUNDUM
467 2413 671 2454 dicendum,
699 2413 795 2458 quod
815 2413 888 2446 vita
915 2411 1196 2457 contemplativa
1223 2411 1258 2444 in
1287 2410 1443 2456 quadam
1470 2409 1582 2442 animi
1601 2408 1639 2442 li-

79 2469 215 2503 bertate
237 2468 417 2501 consistit:
441 2467 526 2500 dicit
547 2466 644 2499 enim
672 2465 781 2511 Greg.
804 2476 909 2511 super
935 2465 1064 2499 Ezech.
1089 2464 1191 2508 (hom.
1210 2465 1269 2509 3.),
1290 2463 1386 2508 quod
1415 2475 1432 2494 (<
1455 2463 1527 2496 vita
1554 2473 1638 2496 con—

79 2520 289 2567 templativa
311 2520 354 2554 ad
376 2520 572 2565 quamdam
593 2519 796 2553 libertatern
818 2519 948 2552 mentis
968 2518 1104 2559 transit,
1127 2516 1342 2562 temporalia
1363 2527 1437 2549 non
1460 2515 1636 2560 cogitans,

80 2575 141 2609 sed
164 2582 326 2608 aeterna:
349 2581 384 2607 et
404 2573 550 2606 Boetius
572 2572 657 2605 dicit
677 2572 712 2605 in
738 2582 766 2616 ς.
789 2572 832 2605 de
852 2570 1005 2606 Consol.
1028 2571 1144 2616 (prosa
1165 2571 1236 2614 2.).·
1260 2582 1277 2601 ι(
1293 2569 1479 2602 Humanas
1499 2568 1638 2601 animas

82 2628 269 2662 liberiores
291 2637 368 2660 esse
386 2636 533 2659 necesse
556 2633 618 2667 est,
642 2636 725 2658 cum
741 2625 827 2659 sein
841 2624 972 2659 mentis
987 2624 1127 2657 divinae
1143 2621 1389 2668 speculatione
1405 2629 1640 2663 conservant;

80 2681 199 2714 minus
220 2690 320 2720 vero,
343 2690 425 2712 cum
449 2677 653 2712 dilabuntur
675 2678 718 2711 ad
740 2689 894 2723 corpora
914 2689 947 2719 »3
970 2676 1063 2710 unde
1086 2683 1193 2722 patet,
1216 2675 1312 2721 quod
1333 2675 1405 2708 vita
1427 2674 1543 2708 activa
1563 2684 1637 2708 non

81 2734 236 2767 directae
257 2732 351 2766 vitae
377 2731 550 2777 praecipit
583 2730 899 2776 contemplativae,
927 2730 987 2764 sed
1015 2729 1241 2774 disponendo
1269 2728 1313 2761 ad
1339 2727 1452 2761 vitam
1479 2735 1641 2760 contem-

80 2786 253 2833 plativam
274 2785 448 2831 praecipit
468 2784 647 2830 quaedam
669 2795 779 2830 opera
799 2784 893 2818 vitae
920 2783 1080 2824 activae3
1106 2782 1143 2816 in
1173 2792 1245 2827 quo
1265 2781 1382 2827 magis
1409 2781 1518 2814 servit
1544 2781 1639 2814 vitae

82 2839 400 2884 contemplativae,
423 2849 531 2884 quarn
553 2837 778 2879 dominetur3
799 2845 835 2871 et
854 2837 925 2870 hoc
948 2844 1001 2870 est
1021 2835 1117 2881 quod
1140 2835 1249 2880 Greg.
1267 2835 1352 2868 dicit
1377 2845 1484 2879 super
1508 2833 1638 2867 Ezech.

84 2894 161 2937 (loc.
175 2892 248 2936 cit.)
263 2892 359 2938 quod
385 2904 403 2923 «
422 2892 538 2925 activa
551 2891 623 2925 vita
638 2891 801 2932 servitus,
822 2888 1105 2935 contemplativa
1127 2896 1248 2922 autem
1270 2887 1415 2922 libertas
1435 2894 1586 2920 vocatur
1607 2899 1638 2920 n.
