1859 3122
224 182 308 225 900
609 180 827 216 QUAESTIO
861 179 1039 210 CXXXVI.
1074 179 1318 211 ARTICULUS
1351 181 1411 210 111.

781 362 1125 407 ARTICULUS
1160 363 1239 406 III.
1714 375 1784 422 670

438 483 591 513 UTRUM
623 483 860 514 PATIENTIA
894 483 1045 513 possm*
1079 483 1234 513 HABERI
1267 483 1361 514 SINE
1395 483 1569 514 GRATIA.

296 584 356 619 AD
385 594 555 618 TERTIUM
582 583 632 618 sic
659 583 876 630 proceditur.
906 583 1068 625 Videtur,
1095 583 1191 630 quod
1217 583 1388 630 patientia
1420 583 1534 630 possit
1558 583 1683 618 haberi
1708 583 1784 618 sine

221 638 352 684 gratia:
375 637 463 671 illud
486 638 594 679 enim,
617 638 660 671 ad
684 637 779 683 quod
801 637 891 671 ratio
914 637 1031 682 magis
1052 637 1212 679 inclinat,
1232 637 1348 682 magis
1370 645 1488 683 potest
1508 636 1659 683 implere
1680 637 1786 672 ratio-

221 692 311 726 nalis
333 700 514 726 creatura:
538 691 599 725 sed
622 691 737 736 magis
757 699 810 725 est
827 690 1051 734 rationabile,
1070 690 1167 736 quod
1189 690 1318 736 aliquis
1346 690 1501 736 patiatur
1522 689 1619 724 mala
1639 698 1786 736 propter

220 746 369 787 bonum,
393 757 502 791 quam
527 752 673 790 propter
700 744 857 778 malum:
880 743 990 790 aliqui
1013 752 1133 778 autem
1156 744 1338 790 patiuntur
1364 743 1461 778 mala
1481 752 1626 789 propter
1647 743 1784 777 malum

222 811 264 834 ex
298 799 443 845 propria
476 798 604 832 virtute
639 798 715 832 sine
751 797 882 831 auxilio
905 798 1058 843 gratiae:
1087 797 1172 831 dicit
1205 797 1302 831 enim
1324 797 1476 843 August.
1498 796 1535 831 in
1556 796 1615 830 lib.
1638 796 1682 831 de
1706 798 1784 831 Pat.

223 852 311 899 (cap.
330 853 374 899 3.)
396 851 492 898 quod
521 866 539 884 «
562 850 675 885 multa
696 851 733 884 in
755 850 949 892 laboribus,
978 859 1013 885 et
1038 850 1223 885 doloribus
1254 850 1431 884 sustinent
1450 850 1619 884 homines
1640 858 1786 896 propter

222 917 276 948 ea,
299 917 390 951 quae
411 905 540 939 vitiose
567 904 721 950 diligunt
743 916 780 946 »3
804 915 890 950 ergo
918 903 1033 938 multo
1060 905 1177 950 magis
1202 904 1317 938 homo
1345 911 1464 949 potest
1489 903 1585 938 mala
1611 904 1785 938 sustinere

221 967 366 1006 propter
387 959 534 1002 bonum,
558 959 655 1004 quod
677 966 730 992 est
750 969 833 992 vere
855 959 1052 1003 patientem
1075 969 1164 999 esse,
1186 967 1327 1003 praeter
1348 956 1521 990 auxilium
1543 957 1689 1003 gratiae.

287 1023 318 1046 2.
341 1013 576 1047 PRAETEREA.
592 1011 717 1058 Aliqui
731 1023 805 1045 non
823 1012 1014 1046 existentes
1028 1011 1065 1045 in
1083 1019 1176 1046 statu
1195 1011 1331 1057 gratiae
1346 1011 1462 1055 magis
1477 1010 1671 1045 abhorrent
1689 1010 1785 1045 mala

220 1067 403 1109 vitiorum,
437 1077 546 1112 quam
578 1065 781 1112 corporalia
815 1064 929 1107 inala3
952 1065 1046 1099 unde
1079 1065 1227 1111 quidam
1251 1063 1452 1099 Gentilium
1478 1064 1646 1110 leguntur
1671 1063 1786 1099 multa

221 1120 318 1154 mala
339 1119 525 1162 tolerasse,
546 1131 591 1153 ne
614 1119 767 1165 patriam
789 1118 992 1164 proderent,
1015 1126 1075 1152 aut
1097 1117 1229 1164 aliquid
1252 1118 1348 1152 aliud
1366 1117 1601 1152 inhonestum
1621 1117 1787 1152 commit-

220 1181 352 1209 terent:
376 1173 438 1208 sed
460 1173 531 1207 hoc
554 1181 607 1207 est
626 1184 710 1206 vere
738 1173 933 1218 patientem
961 1182 1058 1215 esse3
1081 1183 1168 1218 ergo
1188 1172 1338 1215 videtur,
1361 1171 1458 1218 quod
1479 1171 1651 1218 patientia
1671 1171 1787 1217 possit

221 1228 344 1262 haberi
367 1227 499 1273 absque
523 1226 654 1260 auxilio
678 1226 822 1271 gratiae.

295 1291 326 1326 3.
348 1281 585 1315 PRAETEREA.
604 1279 796 1313 Manifeste
819 1286 976 1324 apparet,
998 1278 1094 1324 quod
1115 1277 1223 1324 aliqui
1245 1286 1390 1324 propter
1411 1278 1602 1312 sanitatem
1623 1277 1786 1323 corporis

222 1334 506 1380 recuperandam
525 1334 647 1378 gravia
670 1332 860 1378 quaedam,
875 1340 910 1366 et
928 1343 1049 1366 amara
1072 1332 1271 1378 patiuntur:
1294 1330 1390 1366 salus
1409 1339 1530 1366 autem
1552 1331 1694 1365 animae
1711 1342 1786 1365 non

223 1396 277 1422 est
291 1387 411 1421 minus
427 1386 639 1433 appetibilis,
655 1397 765 1432 quam
779 1385 911 1419 sanitas
926 1387 1108 1431 corpori33
1131 1396 1217 1431 ergo
1239 1385 1317 1431 pari
1337 1385 1476 1419 ratione
1494 1396 1559 1430 pro
1578 1384 1693 1419 salute
1712 1384 1786 1418 ani—

223 1453 304 1476 mae
319 1449 439 1486 potest
454 1439 580 1486 aliquis
600 1439 714 1473 multa
733 1438 828 1473 mala
846 1439 1032 1482 sustinere,
1048 1438 1143 1485 quod
1162 1446 1215 1473 est
1231 1449 1315 1472 vere
1333 1439 1529 1483 patientem
1548 1449 1638 1480 esse,
1653 1438 1786 1484 absque

223 1494 354 1530 auxilio
377 1495 523 1540 gratiae.

295 1548 370 1583 SED
393 1557 549 1583 CONTRA
571 1554 634 1589 est,
658 1545 754 1592 quod
789 1545 917 1580 dicitur
943 1545 978 1579 in
1006 1546 1061 1581 Ps.
1090 1544 1162 1580 61.:
1182 1546 1236 1580 Ab
1265 1546 1346 1592 ipso,
1378 1543 1516 1579 scilicet
1540 1544 1634 1587 Deo,
1655 1545 1786 1592 patien-

224 1603 270 1637 tia
291 1613 374 1636 mea.

293 1655 523 1690 RESPONDEO
551 1653 757 1695 dicendum,
776 1653 884 1699 quod,
907 1653 998 1687 sicut
1020 1653 1172 1698 August.
1196 1652 1282 1686 dicit
1301 1652 1338 1686 in
1359 1651 1418 1686 lib.
1441 1651 1484 1686 de
1505 1651 1582 1685 Pat.
1605 1651 1694 1698 (cap.
1719 1651 1786 1698 4.)‚

225 1722 243 1741 α
261 1709 315 1743 vis
349 1708 610 1743 desideriorum
630 1707 715 1741 facit
735 1707 965 1741 tolerantiam
987 1706 1164 1749 laborum,
1180 1714 1213 1740 et
1232 1705 1420 1748 dolorum3
1440 1713 1474 1739 et
1495 1716 1617 1747 nemo,
1635 1705 1702 1739 nisi
1721 1716 1785 1751 pro

224 1774 268 1797 eo
291 1763 388 1809 quod
411 1762 574 1804 delectat,
593 1768 720 1806 sponte
739 1761 886 1806 suscipit
906 1759 997 1794 ferre
1019 1760 1115 1806 quod
1139 1760 1274 1795 cruciat
1287 1772 1328 1802 »3
1344 1767 1379 1793 et
1395 1759 1502 1805 hujus
1514 1758 1606 1793 ratio
1621 1766 1684 1800 est,
1703 1758 1786 1805 quia

221 1817 414 1859 tristitiam,
433 1824 467 1850 et
485 1814 652 1849 dolorem
670 1815 869 1849 secundum
885 1825 922 1848 se
939 1814 1108 1848 abhorret
1129 1814 1289 1855 animus3
1311 1813 1404 1847 unde
1422 1823 1623 1858 numquam
1639 1811 1787 1858 eligeret
1838 1826 1839 1830 ¹

225 1882 307 1905 eam
329 1870 401 1916 pati
423 1877 569 1915 propter
595 1880 643 1910 se,
671 1868 733 1902 sed
760 1868 880 1902 solum
902 1876 1047 1914 propter
1068 1867 1197 1909 finem3
1225 1878 1310 1912 ergo
1333 1873 1475 1912 oportet
1497 1865 1593 1912 quod
1614 1865 1701 1899 illud
1728 1865 1788 1899 bo-

224 1935 324 1966 num,
347 1931 493 1970 propter
514 1923 610 1969 quod
639 1922 766 1968 aliquis
793 1921 868 1955 vult
893 1922 965 1967 pati
996 1920 1104 1963 mala,
1131 1921 1175 1954 sit
1209 1921 1325 1966 magis
1354 1919 1520 1961 volitum,
1550 1927 1584 1953 et
1613 1926 1786 1961 amatum,

226 1988 335 2023 quam
350 1976 437 2010 illud
454 1977 604 2017 bonurn,
620 1977 721 2022 cujus
736 1975 888 2021 privatio
911 1974 1038 2020 ingerit
1061 1973 1237 2015 dolorem,
1253 1984 1361 2020 quem
1379 1973 1555 2018 patienter
1569 1972 1786 2007 toleramus:

224 2030 320 2077 quod
348 2038 468 2064 autem
496 2029 622 2075 aliquis
649 2028 826 2075 praeferat
848 2030 983 2062 bonum
1006 2029 1141 2073 gratiae
1169 2027 1337 2062 omnibus
1358 2025 1579 2060 naturalibus
1600 2026 1717 2068 bonis,
1744 2036 1786 2060 ex

223 2095 378 2130 quorum
405 2083 600 2117 amissione
627 2090 745 2128 potest
771 2081 875 2116 dolor
901 2082 1052 2123 causari,
1074 2081 1226 2127 pertinet
1247 2080 1291 2114 ad
1314 2080 1537 2122 charitatem,
1559 2090 1651 2126 quae
1671 2078 1788 2125 diligit

223 2138 345 2172 Deum
367 2148 474 2182 super
496 2136 638 2178 oninia3
667 2136 760 2170 unde
787 2134 1019 2169 manifestum
1047 2142 1111 2177 est,
1137 2134 1233 2180 quod
1256 2134 1438 2179 patientia,
1465 2133 1664 2167 secundum
1690 2132 1786 2179 quod

224 2199 278 2226 est
298 2192 422 2232 virtus,
444 2202 462 2224 a
486 2190 658 2224 charitate
681 2198 856 2227 causatur,
880 2189 1079 2223 secundum
1113 2187 1200 2222 illud
1226 2199 1253 2222 1.
1277 2187 1320 2221 ad
1345 2187 1429 2221 Cor.
1455 2197 1525 2230 13.:
1550 2186 1705 2221 Charitas
1723 2191 1786 2232 pa·
1836 2219 1838 2222 .

224 2246 304 2280 tiens
325 2249 386 2285 est;
410 2242 641 2277 manifestum
657 2251 709 2276 est
724 2251 856 2285 autem,
872 2242 968 2287 quod
991 2242 1146 2275 charitas
1164 2251 1238 2275 non
1253 2248 1371 2286 potest
1390 2240 1513 2274 haberi
1534 2239 1602 2274 nisi
1623 2250 1686 2285 per
1707 2250 1787 2285 gra·
1840 2254 1841 2257 ¹

222 2298 324 2341 tiam,
347 2296 547 2331 secundum
568 2295 655 2329 illud
679 2296 721 2328 ad
744 2296 850 2329 Rom.
876 2305 924 2339 5.:
951 2295 1107 2329 Charitas
1128 2295 1195 2328 Dei
1220 2293 1336 2339 diffusa
1362 2298 1406 2328 est
1431 2294 1466 2327 in
1493 2293 1644 2327 cordibus
1668 2294 1787 2328 nostris
1837 2302 1839 2306 ·

217 2358 281 2398 per
293 2351 460 2398 Spiritum
474 2350 644 2391 Sanctum,
659 2350 715 2394 qui
729 2348 822 2382 (lazius
840 2353 882 2383 est
899 2348 1004 2388 nobi&
1029 2347 1124 2382 unde
1145 2354 1242 2394 patet
1265 2347 1360 2393 quod
1382 2347 1551 2392 patientia
1572 2357 1646 2380 non
1668 2353 1787 2392 potest

224 2405 351 2439 haberi
372 2405 448 2438 sine
471 2401 602 2437 auxilio
625 2402 771 2447 gratiae.

295 2459 354 2492 AD
377 2467 526 2492 PRIMUM
541 2467 626 2502 ergo
643 2455 847 2497 dicendum,
870 2454 965 2501 quod
981 2454 1016 2488 in
1031 2461 1157 2488 natura
1175 2454 1346 2495 humana,
1365 2454 1393 2488 si
1413 2461 1507 2488 esset
1520 2454 1669 2499 integra,
1685 2463 1786 2500 prae-

223 2511 359 2545 valeret
380 2510 566 2544 inclinatio
589 2509 756 2550 rationis;
775 2508 836 2542 sed
859 2509 893 2541 in
916 2516 1042 2542 natura
1063 2514 1228 2553 corrupta
1248 2506 1430 2553 praevalet
1446 2506 1633 2541 inclinatio
1653 2517 1788 2540 concu-

223 2564 429 2611 piscentiae,
453 2575 543 2609 quae
566 2564 601 2596 in
623 2562 772 2596 homine
795 2562 1017 2602 dominatum
1041 2569 1074 2595 et
1096 2561 1176 2595 ideo
1204 2561 1351 2606 pronior
1383 2569 1435 2594 est
1464 2560 1578 2594 homo
1608 2559 1649 2593 ad
1681 2560 1783 2593 susti-

223 2619 381 2652 nendum
398 2617 493 2650 mala
510 2625 653 2662 propter
667 2616 818 2658 bona,in
835 2615 961 2660 quibus
977 2614 1269 2660 concupiscentia
1287 2613 1482 2648 delectatur
1492 2612 1785 2659 praesentialiter,

224 2683 333 2717 quain
355 2671 510 2705 tolerare
533 2670 629 2703 mala
650 2676 794 2715 propter
817 2669 911 2701 bona
933 2668 1060 2709 futura,
1084 2679 1175 2713 quac
1195 2668 1393 2701 secundum
1415 2667 1594 2701 rationem
1617 2674 1786 2713 appetun-

224 2733 291 2766 tur,
314 2725 410 2770 quod
432 2733 553 2758 tamen
574 2724 724 2769 pertinet
747 2722 789 2756 ad
811 2733 935 2755 veram
958 2722 1178 2767 patientiam.

295 2778 354 2811 AD
370 2787 576 2812 SECUNDUM
597 2776 800 2818 dicendum,
823 2775 919 2821 quod
941 2775 1077 2808 bonum
1100 2774 1268 2821 politicae
1289 2774 1428 2808 virtutis
1451 2781 1783 2808 commensuratum

226 2839 278 2865 est
300 2838 447 2864 naturae
468 2830 671 2871 humanae3
691 2837 725 2863 et
747 2829 827 2862 ideo
851 2828 982 2874 absque
1007 2828 1138 2861 auxilio
1161 2828 1296 2873 gratiae
1319 2835 1459 2873 gratum
1482 2826 1642 2861 facientis
1665 2835 1784 2873 potest

225 2884 392 2918 voluntas
413 2884 574 2917 humana
597 2884 631 2917 in
653 2882 739 2916 illud
762 2881 920 2923 tendere,
942 2881 1026 2915 licet
1047 2893 1119 2915 non
1144 2881 1275 2927 absque
1299 2880 1430 2914 auxilio
1457 2880 1592 2926 gratiae
1613 2880 1700 2915 Dei:
1722 2881 1783 2915 sed

1843 1611 1849 1644 κ,
1842 1566 1849 1604 ⁴2—-
1845 1488 1849 1552 *mun
