1859 3122
170 172 280 202 1020
585 171 805 206 QUAESTIO
840 171 952 200 CLVI.
986 172 1230 201 ARTICULUS
1263 172 1307 201 11.

164 251 448 292 similitudinem,
460 258 544 296 puta
556 251 650 284 circa
662 252 973 297 concupiscentias
984 263 1122 294 eorum,
1134 252 1260 298 quibus
1271 264 1344 287 non
1359 260 1476 298 potest
1488 252 1614 298 aliquis
1625 252 1720 287 male

164 305 226 346 uti,
248 313 331 350 puta
355 304 448 337 circa
472 304 783 349 concupiscentias
805 305 993 338 virtutum:
1019 306 1113 339 circa
1128 317 1215 351 quas
1230 313 1347 351 potest
1365 305 1492 352 aliquis
1507 306 1577 340 dici
1598 306 1721 339 incon-

164 358 280 391 tinens
303 368 379 390 esse
401 368 462 402 per
483 357 775 390 similitudinem:
798 358 879 403 quia
895 359 986 391 sicut
1002 358 1060 391 ille
1084 359 1143 404 qui
1163 367 1215 392 est
1232 359 1471 400 incontinens,
1486 358 1644 393 totaliter
1662 358 1721 392 du-

165 411 255 444 citur
275 421 337 455 per
359 410 691 455 concupiscentiam
714 410 866 453 malam3
889 412 936 444 ita
963 411 1089 457 aliquis
1116 411 1274 445 totaliter
1301 412 1440 445 ducitur
1466 424 1528 458 per
1555 411 1723 457 concupi-

164 463 338 497 scentiam
360 463 506 504 bonam,
528 474 619 508 quae
635 472 687 497 est
700 465 900 497 secundum
924 465 1122 499 rationem:
1145 473 1179 498 et
1199 464 1279 498 talis
1300 464 1562 499 incontinentia
1578 475 1652 498 non
1671 471 1724 498 est

164 524 366 562 peccatum,
388 516 450 549 sed
472 516 624 561 pertinet
645 516 689 550 ad
711 516 974 562 perfectionem
995 518 1145 551 virtutis.

236 569 296 602 AD
314 579 464 602 PRIMUM
488 580 574 614 ergo
597 569 801 611 dicendum,
817 570 913 615 quod
935 570 1049 604 homo
1064 578 1183 616 potest
1201 570 1314 604 vitare
1332 578 1534 617 peccatum,
1554 578 1587 604 et
1605 569 1723 603 facere

164 622 317 663 bonum3
340 632 414 655 non
430 630 551 656 tamen
566 622 641 655 sine
660 623 781 656 divino
800 622 944 664 auxilio,
960 624 1158 657 secundum
1174 623 1260 657 illud
1271 624 1373 668 Joan.
1397 634 1469 668 15.:
1489 624 1563 658 Sine
1577 635 1627 657 me
1640 623 1725 656 nihil

161 675 442 721 potestissacc1¹a;
466 675 560 708 unde
582 685 645 720 per
659 675 743 717 hoc,
765 675 862 721 quod
877 676 990 709 homo
1006 676 1142 721 indiget
1163 677 1284 710 divino
1308 676 1439 710 auxilio
1459 676 1503 710 ad
1524 677 1609 718 hoc,
1628 676 1724 722 quod

166 728 210 762 sit
224 728 424 769 continens,
439 739 513 762 non
529 728 738 770 excluditur,
761 729 846 774 quin
862 729 1121 763 incontinentia
1137 730 1180 763 sit
1193 738 1403 775 peccatum3
1423 729 1516 775 quia,
1538 737 1576 763 ut
1597 729 1726 763 dicitur

165 781 202 814 in
227 792 255 826 3.
278 781 393 815 Ethic.
418 781 572 827 (ΜΡ-3.),
611 794 629 813 ((
649 793 740 827 quae
762 793 823 828 per
846 782 995 824 amicos,
1018 793 1222 828 possumus,
1247 782 1449 829 aliqualiter
1470 794 1533 828 per
1558 793 1625 816 nos
1646 793 1725 828 pos-

167 845 291 868 sumus
306 848 338 868 ».

238 888 298 922 AD
325 898 532 922 SECUNDUM
555 887 760 929 dicendum,
783 888 879 934 quod
901 889 936 922 in
964 900 1007 922 eo
1030 889 1090 934 qui
1117 897 1169 923 est
1194 889 1435 930 incontinens,
1460 888 1615 922 vincitur
1639 887 1726 934 judi-

168 941 265 975 cium
288 941 448 982 rationis,
470 952 544 974 non
571 941 717 986 quidem
745 953 787 975 ex
813 942 1039 983 necessitate,
1068 942 1164 987 quod
1192 941 1345 976 auferret
1370 943 1548 976 rationem
1575 940 1728 987 peccati,

167 994 229 1028 sed
252 1006 295 1028 ex
315 993 535 1039 negligentia
557 994 714 1039 quadam
735 994 907 1036 hominis,
930 1006 1004 1028 non
1027 995 1176 1029 firmiter
1196 994 1412 1029 intendentis
1432 994 1475 1028 ad
1490 993 1727 1028 resistendum

168 1047 327 1094 passioni
348 1058 410 1093 per
431 1047 605 1092 judicium
627 1047 787 1090 rationis,
811 1048 907 1093 quod
928 1048 1047 1082 habet.

239 1101 298 1134 AD
321 1110 493 1135 TERTIUM
508 1100 713 1142 dicendum,
736 1101 832 1146 quod
856 1101 944 1134 ratio
967 1100 1027 1134 illa
1046 1101 1209 1147 procedit
1223 1101 1266 1135 de
1284 1100 1545 1135 incontinentia
1560 1111 1623 1146 per
1636 1099 1730 1134 simi-

169 1153 358 1188 litudinem
380 1154 486 1196 dicta,
509 1162 544 1188 et
564 1165 638 1187 non
660 1154 815 1200 proprie.

719 1294 1064 1339 ARTICULUS
1097 1296 1176 1338 HI.
1398 1282 1408 1290 ’
1661 1305 1730 1352 760

262 1403 416 1432 UTRUM
447 1402 744 1432 INCONTINENS
778 1403 883 1431 PLUS
916 1403 1100 1442 PECCET,
1134 1402 1259 1438 QUAM
1294 1402 1640 1432 INTEMPERATUS.

340 1487 416 1532 (1-2.
437 1499 466 1533 q.
489 1488 542 1533 78.
568 1493 633 1522 art.
655 1499 688 1532 4.
711 1493 740 1522 at
761 1499 791 1522 2.
814 1488 900 1522 Dist.
923 1500 973 1535 43.
995 1494 1059 1523 art.
1081 1499 1113 1533 4.
1136 1494 1163 1523 et
1192 1489 1277 1523 l'eri.
1300 1500 1330 1534 q.
1351 1499 1407 1532 24.
1426 1492 1492 1523 art.
1514 1499 1565 1522 10.

569 1546 596 1575 et
618 1541 673 1575 lib.
696 1554 724 1576 1.
745 1541 852 1575 Ethic.
875 1542 942 1576 lect.
965 1554 989 1585 3.
1009 1547 1038 1577 et
1060 1542 1115 1576 lib.
1138 1553 1167 1588 7.
1191 1542 1260 1576 lect.
1282 1541 1346 1586 4.).

244 1630 302 1664 AD
326 1639 497 1664 TERTIUM
519 1629 568 1663 sic
591 1630 808 1675 proceditur.
830 1630 992 1672 Videtur,
1015 1631 1110 1676 quod
1133 1630 1361 1664 incontinens
1379 1629 1457 1676 plus
1472 1636 1607 1676 peccet,
1623 1638 1733 1674 quarn

172 1683 449 1729 intemperatus:
467 1691 568 1716 tanto
585 1683 680 1716 enim
698 1683 824 1729 aliquis
838 1684 978 1718 videtur
992 1684 1135 1729 gravius
1150 1695 1312 1730 peccare,
1327 1692 1461 1730 quanto
1478 1683 1594 1728 magis
1608 1689 1733 1716 contra

174 1736 436 1770 conscientiam
460 1736 543 1782 agit,
565 1736 765 1770 secundum
787 1736 876 1771 illud
898 1737 1020 1771 Lucae
1046 1747 1116 1771 12.:
1139 1738 1260 1772 Servus
1272 1739 1371 1772 sciens
1387 1737 1588 1771 voluntatem
1610 1735 1736 1769 domini

172 1792 234 1832 sui,
255 1795 285 1824 et
302 1802 367 1824 non
381 1790 522 1835 faciens,
541 1789 652 1835 plagis
672 1791 847 1836 vapulabit
870 1791 991 1833 multis,
1015 1798 1100 1824 etc.:
1124 1791 1185 1824 sed
1207 1790 1435 1824 incontinens
1457 1790 1573 1835 magis
1594 1788 1735 1822 videtur

175 1854 280 1889 agere
305 1851 431 1876 contra
454 1843 726 1884 conscientiam,
747 1855 856 1888 quam
877 1843 1154 1889 intemperatus:
1177 1844 1271 1889 quia,
1293 1851 1332 1877 ut
1353 1843 1481 1877 dicitur
1501 1843 1537 1876 in
1560 1853 1591 1888 7.
1618 1841 1733 1875 Ethic.

174 1898 263 1943 (cap.
286 1897 342 1941 3),
363 1896 593 1930 incontinens
615 1896 743 1938 sciens,
766 1908 874 1942 quam
894 1908 1003 1942 prava
1025 1905 1106 1931 sunt
1128 1908 1219 1942 quae
1243 1897 1477 1942 concupiscit,
1497 1895 1735 1929 nihilominus

175 1950 249 1995 agit
269 1958 415 1996 propter
436 1950 660 1996 passionem:
684 1950 942 1995 intemperatus
966 1958 1085 1984 autem
1100 1951 1235 1995 judicat
1249 1961 1290 1984 ea
1304 1961 1395 1996 quae
1414 1949 1637 1995 concupiscit
1658 1959 1735 1982 esse

173 2004 289 2045 bona3
313 2014 398 2048 ergo
420 2003 650 2036 incontinens
674 2005 818 2047 gravius
841 2011 978 2049 peccat,
1001 2015 1109 2049 quam
1132 2003 1401 2049 intemperatus.

247 2066 277 2090 2.
301 2056 537 2090 PRAETERQ.
563 2056 712 2095 Quanto
736 2056 881 2102 aliquod
904 2065 1093 2101 peccatum
1121 2056 1264 2102 gravius
1287 2064 1348 2098 est,
1370 2064 1470 2090 tanto
1492 2055 1632 2089 videtur
1658 2065 1735 2088 esse

176 2109 296 2143 minus
316 2109 496 2155 sanabile3
519 2109 612 2142 unde
636 2117 670 2143 et
691 2118 839 2154 peccata
861 2110 896 2143 in
913 2110 1085 2156 Spiritum
1109 2109 1295 2151 Sanctum,
1311 2121 1402 2155 quae
1417 2116 1499 2143 sunt
1513 2107 1736 2154 gravissima,

177 2163 344 2196 dicuntur
365 2174 441 2196 esse
463 2162 740 2204 irremissibilia,
764 2163 825 2196 sed
848 2171 1039 2209 peccatum
1066 2163 1347 2197 incontinentiae
1373 2163 1513 2196 videtur
1540 2172 1617 2195 esse
1642 2161 1736 2194 insa-

177 2215 342 2257 nabilius,
374 2227 481 2260 quam
512 2224 701 2261 peccatum
729 2216 1044 2262 intemperantiae:
1067 2224 1212 2250 sanatur
1245 2216 1341 2249 enim
1363 2223 1551 2261 peccatum
1587 2214 1736 2259 alicujus

177 2280 240 2315 per
262 2269 561 2310 admonitionem,
579 2277 612 2302 et
634 2269 915 2311 correctionem3
940 2281 1030 2315 quae
1052 2269 1141 2302 nihil
1157 2269 1296 2303 videtur
1314 2268 1467 2302 conferri
1488 2266 1736 2308 incontinenti,

178 2322 239 2368 qui
261 2322 326 2356 scit
348 2334 384 2356 se
406 2322 501 2356 male
524 2333 642 2367 agere,
662 2330 696 2355 et
716 2322 952 2356 nihilominus
972 2322 1066 2356 male
1089 2323 1180 2367 agit;
1203 2323 1440 2368 intemperato
1464 2331 1581 2355 autem
1597 2320 1738 2354 videtur

183 2375 280 2421 quod
303 2375 393 2409 bene
429 2383 521 2421 agat,
545 2382 578 2408 et
601 2375 650 2408 sic
674 2375 805 2420 aliquid
829 2376 860 2408 ei
884 2375 1044 2409 conferre
1067 2384 1188 2421 posset
1217 2375 1436 2417 admonitio3
1468 2385 1553 2420 ergo
1585 2373 1737 2414 videtur,

179 2429 275 2475 quod
298 2429 525 2462 incontinens
547 2428 690 2474 gravius
709 2436 845 2474 peccet,
868 2440 975 2474 quam
999 2429 1270 2474 intemperatus.

254 2494 281 2527 3.
310 2482 545 2516 PRAETEREra.
578 2481 726 2522 Quanto
755 2481 881 2526 aliquis
909 2494 949 2515 ex
978 2483 1105 2526 majori
1132 2482 1277 2515 libidine
1305 2490 1441 2527 peccat,
1468 2488 1567 2514 tanto
1595 2479 1737 2525 gravius

181 2543 325 2581 peccat:
349 2535 410 2569 sed
433 2536 661 2569 incontinens
683 2543 809 2580 peccat
831 2546 871 2568 cx
894 2536 1023 2579 majori
1046 2535 1203 2576 libidine,
1225 2546 1332 2580 quam
1356 2535 1633 2579 intemperatus;
1655 2533 1738 2578 quia

180 2589 408 2622 incontinens
424 2589 531 2622 habet
545 2589 779 2622 vehementes
794 2588 990 2633 passiones,
1004 2596 1037 2622 et
1052 2588 1374 2634 concupiscentias,
1390 2598 1498 2633 quam
1512 2598 1585 2620 non
1596 2597 1738 2632 semper

180 2643 288 2676 habet
309 2643 584 2688 intemperatus3
607 2653 694 2687 ergo
716 2642 943 2675 incontinens
966 2642 1081 2685 inagis
1100 2650 1235 2687 peccat,
1259 2652 1346 2686 quas
1360 2641 1627 2685 intemperatus.

253 2696 326 2730 SED
355 2706 510 2730 CONTRA
540 2704 603 2737 est,
634 2695 730 2741 quod
760 2694 1033 2740 impoenitentia
1069 2703 1241 2739 aggravat
1270 2706 1379 2728 omne
1402 2701 1613 2739 peccatum3
1642 2692 1737 2726 unde

182 2750 334 2794 August.
357 2749 391 2782 in
414 2749 472 2782 lib.
505 2750 548 2783 de
570 2749 678 2783 Verb.
700 2749 810 2782 Dom.
834 2748 945 2792 (serm.
969 2761 1013 2782 11.
1046 2755 1116 2793 sap.
1141 2760 1187 2782 12.
1211 2753 1239 2782 at
1262 2748 1321 2793 13.)
1345 2747 1440 2787 dicit,
1463 2746 1558 2792 quod
1585 2746 1739 2792 impoeni-

183 2805 283 2837 tentia
304 2808 528 2849 estpecsatum
557 2805 590 2836 in
615 2803 779 2848 Spiritum
806 2801 984 2836 Sanctum.-
1012 2801 1087 2841 sed,
1114 2801 1204 2834 sicut
1231 2800 1367 2834 Philos.
1395 2799 1480 2833 dicit
1505 2799 1540 2832 in
1569 2810 1599 2843 7.
1621 2798 1736 2832 Ethic.

184 2855 270 2902 (cap.
297 2867 326 2901 7.
348 2862 377 2891 et
398 2856 462 2901 8.),
489 2869 506 2887 «
533 2856 791 2901 intemperatus
817 2865 890 2888 non
918 2861 971 2888 est
991 2853 1211 2900 poenitivus3
1234 2854 1411 2887 immanet
1431 2852 1528 2886 enim
1550 2851 1733 2886 electioni:

1854 2870 1859 2888 i<

1855 2893 1856 2900 i
