1920 3142
184 179 234 218 16
523 190 658 219 INDEX
691 190 919 219 SECUNDAE
952 191 1180 220 SECUNDAE
1213 191 1376 220 PARTIS.

390 269 581 300 QUAESTIO
602 269 718 296 CXVII.

438 331 478 356 De
501 329 663 355 liberalitate.

224 393 321 419 Utrum
341 394 489 420 liberalitas
509 396 544 420 sit
564 396 659 423 virtus.

225 434 303 464 Quae
324 436 359 460 sit
379 437 436 469 ejus
457 437 580 464 materia.

198 495 203 500 .
225 475 295 506 Quis
315 478 350 501 sit
371 478 428 511 ejus
447 484 535 504 πως.

197 539 202 545 ,
226 517 322 542 Utrum
351 519 438 553 magis
469 520 604 553 pertineat
631 520 665 545 ad
692 519 833 545 liberalem
853 521 926 552 dare,

265 568 346 592 quam
366 561 500 594 accipere.

197 619 203 624 .
225 599 321 625 Utrum
342 600 490 626 liberalitas
510 602 546 627 sit
564 611 626 636 pars
644 603 775 636 justitiae.

198 661 204 667 .
226 640 323 666 Utrum
344 641 493 668 liberalitas
513 644 549 668 sit
568 644 685 669 maxima
703 645 844 671 virtutum.

176 401 202 550 *wer

179 607 194 665 05⁸0

379 731 570 762 QUAESTIO
591 733 723 760 CXVIII.

261 788 300 814 De
318 790 398 822 vitiis,
419 799 481 825 quae
500 797 656 827 opponuntur
677 793 845 819 liberalitati:

399 837 423 858 et
437 834 520 868 primo
540 833 569 859 de
588 835 709 860 avaritia.

181 904 203 921 1.
226 895 323 921 Utrum
343 898 456 923 avaritia
476 899 511 924 sit
531 906 683 933 peccatum.

197 958 203 964 .
225 937 322 963 Utrum
343 939 379 964 sit
398 940 515 974 speciale
534 948 689 975 peccatum.

180 987 203 1012 3.
226 977 278 1004 Cui
297 980 391 1005 virtuti
411 988 576 1016 opponatur,
597 989 687 1008 utrum
707 983 813 1009 scilicet
833 983 929 1009 libera-

267 1020 348 1049 litati.

225 1060 322 1087 Utrum
343 1063 379 1088 sit
398 1070 541 1098 peccatum
561 1065 687 1094 mortale.

197 1124 204 1130 .
226 1103 322 1129 Utrum
344 1105 379 1130 sit
399 1107 589 1140 gravissimum
609 1114 795 1141 peccatorum.

225 1144 321 1170 Utrum
342 1147 377 1171 sit
396 1153 538 1181 peccatum
559 1148 677 1181 carnale,
697 1149 740 1175 vel
760 1148 910 1184 spirituale.

199 1207 205 1213 .
227 1185 325 1211 Utrum
346 1188 381 1212 sit
400 1189 497 1214 vitium
518 1189 643 1224 capitale.

201 1249 206 1254 .
228 1227 270 1252 De
289 1228 397 1254 filiabus
417 1230 484 1264 ejuS.

177 945 191 962 Ν

179 1193 196 1252 mxi
177 1069 204 1172 psus?

392 1318 584 1348 QUAESTIO
605 1319 710 1346 CXIX.

428 1377 467 1404 De
483 1379 674 1414 prodigalitate.

183 1449 205 1466 1.
228 1440 326 1466 Utrum
347 1449 502 1477 opponatur
521 1445 658 1470 avaritiae.

181 1490 206 1507 2.
228 1482 325 1508 Utrum
346 1485 382 1509 sit
401 1492 554 1519 peccatum.

183 1532 206 1557 3.
228 1523 325 1550 Utrum
346 1526 381 1551 sit
400 1528 509 1561 gravius
534 1535 687 1562 peccatum,
709 1538 789 1563 quam
809 1531 931 1558 avaritia.

404 1615 597 1645 QUAESTIO
618 1616 707 1645 CXX.

464 1674 501 1700 De
521 1676 640 1710 epicbcja.

183 1747 206 1766 1.
228 1739 326 1765 Utrum
346 1740 467 1774 epicheja
487 1742 522 1766 sit
541 1742 637 1770 virtus.

181 1789 206 1808 2.
230 1780 326 1806 Utrum
347 1782 382 1806 sit
401 1791 462 1816 pars
481 1783 613 1817 justitiae.

394 1871 586 1901 QUAESTIO
607 1871 711 1903 CXXI.

181 1928 221 1954 De
235 1928 299 1955 dono
313 1930 513 1965 correspondente
530 1931 652 1965 justitiae,
673 1932 767 1957 scilicet
787 1932 816 1957 tle
826 1933 930 1968 pictate.

184 2003 208 2021 1.
230 1993 327 2020 Utrum
347 1996 433 2030 pietas
453 1996 488 2020 sit
509 1996 610 2021 donum
632 1996 748 2031 Spiritus
769 1996 873 2025 Sancti.

182 2043 208 2062 2.
229 2035 327 2061 Utrum
348 2036 449 2071 aliquid
469 2037 496 2062 in
517 2037 741 2070 beatitudinibus,
758 2045 784 2064 ct
798 2038 931 2064 fructibus

270 2078 364 2112 pietati
383 2078 556 2112 respondeat.

344 2173 596 2204 QUAESTIO
629 2173 782 2201 CXXII.

390 2233 428 2258 De
444 2234 582 2268 praeceptis
597 2234 720 2268 justitiae.

186 2305 208 2322 1.
231 2296 328 2323 Utrum
342 2305 485 2333 praecepta
496 2299 623 2334 decalogi
637 2300 691 2324 sint
701 2305 844 2334 praecepta
857 2299 933 2333 justi-

272 2346 336 2367 tiae,

185 2389 208 2405 2.
231 2380 271 2406 Dc
292 2382 379 2415 primo
400 2389 546 2416 praecepto
568 2382 704 2417 decalogi,
725 2389 815 2407 utrum
836 2391 934 2408 conve-

273 2423 379 2448 nienter
398 2424 527 2448 tradatur.

231 2463 271 2488 De
293 2465 424 2491 secundo.

231 2505 271 2530 De
292 2507 383 2531 tertio.

204 2568 210 2574 .
231 2547 271 2572 Dc
291 2554 398 2581 quarto.

232 2588 272 2613 De
293 2589 353 2614 aliis
373 2598 430 2616 sex.

183 2471 210 2615 9w÷w

388 2685 580 2716 QUAESTIO
600 2685 733 2712 CXXIII.

454 2744 492 2770 De
507 2744 669 2780 fortitudine.

209 2817 230 2834 1.
247 2809 343 2835 Utrum
359 2809 491 2835 fortitudo
506 2811 540 2835 sit
554 2811 648 2835 virtuS.

206 2859 229 2876 2.
247 2850 343 2876 Utrum
358 2852 393 2876 sit
406 2852 490 2876 virtus
504 2851 640 2885 specialis.

209 2901 229 2923 3.
248 2891 344 2918 Utrum
360 2893 395 2917 sit
409 2893 479 2918 circa
494 2894 616 2924 timores,
633 2899 659 2917 et
675 2892 809 2918 audacias.

1017 291 1022 296 .
1037 270 1135 296 Utrum
1149 271 1184 296 sit
1198 271 1288 296 solum
1303 272 1374 296 circa
1387 271 1502 296 timores
1516 272 1624 298 mortis.

1016 331 1021 337 .
1038 311 1134 337 Utrum
1148 313 1183 337 sit
1197 312 1287 337 solum
1302 313 1330 337 in
1342 313 1423 338 rebus
1437 312 1554 338 bellicis.

1039 353 1135 378 Utrum
1149 354 1283 378 sustinere
1297 355 1332 378 sit
1349 354 1509 388 praecipuus
1523 360 1600 379 actus
1616 355 1682 388 ejus.

1019 414 1024 419 .
1040 394 1136 419 Utrum
1151 401 1278 429 operetur
1290 401 1401 430 propter
1413 396 1552 429 proprium
1566 395 1680 421 bonum.

1018 455 1023 460 .
1040 435 1136 460 Utrum
1151 436 1249 461 habeat
1263 436 1475 462 delectationem
1490 437 1517 461 in
1530 445 1580 462 suo
1595 443 1669 462 actu.

1018 496 1022 501 .
1041 476 1136 502 Utrum
1150 477 1283 503 fortitudo
1300 479 1414 502 maxime
1435 478 1572 504 consistat
1592 478 1620 502 in
1639 486 1734 512 repen-

1069 519 1144 543 tinis.

985 567 1024 584 10.
1041 558 1138 584 Utrum
1152 566 1243 584 utatur
1255 560 1294 585 ira
1307 560 1334 585 iu
1349 568 1398 585 sua
1412 561 1583 594 operatione.

985 608 1025 625 11.
1041 599 1139 625 Utrum
1153 601 1189 625 sit
1202 601 1288 626 virtus
1303 601 1458 627 cardinalis.

984 648 1024 666 12.
1041 640 1138 666 Utrum
1151 641 1285 668 fortitudo
1307 642 1453 676 praecellat
1473 651 1572 668 omnes
1594 641 1662 668 alias
1680 643 1735 669 vir-

1071 688 1154 707 tutes.

998 485 1013 509 xo
997 402 1012 459 mx}
995 279 1021 378 'mm-b

1187 758 1379 789 QUAESTIO
1400 758 1531 786 CXXIV.

1002 810 1041 836 De
1056 811 1191 846 praecipuo
1211 816 1268 836 actu
1282 811 1454 846 fortitudinis,
1473 811 1568 838 scilicet
1585 813 1716 848 martyrio.

986 884 1009 901 1.
1024 875 1121 901 Utrum
1136 877 1293 910 martyrium
1307 877 1343 901 sit
1356 883 1433 902 actus
1446 878 1564 903 virtutis.

984 925 1008 943 2.
1027 917 1111 952 Cujus
1126 919 1234 943 virtutis
1249 919 1285 943 sit
1301 925 1388 944 actus.

985 967 1009 992 3.
1025 959 1066 984 De
1080 959 1249 993 perfectione
1264 959 1343 994 hujus
1358 966 1445 985 actus.

983 1009 1010 1033 4.
1025 1000 1067 1025 De
1079 1009 1169 1034 poena
1179 1001 1311 1035 martyrii.

988 1049 1012 1074 ς,
1027 1041 1068 1066 De
1083 1050 1164 1068 causa
1179 1043 1310 1077 martyrii.

1199 1124 1391 1155 QUAESTIO
1406 1124 1522 1152 CXXV.

986 1181 1024 1207 De
1044 1183 1114 1208 vitiis
1132 1184 1248 1218 oppositis
1260 1184 1430 1220 fortitudini:
1451 1189 1474 1210 et
1488 1186 1573 1221 primo
1587 1185 1616 1212 de
1638 1186 1736 1212 timore.

989 1256 1011 1273 1.
1027 1247 1125 1273 Utrum
1139 1249 1224 1275 timor
1233 1250 1268 1275 sit
1281 1256 1432 1284 peccatum.

985 1297 1010 1314 2.
1028 1289 1124 1314 Utrum
1138 1291 1221 1316 timor
1234 1297 1389 1325 opponatur
1400 1291 1565 1317 fortitudini.

987 1339 1012 1363 3.
1027 1330 1125 1356 Utrum
1138 1332 1174 1357 sit
1185 1339 1328 1367 peccatum
1343 1333 1468 1358 mortale.

985 1380 1011 1404 4.
1028 1371 1124 1398 Utrum
1138 1380 1259 1405 excuset,
1273 1373 1316 1399 vel
1331 1374 1464 1400 diminuat
1476 1381 1629 1409 peccatum.

1137 1455 1391 1486 QUAESTIO
1421 1456 1587 1483 CXXVI.

1197 1509 1237 1535 De
1255 1511 1318 1536 vitio
1337 1510 1522 1537 intimiditatis.

989 1582 1012 1599 1.
1028 1573 1126 1600 Utrum
1139 1575 1295 1600 intimidum
1309 1584 1369 1600 esse
1384 1576 1420 1601 sit
1433 1582 1586 1610 peccatum.

986 1623 1012 1641 2.
1028 1615 1126 1641 Utrum
1141 1624 1296 1651 opponatur
1309 1616 1475 1643 fortitudini.

1183 1699 1375 1730 QUAESTIO
1397 1699 1542 1726 CXXVII.

1275 1758 1315 1784 De
1335 1757 1454 1784 audacia.

990 1831 1011 1848 1.
1027 1823 1125 1849 Utrum
1140 1824 1252 1849 audacia
1266 1824 1302 1849 sit
1315 1830 1468 1859 peccatum.

987 1872 1012 1889 2.
1029 1863 1125 1890 Utrum
1141 1871 1294 1900 opponatur
1306 1865 1472 1891 fortitudini.

1175 1942 1366 1973 QUAESTIO
1389 1942 1548 1968 CXXVIII.

1087 2001 1126 2027 De
1142 2002 1256 2037 partibus
1269 2001 1431 2037 fortitudinis
1452 2002 1478 2027 in
1497 2002 1633 2028 communi.

955 2075 957 2078 ’
987 2065 1066 2096 Quae
1079 2067 1135 2092 sint
1147 2066 1316 2092 fortitudinis
1328 2073 1429 2102 partes.

1189 2143 1380 2174 QUAESTIO
1401 2143 1534 2169 CXXIX.

1102 2202 1141 2228 De
1157 2203 1272 2239 partibus
1285 2202 1447 2238 fortitudinis
1466 2203 1493 2227 in
1510 2201 1632 2238 speciali.-

1159 2250 1182 2270 εί
1197 2245 1280 2280 primo
1301 2245 1330 2270 de
1349 2245 1570 2280 magnanimitate.

993 2319 1013 2336 1.
1031 2311 1127 2337 Utrum
1142 2311 1352 2345 magnanimitas
1366 2311 1399 2335 sit
1416 2311 1486 2336 circa
1500 2309 1631 2335 honores.

989 2361 1014 2378 2.
1031 2352 1128 2378 Utrum
1143 2353 1177 2378 sit
1191 2352 1280 2377 solum
1295 2353 1366 2378 circa
1380 2360 1495 2386 magnos
1508 2351 1638 2377 honores.

992 2403 1015 2427 3.
1032 2394 1127 2419 Utrum
1142 2394 1177 2419 sit
1190 2395 1285 2419 virtus.

989 2445 1014 2468 4.
1031 2435 1128 2461 Utrum
1141 2436 1176 2460 sit
1190 2435 1316 2469 specialis
1330 2435 1424 2460 virtus.

992 2485 1015 2509 5.
1032 2476 1128 2502 Utrum
1142 2477 1177 2501 sit
1189 2485 1249 2511 pars
1263 2475 1440 2501 fortitudinis.

990 2519 1014 2543 6.
1031 2518 1181 2548 Quomodo
1195 2526 1223 2542 se
1238 2517 1335 2542 habeat
1349 2517 1381 2542 ad
1396 2516 1531 2542 fiduciam.

990 2567 1014 2593 7.
1031 2559 1181 2589 Quomodo
1195 2567 1223 2583 se
1239 2558 1337 2583 habeat
1350 2558 1383 2583 ad
1396 2558 1580 2582 securitatem.

990 2601 1015 2625 8.
1031 2600 1182 2630 Quomodo
1197 2609 1226 2625 se
1239 2600 1336 2625 habeat
1349 2599 1382 2624 ad
1396 2599 1468 2624 bona
1481 2598 1616 2624 fortunae.

1203 2681 1395 2714 QUAESTIO
1408 2681 1525 2708 CXXX.

1011 2743 1048 2768 Dc
1064 2743 1274 2778 praesumptione,
1288 2750 1350 2777 quae
1369 2741 1500 2776 opponitur
1515 2740 1724 2776 magnanimitati

1221 2783 1352 2809 secundum
1379 2791 1508 2808 excessum.

995 2858 1016 2875 1.
1035 2849 1130 2876 Utrum
1145 2849 1329 2884 praesumptio
1345 2849 1379 2873 sit
1394 2854 1545 2883 peecatum.

992 2899 1017 2916 2.
1034 2891 1130 2917 Utrum
1143 2897 1298 2925 opponatur
1307 2889 1523 2925 magnanimitati
1534 2897 1581 2923 per
1590 2895 1740 2914 excessum.
