1859 3122
477 192 697 229 QUAESTto
732 192 833 222 cvn.
868 192 1110 222 ARTICULUS
1145 192 1187 221 11.
1520 193 1570 235 75
1580 193 1598 235 3

121 276 348 311 Rsssponmgo
370 275 574 316 dicendum,
597 274 692 320 quod
716 285 824 308 omne
846 274 973 311 vitium
996 285 1036 307 ex
1060 273 1200 308 defectu
1222 273 1360 308 virtutis
1386 273 1605 315 nominatur,

50 329 133 376 quia
155 329 271 375 magis
292 328 412 362 virtuti
439 327 651 374 opponitur3
674 328 765 362 sicut
787 326 1006 361 illiberalitas
1029 327 1145 373 magis
1167 327 1361 373 opponitur
1391 326 1606 368 liberalitati,

51 395 157 429 quam
179 381 430 427 prodigalitas:
454 390 571 427 potest
598 389 718 415 autem
744 381 864 415 virtuti
891 381 1116 427 gratitudinis
1143 381 1288 427 aliquod
1314 381 1442 415 vitium
1469 382 1607 427 opponi

51 448 112 483 per
134 446 340 478 excessum;
363 443 447 481 puta
469 435 497 469 si
520 435 809 481 recompensatio
832 435 995 469 beneficii
1014 434 1084 477 fiat,
1105 434 1162 469 vel
1183 447 1247 481 pro
1263 435 1390 481 quibus
1404 446 1478 469 non
1493 435 1608 476 debet,

50 489 106 524 vel
129 489 231 523 citius
254 500 362 534 quam
386 488 501 530 debet,
516 496 554 522 ut
575 499 617 522 ex
639 488 741 522 dictis
763 496 859 534 patet
877 489 924 534 (q.
941 488 1015 523 106.
1031 494 1096 523 art.
1115 488 1177 532 4.):
1197 488 1258 522 sed
1278 488 1393 533 magis
1416 488 1609 534 opponitur

51 542 256 588 gratitudini
277 541 417 583 vitium,
440 542 536 587 quod
559 550 611 575 est
632 553 694 587 per
715 541 914 583 defectum;
937 542 1020 587 quia
1040 542 1150 575 virtus
1179 542 1417 587 gratitudinis,
1439 550 1477 575 ut
1503 552 1609 587 supra

50 596 213 630 habitum
236 603 288 629 est
310 595 355 640 (q.
372 601 484 641 praec.
507 600 571 630 art.
599 595 662 640 6.),
686 595 721 628 in
745 595 877 640 aliquid
901 594 1054 641 amplius
1075 595 1206 637 tendit3
1229 603 1264 629 et
1289 595 1371 630 ideo
1399 595 1540 642 proprie
1562 595 1611 628 in-

52 649 230 695 gratitudo
252 649 460 682 nominatur
482 660 523 682 ex
545 648 770 694 gratitudinis
797 647 955 682 defectu:
979 649 1098 682 omnis
1126 657 1247 682 autem
1274 648 1428 691 defectu,
1455 660 1518 683 seu
1544 648 1610 694 pri-

51 702 147 736 vatio
163 702 320 748 speciem
335 702 481 736 sortitur
499 702 697 735 secundum
715 702 876 735 habitum
896 702 1120 747 oppositum:
1137 701 1304 736 differunt
1325 702 1421 736 enim
1444 702 1610 744 caecitas,

53 765 87 791 et
107 756 258 790 surditas
279 756 480 790 secundum
502 755 739 790 differentiam
761 755 870 797 visus,
891 763 924 789 et
945 755 1105 797 auditus;
1124 756 1218 789 unde
1237 756 1329 789 sicut
1346 756 1538 801 gratitudo,
1553 754 1611 789 vel

54 810 167 856 gratia
189 817 242 844 est
259 821 329 843 una
351 808 515 855 specialis
536 809 667 850 virtus;
686 810 734 842 ita
756 808 864 842 etiam
892 808 1110 852 ingratitudo
1138 816 1191 842 est
1216 820 1328 842 unum
1356 808 1511 855 speciale
1533 819 1612 855 pec-

54 871 190 906 catum3
211 863 321 897 habet
341 871 464 896 tamen
483 862 643 896 diversos
662 862 792 907 gradus
814 862 1013 895 secundum
1032 862 1197 896 ordinem
1217 873 1355 904 eorum,
1372 874 1462 908 quae
1477 863 1521 897 ad
1536 874 1612 908 gra-

53 916 242 951 titudinem
265 916 508 962 requiruntur:
531 915 566 949 in
589 927 658 962 qua
671 916 824 962 primum
842 923 905 957 est,
927 915 1024 961 quod
1045 915 1159 949 homo
1183 923 1372 962 acceptum
1395 916 1611 950 beneficium

55 978 313 1015 recognoscat3
335 969 509 1004 secundum
530 976 594 1010 est,
616 968 712 1014 quod
734 968 866 1010 laudet,
885 976 919 1002 et
938 968 1069 1014 gratias
1091 976 1191 1014 agat:
1215 970 1348 1003 tertium
1366 977 1428 1011 est,
1448 969 1544 1015 quod
1563 981 1613 1003 re-

53 1024 184 1058 tribuat
205 1034 269 1069 pro
291 1022 386 1065 loco,
409 1030 444 1056 et
464 1030 627 1068 ternpore
650 1021 848 1056 secundum
871 1033 975 1055 suam
995 1021 1223 1056 facultatem:
1247 1022 1308 1056 sed
1331 1024 1413 1068 quia
1440 1022 1537 1069 quod
1560 1030 1613 1057 est

55 1077 224 1112 ultimum
244 1077 281 1110 in
303 1075 547 1122 generatione,
570 1083 623 1110 est
643 1076 800 1121 primum
822 1075 859 1108 in
880 1075 1120 1118 resolutione3
1142 1075 1224 1110 ideo
1242 1077 1374 1122 primus
1394 1076 1614 1122 ingratitudi-

54 1132 109 1165 nis
135 1130 265 1177 gradus
281 1138 343 1172 est,
358 1137 396 1163 ut
409 1129 523 1163 homo
544 1128 761 1162 beneficium
782 1139 856 1162 non
877 1128 1064 1163 retribuat:
1085 1128 1240 1164 secundus
1261 1136 1324 1171 est,
1346 1137 1384 1163 ut
1402 1129 1613 1171 dissimulet,

55 1184 157 1231 quasi
177 1194 252 1217 non
274 1183 526 1217 demonstrans
552 1193 590 1216 se
616 1181 833 1216 beneficium
857 1182 1059 1228 accepisse3
1082 1183 1206 1224 tertius,
1235 1190 1269 1216 et
1290 1183 1522 1228 gravissimus
1551 1191 1614 1225 est,

56 1237 152 1284 quod
173 1248 247 1271 non
269 1243 519 1283 recognoscat,
542 1237 616 1270 sive
638 1247 701 1282 per
722 1235 957 1277 oblivionem,
979 1235 1053 1270 sive
1075 1247 1306 1282 quocumque
1329 1236 1400 1271 alio
1428 1237 1559 1279 mod03
1581 1244 1616 1271 et

56 1291 139 1337 quia
159 1291 195 1324 in
218 1289 456 1324 affirmatione
479 1289 645 1336 opposita
671 1288 883 1335 intelligitur
902 1289 1061 1335 negatio,
1083 1289 1165 1323 ideo
1188 1290 1233 1323 ad
1254 1291 1407 1336 primum
1433 1290 1617 1335 ingratitu-

57 1344 148 1378 dinis
171 1344 323 1390 gradum
344 1342 508 1389 pertinet,
530 1343 626 1388 quod
649 1341 776 1388 aliquis
803 1342 974 1377 retribuat
999 1342 1095 1376 mala
1122 1354 1186 1388 pro
1212 1343 1334 1377 bonis:
1359 1343 1403 1376 ad
1427 1343 1614 1389 secuml-cm,

58 1397 154 1443 quod
188 1396 405 1430 beneficium
430 1395 621 1442 vituperet:
650 1395 694 1429 ad
720 1397 866 1438 tertium,
894 1395 991 1441 quod
1016 1395 1234 1430 beneficium
1261 1396 1363 1442 quasi
1394 1396 1615 1430 maleficium

57 1457 207 1497 reputet.

130 1503 190 1538 AD
213 1512 362 1537 PRIMUM
383 1513 470 1548 ergo
501 1501 705 1544 dicendum,
732 1501 829 1548 quod
850 1501 886 1535 in
909 1501 1069 1548 quolibet
1090 1510 1241 1548 peccato
1269 1510 1322 1537 est
1348 1502 1544 1538 materialis
1566 1503 1615 1537 in-

62 1556 241 1603 gratitudo
269 1556 311 1589 ad
332 1556 465 1597 Deum,
492 1555 706 1601 inquantum
732 1555 871 1590 scilicet
891 1555 975 1589 facit
992 1555 1107 1589 homo
1135 1555 1279 1602 aliquid,
1306 1556 1402 1602 quod
1429 1564 1546 1603 potest
1573 1557 1616 1591 ad

60 1609 355 1656 ingratitudinem
377 1609 573 1655 pertinere:
592 1607 791 1642 formaliter
806 1616 926 1642 autem
940 1609 1159 1654 ingratitudo
1179 1617 1242 1651 est,
1265 1610 1408 1655 quando
1431 1610 1618 1645 actualiter

60 1662 276 1698 beneficium
299 1662 559 1703 contemnitur;
582 1669 616 1696 et
636 1662 708 1695 hoc
731 1670 783 1695 est
804 1661 960 1707 speciale
982 1670 1184 1707 peccatum.

130 1716 190 1750 AD
212 1726 417 1750 SECUNDUM
452 1714 658 1756 dicendum,
689 1714 784 1760 quod
807 1714 896 1748 nihil
925 1715 1101 1760 prohibet,
1127 1715 1319 1749 formalem
1353 1716 1531 1751 rationem
1558 1716 1618 1750 ali-

61 1770 161 1815 cujus
179 1768 343 1814 specialis
361 1768 500 1814 peccati
517 1768 553 1802 in
568 1768 726 1813 pluribus
744 1776 977 1813 peccatorum
993 1769 1180 1814 generibus
1201 1769 1433 1804 materialiter
1446 1770 1618 1813 inveniri;

61 1831 96 1857 et
108 1822 307 1857 secundum
320 1822 391 1856 hoc
406 1822 442 1855 in
457 1821 578 1856 multis
593 1821 782 1867 generibus
796 1829 1030 1867 peccatorum
1044 1822 1223 1856 invenitur
1237 1823 1500 1869 ingratitudinis
1516 1824 1618 1859 ratio.

131 1876 191 1910 AD
218 1885 389 1910 TERT1UM
411 1875 616 1917 dicendum,
637 1875 734 1921 quod
756 1874 817 1909 illa
837 1875 904 1909 tria
929 1886 1003 1909 non
1026 1883 1107 1910 sunt
1128 1876 1290 1910 diversae
1313 1877 1461 1923 species,
1489 1877 1550 1912 sed
1573 1877 1621 1911 di-

62 1929 157 1964 versi
177 1929 308 1975 gradus
329 1929 434 1963 unius
455 1928 620 1975 specialis
641 1928 792 1973 peccati.

161 2102 178 2115 „
605 2051 948 2097 ARTICULUS
993 2053 1072 2095 111.
1559 2065 1620 2111 ,62

191 2160 344 2189 UTRUM
376 2159 681 2190 INGRATITUDO
710 2161 873 2190 SEMPER
906 2160 972 2189 SIT
1005 2161 1241 2190 PECCATUM
1273 2162 1493 2192 MORTALE.

137 2247 195 2280 AD
222 2256 393 2281 TERTIUM
413 2246 463 2280 sic
484 2247 698 2292 proceditur.
721 2246 882 2289 Videtur,
909 2248 1004 2293 quod
1026 2248 1245 2293 ingratitudo
1267 2259 1410 2295 semper
1431 2249 1474 2283 sit
1500 2260 1623 2295 pecca-

66 2308 143 2334 tum
169 2299 340 2333 mortale:
369 2300 450 2334 Deo
478 2300 574 2333 enim
611 2302 767 2334 maxime
797 2300 901 2335 debet
931 2301 1057 2347 aliquis
1080 2312 1156 2335 esse
1183 2309 1322 2347 gratus:
1350 2302 1411 2336 sed
1438 2302 1622 2348 peccando

66 2353 252 2387 venialiter
273 2353 387 2386 homo
408 2363 482 2386 non
510 2361 562 2387 est
582 2353 742 2399 ingratus
763 2353 864 2396 De03
887 2353 1046 2400 alioquin
1077 2365 1204 2388 omnes
1231 2355 1398 2389 homines
1429 2363 1549 2389 essent
1574 2355 1624 2388 in-

68 2407 176 2453 grati3
196 2418 282 2453 ergo
303 2406 402 2440 nulla
423 2407 641 2453 ingratitudo
665 2416 717 2442 est
737 2416 928 2454 peccatum
949 2408 1102 2443 veniale.

138 2470 169 2494 2.
191 2460 426 2495 PRAETEREA.
460 2460 511 2494 Ex
531 2460 602 2494 hoc
625 2461 770 2507 aliquod
792 2470 983 2507 peccatum
1006 2470 1058 2496 est
1079 2462 1243 2504 mortale,
1266 2462 1361 2508 quod
1385 2462 1623 2496 contrariatur

68 2513 242 2556 charitati,
276 2521 314 2548 ut
334 2525 440 2559 supra
469 2514 604 2547 dictum
627 2522 679 2548 est
706 2514 750 2560 (q.
773 2526 827 2558 24.
850 2520 913 2549 art.
935 2517 999 2560 12.)
1014 2528 1024 2550 .·
1052 2515 1112 2549 sed
1145 2516 1365 2561 ingratitudo
1388 2515 1625 2549 contrariatur

69 2567 245 2608 charitati,
267 2578 309 2601 ex
331 2578 400 2612 qua
421 2567 583 2612 procedit
600 2567 760 2601 debitum
775 2568 1012 2613 gratitudinis,
1034 2577 1072 2602 ut
1090 2580 1195 2614 supra
1218 2569 1353 2602 dictum
1373 2577 1425 2602 est
1448 2569 1494 2614 (q.
1511 2575 1624 2614 pmzssc.

69 2625 131 2654 art.
153 2633 180 2655 I.
203 2620 244 2654 ad
261 2632 289 2666 3.
312 2625 341 2654 et
361 2625 425 2654 art.
449 2620 480 2654 6.
503 2620 545 2654 ad
566 2620 615 2664 2.)
626 2633 638 2661 ,·
663 2631 748 2666 ergo
775 2621 992 2667 ingratitudo
1016 2633 1157 2667 semper
1176 2629 1228 2655 est
1250 2629 1437 2667 peccatum
1461 2621 1624 2655 mortale.

141 2684 170 2719 3.
192 2673 427 2707 PRAETEREA.
451 2673 589 2707 Seneca
617 2673 701 2707 dicit
721 2674 756 2707 in
784 2685 814 2708 2.
843 2675 885 2709 de
920 2674 1042 2709 Benef.
1070 2676 1157 2720 (cap.
1184 2676 1271 2719 10.):
1307 2674 1438 2707 «Haec
1462 2675 1627 2708 beneficii

70 2727 128 2761 lex
148 2735 201 2760 est
221 2727 312 2760 inter
326 2726 434 2760 duos:
459 2726 546 2760 alter
567 2727 687 2776 statim
703 2727 865 2761 oblivisci
888 2728 992 2762 debet
1007 2728 1090 2769 dati,
1113 2728 1201 2761 alter
1223 2727 1360 2772 accepti
1374 2739 1573 2772 numquam
1585 2739 1625 2761 »:

71 2779 133 2814 sed
154 2787 300 2825 propter
319 2780 403 2821 hoc,
424 2787 462 2813 ut
478 2779 628 2821 videtur,
651 2779 756 2814 debet
777 2781 950 2823 oblivisci,
966 2789 1003 2815 ut
1024 2781 1132 2814 lateat
1151 2792 1233 2814 cum
1250 2788 1439 2825 peccatum
1458 2781 1627 2826 recipien-

71 2833 127 2875 tis,
148 2833 177 2866 si
198 2833 383 2878 contingat
397 2843 480 2867 eum
502 2844 578 2867 esse
600 2833 800 2878 ingratum3
823 2834 918 2880 quod
940 2845 1013 2868 non
1036 2841 1227 2879 oporteret,
1242 2834 1267 2866 si
1293 2833 1512 2877 ingratitudo
1535 2841 1627 2867 esset

73 2885 152 2919 leve
172 2894 381 2932 peccatum3
404 2897 490 2931 ergo
512 2886 729 2931 ingratitudo
752 2898 893 2932 semper
915 2895 967 2921 est
984 2895 1173 2932 peccatum
1195 2885 1359 2920 mortale.
