1859 3122
485 195 705 230 QUAESTIO
741 195 944 224 CLXXXIX.
979 194 1222 236 ARTICULUS
1255 193 1314 222 III.
1565 192 1670 236 1273

119 281 208 320 voto,
228 282 256 311 ct
276 278 347 311 -ῑόίί
369 277 562 323 νειῖευιρί.);
587 289 604 308 ‹<
626 276 768 310 Vovere
790 276 967 310 voluntati
989 275 1203 317 consulitur3
1229 274 1290 308 sed
1317 282 1399 320 post
1423 273 1499 307 voti
1526 273 1676 319 promis-

119 330 262 364 sionem
285 331 436 364 redditio
458 331 661 365 necessario
685 330 835 375 exigitur
856 343 887 363 n.

192 383 420 418 RESPONDEO
447 384 653 425 dicendum,
676 383 784 429 quod,
806 383 897 417 sicut
918 393 1024 429 supra
1045 381 1181 415 dictum
1203 388 1254 415 est
1276 381 1323 426 (q.
1353 381 1407 415 88.
1439 385 1503 415 art.
1526 380 1569 424 1.)
1591 390 1673 413 cum

121 435 164 470 de
182 445 269 470 voto
292 445 469 482 ageretur,
491 445 617 471 votum
641 444 694 470 est
713 437 906 481 promissio
928 436 1008 470 Deo
1030 435 1123 469 facta
1145 435 1188 468 de
1209 434 1276 476 his,
1291 445 1382 480 quae
1401 434 1443 467 ad
1461 434 1580 467 Deum
1596 444 1675 479 per-

119 490 253 524 tinent:
276 498 315 523 ut
336 499 457 524 autem
474 489 673 537 Gregorius
690 490 775 524 dicit
785 490 820 524 in
835 488 996 535 Epistola
1011 489 1054 523 ad
1070 487 1298 522 Bonifacium
1314 487 1364 532 (id
1378 488 1451 522 hab,
1466 487 1632 522 Innocent.
1643 486 1671 521 Ι.

118 545 210 588 epist.
232 555 262 578 2.
285 543 327 576 ad
354 543 547 578 Victrz'cium
569 555 641 578 can.
665 555 707 589 13.
731 548 807 577 tom.
829 555 860 578 2.
884 542 1010 577 Concil.
1029 547 1057 577 et
1071 541 1253 576 Zacharias
1274 541 1332 586 Pp.
1347 541 1436 586 epist.
1457 550 1487 586 7.
1503 540 1544 574 ad
1562 540 1673 586 Pipin.

119 602 193 642 cap.
215 607 264 632 21.
288 601 366 630 tom.
388 597 420 631 6.
451 597 521 631 l'id.
544 603 617 643 capr
647 596 779 638 Viduas,
802 607 832 631 2.
854 607 907 642 27.
929 607 958 641 q.
977 595 1023 640 ι.)
1048 608 1066 627 α
1087 595 1116 629 si
1137 595 1228 628 inter
1253 594 1421 628 homines
1447 593 1564 627 bonae
1590 592 1674 627 fidei

118 648 238 683 solent
260 658 465 683 contractus
488 649 587 683 nulla
608 651 746 683 ratione
769 648 927 691 dissolvi,
946 657 1079 695 quanto
1101 647 1217 693 magis
1237 647 1304 681 ista
1325 646 1550 693 pollicitatio,
1565 657 1674 693 quam

120 713 202 735 cum
220 702 302 736 Deo
324 703 470 748 pepigit,
492 702 585 736 solvi
607 703 684 737 sine
702 702 858 736 vindicta
871 713 944 736 non
959 701 1111 748 poterit?
1127 714 1158 744 »3
1181 708 1216 735 et
1233 700 1316 734 ideo
1339 700 1383 733 ad
1398 699 1624 746 implendum
1637 698 1674 734 id

116 755 215 800 quod
231 755 344 789 homo
367 755 477 798 vovit,
493 768 534 790 ex
549 755 763 790 necessitate
777 763 934 797 tenetur3
949 754 1148 788 dummodo
1163 754 1208 788 sit
1222 753 1366 799 aliquid,
1383 752 1478 798 quod
1495 752 1538 786 ad
1552 752 1674 800 Deurn

118 808 313 853 pertineat3
337 808 570 843 manifestum
593 817 645 843 est
669 816 801 851 autem,
821 809 915 854 quod
930 808 1110 853 ingressus
1126 806 1308 852 religionis
1324 806 1481 840 maxime
1496 805 1539 840 ad
1553 805 1674 841 Deum

117 862 287 907 pertinet:
308 862 390 907 quia
413 873 475 907 per
497 862 567 896 hoc
605 862 718 896 homo
741 861 899 896 totaliter
922 872 959 895 se
986 860 1169 906 mancipat
1197 859 1324 893 divinis
1351 859 1543 905 obsequiis,
1569 866 1608 892 ut
1631 869 1674 908 ex

116 925 224 960 supra
246 915 349 948 dictis
367 923 463 960 patet
481 915 528 961 (q.
551 916 627 950 186.
649 920 712 950 art.
734 915 801 959 1.);
826 914 919 948 unde
941 914 1162 960 relinquitur,
1185 913 1280 960 quod
1302 911 1361 946 ille
1388 913 1447 958 qui
1474 923 1511 947 se
1537 911 1675 959 obligat

117 967 161 1000 ad
181 967 365 1013 religionis
386 968 601 1013 ingressum,
624 976 786 1002 teneatur
806 967 1021 1013 religionem
1041 967 1192 1012 ingredi,
1210 965 1408 1013 secundum
1424 965 1519 1011 quod
1534 976 1571 999 se
1586 972 1672 999 voto

118 1019 278 1065 obligare
300 1021 470 1064 intendit3
494 1022 541 1055 ita
562 1021 700 1055 scilicet
727 1021 822 1066 quod
850 1021 879 1054 si
905 1020 1058 1054 intendit
1082 1030 1119 1054 se
1147 1018 1309 1054 absolute
1336 1018 1507 1064 obligare,
1533 1025 1674 1052 tenetur

117 1084 226 1119 quarn
255 1074 357 1108 citius
384 1074 515 1120 poterit
540 1074 691 1119 ingredi,
719 1073 883 1118 legitimo
913 1073 1172 1119 impedimento
1204 1080 1383 1106 cessante:
1411 1071 1441 1105 si
1470 1079 1591 1105 autem
1629 1070 1673 1116 ad

118 1135 257 1160 certum
278 1135 432 1173 tempus,
454 1127 511 1161 vel
533 1127 597 1161 sub
621 1134 718 1160 certa
741 1126 960 1167 conditione,
974 1133 1115 1170 tenetur
1129 1125 1343 1171 religionem
1357 1124 1496 1170 ingredi
1509 1132 1673 1170 ternpore

116 1179 342 1222 adveniente,
364 1179 422 1219 vel
443 1180 652 1214 conditione
675 1179 859 1223 existente.

188 1233 246 1267 AD
269 1243 417 1267 PRIMUM
440 1244 526 1278 ergo
551 1232 756 1274 dicendum,
780 1233 875 1278 quod
902 1231 963 1266 ille
990 1231 1174 1277 presbyter
1201 1242 1276 1264 non
1304 1229 1439 1264 fecerat
1466 1237 1592 1264 votum
1619 1241 1673 1264 so-

115 1284 248 1327 lemne,
269 1285 331 1319 sed
353 1285 525 1331 simplex3
548 1286 642 1319 unde
663 1296 736 1319 non
767 1293 842 1319 erat
873 1285 1075 1329 monachus
1103 1283 1261 1325 effectus,
1289 1291 1326 1317 ut
1356 1283 1439 1329 cogi
1460 1283 1603 1318 deberet
1628 1283 1671 1318 de

114 1339 191 1384 jure
213 1338 248 1371 in
271 1339 494 1380 monasterio
513 1350 712 1380 remanere,
727 1346 762 1372 et
775 1337 978 1372 Ecclesiam
993 1337 1189 1371 dimittere:
1203 1345 1325 1370 tamen
1339 1337 1374 1370 in
1392 1336 1472 1370 foro
1489 1336 1672 1370 conscien-

114 1390 186 1424 tiae
208 1399 301 1425 esset
315 1391 381 1425 sibi
396 1391 673 1433 consulendum,
689 1391 785 1437 quod
802 1391 968 1425 omnibus
983 1390 1150 1431 dimissis,
1166 1390 1378 1435 religionem
1394 1391 1558 1431 intraret3
1577 1389 1670 1423 unde

115 1452 251 1478 extrav,
282 1444 324 1478 de
350 1443 461 1486 Voto,
492 1453 526 1478 et
550 1444 626 1478 voti
647 1444 922 1490 Redemptione,
954 1454 1049 1489 cap.:
1071 1444 1134 1477 Per
1154 1448 1236 1484 tuas,
1259 1442 1456 1488 consulitur
1487 1442 1669 1488 Episcopo

118 1496 471 1542 Gratianopolitano,
495 1497 555 1543 qui
576 1505 660 1543 post
678 1505 805 1531 votum
827 1496 1011 1542 religionis
1034 1496 1282 1542 episcopatum
1304 1503 1556 1540 assumpserat,
1582 1503 1669 1530 voto

115 1561 190 1583 non
212 1550 374 1595 impleto,
397 1558 434 1584 ut
458 1563 475 1582 «
497 1551 525 1584 si
548 1562 651 1584 suam
673 1561 799 1584 sanare
821 1550 1038 1584 desideraret
1060 1549 1332 1590 conscientiam,
1362 1549 1524 1594 regimen
1550 1547 1671 1582 Eccle-

117 1602 191 1636 siae
213 1603 421 1648 resignaret,
444 1612 478 1637 et
498 1603 662 1637 redderet
683 1603 872 1647 Altissimo
891 1610 976 1636 vota
997 1614 1060 1636 sua
1081 1615 1113 1635 >›.

187 1656 246 1690 AD
274 1666 480 1690 SECUNDUM
507 1656 712 1698 dicendum,
734 1656 841 1702 quod,
860 1656 952 1690 sicut
966 1667 1071 1701 supra
1087 1654 1222 1688 dictum
1238 1662 1291 1688 est
1307 1654 1350 1700 (q.
1366 1655 1421 1689 88.
1435 1659 1538 1700 art.3.
1558 1653 1600 1688 ad
1620 1654 1667 1700 2.)

114 1720 201 1742 cum
218 1708 261 1742 de
282 1717 369 1745 voto
392 1718 568 1755 ageretur,
586 1708 646 1742 ille
669 1709 729 1754 qui
750 1720 786 1742 se
808 1717 894 1742 voto
915 1707 1087 1753 obligavit
1108 1707 1151 1741 ad
1179 1714 1296 1741 certae
1322 1706 1508 1752 religionis
1533 1707 1668 1753 ingres-

113 1773 205 1803 sum,
227 1770 366 1796 tenetur
388 1761 506 1796 facere
528 1770 701 1808 quantum
722 1762 759 1795 in
781 1773 818 1796 se
841 1770 904 1803 est,
926 1769 963 1794 ut
989 1761 1025 1794 in
1052 1760 1114 1794 illa
1140 1760 1314 1806 religione
1344 1760 1552 1805 recipiatur3
1580 1767 1613 1794 et
1639 1760 1669 1796 si

112 1815 260 1861 quidem
281 1816 433 1849 intendit
453 1827 490 1850 se
513 1815 724 1862 simpliciter
748 1815 790 1848 ad
809 1815 1024 1860 religionem
1046 1814 1217 1860 obligare,
1231 1815 1260 1848 si
1274 1825 1347 1847 non
1362 1814 1529 1859 recipitur
1542 1814 1579 1847 in
1598 1825 1668 1848 una

112 1868 299 1914 religione,
321 1877 462 1903 tenetur
488 1869 538 1903 ire
567 1869 611 1902 ad
633 1869 760 1913 aliam:
789 1869 818 1902 si
845 1879 931 1902 vero
962 1879 1000 1901 se
1028 1867 1180 1911 intendit
1204 1867 1408 1913 specialiter
1436 1866 1596 1913 obligare
1623 1866 1667 1901 ad

111 1933 224 1962 unam
245 1922 376 1964 solum,
397 1934 471 1956 non
492 1930 632 1957 tenetur
653 1922 720 1956 nisi
742 1922 941 1956 secundum
963 1921 1113 1954 modum
1135 1920 1365 1966 obligationis
1387 1931 1482 1954 suae.

184 1975 243 2009 AD
271 1986 442 2010 TERTmM
464 1976 669 2018 dicendum,
691 1975 788 2020 quod
809 1982 935 2017 votum
957 1973 1152 2019 religionis,
1180 1985 1263 2007 cum
1292 1973 1337 2007 sit
1363 1981 1588 2019 perpetuum,
1615 1980 1668 2007 est

113 2029 240 2074 majus,
263 2040 370 2074 quam
391 2037 518 2062 votum
539 2028 840 2074 peregrinationis
863 2026 997 2060 Terrae
1020 2026 1186 2068 Sanctae,
1209 2026 1305 2072 quod
1320 2034 1372 2060 est
1385 2025 1602 2072 temporale3
1621 2034 1667 2074 et,

112 2081 205 2114 sicut
224 2081 328 2115 Alex.
350 2082 410 2115 III.
434 2082 529 2123 dicit,
552 2090 586 2116 et
608 2081 759 2115 habetur
781 2089 911 2114 extrav.
934 2080 977 2126 de
999 2080 1108 2121 Vot0,
1129 2088 1163 2115 et
1183 2079 1259 2114 voti
1278 2079 1554 2125 Redemptione,
1573 2091 1664 2125 cap.:

111 2134 322 2180 Scriptarae:
349 2147 366 2175 ς(
387 2134 484 2168 Reus
506 2134 609 2168 fracti
630 2134 706 2167 voti
729 2133 952 2179 aliquatenus
973 2144 1047 2175 non
1068 2132 1230 2175 habetur,
1252 2133 1311 2178 qui
1339 2132 1538 2178 temporale
1568 2132 1668 2172 obse,-

114 2187 240 2233 quium
261 2188 298 2221 in
319 2196 531 2234 perpetuam
553 2187 713 2221 nascitur
734 2186 918 2232 religionis
940 2186 1205 2220 observantiam
1229 2194 1453 2220 commutare
1468 2197 1499 2219 n:
1515 2186 1668 2232 rationa-

113 2240 230 2274 biliter
253 2249 373 2274 autem
396 2241 465 2274 dici
488 2249 616 2285 potest,
640 2240 737 2286 quod
757 2240 863 2285 etiarn
886 2251 948 2285 per
968 2240 1171 2286 ingressum
1189 2238 1371 2287 religionis
1395 2238 1521 2284 aliquis
1544 2249 1669 2276 conse·

112 2301 243 2338 quatur
271 2294 525 2328 remissionem
554 2294 718 2327 omnium
750 2301 1002 2338 peccatorum:
1032 2292 1060 2326 si
1092 2292 1188 2326 enim
1220 2291 1396 2337 aliquibus
1425 2291 1667 2338 eleemosynis

112 2345 228 2388 factis,
246 2346 360 2380 homo
371 2354 487 2392 potest
498 2346 618 2380 statim
631 2345 836 2380 satisfacere
848 2345 890 2379 de
902 2345 1058 2391 peccatis
1069 2345 1152 2387 suis,
1163 2344 1456 2378 secundumillud
1468 2344 1608 2378 Daniel.
1619 2354 1665 2387 4:

114 2399 249 2433 Peccata
271 2404 325 2433 taa
347 2400 549 2445 eleemosynis
576 2399 706 2439 redime,
739 2399 853 2432 multo
883 2399 997 2444 magis
1029 2398 1064 2431 in
1091 2397 1375 2433 satisfactionem
1403 2409 1466 2444 pro
1498 2398 1666 2436 omnibus

112 2452 268 2497 peccatis
290 2452 430 2494 sufficit,
453 2452 549 2498 quod
569 2452 695 2498 aliquis
717 2463 754 2486 se
776 2451 933 2495 totaliter
955 2452 1081 2486 divinis
1103 2451 1282 2497 obsequiis
1302 2451 1484 2496 mancipet
1502 2462 1564 2497 per
1589 2449 1666 2485 reli-

112 2504 231 2548 gionis
264 2507 476 2550 ingressum,
507 2516 598 2550 quae
627 2505 766 2549 excedit
793 2516 903 2540 omne
932 2516 1044 2550 genus
1074 2503 1335 2546 satisfactionis,
1365 2504 1473 2537 etiarn
1501 2503 1665 2550 publicae

113 2557 364 2603 poenitentiae,
386 2566 423 2591 ut
443 2558 595 2592 habetur
612 2558 649 2591 in
671 2558 777 2592 Decr.
803 2569 855 2604 33.
876 2569 907 2603 q.
935 2569 962 2591 1.
982 2568 1077 2603 cap.:
1099 2557 1305 2592 Admomre:
1328 2557 1420 2590 sicut
1442 2557 1550 2595 etiam
1564 2556 1666 2590 holo-

112 2618 276 2651 caustum
299 2611 438 2644 excedit
457 2610 686 2653 sacrificium,
709 2619 747 2644 ut
768 2610 920 2657 Gregor.
943 2610 1028 2644 dicit
1053 2621 1157 2656 super
1183 2609 1312 2643 Ezech.
1339 2610 1442 2655 (hom.
1463 2609 1551 2650 20.);
1571 2609 1665 2644 unde

111 2662 241 2708 legitur
261 2663 298 2696 in
318 2663 398 2697 vitis
420 2663 568 2705 Patrum
589 2663 664 2708 (lib.
691 2664 723 2698 6.
751 2664 856 2698 libello
877 2676 904 2698 Ι.
927 2676 959 2697 n.
983 2663 1044 2709 9.),
1068 2663 1164 2709 quod
1186 2663 1352 2696 eamdem
1374 2663 1527 2707 gratiam
1543 2673 1666 2696 conse-

112 2723 267 2761 quuntur
278 2716 471 2762 religiones
485 2716 668 2758 intrantes,
684 2728 792 2762 quam
807 2724 1075 2762 consequuntur
1088 2716 1270 2762 baptizati:
1286 2716 1315 2750 si
1329 2724 1450 2749 tamen
1464 2727 1538 2749 non
1553 2713 1666 2749 absol-

110 2777 279 2809 verentur
291 2780 354 2814 per
367 2769 437 2802 hoc
454 2769 495 2802 ab
512 2769 613 2802 omni
627 2777 726 2813 reatu
740 2780 891 2815 poenae,
905 2768 1140 2803 nihilominus
1155 2769 1334 2814 ingressus
1350 2768 1533 2814 religionis
1543 2767 1665 2802 utilior

112 2829 177 2862 est,
200 2833 309 2866 quam
329 2822 569 2867 peregrinatio
592 2821 728 2856 Terrae
748 2822 915 2864 Sanctae,
931 2829 1104 2868 quantum
1120 2821 1163 2854 ad
1177 2821 1447 2867 promotionem
1464 2821 1500 2855 in
1514 2821 1663 2862 bonurn,

112 2886 203 2920 quae
224 2875 487 2921 praeponderat
508 2875 726 2910 absolutioni
745 2887 765 2909 a
785 2886 913 2922 poena.
