<?xml version="1.0" encoding="UTF-8"?>
<!DOCTYPE html PUBLIC "-//W3C//DTD XHTML 1.0 Transitional//EN"
    "http://www.w3.org/TR/xhtml1/DTD/xhtml1-transitional.dtd">
<html xmlns="http://www.w3.org/1999/xhtml" xml:lang="en" lang="en">
 <head>
  <title>
</title>
<meta http-equiv="Content-Type" content="text/html;charset=utf-8" />
  <meta name='ocr-system' content='tesseract 3.04.00' />
  <meta name='ocr-capabilities' content='ocr_page ocr_carea ocr_par ocr_line ocrx_word'/>
</head>
<body>
  <div class='ocr_page' id='page_1' title='image "./divithomaeaquina03thomuoft_1206.png"; bbox 0 0 1859 3122; ppageno 0'>
   <div class='ocr_carea' id='block_1_1' title="bbox 209 165 1391 222">
    <p class='ocr_par' dir='ltr' id='par_1_1' title="bbox 209 165 1391 222">
     <span class='ocr_line' id='line_1_1' title="bbox 209 165 1391 222; baseline -0.006 -14"><span class='ocrx_word' id='word_1_1' title='bbox 209 165 319 222; x_wconf 89' lang='lat'>1198</span> <span class='ocrx_word' id='word_1_2' title='bbox 575 174 794 211; x_wconf 87' lang='lat' dir='ltr'>QUAESTIO</span> <span class='ocrx_word' id='word_1_3' title='bbox 829 173 1032 204; x_wconf 87' lang='lat' dir='ltr'>CLXXXIV.</span> <span class='ocrx_word' id='word_1_4' title='bbox 1061 171 1304 203; x_wconf 89' lang='lat' dir='ltr'>ARTICULUS</span> <span class='ocrx_word' id='word_1_5' title='bbox 1335 171 1391 201; x_wconf 87' lang='lat' dir='ltr'>Vl.</span> 
     </span>
    </p>
   </div>
   <div class='ocr_carea' id='block_1_2' title="bbox 201 249 1768 2932">
    <p class='ocr_par' dir='ltr' id='par_1_2' title="bbox 201 249 1763 460">
     <span class='ocr_line' id='line_1_2' title="bbox 276 249 1758 299; baseline -0.003 -9"><span class='ocrx_word' id='word_1_6' title='bbox 276 256 350 290; x_wconf 80' lang='lat' dir='ltr'>SED</span> <span class='ocrx_word' id='word_1_7' title='bbox 378 264 533 290; x_wconf 82' lang='lat' dir='ltr'>CONTRA</span> <span class='ocrx_word' id='word_1_8' title='bbox 567 260 630 295; x_wconf 88' lang='lat' dir='ltr'>est,</span> <span class='ocrx_word' id='word_1_9' title='bbox 657 253 755 299; x_wconf 89' lang='lat' dir='ltr'>quod</span> <span class='ocrx_word' id='word_1_10' title='bbox 787 253 897 287; x_wconf 92' lang='lat' dir='ltr'>Dion.</span> <span class='ocrx_word' id='word_1_11' title='bbox 925 252 1010 286; x_wconf 87' lang='lat' dir='ltr'>dicit</span> <span class='ocrx_word' id='word_1_12' title='bbox 1036 252 1072 286; x_wconf 90' lang='lat' dir='ltr'>in</span> <span class='ocrx_word' id='word_1_13' title='bbox 1103 262 1130 297; x_wconf 79' lang='lat'>5.</span> <span class='ocrx_word' id='word_1_14' title='bbox 1160 262 1236 297; x_wconf 88' lang='lat' dir='ltr'>cap.</span> <span class='ocrx_word' id='word_1_15' title='bbox 1263 250 1361 285; x_wconf 89' lang='lat' dir='ltr'>Eccl.</span> <span class='ocrx_word' id='word_1_16' title='bbox 1388 250 1486 285; x_wconf 86' lang='lat' dir='ltr'>Hier.</span> <span class='ocrx_word' id='word_1_17' title='bbox 1515 249 1609 295; x_wconf 81' lang='lat' dir='ltr'>(circ.</span> <span class='ocrx_word' id='word_1_18' title='bbox 1635 250 1758 296; x_wconf 86' lang='lat' dir='ltr'>med.):</span> 
     </span>
     <span class='ocr_line' id='line_1_3' title="bbox 207 303 1761 353; baseline -0.002 -12"><span class='ocrx_word' id='word_1_19' title='bbox 207 322 224 341; x_wconf 88' lang='lat'>«</span> <span class='ocrx_word' id='word_1_20' title='bbox 250 308 469 343; x_wconf 84' lang='lat' dir='ltr'>Pontificum</span> <span class='ocrx_word' id='word_1_21' title='bbox 496 307 642 353; x_wconf 87' lang='lat' dir='ltr'>quidem</span> <span class='ocrx_word' id='word_1_22' title='bbox 669 306 758 340; x_wconf 91' lang='lat' dir='ltr'>ordo</span> <span class='ocrx_word' id='word_1_23' title='bbox 787 305 1096 341; x_wconf 87' lang='lat' dir='ltr'>consummativus</span> <span class='ocrx_word' id='word_1_24' title='bbox 1124 313 1187 347; x_wconf 90' lang='lat' dir='ltr'>est,</span> <span class='ocrx_word' id='word_1_25' title='bbox 1215 312 1249 338; x_wconf 93' lang='lat' dir='ltr'>et</span> <span class='ocrx_word' id='word_1_26' title='bbox 1274 303 1503 350; x_wconf 88' lang='lat' dir='ltr'>perfectivus:</span> <span class='ocrx_word' id='word_1_27' title='bbox 1531 304 1761 339; x_wconf 84' lang='lat' dir='ltr'>sacerdotum</span> 
     </span>
     <span class='ocr_line' id='line_1_4' title="bbox 204 357 1763 404; baseline -0.003 -8"><span class='ocrx_word' id='word_1_28' title='bbox 204 370 325 396; x_wconf 88' lang='lat' dir='ltr'>autem</span> <span class='ocrx_word' id='word_1_29' title='bbox 347 361 618 403; x_wconf 82' lang='lat' dir='ltr'><strong>illuminativus,</strong></span> <span class='ocrx_word' id='word_1_30' title='bbox 640 368 674 394; x_wconf 92' lang='lat' dir='ltr'>et</span> <span class='ocrx_word' id='word_1_31' title='bbox 695 359 927 394; x_wconf 73' lang='lat' dir='ltr'>lucidativus:</span> <span class='ocrx_word' id='word_1_32' title='bbox 944 359 1223 393; x_wconf 79' lang='lat' dir='ltr'>ministrantium</span> <span class='ocrx_word' id='word_1_33' title='bbox 1239 369 1325 391; x_wconf 87' lang='lat' dir='ltr'>vero</span> <span class='ocrx_word' id='word_1_34' title='bbox 1340 357 1560 404; x_wconf 87' lang='lat' dir='ltr'>purgativus,</span> <span class='ocrx_word' id='word_1_35' title='bbox 1582 365 1617 392; x_wconf 90' lang='lat' dir='ltr'>et</span> <span class='ocrx_word' id='word_1_36' title='bbox 1631 357 1763 392; x_wconf 86' lang='lat' dir='ltr'>discre-</span> 
     </span>
     <span class='ocr_line' id='line_1_5' title="bbox 201 412 1501 460; baseline -0.003 -11"><span class='ocrx_word' id='word_1_37' title='bbox 201 416 294 450; x_wconf 85' lang='lat' dir='ltr'>tivus</span> <span class='ocrx_word' id='word_1_38' title='bbox 316 427 354 448; x_wconf 80' lang='lat' dir='ltr'>»z</span> <span class='ocrx_word' id='word_1_39' title='bbox 375 426 417 449; x_wconf 80' lang='lat' dir='ltr'>ex</span> <span class='ocrx_word' id='word_1_40' title='bbox 436 426 507 460; x_wconf 88' lang='lat' dir='ltr'>quo</span> <span class='ocrx_word' id='word_1_41' title='bbox 530 422 638 460; x_wconf 81' lang='lat' dir='ltr'>patet,</span> <span class='ocrx_word' id='word_1_42' title='bbox 660 414 756 460; x_wconf 89' lang='lat' dir='ltr'>quod</span> <span class='ocrx_word' id='word_1_43' title='bbox 777 413 950 460; x_wconf 81' lang='lat' dir='ltr'>perfectio</span> <span class='ocrx_word' id='word_1_44' title='bbox 973 413 1058 447; x_wconf 89' lang='lat' dir='ltr'>solis</span> <span class='ocrx_word' id='word_1_45' title='bbox 1081 412 1268 459; x_wconf 89' lang='lat' dir='ltr'>Episcopis</span> <span class='ocrx_word' id='word_1_46' title='bbox 1291 412 1501 446; x_wconf 79' lang='lat' dir='ltr'>attribuitur.</span> 
     </span>
    </p>

    <p class='ocr_par' dir='ltr' id='par_1_3' title="bbox 201 465 1768 1752">
     <span class='ocr_line' id='line_1_6' title="bbox 273 465 1764 514; baseline -0.002 -10"><span class='ocrx_word' id='word_1_47' title='bbox 273 470 501 504; x_wconf 74' lang='lat' dir='ltr'>RESPONDEO</span> <span class='ocrx_word' id='word_1_48' title='bbox 535 468 740 509; x_wconf 89' lang='lat' dir='ltr'>dicendum,</span> <span class='ocrx_word' id='word_1_49' title='bbox 769 467 865 513; x_wconf 90' lang='lat' dir='ltr'>quod</span> <span class='ocrx_word' id='word_1_50' title='bbox 898 467 934 501; x_wconf 84' lang='lat' dir='ltr'>in</span> <span class='ocrx_word' id='word_1_51' title='bbox 955 466 1181 514; x_wconf 81' lang='lat' dir='ltr'>presbyteris,</span> <span class='ocrx_word' id='word_1_52' title='bbox 1214 473 1248 500; x_wconf 89' lang='lat' dir='ltr'>et</span> <span class='ocrx_word' id='word_1_53' title='bbox 1274 466 1436 500; x_wconf 87' lang='lat' dir='ltr'>diaconis</span> <span class='ocrx_word' id='word_1_54' title='bbox 1475 476 1600 500; x_wconf 90' lang='lat' dir='ltr'>curam</span> <span class='ocrx_word' id='word_1_55' title='bbox 1632 465 1764 501; x_wconf 90' lang='lat' dir='ltr'>haben-</span> 
     </span>
     <span class='ocr_line' id='line_1_7' title="bbox 201 519 1762 568; baseline -0.001 -11"><span class='ocrx_word' id='word_1_56' title='bbox 201 524 295 558; x_wconf 80' lang='lat' dir='ltr'>tibus</span> <span class='ocrx_word' id='word_1_57' title='bbox 317 523 521 557; x_wconf 77' lang='lat' dir='ltr'>animarum</span> <span class='ocrx_word' id='word_1_58' title='bbox 547 522 610 556; x_wconf 68' lang='lat' dir='ltr'>clito</span> <span class='ocrx_word' id='word_1_59' title='bbox 636 530 787 568; x_wconf 83' lang='lat' dir='ltr'>possunt</span> <span class='ocrx_word' id='word_1_60' title='bbox 814 521 1052 563; x_wconf 86' lang='lat' dir='ltr'>considerari;</span> <span class='ocrx_word' id='word_1_61' title='bbox 1074 520 1224 555; x_wconf 87' lang='lat' dir='ltr'>scilicet:</span> <span class='ocrx_word' id='word_1_62' title='bbox 1247 520 1325 554; x_wconf 79' lang='lat' dir='ltr'>ordo</span> <span class='ocrx_word' id='word_1_63' title='bbox 1347 528 1382 553; x_wconf 91' lang='lat' dir='ltr'>et</span> <span class='ocrx_word' id='word_1_64' title='bbox 1399 531 1501 554; x_wconf 74' lang='lat' dir='ltr'>cura:</span> <span class='ocrx_word' id='word_1_65' title='bbox 1524 519 1613 554; x_wconf 85' lang='lat' dir='ltr'>ordo</span> <span class='ocrx_word' id='word_1_66' title='bbox 1641 528 1762 555; x_wconf 89' lang='lat' dir='ltr'>autem</span> 
     </span>
     <span class='ocr_line' id='line_1_8' title="bbox 202 573 1764 623; baseline -0.003 -12"><span class='ocrx_word' id='word_1_67' title='bbox 202 578 278 623; x_wconf 87' lang='lat' dir='ltr'>ipse</span> <span class='ocrx_word' id='word_1_68' title='bbox 301 577 486 611; x_wconf 89' lang='lat' dir='ltr'>ordinatur</span> <span class='ocrx_word' id='word_1_69' title='bbox 509 576 551 610; x_wconf 90' lang='lat' dir='ltr'>ad</span> <span class='ocrx_word' id='word_1_70' title='bbox 567 575 763 622; x_wconf 80' lang='lat' dir='ltr'>quemdam</span> <span class='ocrx_word' id='word_1_71' title='bbox 785 583 905 609; x_wconf 87' lang='lat' dir='ltr'>actum</span> <span class='ocrx_word' id='word_1_72' title='bbox 924 575 959 608; x_wconf 90' lang='lat' dir='ltr'>in</span> <span class='ocrx_word' id='word_1_73' title='bbox 979 575 1107 608; x_wconf 84' lang='lat' dir='ltr'>divinis</span> <span class='ocrx_word' id='word_1_74' title='bbox 1130 573 1278 615; x_wconf 87' lang='lat' dir='ltr'>officiis;</span> <span class='ocrx_word' id='word_1_75' title='bbox 1297 574 1391 607; x_wconf 86' lang='lat' dir='ltr'>unde</span> <span class='ocrx_word' id='word_1_76' title='bbox 1418 584 1525 619; x_wconf 86' lang='lat' dir='ltr'>supra</span> <span class='ocrx_word' id='word_1_77' title='bbox 1550 573 1686 608; x_wconf 88' lang='lat' dir='ltr'>dictum</span> <span class='ocrx_word' id='word_1_78' title='bbox 1711 581 1764 608; x_wconf 87' lang='lat' dir='ltr'>est</span> 
     </span>
     <span class='ocr_line' id='line_1_9' title="bbox 203 626 1763 677; baseline -0.003 -12"><span class='ocrx_word' id='word_1_79' title='bbox 203 632 250 676; x_wconf 83' lang='lat' dir='ltr'>(q.</span> <span class='ocrx_word' id='word_1_80' title='bbox 267 638 380 677; x_wconf 75' lang='lat' dir='ltr'>praec.</span> <span class='ocrx_word' id='word_1_81' title='bbox 404 635 468 665; x_wconf 69' lang='lat' dir='ltr'>art.</span> <span class='ocrx_word' id='word_1_82' title='bbox 492 642 519 676; x_wconf 75' lang='lat'>3.</span> <span class='ocrx_word' id='word_1_83' title='bbox 543 629 584 664; x_wconf 76' lang='lat' dir='ltr'>ml</span> <span class='ocrx_word' id='word_1_84' title='bbox 606 631 665 675; x_wconf 77' lang='lat'>3.),</span> <span class='ocrx_word' id='word_1_85' title='bbox 694 629 791 675; x_wconf 87' lang='lat' dir='ltr'>quod</span> <span class='ocrx_word' id='word_1_86' title='bbox 818 629 999 663; x_wconf 89' lang='lat' dir='ltr'>distinctio</span> <span class='ocrx_word' id='word_1_87' title='bbox 1027 628 1195 662; x_wconf 81' lang='lat' dir='ltr'>ordinum</span> <span class='ocrx_word' id='word_1_88' title='bbox 1221 628 1285 661; x_wconf 91' lang='lat' dir='ltr'>sub</span> <span class='ocrx_word' id='word_1_89' title='bbox 1308 627 1537 661; x_wconf 90' lang='lat' dir='ltr'>distinctione</span> <span class='ocrx_word' id='word_1_90' title='bbox 1558 626 1763 661; x_wconf 86' lang='lat' dir='ltr'>officiorum</span> 
     </span>
     <span class='ocr_line' id='line_1_10' title="bbox 204 681 1763 729; baseline -0.003 -10"><span class='ocrx_word' id='word_1_91' title='bbox 204 685 423 727; x_wconf 88' lang='lat' dir='ltr'>continetur;</span> <span class='ocrx_word' id='word_1_92' title='bbox 446 684 540 717; x_wconf 90' lang='lat' dir='ltr'>unde</span> <span class='ocrx_word' id='word_1_93' title='bbox 562 695 624 729; x_wconf 88' lang='lat' dir='ltr'>per</span> <span class='ocrx_word' id='word_1_94' title='bbox 645 683 715 717; x_wconf 92' lang='lat' dir='ltr'>hoc</span> <span class='ocrx_word' id='word_1_95' title='bbox 739 683 834 728; x_wconf 90' lang='lat' dir='ltr'>quod</span> <span class='ocrx_word' id='word_1_96' title='bbox 855 682 964 728; x_wconf 81' lang='lat' dir='ltr'>aliqui</span> <span class='ocrx_word' id='word_1_97' title='bbox 986 682 1184 727; x_wconf 87' lang='lat' dir='ltr'>suscipiunt</span> <span class='ocrx_word' id='word_1_98' title='bbox 1211 692 1355 715; x_wconf 81' lang='lat' dir='ltr'>sacrum</span> <span class='ocrx_word' id='word_1_99' title='bbox 1382 681 1558 723; x_wconf 85' lang='lat' dir='ltr'>ordinem,</span> <span class='ocrx_word' id='word_1_100' title='bbox 1581 681 1763 727; x_wconf 89' lang='lat' dir='ltr'>accipiunt</span> 
     </span>
     <span class='ocr_line' id='line_1_11' title="bbox 203 734 1764 784; baseline -0.003 -12"><span class='ocrx_word' id='word_1_101' title='bbox 203 746 418 784; x_wconf 77' lang='lat' dir='ltr'>potestatem</span> <span class='ocrx_word' id='word_1_102' title='bbox 441 738 620 784; x_wconf 86' lang='lat' dir='ltr'>quosdam</span> <span class='ocrx_word' id='word_1_103' title='bbox 641 748 763 771; x_wconf 86' lang='lat' dir='ltr'>sacros</span> <span class='ocrx_word' id='word_1_104' title='bbox 786 745 884 770; x_wconf 84' lang='lat' dir='ltr'>actus</span> <span class='ocrx_word' id='word_1_105' title='bbox 906 736 1131 782; x_wconf 85' lang='lat' dir='ltr'>perficiendi:</span> <span class='ocrx_word' id='word_1_106' title='bbox 1154 746 1227 769; x_wconf 89' lang='lat' dir='ltr'>non</span> <span class='ocrx_word' id='word_1_107' title='bbox 1247 743 1368 768; x_wconf 84' lang='lat' dir='ltr'>autem</span> <span class='ocrx_word' id='word_1_108' title='bbox 1394 734 1598 780; x_wconf 84' lang='lat' dir='ltr'>obligantur</span> <span class='ocrx_word' id='word_1_109' title='bbox 1624 746 1667 768; x_wconf 83' lang='lat' dir='ltr'>ex</span> <span class='ocrx_word' id='word_1_110' title='bbox 1692 734 1764 769; x_wconf 90' lang='lat' dir='ltr'>hoc</span> 
     </span>
     <span class='ocr_line' id='line_1_12' title="bbox 202 787 1764 838; baseline -0.003 -12"><span class='ocrx_word' id='word_1_111' title='bbox 202 792 280 837; x_wconf 89' lang='lat' dir='ltr'>ipso</span> <span class='ocrx_word' id='word_1_112' title='bbox 303 792 347 826; x_wconf 87' lang='lat' dir='ltr'>ad</span> <span class='ocrx_word' id='word_1_113' title='bbox 370 803 411 826; x_wconf 80' lang='lat' dir='ltr'>ea</span> <span class='ocrx_word' id='word_1_114' title='bbox 425 802 517 838; x_wconf 82' lang='lat' dir='ltr'>quae</span> <span class='ocrx_word' id='word_1_115' title='bbox 536 799 618 825; x_wconf 89' lang='lat' dir='ltr'>sunt</span> <span class='ocrx_word' id='word_1_116' title='bbox 631 789 872 837; x_wconf 87' lang='lat' dir='ltr'>perfectionis,</span> <span class='ocrx_word' id='word_1_117' title='bbox 894 790 963 824; x_wconf 89' lang='lat' dir='ltr'>nisi</span> <span class='ocrx_word' id='word_1_118' title='bbox 977 797 1152 836; x_wconf 86' lang='lat' dir='ltr'>quatenus</span> <span class='ocrx_word' id='word_1_119' title='bbox 1174 789 1267 835; x_wconf 84' lang='lat' dir='ltr'>apud</span> <span class='ocrx_word' id='word_1_120' title='bbox 1283 787 1548 822; x_wconf 89' lang='lat' dir='ltr'>occidentalem</span> <span class='ocrx_word' id='word_1_121' title='bbox 1561 787 1764 822; x_wconf 86' lang='lat' dir='ltr'>Ecclesiam</span> 
     </span>
     <span class='ocr_line' id='line_1_13' title="bbox 202 841 1765 890; baseline -0.002 -11"><span class='ocrx_word' id='word_1_122' title='bbox 202 846 239 879; x_wconf 89' lang='lat' dir='ltr'>in</span> <span class='ocrx_word' id='word_1_123' title='bbox 273 845 503 890; x_wconf 79' lang='lat' dir='ltr'>susceptione</span> <span class='ocrx_word' id='word_1_124' title='bbox 529 845 621 878; x_wconf 89' lang='lat' dir='ltr'>sacri</span> <span class='ocrx_word' id='word_1_125' title='bbox 648 844 783 878; x_wconf 83' lang='lat' dir='ltr'>ordinis</span> <span class='ocrx_word' id='word_1_126' title='bbox 810 844 984 878; x_wconf 81' lang='lat' dir='ltr'>emittitur</span> <span class='ocrx_word' id='word_1_127' title='bbox 1011 843 1253 877; x_wconf 79' lang='lat' dir='ltr'>continentiae</span> <span class='ocrx_word' id='word_1_128' title='bbox 1283 850 1421 884; x_wconf 88' lang='lat' dir='ltr'>votum,</span> <span class='ocrx_word' id='word_1_129' title='bbox 1449 841 1545 888; x_wconf 89' lang='lat' dir='ltr'>quod</span> <span class='ocrx_word' id='word_1_130' title='bbox 1572 850 1626 876; x_wconf 88' lang='lat' dir='ltr'>est</span> <span class='ocrx_word' id='word_1_131' title='bbox 1650 853 1765 876; x_wconf 88' lang='lat' dir='ltr'>unum</span> 
     </span>
     <span class='ocr_line' id='line_1_14' title="bbox 204 895 1765 945; baseline -0.002 -12"><span class='ocrx_word' id='word_1_132' title='bbox 204 910 328 933; x_wconf 87' lang='lat' dir='ltr'>eorum</span> <span class='ocrx_word' id='word_1_133' title='bbox 352 910 443 944; x_wconf 89' lang='lat' dir='ltr'>quae</span> <span class='ocrx_word' id='word_1_134' title='bbox 466 899 510 933; x_wconf 85' lang='lat' dir='ltr'>ad</span> <span class='ocrx_word' id='word_1_135' title='bbox 532 897 793 945; x_wconf 83' lang='lat' dir='ltr'>perfectionem</span> <span class='ocrx_word' id='word_1_136' title='bbox 811 897 1001 944; x_wconf 82' lang='lat' dir='ltr'>pertinent,</span> <span class='ocrx_word' id='word_1_137' title='bbox 1017 905 1054 931; x_wconf 90' lang='lat' dir='ltr'>ut</span> <span class='ocrx_word' id='word_1_138' title='bbox 1074 896 1166 930; x_wconf 83' lang='lat' dir='ltr'>infra</span> <span class='ocrx_word' id='word_1_139' title='bbox 1181 897 1319 930; x_wconf 89' lang='lat' dir='ltr'>dicetur</span> <span class='ocrx_word' id='word_1_140' title='bbox 1335 896 1379 942; x_wconf 83' lang='lat' dir='ltr'>(q.</span> <span class='ocrx_word' id='word_1_141' title='bbox 1398 896 1473 931; x_wconf 81' lang='lat'>186.</span> <span class='ocrx_word' id='word_1_142' title='bbox 1491 901 1556 930; x_wconf 83' lang='lat' dir='ltr'>art.</span> <span class='ocrx_word' id='word_1_143' title='bbox 1575 895 1628 941; x_wconf 85' lang='lat'>4.)</span> <span class='ocrx_word' id='word_1_144' title='bbox 1637 908 1651 937; x_wconf 84' lang='lat'>,·</span> <span class='ocrx_word' id='word_1_145' title='bbox 1670 896 1765 930; x_wconf 89' lang='lat' dir='ltr'>unde</span> 
     </span>
     <span class='ocr_line' id='line_1_15' title="bbox 203 949 1767 999; baseline -0.001 -13"><span class='ocrx_word' id='word_1_146' title='bbox 203 961 312 998; x_wconf 80' lang='lat' dir='ltr'>patet,</span> <span class='ocrx_word' id='word_1_147' title='bbox 334 952 431 999; x_wconf 87' lang='lat' dir='ltr'>quod</span> <span class='ocrx_word' id='word_1_148' title='bbox 454 964 496 986; x_wconf 80' lang='lat' dir='ltr'>ex</span> <span class='ocrx_word' id='word_1_149' title='bbox 517 952 588 986; x_wconf 88' lang='lat' dir='ltr'>hoc</span> <span class='ocrx_word' id='word_1_150' title='bbox 612 951 708 998; x_wconf 89' lang='lat' dir='ltr'>quod</span> <span class='ocrx_word' id='word_1_151' title='bbox 728 951 855 998; x_wconf 85' lang='lat' dir='ltr'>aliquis</span> <span class='ocrx_word' id='word_1_152' title='bbox 878 951 1008 997; x_wconf 88' lang='lat' dir='ltr'>accipit</span> <span class='ocrx_word' id='word_1_153' title='bbox 1029 962 1170 985; x_wconf 81' lang='lat' dir='ltr'>sacrum</span> <span class='ocrx_word' id='word_1_154' title='bbox 1195 951 1371 992; x_wconf 87' lang='lat' dir='ltr'>ordinem,</span> <span class='ocrx_word' id='word_1_155' title='bbox 1384 961 1459 984; x_wconf 91' lang='lat' dir='ltr'>non</span> <span class='ocrx_word' id='word_1_156' title='bbox 1473 950 1619 996; x_wconf 87' lang='lat' dir='ltr'>ponitur</span> <span class='ocrx_word' id='word_1_157' title='bbox 1632 949 1767 995; x_wconf 90' lang='lat' dir='ltr'>simpli-</span> 
     </span>
     <span class='ocr_line' id='line_1_16' title="bbox 203 1003 1763 1052; baseline -0.003 -11"><span class='ocrx_word' id='word_1_158' title='bbox 203 1008 291 1041; x_wconf 87' lang='lat' dir='ltr'>citer</span> <span class='ocrx_word' id='word_1_159' title='bbox 311 1007 347 1040; x_wconf 92' lang='lat' dir='ltr'>in</span> <span class='ocrx_word' id='word_1_160' title='bbox 369 1014 461 1040; x_wconf 83' lang='lat' dir='ltr'>statu</span> <span class='ocrx_word' id='word_1_161' title='bbox 480 1005 729 1052; x_wconf 72' lang='lat' dir='ltr'>perfectionis,</span> <span class='ocrx_word' id='word_1_162' title='bbox 744 1005 908 1051; x_wconf 77' lang='lat' dir='ltr'>quamvis</span> <span class='ocrx_word' id='word_1_163' title='bbox 930 1005 1078 1039; x_wconf 84' lang='lat' dir='ltr'>interior</span> <span class='ocrx_word' id='word_1_164' title='bbox 1096 1004 1267 1051; x_wconf 82' lang='lat' dir='ltr'>perfectio</span> <span class='ocrx_word' id='word_1_165' title='bbox 1284 1004 1327 1038; x_wconf 85' lang='lat' dir='ltr'>ad</span> <span class='ocrx_word' id='word_1_166' title='bbox 1343 1004 1414 1038; x_wconf 88' lang='lat' dir='ltr'>hoc</span> <span class='ocrx_word' id='word_1_167' title='bbox 1436 1003 1648 1050; x_wconf 85' lang='lat' dir='ltr'>requiratur,</span> <span class='ocrx_word' id='word_1_168' title='bbox 1666 1003 1763 1050; x_wconf 91' lang='lat' dir='ltr'>quod</span> 
     </span>
     <span class='ocr_line' id='line_1_17' title="bbox 203 1058 1765 1107; baseline -0.002 -13"><span class='ocrx_word' id='word_1_169' title='bbox 203 1060 330 1107; x_wconf 80' lang='lat' dir='ltr'>aliquis</span> <span class='ocrx_word' id='word_1_170' title='bbox 342 1060 448 1106; x_wconf 83' lang='lat' dir='ltr'>digne</span> <span class='ocrx_word' id='word_1_171' title='bbox 460 1060 669 1105; x_wconf 80' lang='lat' dir='ltr'>hujusmodi</span> <span class='ocrx_word' id='word_1_172' title='bbox 680 1067 779 1094; x_wconf 85' lang='lat' dir='ltr'>actus</span> <span class='ocrx_word' id='word_1_173' title='bbox 791 1067 965 1093; x_wconf 78' lang='lat' dir='ltr'>exerceat.</span> <span class='ocrx_word' id='word_1_174' title='bbox 976 1058 1148 1092; x_wconf 85' lang='lat' dir='ltr'>Similiter</span> <span class='ocrx_word' id='word_1_175' title='bbox 1164 1058 1273 1092; x_wconf 87' lang='lat' dir='ltr'>etiam</span> <span class='ocrx_word' id='word_1_176' title='bbox 1283 1069 1349 1092; x_wconf 89' lang='lat' dir='ltr'>nec</span> <span class='ocrx_word' id='word_1_177' title='bbox 1364 1069 1406 1091; x_wconf 82' lang='lat' dir='ltr'>ex</span> <span class='ocrx_word' id='word_1_178' title='bbox 1416 1065 1516 1103; x_wconf 91' lang='lat' dir='ltr'>parte</span> <span class='ocrx_word' id='word_1_179' title='bbox 1527 1069 1645 1100; x_wconf 84' lang='lat' dir='ltr'>curae,</span> <span class='ocrx_word' id='word_1_180' title='bbox 1656 1068 1765 1103; x_wconf 85' lang='lat' dir='ltr'>quam</span> 
     </span>
     <span class='ocr_line' id='line_1_18' title="bbox 203 1110 1765 1160; baseline -0.003 -11"><span class='ocrx_word' id='word_1_181' title='bbox 203 1114 413 1160; x_wconf 89' lang='lat' dir='ltr'>suscipiunt,</span> <span class='ocrx_word' id='word_1_182' title='bbox 434 1122 618 1159; x_wconf 89' lang='lat' dir='ltr'>ponuntur</span> <span class='ocrx_word' id='word_1_183' title='bbox 639 1114 674 1147; x_wconf 90' lang='lat' dir='ltr'>in</span> <span class='ocrx_word' id='word_1_184' title='bbox 697 1121 790 1148; x_wconf 88' lang='lat' dir='ltr'>statu</span> <span class='ocrx_word' id='word_1_185' title='bbox 811 1112 1059 1159; x_wconf 89' lang='lat' dir='ltr'>perfectionis:</span> <span class='ocrx_word' id='word_1_186' title='bbox 1082 1123 1157 1146; x_wconf 91' lang='lat' dir='ltr'>non</span> <span class='ocrx_word' id='word_1_187' title='bbox 1179 1112 1276 1146; x_wconf 91' lang='lat' dir='ltr'>enim</span> <span class='ocrx_word' id='word_1_188' title='bbox 1298 1110 1504 1156; x_wconf 84' lang='lat' dir='ltr'>obligantur</span> <span class='ocrx_word' id='word_1_189' title='bbox 1526 1122 1568 1145; x_wconf 86' lang='lat' dir='ltr'>ex</span> <span class='ocrx_word' id='word_1_190' title='bbox 1588 1111 1660 1146; x_wconf 92' lang='lat' dir='ltr'>hoc</span> <span class='ocrx_word' id='word_1_191' title='bbox 1685 1111 1765 1158; x_wconf 91' lang='lat' dir='ltr'>ipso</span> 
     </span>
     <span class='ocr_line' id='line_1_19' title="bbox 202 1165 1767 1215; baseline -0.003 -12"><span class='ocrx_word' id='word_1_192' title='bbox 202 1168 348 1203; x_wconf 90' lang='lat' dir='ltr'>vinculo</span> <span class='ocrx_word' id='word_1_193' title='bbox 367 1168 530 1215; x_wconf 89' lang='lat' dir='ltr'>perpetui</span> <span class='ocrx_word' id='word_1_194' title='bbox 550 1167 638 1210; x_wconf 80' lang='lat' dir='ltr'>voti,</span> <span class='ocrx_word' id='word_1_195' title='bbox 661 1167 704 1200; x_wconf 88' lang='lat' dir='ltr'>ad</span> <span class='ocrx_word' id='word_1_196' title='bbox 726 1167 797 1201; x_wconf 87' lang='lat' dir='ltr'>hoc</span> <span class='ocrx_word' id='word_1_197' title='bbox 820 1166 917 1212; x_wconf 91' lang='lat' dir='ltr'>quod</span> <span class='ocrx_word' id='word_1_198' title='bbox 940 1178 1063 1201; x_wconf 83' lang='lat' dir='ltr'>curam</span> <span class='ocrx_word' id='word_1_199' title='bbox 1087 1166 1291 1200; x_wconf 83' lang='lat' dir='ltr'>animarum</span> <span class='ocrx_word' id='word_1_200' title='bbox 1317 1165 1509 1200; x_wconf 81' lang='lat' dir='ltr'>retineant:</span> <span class='ocrx_word' id='word_1_201' title='bbox 1532 1165 1594 1199; x_wconf 88' lang='lat' dir='ltr'>sed</span> <span class='ocrx_word' id='word_1_202' title='bbox 1614 1172 1767 1210; x_wconf 85' lang='lat' dir='ltr'>possunt</span> 
     </span>
     <span class='ocr_line' id='line_1_20' title="bbox 203 1218 1766 1265; baseline -0.003 -8"><span class='ocrx_word' id='word_1_203' title='bbox 203 1234 284 1257; x_wconf 88' lang='lat' dir='ltr'>eam</span> <span class='ocrx_word' id='word_1_204' title='bbox 307 1222 483 1263; x_wconf 89' lang='lat' dir='ltr'>deserere,</span> <span class='ocrx_word' id='word_1_205' title='bbox 504 1221 562 1255; x_wconf 83' lang='lat' dir='ltr'>vel</span> <span class='ocrx_word' id='word_1_206' title='bbox 584 1221 803 1255; x_wconf 80' lang='lat' dir='ltr'>transeundo</span> <span class='ocrx_word' id='word_1_207' title='bbox 826 1221 869 1254; x_wconf 88' lang='lat' dir='ltr'>ad</span> <span class='ocrx_word' id='word_1_208' title='bbox 891 1220 1118 1265; x_wconf 81' lang='lat' dir='ltr'>religionem,</span> <span class='ocrx_word' id='word_1_209' title='bbox 1142 1220 1251 1253; x_wconf 84' lang='lat' dir='ltr'>etiam</span> <span class='ocrx_word' id='word_1_210' title='bbox 1267 1219 1401 1265; x_wconf 80' lang='lat' dir='ltr'>absque</span> <span class='ocrx_word' id='word_1_211' title='bbox 1416 1218 1562 1253; x_wconf 88' lang='lat' dir='ltr'>licentia</span> <span class='ocrx_word' id='word_1_212' title='bbox 1583 1218 1766 1265; x_wconf 88' lang='lat' dir='ltr'>Episcopi,</span> 
     </span>
     <span class='ocr_line' id='line_1_21' title="bbox 203 1272 1768 1321; baseline -0.003 -11"><span class='ocrx_word' id='word_1_213' title='bbox 203 1284 240 1310; x_wconf 91' lang='lat' dir='ltr'>ut</span> <span class='ocrx_word' id='word_1_214' title='bbox 261 1276 413 1310; x_wconf 87' lang='lat' dir='ltr'>habetur</span> <span class='ocrx_word' id='word_1_215' title='bbox 434 1276 469 1309; x_wconf 93' lang='lat' dir='ltr'>in</span> <span class='ocrx_word' id='word_1_216' title='bbox 492 1275 655 1309; x_wconf 86' lang='lat' dir='ltr'>Decretis</span> <span class='ocrx_word' id='word_1_217' title='bbox 683 1285 733 1321; x_wconf 78' lang='lat'>19.</span> <span class='ocrx_word' id='word_1_218' title='bbox 752 1286 784 1320; x_wconf 93' lang='lat' dir='ltr'>q.</span> <span class='ocrx_word' id='word_1_219' title='bbox 808 1284 839 1308; x_wconf 88' lang='lat'>2.</span> <span class='ocrx_word' id='word_1_220' title='bbox 857 1274 965 1320; x_wconf 79' lang='lat' dir='ltr'>(cap.:</span> <span class='ocrx_word' id='word_1_221' title='bbox 987 1275 1085 1308; x_wconf 60' lang='lat' dir='ltr'>Duae</span> <span class='ocrx_word' id='word_1_222' title='bbox 1098 1274 1201 1318; x_wconf 80' lang='lat' dir='ltr'>sunt),</span> <span class='ocrx_word' id='word_1_223' title='bbox 1225 1272 1283 1307; x_wconf 77' lang='lat' dir='ltr'>vel</span> <span class='ocrx_word' id='word_1_224' title='bbox 1305 1273 1413 1307; x_wconf 87' lang='lat' dir='ltr'>etiam</span> <span class='ocrx_word' id='word_1_225' title='bbox 1433 1284 1516 1306; x_wconf 88' lang='lat' dir='ltr'>cum</span> <span class='ocrx_word' id='word_1_226' title='bbox 1530 1272 1674 1307; x_wconf 90' lang='lat' dir='ltr'>licentia</span> <span class='ocrx_word' id='word_1_227' title='bbox 1688 1272 1768 1319; x_wconf 89' lang='lat' dir='ltr'>Epi-</span> 
     </span>
     <span class='ocr_line' id='line_1_22' title="bbox 203 1326 1768 1376; baseline -0.003 -12"><span class='ocrx_word' id='word_1_228' title='bbox 203 1330 305 1376; x_wconf 90' lang='lat' dir='ltr'>scopi</span> <span class='ocrx_word' id='word_1_229' title='bbox 330 1338 449 1376; x_wconf 86' lang='lat' dir='ltr'>potest</span> <span class='ocrx_word' id='word_1_230' title='bbox 477 1329 603 1375; x_wconf 80' lang='lat' dir='ltr'>aliquis</span> <span class='ocrx_word' id='word_1_231' title='bbox 631 1328 908 1362; x_wconf 85' lang='lat' dir='ltr'>archidiaconus</span> <span class='ocrx_word' id='word_1_232' title='bbox 936 1328 1284 1368; x_wconf 79' lang='lat' dir='ltr'>archidiaconatum,</span> <span class='ocrx_word' id='word_1_233' title='bbox 1318 1326 1376 1361; x_wconf 78' lang='lat' dir='ltr'>vel</span> <span class='ocrx_word' id='word_1_234' title='bbox 1411 1326 1623 1372; x_wconf 87' lang='lat' dir='ltr'>parochiam</span> <span class='ocrx_word' id='word_1_235' title='bbox 1651 1326 1768 1361; x_wconf 89' lang='lat' dir='ltr'>dimit-</span> 
     </span>
     <span class='ocr_line' id='line_1_23' title="bbox 202 1379 1766 1429; baseline -0.003 -10"><span class='ocrx_word' id='word_1_236' title='bbox 202 1392 290 1426; x_wconf 85' lang='lat' dir='ltr'>tere,</span> <span class='ocrx_word' id='word_1_237' title='bbox 313 1392 347 1418; x_wconf 91' lang='lat' dir='ltr'>et</span> <span class='ocrx_word' id='word_1_238' title='bbox 368 1383 573 1429; x_wconf 85' lang='lat' dir='ltr'>simplicem</span> <span class='ocrx_word' id='word_1_239' title='bbox 595 1383 838 1429; x_wconf 84' lang='lat' dir='ltr'>praebendam</span> <span class='ocrx_word' id='word_1_240' title='bbox 852 1382 1015 1427; x_wconf 88' lang='lat' dir='ltr'>accipere</span> <span class='ocrx_word' id='word_1_241' title='bbox 1036 1382 1112 1416; x_wconf 87' lang='lat' dir='ltr'>sine</span> <span class='ocrx_word' id='word_1_242' title='bbox 1129 1393 1231 1415; x_wconf 84' lang='lat' dir='ltr'>cura:</span> <span class='ocrx_word' id='word_1_243' title='bbox 1256 1380 1352 1426; x_wconf 91' lang='lat' dir='ltr'>quod</span> <span class='ocrx_word' id='word_1_244' title='bbox 1374 1379 1475 1414; x_wconf 85' lang='lat' dir='ltr'>nullo</span> <span class='ocrx_word' id='word_1_245' title='bbox 1498 1380 1609 1414; x_wconf 89' lang='lat' dir='ltr'>modo</span> <span class='ocrx_word' id='word_1_246' title='bbox 1632 1380 1766 1422; x_wconf 88' lang='lat' dir='ltr'>liceret,</span> 
     </span>
     <span class='ocr_line' id='line_1_24' title="bbox 204 1434 1768 1483; baseline -0.003 -11"><span class='ocrx_word' id='word_1_247' title='bbox 204 1438 234 1473; x_wconf 89' lang='lat' dir='ltr'>si</span> <span class='ocrx_word' id='word_1_248' title='bbox 256 1445 348 1472; x_wconf 82' lang='lat' dir='ltr'>esset</span> <span class='ocrx_word' id='word_1_249' title='bbox 369 1438 403 1471; x_wconf 93' lang='lat' dir='ltr'>in</span> <span class='ocrx_word' id='word_1_250' title='bbox 426 1445 518 1471; x_wconf 82' lang='lat' dir='ltr'>statu</span> <span class='ocrx_word' id='word_1_251' title='bbox 541 1436 788 1483; x_wconf 86' lang='lat' dir='ltr'>perfectionis:</span> <span class='ocrx_word' id='word_1_252' title='bbox 812 1437 916 1471; x_wconf 64' lang='lat' dir='ltr'>Nemo</span> <span class='ocrx_word' id='word_1_253' title='bbox 940 1436 1037 1470; x_wconf 87' lang='lat' dir='ltr'>enim</span> <span class='ocrx_word' id='word_1_254' title='bbox 1060 1447 1197 1469; x_wconf 78' lang='lat' dir='ltr'>manum</span> <span class='ocrx_word' id='word_1_255' title='bbox 1220 1436 1345 1468; x_wconf 77' lang='lat' dir='ltr'>mittens</span> <span class='ocrx_word' id='word_1_256' title='bbox 1365 1434 1407 1468; x_wconf 79' lang='lat' dir='ltr'>ad</span> <span class='ocrx_word' id='word_1_257' title='bbox 1428 1438 1593 1476; x_wconf 77' lang='lat' dir='ltr'>aratrum,</span> <span class='ocrx_word' id='word_1_258' title='bbox 1623 1439 1651 1468; x_wconf 76' lang='lat' dir='ltr'>et</span> <span class='ocrx_word' id='word_1_259' title='bbox 1671 1435 1768 1480; x_wconf 76' lang='lat' dir='ltr'>respi-</span> 
     </span>
     <span class='ocr_line' id='line_1_25' title="bbox 204 1487 1767 1538; baseline -0.003 -12"><span class='ocrx_word' id='word_1_260' title='bbox 204 1493 288 1527; x_wconf 73' lang='lat' dir='ltr'>ciens</span> <span class='ocrx_word' id='word_1_261' title='bbox 310 1497 410 1534; x_wconf 71' lang='lat' dir='ltr'>retro,</span> <span class='ocrx_word' id='word_1_262' title='bbox 433 1496 526 1538; x_wconf 80' lang='lat' dir='ltr'>aptus</span> <span class='ocrx_word' id='word_1_263' title='bbox 543 1496 585 1525; x_wconf 73' lang='lat' dir='ltr'>cst</span> <span class='ocrx_word' id='word_1_264' title='bbox 605 1503 700 1537; x_wconf 69' lang='lat' dir='ltr'>regno</span> <span class='ocrx_word' id='word_1_265' title='bbox 720 1492 797 1532; x_wconf 72' lang='lat' dir='ltr'>Dei,</span> <span class='ocrx_word' id='word_1_266' title='bbox 826 1499 863 1524; x_wconf 89' lang='lat' dir='ltr'>ut</span> <span class='ocrx_word' id='word_1_267' title='bbox 885 1490 1012 1524; x_wconf 86' lang='lat' dir='ltr'>dicitur</span> <span class='ocrx_word' id='word_1_268' title='bbox 1034 1489 1121 1523; x_wconf 87' lang='lat' dir='ltr'>Luc.</span> <span class='ocrx_word' id='word_1_269' title='bbox 1145 1501 1198 1536; x_wconf 77' lang='lat'>9.:</span> <span class='ocrx_word' id='word_1_270' title='bbox 1226 1487 1396 1534; x_wconf 87' lang='lat' dir='ltr'>Episcopi</span> <span class='ocrx_word' id='word_1_271' title='bbox 1419 1496 1553 1530; x_wconf 88' lang='lat' dir='ltr'>autem,</span> <span class='ocrx_word' id='word_1_272' title='bbox 1575 1487 1659 1533; x_wconf 89' lang='lat' dir='ltr'>quia</span> <span class='ocrx_word' id='word_1_273' title='bbox 1685 1495 1767 1522; x_wconf 88' lang='lat' dir='ltr'>sunt</span> 
     </span>
     <span class='ocr_line' id='line_1_26' title="bbox 203 1541 1766 1590; baseline -0.003 -11"><span class='ocrx_word' id='word_1_274' title='bbox 203 1546 240 1579; x_wconf 89' lang='lat' dir='ltr'>in</span> <span class='ocrx_word' id='word_1_275' title='bbox 273 1554 366 1580; x_wconf 89' lang='lat' dir='ltr'>statu</span> <span class='ocrx_word' id='word_1_276' title='bbox 389 1544 630 1590; x_wconf 86' lang='lat' dir='ltr'>perfectionis,</span> <span class='ocrx_word' id='word_1_277' title='bbox 656 1544 802 1578; x_wconf 87' lang='lat' dir='ltr'>nonnisi</span> <span class='ocrx_word' id='word_1_278' title='bbox 823 1544 1035 1578; x_wconf 86' lang='lat' dir='ltr'>auctoritate</span> <span class='ocrx_word' id='word_1_279' title='bbox 1062 1543 1196 1577; x_wconf 91' lang='lat' dir='ltr'>summi</span> <span class='ocrx_word' id='word_1_280' title='bbox 1222 1541 1418 1584; x_wconf 85' lang='lat' dir='ltr'>Pontificis‚</span> <span class='ocrx_word' id='word_1_281' title='bbox 1446 1541 1489 1575; x_wconf 88' lang='lat' dir='ltr'>ad</span> <span class='ocrx_word' id='word_1_282' title='bbox 1516 1552 1624 1587; x_wconf 89' lang='lat' dir='ltr'>quem</span> <span class='ocrx_word' id='word_1_283' title='bbox 1657 1541 1766 1575; x_wconf 89' lang='lat' dir='ltr'>etiam</span> 
     </span>
     <span class='ocr_line' id='line_1_27' title="bbox 203 1594 1767 1646; baseline -0.003 -13"><span class='ocrx_word' id='word_1_284' title='bbox 203 1598 323 1634; x_wconf 89' lang='lat' dir='ltr'>solum</span> <span class='ocrx_word' id='word_1_285' title='bbox 345 1599 498 1646; x_wconf 85' lang='lat' dir='ltr'>pertinet</span> <span class='ocrx_word' id='word_1_286' title='bbox 518 1599 554 1632; x_wconf 91' lang='lat' dir='ltr'>in</span> <span class='ocrx_word' id='word_1_287' title='bbox 576 1598 669 1632; x_wconf 87' lang='lat' dir='ltr'>votis</span> <span class='ocrx_word' id='word_1_288' title='bbox 691 1598 872 1644; x_wconf 88' lang='lat' dir='ltr'>perpetuis</span> <span class='ocrx_word' id='word_1_289' title='bbox 887 1597 1105 1643; x_wconf 87' lang='lat' dir='ltr'>dispensare,</span> <span class='ocrx_word' id='word_1_290' title='bbox 1127 1603 1279 1643; x_wconf 88' lang='lat' dir='ltr'>possunt</span> <span class='ocrx_word' id='word_1_291' title='bbox 1300 1594 1546 1641; x_wconf 85' lang='lat' dir='ltr'>episcopalem</span> <span class='ocrx_word' id='word_1_292' title='bbox 1565 1606 1689 1629; x_wconf 88' lang='lat' dir='ltr'>curam</span> <span class='ocrx_word' id='word_1_293' title='bbox 1707 1594 1767 1628; x_wconf 88' lang='lat' dir='ltr'>de-</span> 
     </span>
     <span class='ocr_line' id='line_1_28' title="bbox 204 1647 1766 1696; baseline -0.003 -9"><span class='ocrx_word' id='word_1_294' title='bbox 204 1664 334 1694; x_wconf 88' lang='lat' dir='ltr'>serere,</span> <span class='ocrx_word' id='word_1_295' title='bbox 357 1661 391 1687; x_wconf 92' lang='lat' dir='ltr'>et</span> <span class='ocrx_word' id='word_1_296' title='bbox 410 1664 453 1686; x_wconf 81' lang='lat' dir='ltr'>ex</span> <span class='ocrx_word' id='word_1_297' title='bbox 472 1652 577 1686; x_wconf 89' lang='lat' dir='ltr'>certis</span> <span class='ocrx_word' id='word_1_298' title='bbox 600 1652 728 1694; x_wconf 84' lang='lat' dir='ltr'>causis,</span> <span class='ocrx_word' id='word_1_299' title='bbox 747 1659 786 1686; x_wconf 89' lang='lat' dir='ltr'>ut</span> <span class='ocrx_word' id='word_1_300' title='bbox 806 1651 898 1685; x_wconf 80' lang='lat' dir='ltr'>infra</span> <span class='ocrx_word' id='word_1_301' title='bbox 920 1651 1057 1685; x_wconf 84' lang='lat' dir='ltr'>dicetur</span> <span class='ocrx_word' id='word_1_302' title='bbox 1076 1651 1123 1696; x_wconf 83' lang='lat' dir='ltr'>(q.</span> <span class='ocrx_word' id='word_1_303' title='bbox 1146 1651 1212 1696; x_wconf 78' lang='lat'>185.</span> <span class='ocrx_word' id='word_1_304' title='bbox 1235 1654 1299 1684; x_wconf 72' lang='lat' dir='ltr'>art.</span> <span class='ocrx_word' id='word_1_305' title='bbox 1322 1650 1396 1695; x_wconf 86' lang='lat'>4.);</span> <span class='ocrx_word' id='word_1_306' title='bbox 1419 1648 1513 1683; x_wconf 90' lang='lat' dir='ltr'>unde</span> <span class='ocrx_word' id='word_1_307' title='bbox 1535 1647 1766 1683; x_wconf 89' lang='lat' dir='ltr'>manifestum</span> 
     </span>
     <span class='ocr_line' id='line_1_29' title="bbox 205 1701 1717 1752; baseline -0.004 -11"><span class='ocrx_word' id='word_1_308' title='bbox 205 1715 268 1749; x_wconf 91' lang='lat' dir='ltr'>est,</span> <span class='ocrx_word' id='word_1_309' title='bbox 291 1707 387 1752; x_wconf 90' lang='lat' dir='ltr'>quod</span> <span class='ocrx_word' id='word_1_310' title='bbox 409 1717 482 1740; x_wconf 91' lang='lat' dir='ltr'>non</span> <span class='ocrx_word' id='word_1_311' title='bbox 505 1717 633 1740; x_wconf 87' lang='lat' dir='ltr'>omnes</span> <span class='ocrx_word' id='word_1_312' title='bbox 654 1706 805 1751; x_wconf 87' lang='lat' dir='ltr'>praelati</span> <span class='ocrx_word' id='word_1_313' title='bbox 825 1713 908 1739; x_wconf 89' lang='lat' dir='ltr'>sunt</span> <span class='ocrx_word' id='word_1_314' title='bbox 929 1705 965 1738; x_wconf 93' lang='lat' dir='ltr'>in</span> <span class='ocrx_word' id='word_1_315' title='bbox 987 1712 1080 1739; x_wconf 90' lang='lat' dir='ltr'>statu</span> <span class='ocrx_word' id='word_1_316' title='bbox 1099 1703 1343 1750; x_wconf 86' lang='lat' dir='ltr'>perfectionis,</span> <span class='ocrx_word' id='word_1_317' title='bbox 1365 1702 1427 1736; x_wconf 88' lang='lat' dir='ltr'>sed</span> <span class='ocrx_word' id='word_1_318' title='bbox 1449 1701 1519 1736; x_wconf 90' lang='lat' dir='ltr'>soli</span> <span class='ocrx_word' id='word_1_319' title='bbox 1536 1701 1717 1748; x_wconf 89' lang='lat' dir='ltr'>Episcopi.</span> 
     </span>
    </p>

    <p class='ocr_par' dir='ltr' id='par_1_4' title="bbox 201 1755 1768 2772">
     <span class='ocr_line' id='line_1_30' title="bbox 274 1755 1768 1805; baseline -0.004 -10"><span class='ocrx_word' id='word_1_320' title='bbox 274 1761 334 1795; x_wconf 88' lang='lat' dir='ltr'>AD</span> <span class='ocrx_word' id='word_1_321' title='bbox 360 1770 510 1795; x_wconf 77' lang='lat' dir='ltr'>PRiMUM</span> <span class='ocrx_word' id='word_1_322' title='bbox 537 1771 624 1805; x_wconf 88' lang='lat' dir='ltr'>ergo</span> <span class='ocrx_word' id='word_1_323' title='bbox 647 1759 853 1801; x_wconf 87' lang='lat' dir='ltr'>dicendum,</span> <span class='ocrx_word' id='word_1_324' title='bbox 880 1758 977 1804; x_wconf 90' lang='lat' dir='ltr'>quod</span> <span class='ocrx_word' id='word_1_325' title='bbox 1004 1758 1047 1792; x_wconf 88' lang='lat' dir='ltr'>de</span> <span class='ocrx_word' id='word_1_326' title='bbox 1074 1757 1295 1804; x_wconf 82' lang='lat' dir='ltr'>presbytero,</span> <span class='ocrx_word' id='word_1_327' title='bbox 1327 1763 1361 1790; x_wconf 89' lang='lat' dir='ltr'>et</span> <span class='ocrx_word' id='word_1_328' title='bbox 1386 1755 1567 1802; x_wconf 89' lang='lat' dir='ltr'>Episcopo</span> <span class='ocrx_word' id='word_1_329' title='bbox 1594 1755 1768 1802; x_wconf 72' lang='lat' dir='ltr'>dupliciter</span> 
     </span>
     <span class='ocr_line' id='line_1_31' title="bbox 203 1809 1768 1860; baseline -0.003 -12"><span class='ocrx_word' id='word_1_330' title='bbox 203 1814 303 1860; x_wconf 86' lang='lat' dir='ltr'>loqui</span> <span class='ocrx_word' id='word_1_331' title='bbox 324 1825 535 1860; x_wconf 86' lang='lat' dir='ltr'>possumus:</span> <span class='ocrx_word' id='word_1_332' title='bbox 558 1825 622 1848; x_wconf 75' lang='lat' dir='ltr'>uno</span> <span class='ocrx_word' id='word_1_333' title='bbox 646 1813 738 1847; x_wconf 77' lang='lat' dir='ltr'>modo</span> <span class='ocrx_word' id='word_1_334' title='bbox 767 1821 941 1859; x_wconf 83' lang='lat' dir='ltr'>quantum</span> <span class='ocrx_word' id='word_1_335' title='bbox 969 1812 1012 1846; x_wconf 88' lang='lat' dir='ltr'>ad</span> <span class='ocrx_word' id='word_1_336' title='bbox 1039 1823 1194 1853; x_wconf 89' lang='lat' dir='ltr'>nomen;</span> <span class='ocrx_word' id='word_1_337' title='bbox 1222 1818 1256 1844; x_wconf 92' lang='lat' dir='ltr'>et</span> <span class='ocrx_word' id='word_1_338' title='bbox 1282 1810 1332 1844; x_wconf 88' lang='lat' dir='ltr'>sic</span> <span class='ocrx_word' id='word_1_339' title='bbox 1361 1809 1449 1843; x_wconf 90' lang='lat' dir='ltr'>olim</span> <span class='ocrx_word' id='word_1_340' title='bbox 1475 1820 1550 1843; x_wconf 92' lang='lat' dir='ltr'>non</span> <span class='ocrx_word' id='word_1_341' title='bbox 1576 1809 1768 1855; x_wconf 84' lang='lat' dir='ltr'>distingue-</span> 
     </span>
     <span class='ocr_line' id='line_1_32' title="bbox 202 1863 1768 1914; baseline -0.003 -12"><span class='ocrx_word' id='word_1_342' title='bbox 202 1869 331 1903; x_wconf 88' lang='lat' dir='ltr'>bantur</span> <span class='ocrx_word' id='word_1_343' title='bbox 352 1867 534 1914; x_wconf 87' lang='lat' dir='ltr'>Episcopi,</span> <span class='ocrx_word' id='word_1_344' title='bbox 558 1875 592 1902; x_wconf 92' lang='lat' dir='ltr'>et</span> <span class='ocrx_word' id='word_1_345' title='bbox 609 1867 824 1914; x_wconf 84' lang='lat' dir='ltr'>presbyteri:</span> <span class='ocrx_word' id='word_1_346' title='bbox 847 1878 933 1900; x_wconf 89' lang='lat' dir='ltr'>nam</span> <span class='ocrx_word' id='word_1_347' title='bbox 955 1865 1126 1912; x_wconf 85' lang='lat' dir='ltr'>Episcopi</span> <span class='ocrx_word' id='word_1_348' title='bbox 1147 1865 1314 1899; x_wconf 89' lang='lat' dir='ltr'>dicuntur</span> <span class='ocrx_word' id='word_1_349' title='bbox 1335 1876 1373 1898; x_wconf 85' lang='lat' dir='ltr'>ex</span> <span class='ocrx_word' id='word_1_350' title='bbox 1395 1875 1442 1906; x_wconf 80' lang='lat' dir='ltr'>e0,</span> <span class='ocrx_word' id='word_1_351' title='bbox 1465 1863 1551 1910; x_wconf 82' lang='lat' dir='ltr'>quod</span> <span class='ocrx_word' id='word_1_352' title='bbox 1570 1864 1768 1910; x_wconf 77' lang='lat' dir='ltr'>superinten-</span> 
     </span>
     <span class='ocr_line' id='line_1_33' title="bbox 202 1917 1766 1968; baseline -0.004 -12"><span class='ocrx_word' id='word_1_353' title='bbox 202 1922 295 1964; x_wconf 67' lang='lat' dir='ltr'>dzmt,</span> <span class='ocrx_word' id='word_1_354' title='bbox 319 1922 410 1956; x_wconf 90' lang='lat' dir='ltr'>sicut</span> <span class='ocrx_word' id='word_1_355' title='bbox 428 1921 514 1955; x_wconf 88' lang='lat' dir='ltr'>dicit</span> <span class='ocrx_word' id='word_1_356' title='bbox 535 1921 629 1967; x_wconf 85' lang='lat' dir='ltr'>Aug.</span> <span class='ocrx_word' id='word_1_357' title='bbox 656 1932 707 1968; x_wconf 82' lang='lat'>19.</span> <span class='ocrx_word' id='word_1_358' title='bbox 731 1921 774 1954; x_wconf 90' lang='lat' dir='ltr'>de</span> <span class='ocrx_word' id='word_1_359' title='bbox 797 1920 877 1955; x_wconf 78' lang='lat' dir='ltr'>Civ.</span> <span class='ocrx_word' id='word_1_360' title='bbox 898 1920 968 1954; x_wconf 91' lang='lat' dir='ltr'>Dei</span> <span class='ocrx_word' id='word_1_361' title='bbox 989 1920 1078 1966; x_wconf 81' lang='lat' dir='ltr'>(cap.</span> <span class='ocrx_word' id='word_1_362' title='bbox 1098 1920 1165 1965; x_wconf 82' lang='lat'>19.)</span> <span class='ocrx_word' id='word_1_363' title='bbox 1184 1929 1194 1952; x_wconf 90' lang='lat'><em>:</em></span> <span class='ocrx_word' id='word_1_364' title='bbox 1215 1918 1413 1964; x_wconf 73' lang='lat' dir='ltr'>presbyteri</span> <span class='ocrx_word' id='word_1_365' title='bbox 1434 1925 1555 1951; x_wconf 85' lang='lat' dir='ltr'>autem</span> <span class='ocrx_word' id='word_1_366' title='bbox 1575 1917 1612 1950; x_wconf 89' lang='lat' dir='ltr'>in</span> <span class='ocrx_word' id='word_1_367' title='bbox 1634 1927 1766 1963; x_wconf 88' lang='lat' dir='ltr'>graeco</span> 
     </span>
     <span class='ocr_line' id='line_1_34' title="bbox 203 1970 1768 2021; baseline -0.004 -11"><span class='ocrx_word' id='word_1_368' title='bbox 203 1976 369 2010; x_wconf 89' lang='lat' dir='ltr'>dicuntur</span> <span class='ocrx_word' id='word_1_369' title='bbox 387 1975 489 2021; x_wconf 85' lang='lat' dir='ltr'>quasi</span> <span class='ocrx_word' id='word_1_370' title='bbox 508 1976 665 2019; x_wconf 68' lang='lat' dir='ltr'>seniores,</span> <span class='ocrx_word' id='word_1_371' title='bbox 686 1974 780 2008; x_wconf 89' lang='lat' dir='ltr'>unde</span> <span class='ocrx_word' id='word_1_372' title='bbox 796 1982 831 2008; x_wconf 89' lang='lat' dir='ltr'>et</span> <span class='ocrx_word' id='word_1_373' title='bbox 849 1973 1050 2019; x_wconf 88' lang='lat' dir='ltr'>Apostolus</span> <span class='ocrx_word' id='word_1_374' title='bbox 1067 1972 1311 2007; x_wconf 89' lang='lat' dir='ltr'>communiter</span> <span class='ocrx_word' id='word_1_375' title='bbox 1325 1971 1433 2005; x_wconf 86' lang='lat' dir='ltr'>utitur</span> <span class='ocrx_word' id='word_1_376' title='bbox 1453 1971 1602 2004; x_wconf 89' lang='lat' dir='ltr'>nomine</span> <span class='ocrx_word' id='word_1_377' title='bbox 1624 1970 1768 2016; x_wconf 86' lang='lat' dir='ltr'>presby-</span> 
     </span>
     <span class='ocr_line' id='line_1_35' title="bbox 201 2025 1767 2075; baseline -0.003 -12"><span class='ocrx_word' id='word_1_378' title='bbox 201 2038 363 2064; x_wconf 90' lang='lat' dir='ltr'>terorum</span> <span class='ocrx_word' id='word_1_379' title='bbox 385 2036 557 2075; x_wconf 86' lang='lat' dir='ltr'>quantum</span> <span class='ocrx_word' id='word_1_380' title='bbox 582 2028 625 2062; x_wconf 86' lang='lat' dir='ltr'>ad</span> <span class='ocrx_word' id='word_1_381' title='bbox 644 2035 825 2073; x_wconf 87' lang='lat' dir='ltr'>utrosque,</span> <span class='ocrx_word' id='word_1_382' title='bbox 848 2039 931 2060; x_wconf 88' lang='lat' dir='ltr'>cum</span> <span class='ocrx_word' id='word_1_383' title='bbox 947 2027 1032 2061; x_wconf 82' lang='lat' dir='ltr'>dicit</span> <span class='ocrx_word' id='word_1_384' title='bbox 1050 2038 1077 2061; x_wconf 90' lang='lat'>1.</span> <span class='ocrx_word' id='word_1_385' title='bbox 1095 2026 1192 2060; x_wconf 90' lang='lat' dir='ltr'>Tim.</span> <span class='ocrx_word' id='word_1_386' title='bbox 1220 2036 1266 2070; x_wconf 77' lang='lat'>5.:</span> <span class='ocrx_word' id='word_1_387' title='bbox 1291 2026 1361 2069; x_wconf 73' lang='lat' dir='ltr'>Qui</span> <span class='ocrx_word' id='word_1_388' title='bbox 1376 2025 1451 2059; x_wconf 78' lang='lat' dir='ltr'>bene</span> <span class='ocrx_word' id='word_1_389' title='bbox 1461 2029 1619 2070; x_wconf 77' lang='lat' dir='ltr'>praesunt</span> <span class='ocrx_word' id='word_1_390' title='bbox 1634 2025 1767 2071; x_wconf 83' lang='lat' dir='ltr'>presby-</span> 
     </span>
     <span class='ocr_line' id='line_1_36' title="bbox 204 2077 1763 2129; baseline -0.005 -10"><span class='ocrx_word' id='word_1_391' title='bbox 204 2085 276 2126; x_wconf 73' lang='lat' dir='ltr'>teri,</span> <span class='ocrx_word' id='word_1_392' title='bbox 299 2083 421 2129; x_wconf 74' lang='lat' dir='ltr'>duplici</span> <span class='ocrx_word' id='word_1_393' title='bbox 442 2083 564 2117; x_wconf 77' lang='lat' dir='ltr'>honore</span> <span class='ocrx_word' id='word_1_394' title='bbox 584 2082 894 2127; x_wconf 66' lang='lat' dir='ltr'>dignilmlmantm·;</span> <span class='ocrx_word' id='word_1_395' title='bbox 923 2090 956 2115; x_wconf 91' lang='lat' dir='ltr'>et</span> <span class='ocrx_word' id='word_1_396' title='bbox 983 2080 1146 2115; x_wconf 89' lang='lat' dir='ltr'>similiter</span> <span class='ocrx_word' id='word_1_397' title='bbox 1173 2079 1282 2113; x_wconf 89' lang='lat' dir='ltr'>etiam</span> <span class='ocrx_word' id='word_1_398' title='bbox 1303 2078 1452 2112; x_wconf 88' lang='lat' dir='ltr'>nomine</span> <span class='ocrx_word' id='word_1_399' title='bbox 1479 2077 1763 2124; x_wconf 88' lang='lat' dir='ltr'>Episcoporum;</span> 
     </span>
     <span class='ocr_line' id='line_1_37' title="bbox 204 2131 1763 2181; baseline -0.004 -10"><span class='ocrx_word' id='word_1_400' title='bbox 204 2138 298 2172; x_wconf 93' lang='lat' dir='ltr'>unde</span> <span class='ocrx_word' id='word_1_401' title='bbox 320 2137 417 2178; x_wconf 87' lang='lat' dir='ltr'>dicit,</span> <span class='ocrx_word' id='word_1_402' title='bbox 438 2136 519 2170; x_wconf 91' lang='lat' dir='ltr'>Act.</span> <span class='ocrx_word' id='word_1_403' title='bbox 543 2146 609 2178; x_wconf 73' lang='lat'>20,</span> <span class='ocrx_word' id='word_1_404' title='bbox 624 2135 838 2181; x_wconf 85' lang='lat' dir='ltr'>presbyteris</span> <span class='ocrx_word' id='word_1_405' title='bbox 861 2134 1063 2180; x_wconf 85' lang='lat' dir='ltr'>Ephesinae</span> <span class='ocrx_word' id='word_1_406' title='bbox 1079 2133 1263 2167; x_wconf 87' lang='lat' dir='ltr'>Ecclesiae</span> <span class='ocrx_word' id='word_1_407' title='bbox 1285 2132 1455 2178; x_wconf 86' lang='lat' dir='ltr'>loquens:</span> <span class='ocrx_word' id='word_1_408' title='bbox 1472 2131 1638 2166; x_wconf 78' lang='lat' dir='ltr'>Attendite</span> <span class='ocrx_word' id='word_1_409' title='bbox 1658 2132 1763 2174; x_wconf 82' lang='lat' dir='ltr'>vobis,</span> 
     </span>
     <span class='ocr_line' id='line_1_38' title="bbox 204 2185 1765 2236; baseline -0.004 -10"><span class='ocrx_word' id='word_1_410' title='bbox 204 2197 234 2226; x_wconf 90' lang='lat' dir='ltr'>et</span> <span class='ocrx_word' id='word_1_411' title='bbox 254 2192 407 2225; x_wconf 73' lang='lat' dir='ltr'>universo</span> <span class='ocrx_word' id='word_1_412' title='bbox 424 2192 526 2236; x_wconf 69' lang='lat' dir='ltr'>gregi,</span> <span class='ocrx_word' id='word_1_413' title='bbox 557 2191 591 2224; x_wconf 81' lang='lat' dir='ltr'>in</span> <span class='ocrx_word' id='word_1_414' title='bbox 613 2201 676 2235; x_wconf 77' lang='lat' dir='ltr'>quo</span> <span class='ocrx_word' id='word_1_415' title='bbox 696 2201 754 2223; x_wconf 82' lang='lat' dir='ltr'>vos</span> <span class='ocrx_word' id='word_1_416' title='bbox 784 2189 926 2234; x_wconf 72' lang='lat' dir='ltr'>Spiritus</span> <span class='ocrx_word' id='word_1_417' title='bbox 954 2188 1093 2223; x_wconf 69' lang='lat' dir='ltr'>Sanctus</span> <span class='ocrx_word' id='word_1_418' title='bbox 1108 2189 1219 2234; x_wconf 76' lang='lat' dir='ltr'>posuit</span> <span class='ocrx_word' id='word_1_419' title='bbox 1245 2187 1423 2233; x_wconf 75' lang='lat' dir='ltr'>Episcopos</span> <span class='ocrx_word' id='word_1_420' title='bbox 1449 2197 1557 2231; x_wconf 72' lang='lat' dir='ltr'>regere</span> <span class='ocrx_word' id='word_1_421' title='bbox 1583 2185 1765 2220; x_wconf 79' lang='lat' dir='ltr'>Ecclesiam</span> 
     </span>
     <span class='ocr_line' id='line_1_39' title="bbox 203 2238 1766 2288; baseline -0.005 -9"><span class='ocrx_word' id='word_1_422' title='bbox 203 2246 289 2280; x_wconf 65' lang='lat' dir='ltr'>Dei.-</span> <span class='ocrx_word' id='word_1_423' title='bbox 313 2244 374 2278; x_wconf 90' lang='lat' dir='ltr'>sed</span> <span class='ocrx_word' id='word_1_424' title='bbox 395 2244 568 2278; x_wconf 68' lang='lat' dir='ltr'>secundum</span> <span class='ocrx_word' id='word_1_425' title='bbox 592 2255 659 2277; x_wconf 76' lang='lat' dir='ltr'>rem</span> <span class='ocrx_word' id='word_1_426' title='bbox 681 2253 823 2288; x_wconf 88' lang='lat' dir='ltr'>semper</span> <span class='ocrx_word' id='word_1_427' title='bbox 843 2242 935 2276; x_wconf 89' lang='lat' dir='ltr'>inter</span> <span class='ocrx_word' id='word_1_428' title='bbox 957 2253 1019 2276; x_wconf 92' lang='lat' dir='ltr'>eos</span> <span class='ocrx_word' id='word_1_429' title='bbox 1045 2241 1111 2275; x_wconf 89' lang='lat' dir='ltr'>fuit</span> <span class='ocrx_word' id='word_1_430' title='bbox 1129 2240 1322 2282; x_wconf 87' lang='lat' dir='ltr'>distinctio,</span> <span class='ocrx_word' id='word_1_431' title='bbox 1345 2239 1454 2273; x_wconf 84' lang='lat' dir='ltr'>etiam</span> <span class='ocrx_word' id='word_1_432' title='bbox 1480 2246 1643 2285; x_wconf 88' lang='lat' dir='ltr'>tempore</span> <span class='ocrx_word' id='word_1_433' title='bbox 1668 2238 1766 2284; x_wconf 91' lang='lat' dir='ltr'>Apo-</span> 
     </span>
     <span class='ocr_line' id='line_1_40' title="bbox 204 2292 1765 2342; baseline -0.005 -9"><span class='ocrx_word' id='word_1_434' title='bbox 204 2297 394 2340; x_wconf 88' lang='lat' dir='ltr'>stolorum,</span> <span class='ocrx_word' id='word_1_435' title='bbox 417 2306 454 2332; x_wconf 91' lang='lat' dir='ltr'>ut</span> <span class='ocrx_word' id='word_1_436' title='bbox 473 2305 569 2342; x_wconf 87' lang='lat' dir='ltr'>patet</span> <span class='ocrx_word' id='word_1_437' title='bbox 590 2308 652 2342; x_wconf 87' lang='lat' dir='ltr'>per</span> <span class='ocrx_word' id='word_1_438' title='bbox 673 2296 782 2330; x_wconf 86' lang='lat' dir='ltr'>Dion.</span> <span class='ocrx_word' id='word_1_439' title='bbox 803 2306 831 2340; x_wconf 78' lang='lat'>5.</span> <span class='ocrx_word' id='word_1_440' title='bbox 855 2307 930 2340; x_wconf 86' lang='lat' dir='ltr'>cap.</span> <span class='ocrx_word' id='word_1_441' title='bbox 950 2295 1047 2329; x_wconf 87' lang='lat' dir='ltr'>Eccl.</span> <span class='ocrx_word' id='word_1_442' title='bbox 1072 2295 1168 2328; x_wconf 89' lang='lat' dir='ltr'>Hier.</span> <span class='ocrx_word' id='word_1_443' title='bbox 1193 2294 1268 2337; x_wconf 71' lang='lat' dir='ltr'>(cir.</span> <span class='ocrx_word' id='word_1_444' title='bbox 1290 2293 1411 2337; x_wconf 77' lang='lat' dir='ltr'>med.);</span> <span class='ocrx_word' id='word_1_445' title='bbox 1429 2300 1463 2326; x_wconf 90' lang='lat' dir='ltr'>et</span> <span class='ocrx_word' id='word_1_446' title='bbox 1485 2292 1570 2326; x_wconf 90' lang='lat' dir='ltr'>Luc.</span> <span class='ocrx_word' id='word_1_447' title='bbox 1587 2302 1638 2326; x_wconf 92' lang='lat'>10.</span> <span class='ocrx_word' id='word_1_448' title='bbox 1658 2302 1765 2337; x_wconf 90' lang='lat' dir='ltr'>super</span> 
     </span>
     <span class='ocr_line' id='line_1_41' title="bbox 203 2345 1760 2395; baseline -0.004 -10"><span class='ocrx_word' id='word_1_449' title='bbox 203 2351 309 2386; x_wconf 90' lang='lat' dir='ltr'>illud:</span> <span class='ocrx_word' id='word_1_450' title='bbox 326 2353 402 2386; x_wconf 59' lang='lat' dir='ltr'>Poxt</span> <span class='ocrx_word' id='word_1_451' title='bbox 415 2352 491 2386; x_wconf 71' lang='lat' dir='ltr'>haee</span> <span class='ocrx_word' id='word_1_452' title='bbox 505 2356 614 2385; x_wconf 72' lang='lat' dir='ltr'>antem</span> <span class='ocrx_word' id='word_1_453' title='bbox 629 2350 808 2395; x_wconf 70' lang='lat' dir='ltr'>designavit</span> <span class='ocrx_word' id='word_1_454' title='bbox 822 2350 1000 2390; x_wconf 61' lang='lat' dir='ltr'>Dominus,</span> <span class='ocrx_word' id='word_1_455' title='bbox 1017 2357 1083 2383; x_wconf 91' lang='lat' dir='ltr'>etc.</span> <span class='ocrx_word' id='word_1_456' title='bbox 1103 2348 1190 2382; x_wconf 90' lang='lat' dir='ltr'>dicit</span> <span class='ocrx_word' id='word_1_457' title='bbox 1205 2347 1324 2381; x_wconf 85' lang='lat' dir='ltr'>Gloss.</span> <span class='ocrx_word' id='word_1_458' title='bbox 1341 2346 1428 2391; x_wconf 56' lang='grc' dir='ltr'>ῷνᾱ.</span> <span class='ocrx_word' id='word_1_459' title='bbox 1444 2345 1553 2390; x_wconf 62' lang='grc' dir='ltr'><em>Βαᾱ.).·</em></span> <span class='ocrx_word' id='word_1_460' title='bbox 1572 2358 1590 2378; x_wconf 90' lang='lat'>«</span> <span class='ocrx_word' id='word_1_461' title='bbox 1606 2345 1708 2380; x_wconf 87' lang='lat' dir='ltr'>Sicut</span> <span class='ocrx_word' id='word_1_462' title='bbox 1724 2345 1760 2379; x_wconf 87' lang='lat' dir='ltr'>in</span> 
     </span>
     <span class='ocr_line' id='line_1_42' title="bbox 205 2398 1765 2451; baseline -0.005 -11"><span class='ocrx_word' id='word_1_463' title='bbox 205 2405 389 2451; x_wconf 84' lang='lat' dir='ltr'>Apostolis</span> <span class='ocrx_word' id='word_1_464' title='bbox 404 2404 522 2439; x_wconf 86' lang='lat' dir='ltr'>forma</span> <span class='ocrx_word' id='word_1_465' title='bbox 537 2412 589 2438; x_wconf 91' lang='lat' dir='ltr'>est</span> <span class='ocrx_word' id='word_1_466' title='bbox 598 2403 873 2449; x_wconf 77' lang='lat' dir='ltr'>Episcoporum3</span> <span class='ocrx_word' id='word_1_467' title='bbox 889 2402 937 2436; x_wconf 88' lang='lat' dir='ltr'>sic</span> <span class='ocrx_word' id='word_1_468' title='bbox 949 2402 985 2436; x_wconf 88' lang='lat' dir='ltr'>in</span> <span class='ocrx_word' id='word_1_469' title='bbox 1001 2401 1226 2447; x_wconf 82' lang='lat' dir='ltr'>septuaginta</span> <span class='ocrx_word' id='word_1_470' title='bbox 1237 2400 1375 2435; x_wconf 87' lang='lat' dir='ltr'>duobus</span> <span class='ocrx_word' id='word_1_471' title='bbox 1388 2398 1572 2445; x_wconf 87' lang='lat' dir='ltr'>discipulis</span> <span class='ocrx_word' id='word_1_472' title='bbox 1582 2398 1700 2433; x_wconf 88' lang='lat' dir='ltr'>forma</span> <span class='ocrx_word' id='word_1_473' title='bbox 1711 2407 1765 2433; x_wconf 87' lang='lat' dir='ltr'>est</span> 
     </span>
     <span class='ocr_line' id='line_1_43' title="bbox 202 2453 1762 2505; baseline -0.004 -12"><span class='ocrx_word' id='word_1_474' title='bbox 202 2459 495 2505; x_wconf 84' lang='lat' dir='ltr'>presbyterorum</span> <span class='ocrx_word' id='word_1_475' title='bbox 522 2457 671 2492; x_wconf 88' lang='lat' dir='ltr'>secundi</span> <span class='ocrx_word' id='word_1_476' title='bbox 697 2456 831 2491; x_wconf 88' lang='lat' dir='ltr'>ordinis</span> <span class='ocrx_word' id='word_1_477' title='bbox 857 2470 889 2489; x_wconf 86' lang='lat'>».</span> <span class='ocrx_word' id='word_1_478' title='bbox 912 2456 1153 2490; x_wconf 84' lang='lat' dir='ltr'>Postmodum</span> <span class='ocrx_word' id='word_1_479' title='bbox 1180 2463 1302 2489; x_wconf 88' lang='lat' dir='ltr'>tamen</span> <span class='ocrx_word' id='word_1_480' title='bbox 1324 2454 1368 2487; x_wconf 90' lang='lat' dir='ltr'>ad</span> <span class='ocrx_word' id='word_1_481' title='bbox 1394 2454 1553 2487; x_wconf 88' lang='lat' dir='ltr'>schisma</span> <span class='ocrx_word' id='word_1_482' title='bbox 1574 2453 1762 2487; x_wconf 85' lang='lat' dir='ltr'>vitandum</span> 
     </span>
     <span class='ocr_line' id='line_1_44' title="bbox 202 2506 1763 2555; baseline -0.004 -8"><span class='ocrx_word' id='word_1_483' title='bbox 202 2513 447 2547; x_wconf 87' lang='lat' dir='ltr'>necessarium</span> <span class='ocrx_word' id='word_1_484' title='bbox 469 2511 546 2553; x_wconf 85' lang='lat' dir='ltr'>fuit,</span> <span class='ocrx_word' id='word_1_485' title='bbox 569 2519 605 2546; x_wconf 90' lang='lat' dir='ltr'>ut</span> <span class='ocrx_word' id='word_1_486' title='bbox 636 2511 745 2545; x_wconf 90' lang='lat' dir='ltr'>etiam</span> <span class='ocrx_word' id='word_1_487' title='bbox 765 2509 916 2544; x_wconf 82' lang='lat' dir='ltr'>nomina</span> <span class='ocrx_word' id='word_1_488' title='bbox 942 2510 1263 2555; x_wconf 75' lang='lat' dir='ltr'>distinguerentur,</span> <span class='ocrx_word' id='word_1_489' title='bbox 1280 2516 1317 2542; x_wconf 90' lang='lat' dir='ltr'>ut</span> <span class='ocrx_word' id='word_1_490' title='bbox 1334 2506 1472 2542; x_wconf 91' lang='lat' dir='ltr'>scilicet</span> <span class='ocrx_word' id='word_1_491' title='bbox 1490 2508 1646 2552; x_wconf 83' lang='lat' dir='ltr'>majores</span> <span class='ocrx_word' id='word_1_492' title='bbox 1668 2506 1763 2540; x_wconf 91' lang='lat' dir='ltr'>dice-</span> 
     </span>
     <span class='ocr_line' id='line_1_45' title="bbox 202 2561 1763 2612; baseline -0.004 -12"><span class='ocrx_word' id='word_1_493' title='bbox 202 2574 324 2600; x_wconf 85' lang='lat' dir='ltr'>rentur</span> <span class='ocrx_word' id='word_1_494' title='bbox 346 2566 526 2612; x_wconf 87' lang='lat' dir='ltr'>Episcopi,</span> <span class='ocrx_word' id='word_1_495' title='bbox 549 2565 708 2599; x_wconf 88' lang='lat' dir='ltr'>minores</span> <span class='ocrx_word' id='word_1_496' title='bbox 736 2571 855 2598; x_wconf 84' lang='lat' dir='ltr'>autem</span> <span class='ocrx_word' id='word_1_497' title='bbox 883 2563 1095 2609; x_wconf 70' lang='lat' dir='ltr'>presbyteri:</span> <span class='ocrx_word' id='word_1_498' title='bbox 1119 2563 1238 2596; x_wconf 85' lang='lat' dir='ltr'>dicere</span> <span class='ocrx_word' id='word_1_499' title='bbox 1269 2569 1408 2595; x_wconf 86' lang='lat' dir='ltr'>autem:</span> <span class='ocrx_word' id='word_1_500' title='bbox 1435 2561 1664 2607; x_wconf 89' lang='lat' dir='ltr'>presbyteros</span> <span class='ocrx_word' id='word_1_501' title='bbox 1688 2571 1763 2594; x_wconf 88' lang='lat' dir='ltr'>non</span> 
     </span>
     <span class='ocr_line' id='line_1_46' title="bbox 203 2613 1763 2665; baseline -0.004 -12"><span class='ocrx_word' id='word_1_502' title='bbox 203 2619 345 2654; x_wconf 85' lang='lat' dir='ltr'>differre</span> <span class='ocrx_word' id='word_1_503' title='bbox 379 2620 421 2653; x_wconf 87' lang='lat' dir='ltr'>ab</span> <span class='ocrx_word' id='word_1_504' title='bbox 453 2619 652 2665; x_wconf 90' lang='lat' dir='ltr'>Episcopis,</span> <span class='ocrx_word' id='word_1_505' title='bbox 678 2618 770 2652; x_wconf 88' lang='lat' dir='ltr'>inter</span> <span class='ocrx_word' id='word_1_506' title='bbox 796 2617 967 2662; x_wconf 80' lang='lat' dir='ltr'>dogmata</span> <span class='ocrx_word' id='word_1_507' title='bbox 995 2616 1176 2650; x_wconf 81' lang='lat' dir='ltr'>haeretica</span> <span class='ocrx_word' id='word_1_508' title='bbox 1202 2623 1370 2649; x_wconf 84' lang='lat' dir='ltr'>numerat</span> <span class='ocrx_word' id='word_1_509' title='bbox 1394 2615 1547 2660; x_wconf 87' lang='lat' dir='ltr'>August.</span> <span class='ocrx_word' id='word_1_510' title='bbox 1577 2615 1612 2648; x_wconf 91' lang='lat' dir='ltr'>in</span> <span class='ocrx_word' id='word_1_511' title='bbox 1634 2613 1693 2648; x_wconf 90' lang='lat' dir='ltr'>lib.</span> <span class='ocrx_word' id='word_1_512' title='bbox 1720 2613 1763 2647; x_wconf 91' lang='lat' dir='ltr'>de</span> 
     </span>
     <span class='ocr_line' id='line_1_47' title="bbox 204 2667 1762 2718; baseline -0.004 -11"><span class='ocrx_word' id='word_1_513' title='bbox 204 2674 350 2707; x_wconf 80' lang='lat' dir='ltr'>Hacres.</span> <span class='ocrx_word' id='word_1_514' title='bbox 370 2674 510 2717; x_wconf 68' lang='lat' dir='ltr'>(haeresi</span> <span class='ocrx_word' id='word_1_515' title='bbox 526 2673 589 2718; x_wconf 78' lang='lat'>53.)</span> <span class='ocrx_word' id='word_1_516' title='bbox 606 2672 664 2705; x_wconf 89' lang='lat' dir='ltr'>ubi</span> <span class='ocrx_word' id='word_1_517' title='bbox 686 2671 781 2717; x_wconf 74' lang='lat' dir='ltr'>dicit,</span> <span class='ocrx_word' id='word_1_518' title='bbox 801 2670 896 2716; x_wconf 92' lang='lat' dir='ltr'>quod</span> <span class='ocrx_word' id='word_1_519' title='bbox 915 2670 1039 2704; x_wconf 84' lang='lat' dir='ltr'>Ariani</span> <span class='ocrx_word' id='word_1_520' title='bbox 1060 2669 1242 2714; x_wconf 83' lang='lat' dir='ltr'>(Acriani)</span> <span class='ocrx_word' id='word_1_521' title='bbox 1260 2669 1436 2710; x_wconf 86' lang='lat' dir='ltr'>dicebant,</span> <span class='ocrx_word' id='word_1_522' title='bbox 1456 2668 1704 2714; x_wconf 86' lang='lat' dir='ltr'>presbyterum</span> <span class='ocrx_word' id='word_1_523' title='bbox 1719 2667 1762 2701; x_wconf 91' lang='lat' dir='ltr'>ab</span> 
     </span>
     <span class='ocr_line' id='line_1_48' title="bbox 203 2723 1055 2772; baseline -0.006 -11"><span class='ocrx_word' id='word_1_524' title='bbox 203 2727 382 2772; x_wconf 87' lang='lat' dir='ltr'>Episcopo</span> <span class='ocrx_word' id='word_1_525' title='bbox 404 2726 502 2760; x_wconf 85' lang='lat' dir='ltr'>nulla</span> <span class='ocrx_word' id='word_1_526' title='bbox 525 2725 724 2760; x_wconf 84' lang='lat' dir='ltr'>differentia</span> <span class='ocrx_word' id='word_1_527' title='bbox 743 2725 870 2758; x_wconf 88' lang='lat' dir='ltr'>debere</span> <span class='ocrx_word' id='word_1_528' title='bbox 893 2723 1055 2757; x_wconf 86' lang='lat' dir='ltr'>discerni.</span> 
     </span>
    </p>

    <p class='ocr_par' dir='ltr' id='par_1_5' title="bbox 203 2774 1763 2932">
     <span class='ocr_line' id='line_1_49' title="bbox 275 2774 1760 2824; baseline -0.005 -9"><span class='ocrx_word' id='word_1_529' title='bbox 275 2781 333 2814; x_wconf 90' lang='lat' dir='ltr'>AD</span> <span class='ocrx_word' id='word_1_530' title='bbox 356 2790 562 2815; x_wconf 76' lang='lat' dir='ltr'>SECUNDUM</span> <span class='ocrx_word' id='word_1_531' title='bbox 577 2779 781 2820; x_wconf 88' lang='lat' dir='ltr'>dicendum,</span> <span class='ocrx_word' id='word_1_532' title='bbox 796 2777 892 2824; x_wconf 91' lang='lat' dir='ltr'>quod</span> <span class='ocrx_word' id='word_1_533' title='bbox 907 2777 1074 2822; x_wconf 83' lang='lat' dir='ltr'>Episcopi</span> <span class='ocrx_word' id='word_1_534' title='bbox 1089 2775 1332 2822; x_wconf 84' lang='lat' dir='ltr'>principaliter</span> <span class='ocrx_word' id='word_1_535' title='bbox 1345 2775 1479 2810; x_wconf 83' lang='lat' dir='ltr'>habent</span> <span class='ocrx_word' id='word_1_536' title='bbox 1493 2786 1617 2809; x_wconf 80' lang='lat' dir='ltr'>curam</span> <span class='ocrx_word' id='word_1_537' title='bbox 1635 2774 1760 2809; x_wconf 89' lang='lat' dir='ltr'>ovium</span> 
     </span>
     <span class='ocr_line' id='line_1_50' title="bbox 203 2828 1763 2879; baseline -0.003 -12"><span class='ocrx_word' id='word_1_538' title='bbox 203 2845 288 2868; x_wconf 81' lang='lat' dir='ltr'>suae</span> <span class='ocrx_word' id='word_1_539' title='bbox 312 2834 506 2868; x_wconf 82' lang='lat' dir='ltr'>dioecesis:</span> <span class='ocrx_word' id='word_1_540' title='bbox 528 2832 726 2879; x_wconf 84' lang='lat' dir='ltr'>presbyteri</span> <span class='ocrx_word' id='word_1_541' title='bbox 742 2839 862 2866; x_wconf 85' lang='lat' dir='ltr'>autem</span> <span class='ocrx_word' id='word_1_542' title='bbox 879 2830 1002 2872; x_wconf 89' lang='lat' dir='ltr'>curati,</span> <span class='ocrx_word' id='word_1_543' title='bbox 1021 2838 1055 2864; x_wconf 87' lang='lat' dir='ltr'>ct</span> <span class='ocrx_word' id='word_1_544' title='bbox 1071 2830 1319 2864; x_wconf 83' lang='lat' dir='ltr'>archidiaconi</span> <span class='ocrx_word' id='word_1_545' title='bbox 1332 2829 1466 2863; x_wconf 86' lang='lat' dir='ltr'>habent</span> <span class='ocrx_word' id='word_1_546' title='bbox 1484 2828 1619 2875; x_wconf 86' lang='lat' dir='ltr'>aliquas</span> <span class='ocrx_word' id='word_1_547' title='bbox 1633 2828 1763 2862; x_wconf 90' lang='lat' dir='ltr'>submi-</span> 
     </span>
     <span class='ocr_line' id='line_1_51' title="bbox 203 2883 1758 2932; baseline -0.002 -12"><span class='ocrx_word' id='word_1_548' title='bbox 203 2887 432 2922; x_wconf 86' lang='lat' dir='ltr'>nistrationes</span> <span class='ocrx_word' id='word_1_549' title='bbox 454 2888 517 2922; x_wconf 90' lang='lat' dir='ltr'>sub</span> <span class='ocrx_word' id='word_1_550' title='bbox 539 2886 747 2932; x_wconf 83' lang='lat' dir='ltr'>Episcopi53</span> <span class='ocrx_word' id='word_1_551' title='bbox 770 2885 863 2920; x_wconf 87' lang='lat' dir='ltr'>unde</span> <span class='ocrx_word' id='word_1_552' title='bbox 878 2895 984 2931; x_wconf 88' lang='lat' dir='ltr'>super</span> <span class='ocrx_word' id='word_1_553' title='bbox 997 2883 1083 2918; x_wconf 88' lang='lat' dir='ltr'>illud</span> <span class='ocrx_word' id='word_1_554' title='bbox 1107 2894 1134 2917; x_wconf 87' lang='lat'>1.</span> <span class='ocrx_word' id='word_1_555' title='bbox 1151 2883 1194 2917; x_wconf 82' lang='lat' dir='ltr'>ad</span> <span class='ocrx_word' id='word_1_556' title='bbox 1218 2883 1304 2918; x_wconf 89' lang='lat' dir='ltr'>Cor.</span> <span class='ocrx_word' id='word_1_557' title='bbox 1331 2894 1403 2918; x_wconf 85' lang='lat'>12.:</span> <span class='ocrx_word' id='word_1_558' title='bbox 1425 2884 1498 2918; x_wconf 84' lang='lat' dir='ltr'>Alii</span> <span class='ocrx_word' id='word_1_559' title='bbox 1519 2883 1758 2929; x_wconf 80' lang='lat' dir='ltr'>opitulationes,</span> 
     </span>
    </p>
   </div>
   <div class='ocr_carea' id='block_1_3' title="bbox 1833 0 1859 3122">
    <p class='ocr_par' dir='ltr' id='par_1_6' title="bbox 1833 0 1859 3122">
     <span class='ocr_line' id='line_1_52' title="bbox 1833 0 1859 3122; baseline 0 0"><span class='ocrx_word' id='word_1_560' title='bbox 1833 0 1859 3122; x_wconf 95' lang='lat' dir='ltr'> </span> 
     </span>
    </p>
   </div>
  </div>
 </body>
</html>
