1859 3122
189 109 272 164 380
599 119 819 155 QUAESTIO
853 120 969 149 XLIX.
1004 119 1248 149 ARTICULUS
1280 119 1336 148 VI.

261 202 334 236 SED
363 211 517 236 CONTRA
540 208 593 235 est
615 200 808 235 auctoritas
836 200 949 235 Tullii
975 201 1049 246 (lib.
1076 211 1108 236 2.
1129 200 1165 235 de
1186 200 1331 246 Invent.)
1355 207 1388 234 et
1416 200 1592 235 Macrobii
1613 199 1687 245 (lib.
1717 213 1744 236 r.

186 257 221 289 in
245 255 356 290 Somn.
381 255 468 301 Scip.
485 259 555 300 cap.
572 253 635 298 8.),
660 254 720 300 qui
740 262 879 300 ponunt
893 253 1143 301 providentiam
1164 261 1304 300 partem
1330 253 1550 299 prudentiae,
1571 261 1610 288 ut
1630 265 1672 288 ex
1693 265 1747 289 su—

187 308 355 354 pradictis
373 315 470 352 patet
493 307 538 353 (q.
560 307 647 352 48).

259 361 488 395 RESPONDEO
511 361 717 403 dicendum,
744 361 852 407 quod,
875 362 966 395 sicut
988 372 1093 407 supra
1116 361 1249 394 dictum
1274 367 1326 394 est
1347 360 1393 406 (q.
1416 372 1470 407 47.
1493 366 1558 395 art.
1581 361 1613 396 6.
1635 366 1665 396 et
1685 361 1747 407 7.),

187 414 374 460 prudentia
396 414 539 460 proprie
562 422 614 448 est
637 415 731 448 circa
754 427 795 448 ea
818 427 908 460 quae
935 423 1017 449 sunt
1039 415 1082 448 ad
1109 414 1238 456 finem;
1261 422 1295 447 et
1316 414 1387 448 hoc
1415 415 1457 448 ad
1485 415 1560 460 ejus
1587 413 1747 448 officium

188 468 331 513 proprie
353 470 518 514 pertinet,
537 476 575 502 ut
593 468 635 501 ad
658 467 767 502 finem
791 469 907 502 debite
930 468 1156 502 ordinentur:
1181 475 1214 501 et
1228 467 1392 512 quamvis
1408 467 1527 513 aliqua
1547 467 1748 502 necessaria

188 522 259 555 sint
280 530 425 567 propter
451 521 573 563 finem,
596 533 686 567 quae
709 522 944 567 subjiciuntur
967 522 1108 555 divinae
1135 520 1393 567 providentiae,
1419 521 1601 555 humanae
1626 529 1749 555 tamen

189 575 437 621 providentiae
457 587 531 609 non
554 576 789 621 subjiciuntur
802 576 871 610 nisi
887 575 1133 621 contingentia
1155 574 1362 620 operabilia,
1377 586 1468 620 quae
1480 586 1542 621 per
1559 575 1749 609 hominem

189 637 338 675 possunt
360 629 436 663 fieri
450 637 596 675 propter
611 629 739 664 finem:
757 629 944 676 praeterita
961 637 1081 663 autem
1102 628 1138 661 in
1156 628 1410 662 necessitatem
1428 628 1623 674 quamdam
1641 636 1752 662 trans-

191 691 293 717 eunt:
317 682 400 728 quia
420 682 643 729 impossibile
667 691 729 725 est,
754 694 828 717 non
855 694 931 717 esse
960 682 1054 728 quod
1081 681 1216 715 factum
1239 690 1306 715 est:
1335 681 1499 716 similiter
1524 682 1633 716 etiam
1654 692 1751 728 prae-

190 736 315 777 sentia,
350 736 564 782 inquantum
590 736 812 782 hujusmodi,
838 736 1092 770 necessitatem
1124 736 1319 781 quamdam
1352 735 1504 769 habent:
1526 746 1673 770 necesse
1699 742 1752 769 est

192 790 289 824 enim
313 789 503 823 Socratem
525 789 661 832 sedere,
684 790 770 824 dum
792 790 909 832 sedet;
936 790 1029 823 unde
1057 800 1282 834 consequens
1304 796 1367 830 est,
1387 788 1483 834 quod
1506 788 1752 834 contingentia

194 843 324 886 futura,
355 844 556 878 secundum
578 844 674 890 quod
701 851 782 878 sunt
802 855 865 889 per
887 843 1076 877 hominem
1098 843 1134 876 in
1156 842 1265 876 finem
1291 842 1473 876 humanae
1498 842 1592 876 vitae
1615 842 1753 876 ordina-

193 896 290 939 bilia⁷
312 897 514 942 pertineant
541 897 583 930 ad
605 897 851 942 prudentiam:
875 905 1067 942 utrumque
1095 904 1215 930 autem
1237 896 1370 929 horum
1396 895 1611 941 importatur
1631 895 1666 929 in
1692 906 1755 929 no-

193 951 290 984 mine
312 951 578 996 providentiae:
601 952 773 997 importat
793 951 890 984 enim
911 949 1136 996 providentia
1159 957 1362 994 respectum
1384 948 1579 995 quemdam
1602 948 1753 994 alicujus

193 1004 356 1038 distantis
387 1004 428 1038 ad
459 1015 500 1038 ea
530 1004 592 1049 [al.
620 1004 662 1038 ad
687 1004 771 1050 quod
797 1004 848 1049 ea]
877 1015 969 1049 quae
995 1003 1030 1037 in
1054 1003 1232 1049 praesenti
1258 1010 1464 1044 occurrunt,
1492 1010 1526 1037 et
1553 1001 1752 1036 ordinanda

195 1066 297 1100 sunt;
319 1057 413 1092 unde
429 1058 645 1104 providentia
663 1063 705 1092 est
719 1064 800 1104 pars
817 1057 1025 1104 prudentiae.

263 1111 323 1145 AD
349 1122 498 1146 PRIMUM
520 1122 606 1157 ergo
629 1111 833 1152 dicendum,
861 1110 957 1156 quod
984 1109 1287 1156 quandocumque
1314 1108 1427 1143 multa
1452 1109 1680 1155 requiruntur
1707 1107 1751 1142 ad

195 1176 319 1207 unum,
340 1175 488 1199 necesse
510 1173 564 1199 est
589 1176 703 1198 unum
733 1176 861 1199 eorum
889 1175 966 1198 esse
996 1163 1203 1210 principale,
1231 1163 1274 1196 ad
1301 1163 1398 1209 quod
1425 1163 1550 1197 omnia
1572 1162 1642 1196 alia
1663 1162 1755 1196 ordi-

193 1226 338 1261 nantur3
361 1218 455 1252 unde
477 1218 512 1251 in
540 1218 700 1264 quolibet
725 1225 802 1252 toto
828 1228 977 1251 necesse
1005 1225 1058 1251 est
1084 1228 1161 1251 esse
1188 1228 1297 1250 unam
1328 1215 1521 1250 formalem
1541 1224 1692 1262 partem,
1719 1223 1754 1249 et

194 1272 542 1318 praedominantem,
558 1283 576 1305 a
592 1283 661 1317 qua
679 1279 797 1305 totum
819 1271 992 1304 unitatem
1014 1270 1139 1304 habet:
1163 1278 1197 1304 et
1217 1269 1416 1304 secundum
1434 1269 1506 1303 hoc
1528 1269 1753 1316 providentia

195 1333 248 1360 est
269 1325 500 1371 principalior
522 1325 612 1359 inter
634 1336 762 1359 omnes
783 1333 901 1370 partes
923 1323 1149 1370 prudentiae:
1173 1323 1255 1369 quia
1277 1323 1401 1357 omnia
1423 1322 1503 1364 alia,
1525 1334 1616 1368 quae
1638 1322 1751 1368 requi-

195 1386 320 1412 runtur
343 1378 385 1411 ad
408 1378 646 1424 prudentiam,
669 1378 712 1412 ad
738 1378 810 1412 hoc
840 1377 1042 1411 necessaria
1063 1385 1155 1418 sunt,
1178 1384 1214 1410 ut
1237 1376 1369 1422 aliquid
1391 1384 1486 1410 recte
1517 1375 1699 1409 ordinetur
1719 1375 1755 1408 in

198 1431 326 1474 finem3
349 1440 383 1465 et
405 1432 486 1465 ideo
508 1443 644 1465 nomen
670 1431 780 1477 ipsius
802 1430 1012 1476 prudentiae
1039 1430 1191 1464 sumitur
1213 1441 1232 1463 a
1250 1429 1486 1476 providentia,
1512 1430 1605 1463 sicut
1626 1439 1646 1462 a
1666 1428 1756 1474 prin-

198 1485 360 1531 cipaliori
383 1496 445 1518 sua
465 1494 574 1530 parte.

269 1539 328 1572 AD
356 1549 562 1572 SECUNDUM
585 1538 790 1579 dicendum,
812 1537 909 1583 quod
943 1536 1140 1582 speculatio
1165 1544 1216 1570 est
1239 1536 1333 1570 circa
1354 1535 1580 1578 universalia,
1603 1543 1637 1569 et
1663 1535 1757 1569 circa

196 1592 417 1634 necessaria3
441 1603 532 1637 quae
554 1591 754 1625 secundum
776 1602 812 1625 se
836 1602 910 1624 non
932 1598 1013 1624 sunt
1034 1589 1172 1636 procul,
1189 1601 1272 1623 cum
1291 1589 1361 1623 sint
1382 1589 1525 1635 ubique,
1541 1598 1575 1623 et
1595 1600 1756 1634 semper3

197 1645 264 1679 etsi
284 1646 355 1679 sint
376 1644 503 1691 procul
525 1645 643 1691 quoad
666 1656 744 1686 nos,
767 1645 980 1690 inquantum
996 1643 1037 1676 ab
1058 1654 1185 1677 eorum
1207 1643 1414 1688 cognitione
1438 1642 1644 1686 deficimus3
1663 1641 1757 1676 unde

197 1699 422 1745 providentia
442 1710 516 1732 non
538 1699 679 1745 proprie
702 1698 830 1732 dicitur
851 1698 887 1731 in
909 1697 1150 1743 speculativis,
1173 1697 1234 1731 sed
1256 1696 1376 1730 solum
1397 1697 1433 1730 in
1455 1697 1632 1742 practicis.

270 1753 329 1786 An
353 1762 523 1786 TRRTtUM
546 1752 752 1793 dicendum,
766 1751 861 1797 quod
876 1751 911 1784 in
929 1759 1027 1785 recta
1047 1751 1273 1785 ordinatione
1294 1751 1337 1784 ad
1356 1750 1477 1792 finem,
1493 1751 1553 1796 qui
1566 1750 1759 1785 includitur

197 1806 234 1840 in
255 1806 393 1840 ratione
416 1805 674 1852 providentiae,
696 1806 909 1851 importatur
932 1804 1108 1839 rectitudo
1132 1804 1283 1846 consilii,
1306 1812 1340 1838 et
1357 1805 1491 1850 judicii,
1507 1812 1540 1839 et
1558 1803 1758 1851 praecepti3

199 1860 274 1894 sine
294 1859 420 1906 quibus
442 1867 540 1894 recta
563 1859 740 1893 ordinatio
764 1859 807 1892 ad
830 1858 940 1892 finem
962 1869 1038 1892 esse
1061 1869 1134 1892 non
1156 1865 1285 1904 potest.

743 2001 1087 2052 ARTICULUS
1121 2001 1220 2044 VII.
1691 2011 1754 2047 281

321 2109 473 2139 UTRUM
506 2109 858 2139 CIRCUMSPECTIO
893 2109 1044 2138 POSSIT
1077 2109 1177 2138 ESSE
1209 2108 1310 2138 PARS
1345 2108 1633 2139 PRUDENTIAE.

438 2196 556 2242 (Snpr.
584 2208 612 2242 q.
632 2197 687 2240 48.
711 2202 776 2232 art.
798 2198 895 2232 unico
918 2202 945 2232 et
963 2209 990 2243 3.
1006 2197 1094 2231 Dist.
1113 2207 1163 2242 32.
1186 2208 1215 2242 q.
1231 2208 1259 2242 3.
1278 2201 1341 2230 art.
1363 2209 1390 2231 Ι.
1412 2208 1442 2242 q.
1464 2196 1525 2241 2.).

275 2286 335 2320 AD
358 2295 549 2320 SEPTIMUM
568 2287 617 2320 sic
638 2285 852 2332 proceditur.
867 2285 1029 2327 Videtur,
1044 2285 1139 2331 quod
1156 2285 1432 2332 circumspectio
1454 2296 1528 2319 non
1550 2284 1662 2331 possit
1683 2295 1760 2319 esse

204 2350 284 2385 pars
307 2338 536 2385 prudentiae:
560 2339 836 2385 circumspectio
859 2339 955 2373 enim
977 2339 1116 2373 videtur
1138 2350 1215 2373 esse
1239 2339 1479 2373 consideratio
1507 2338 1684 2384 quaedam
1705 2349 1763 2372 θο-

205 2404 296 2435 rum,
320 2403 410 2438 quae
433 2391 684 2426 circumstant:
706 2392 916 2437 hujusmodi
952 2400 1070 2426 autem
1106 2400 1188 2426 sunt
1221 2392 1370 2434 infinita,
1397 2403 1488 2438 quae
1513 2403 1587 2425 non
1613 2398 1763 2437 possunt

206 2445 466 2492 comprehendi
481 2446 631 2487 ratione,
646 2445 682 2479 in
697 2457 766 2491 qua
782 2453 833 2479 est
848 2445 1054 2490 prudentia3
1078 2456 1163 2491 ergo
1180 2446 1455 2492 circumspectio
1471 2456 1544 2479 non
1560 2445 1663 2479 debet
1677 2444 1763 2491 poni

206 2511 286 2545 pars
308 2500 527 2546 prudentiae.

278 2563 308 2586 2.
329 2553 563 2588 PRAETEREA.
588 2552 892 2586 Circumstantiae
921 2552 1035 2595 magis
1063 2552 1227 2586 videntur
1254 2552 1429 2598 pertinere
1457 2551 1499 2586 ad
1522 2551 1666 2585 virtutes
1690 2562 1764 2585 mo-

206 2605 309 2647 rales,
325 2618 433 2652 quam
448 2607 491 2641 ad
510 2605 754 2652 prudentiam:
777 2605 839 2639 scd
863 2605 1138 2650 circumspectio
1161 2605 1251 2639 nihil
1269 2605 1364 2639 aliud
1387 2616 1464 2639 esse
1485 2605 1635 2646 videtur,
1653 2615 1762 2650 quam

208 2669 388 2705 respectus
416 2659 788 2700 circtiinstantiarun13
810 2670 896 2704 ergo
925 2659 1199 2704 circumspectio
1228 2659 1343 2703 magis
1370 2658 1510 2692 videtur
1536 2658 1580 2692 ad
1606 2656 1763 2692 morales

208 2714 385 2759 pertinere
408 2714 567 2756 virtutes,
589 2723 696 2758 quam
721 2712 763 2745 ad
786 2712 1022 2757 prudentiam.

284 2778 311 2811 3.
333 2767 568 2801 PRAETEREA.
588 2766 662 2807 Qui
684 2772 800 2811 potest
814 2765 934 2798 videre
950 2776 1040 2810 quae
1063 2765 1189 2810 procul
1211 2774 1302 2807 sunt,
1318 2765 1432 2799 multo
1450 2764 1566 2809 magis
1588 2771 1704 2810 potest
1718 2764 1766 2798 vi-

208 2819 290 2854 dere
314 2831 404 2865 quae
427 2820 522 2855 circa
544 2828 643 2854 sunt:
660 2819 722 2853 sed
738 2830 800 2864 per
819 2818 1080 2864 providentiam
1096 2819 1210 2852 homo
1230 2826 1282 2853 est
1301 2827 1428 2864 potens
1449 2818 1653 2864 prospicere
1672 2827 1763 2863 quae
