1920 3142
182 163 237 205 34
632 158 852 194 QUAEsrto
886 158 912 188 1.
946 158 1189 188 ARTICULUS
1222 157 1295 186 vn.

181 251 244 285 est,
266 242 362 288 quod
385 248 558 287 quantum
581 240 624 274 ad
646 239 884 274 substantiam
906 239 1142 274 articulorum
1163 238 1257 280 fidei,
1278 249 1353 272 non
1375 246 1428 272 est
1448 237 1585 272 factum
1613 249 1739 273 eorum

181 303 416 341 augmentum
438 306 500 340 per
520 302 727 339 temporum
749 293 1034 328 successionem:
1058 293 1141 339 quia
1164 302 1415 338 quaecumque
1433 291 1650 337 posteriores
1669 303 1741 326 cre-

179 348 354 390 diderunt,
377 347 652 382 continebantur
672 347 708 380 in
730 346 799 380 fide
821 346 1114 392 praecedentium
1139 346 1300 387 Parrum,
1334 344 1419 378 licet
1451 344 1642 390 implicite:
1677 345 1740 379 sed

180 409 354 448 quantum
376 400 420 434 ad
441 400 720 446 explicationem
741 400 853 434 crevit
873 411 1044 434 numerus
1065 398 1315 433 articulorum:
1336 398 1420 444 quia
1437 397 1615 443 quaedam
1635 397 1742 444 expli-

180 456 248 488 cite
271 454 417 499 cognita
438 461 520 487 sunt
542 464 561 486 a
582 453 851 499 posterioribus,
870 464 960 499 quae
980 464 999 486 a
1017 452 1194 498 prioribus
1211 462 1286 485 non
1304 450 1618 496 cognoscebantur
1636 450 1742 497 expli-

180 508 267 549 cite3
290 507 383 541 unde
404 507 586 541 Dominus
607 507 727 552 Moysi
741 506 827 540 dicit
840 506 955 540 Exodi
975 504 1024 540 6.:
1044 506 1113 550 Ego
1131 517 1201 539 snm
1216 506 1306 539 Dens
1324 505 1511 546 Abraham,
1528 504 1618 538 Dens
1632 503 1740 546 Isaac,

179 562 269 595 Dens
284 561 409 604 Jncob:
438 565 465 594 et
487 572 604 594 nomen
626 571 744 602 meum,
767 559 914 601 Adonai,
933 571 999 593 non
1018 558 1166 592 indicavi
1179 558 1245 598 eis}
1263 566 1298 592 et
1315 558 1433 591 David
1452 557 1538 591 dicit
1555 557 1625 602 (Ps.
1640 557 1740 602 118).-

177 615 282 660 Snper
306 625 391 648 senes
412 614 573 654 intellexi;
597 621 632 647 et
652 612 852 659 Apostolus
875 612 960 646 dicit
986 612 1030 646 ad
1063 611 1194 657 Ephes.
1232 622 1280 657 3.:
1314 611 1354 645 In
1381 611 1455 645 aliis
1478 611 1742 656 generationibus

179 679 244 701 non
265 672 307 701 est
327 668 477 713 agnitum
499 668 689 712 mysteritcm
715 666 850 707 Christi,
872 667 954 700 sicut
971 677 1057 699 nnnc
1070 665 1253 699 revelatmn
1271 669 1316 699 est
1328 664 1457 699 Sanctis·
1474 663 1642 710 Apostolis
1660 664 1740 708 ejus,

180 726 208 756 et
233 721 414 767 Prophetis.

250 774 310 808 AD
332 784 482 809 PRrMUM
504 785 591 819 ergo
613 773 818 814 dicendum,
846 771 941 818 quod
963 782 1105 818 semper
1126 771 1269 805 fuerunt
1291 770 1419 805 eadem
1441 770 1618 816 speranda
1646 769 1741 816 apud

178 827 347 862 homines
369 839 388 861 a
411 827 576 869 Christ03
599 826 681 873 quia
701 834 824 861 tamen
847 826 891 859 ad
912 825 1002 859 haec
1025 824 1202 870 speranda
1222 824 1391 857 homines
1409 834 1483 857 non
1501 831 1742 869 pervenerunt

178 881 248 914 nisi
267 892 331 927 per
352 880 551 922 Christum,
574 887 708 926 quanto
731 891 751 913 a
774 879 920 913 Christo
943 877 1086 912 fuerunt
1107 877 1322 912 remotiores
1352 876 1554 910 secundum
1585 883 1740 923 tempus,

178 942 279 968 tanto
302 945 322 967 a
343 933 600 968 consecutione
621 933 884 979 sperandorum
905 930 1178 977 longinquiores
1200 938 1316 972 erant3
1332 930 1426 964 unde
1441 929 1641 976 Apostolus
1656 930 1742 964 dicit

180 987 223 1021 ad
246 987 354 1021 Hebr.
380 998 448 1021 11.:
465 987 569 1030 Jnxtn
589 986 684 1028 fidem
705 986 851 1031 defuncti
871 989 944 1019 sunt
966 996 1074 1018 omnes
1092 985 1156 1026 isti,
1178 995 1244 1018 non
1266 984 1403 1029 acceptis
1420 984 1741 1029 repromissionibus,

177 1040 229 1075 sed
246 1051 265 1074 α
287 1040 378 1085 longe
403 1051 455 1074 eas
475 1041 685 1086 aspicientes:
720 1046 854 1084 quanto
890 1045 1011 1072 autern
1046 1036 1180 1083 aliquid
1203 1048 1223 1070 a
1244 1035 1558 1082 longinquioribus
1590 1036 1741 1078 videtur,

178 1101 278 1128 tanto
301 1093 418 1127 minus
441 1093 606 1127 distincte
626 1092 785 1133 videtur3
808 1099 842 1125 et
862 1091 944 1125 ideo
959 1090 1055 1124 bona
1069 1090 1247 1137 speranda
1262 1089 1463 1124 distinctius
1479 1097 1740 1135 cognoverunt,

179 1146 240 1192 qui
259 1145 402 1180 fuerunt
423 1146 591 1180 adventui
614 1145 751 1180 Christi
771 1145 891 1178 vicini.

249 1200 309 1234 AD
332 1209 538 1234 SECUNDUM
561 1198 765 1239 dicendum,
787 1197 883 1243 quod
905 1196 1085 1243 profectus
1109 1196 1327 1242 cognitionis
1350 1196 1526 1243 dupliciter
1547 1195 1741 1243 contingit:

178 1264 243 1287 uno
270 1252 364 1286 modo
388 1264 429 1286 ex
450 1260 549 1297 parte
571 1251 745 1292 docentis,
769 1251 830 1296 qui
849 1250 886 1284 in
908 1250 1116 1295 cognitione
1138 1249 1291 1295 proficit,
1313 1249 1388 1284 sive
1407 1261 1510 1292 unus,
1529 1249 1604 1284 sive
1621 1249 1742 1296 plures

178 1317 240 1351 per
261 1313 467 1351 temporum
488 1304 777 1345 successionem;
800 1312 834 1338 et
855 1303 922 1337 ista
944 1311 996 1337 est
1017 1303 1108 1337 ratio
1139 1304 1324 1348 augmenti
1347 1303 1383 1336 in
1406 1303 1564 1337 scientiis
1596 1314 1659 1349 per
1691 1314 1742 1337 ra-

178 1359 316 1393 tionem
337 1359 545 1392 humanitus
566 1357 736 1391 inventis:
760 1357 825 1391 alio
852 1356 946 1390 modo
969 1367 1011 1390 ex
1032 1364 1131 1402 parte
1163 1356 1398 1390 addiscentis:
1433 1356 1526 1390 sicut
1558 1356 1741 1402 magister,

179 1412 240 1458 qui
260 1412 362 1445 novit
382 1419 497 1445 totam
520 1418 644 1452 artem,
666 1421 740 1443 non
762 1409 883 1443 statim
905 1421 924 1443 a
946 1409 1121 1455 principio
1143 1409 1249 1443 tradit
1271 1421 1353 1443 eam
1375 1409 1563 1455 discipulo,
1585 1409 1668 1456 quia
1687 1421 1742 1444 ca-

179 1476 261 1510 pere
283 1476 357 1498 non
379 1472 510 1509 posset,
532 1464 594 1498 sed
616 1463 791 1509 paulatim
813 1462 1106 1496 condescendens
1129 1463 1203 1507 ejus
1227 1462 1430 1508 capacitati:
1455 1470 1489 1496 et
1509 1463 1578 1497 hac
1600 1463 1740 1497 ratione

179 1517 407 1564 profecerunt
427 1517 595 1550 homines
616 1517 652 1550 in
675 1516 883 1560 cognitione
905 1515 988 1549 fidei
1009 1527 1072 1560 per
1092 1524 1299 1561 temporum
1327 1516 1615 1550 successionem:
1647 1516 1740 1550 unde

180 1572 306 1616 Apost.
331 1572 373 1604 ad
398 1570 478 1604 Gal.
504 1582 532 1615 3.
556 1578 744 1615 comparat
765 1577 898 1603 statum
918 1569 1048 1602 veteris
1069 1569 1275 1602 testamenti
1296 1569 1481 1614 pueritiae.

249 1626 308 1659 AD
332 1635 502 1658 TERTIUM
523 1624 727 1664 dicendum,
762 1623 858 1668 quod
881 1622 924 1655 ad
947 1622 1223 1667 generationem
1255 1621 1458 1656 naturalem
1491 1622 1573 1657 dnae
1609 1634 1740 1657 causae

179 1678 473 1724 praeexiguntur3
495 1676 650 1719 scilicet:
674 1687 779 1721 agens,
804 1683 838 1710 et
861 1676 1021 1715 materin;
1057 1675 1257 1709 secundum
1292 1686 1378 1721 ergo
1413 1675 1578 1709 ordinem
1611 1687 1741 1710 causae

179 1731 316 1777 agentis
337 1730 547 1764 naturaliter
568 1730 664 1774 prius
680 1737 743 1771 est,
758 1728 854 1774 quod
871 1737 923 1762 est
937 1727 1144 1774 perfectius:
1161 1737 1196 1762 et
1210 1729 1259 1762 sic
1275 1737 1402 1762 natura
1418 1741 1437 1762 a
1450 1728 1615 1775 perfectis
1633 1731 1742 1764 sumit

179 1784 384 1818 exordium:
408 1784 490 1829 quia
511 1782 720 1828 imperfecta
742 1793 816 1816 non
839 1782 1016 1815 ducuntur
1046 1781 1089 1815 ad
1119 1781 1392 1827 perfectionem,
1424 1782 1493 1816 nisi
1525 1794 1588 1827 per
1622 1782 1741 1829 aliqua

178 1837 334 1884 perfecta
356 1836 644 1881 praeexistentia:
669 1835 869 1869 secundum
890 1846 975 1868 vero
998 1835 1034 1868 in
1057 1835 1221 1868 ordinem
1252 1846 1381 1869 causae
1415 1835 1609 1870 materialis
1643 1836 1740 1882 prius

179 1899 242 1932 est,
264 1891 360 1936 quod
383 1898 435 1923 est
454 1888 716 1935 imperfectius3
740 1896 774 1922 et
795 1888 995 1922 secundum
1017 1888 1087 1922 hoc
1109 1896 1236 1922 natura
1263 1889 1425 1934 procedit
1455 1889 1497 1922 ab
1527 1889 1739 1935 imperfecto

180 1944 223 1977 ad
244 1942 453 1989 perfectum.
473 1943 513 1976 In
532 1941 821 1976 manifestatione
844 1949 965 1975 autem
987 1941 1070 1975 fidei
1091 1942 1190 1976 Deus
1213 1950 1266 1976 est
1287 1941 1378 1976 sicut
1400 1953 1520 1987 agens,
1542 1942 1603 1988 qui
1628 1943 1737 1977 habet

180 1995 377 2042 perfectam
396 1996 585 2029 scientiam
605 1995 645 2028 ab
665 2003 831 2029 aeterno:
853 1995 967 2028 homo
991 2003 1112 2029 autem
1134 2003 1186 2029 est
1207 1997 1297 2029 sicut
1318 1996 1469 2029 materia
1494 1996 1669 2042 recipiens
1686 1997 1736 2030 in-

179 2049 315 2083 fluxum
332 2049 402 2082 Dei
421 2049 578 2093 agentis3
598 2057 631 2082 et
648 2049 730 2082 ideo
754 2048 923 2094 oportuit,
946 2048 1042 2094 quod
1066 2048 1107 2081 ab
1129 2048 1348 2094 imperfectis
1370 2048 1412 2082 ad
1435 2048 1635 2095 perfectum
1661 2060 1740 2095 pro-

180 2103 323 2137 cederet
341 2102 501 2147 cognitio
520 2101 603 2135 fidei
620 2102 655 2135 in
677 2101 902 2135 hominibus:
919 2109 953 2135 et
967 2101 1051 2135 licet
1066 2103 1100 2135 in
1115 2101 1324 2135 hominibus
1339 2101 1485 2148 quidam
1499 2112 1536 2136 se
1550 2102 1740 2136 habuerint

180 2167 242 2202 per
269 2156 420 2190 modum
445 2166 574 2188 causae
601 2155 751 2200 agentis,
773 2155 855 2200 quia
875 2154 1017 2188 fuerunt
1039 2154 1121 2188 fidei
1143 2155 1327 2190 doctores:
1354 2163 1475 2189 tamen
1497 2155 1738 2190 manifestatio

180 2209 322 2255 spiritus
346 2209 448 2242 datur
473 2209 602 2242 talibus
626 2208 668 2242 ad
692 2207 883 2242 utilitatem
905 2219 1152 2250 communem,
1175 2217 1212 2242 ut
1235 2208 1363 2242 dicitur
1388 2220 1415 2242 1.
1439 2208 1482 2242 ad
1502 2208 1588 2243 Cor.
1612 2220 1683 2243 12.:
1704 2217 1740 2244 et

179 2264 261 2297 ideo
283 2271 423 2297 tantum
446 2263 595 2296 dabatur
615 2262 791 2303 Patribus,
814 2262 874 2307 qui
893 2270 993 2296 erant
1010 2262 1231 2296 institutores
1249 2262 1342 2304 fidei,
1362 2262 1404 2297 de
1421 2263 1630 2308 cognitione
1644 2263 1738 2305 fidei,

181 2324 355 2362 quantum
371 2316 560 2362 oportebat
578 2327 641 2361 pro
663 2324 826 2361 tempore
848 2315 911 2349 illo
934 2315 1068 2361 populo
1091 2316 1193 2357 tradi,
1214 2315 1272 2349 vel
1293 2316 1398 2360 nude,
1420 2316 1478 2350 vel
1499 2316 1535 2350 in
1557 2316 1682 2362 figura.

250 2370 310 2403 AD
333 2380 519 2409 QUARTUM
543 2369 748 2410 dicendum,
771 2369 867 2414 quod
889 2368 1015 2402 ultima
1038 2369 1306 2403 consummatio
1329 2369 1464 2414 gratiae
1486 2369 1580 2404 facta
1603 2378 1655 2404 est
1676 2381 1738 2415 per

182 2423 384 2463 Christum3
408 2422 500 2456 unde
523 2430 557 2456 et
576 2430 718 2466 tempus
741 2423 815 2466 ejus
838 2422 966 2455 dicitur
988 2427 1110 2468 tempus
1130 2422 1347 2468 plenitudinis
1369 2423 1412 2456 ad
1433 2422 1512 2457 Gal.
1531 2433 1584 2465 4.;
1605 2430 1639 2456 et
1655 2423 1738 2457 ideo

179 2476 242 2517 illi,
265 2476 324 2521 qui
348 2475 490 2509 fuerunt
510 2475 785 2520 propinquiores
808 2475 966 2516 Christo,
988 2476 1039 2509 tal
1061 2484 1153 2517 ante,
1184 2475 1275 2510 sicut
1302 2476 1460 2520 Joannes
1495 2476 1665 2521 Baptista,
1687 2476 1739 2511 vel

181 2537 272 2574 post,
295 2529 385 2562 sicut
406 2527 586 2574 Apostoli,
609 2527 747 2573 plenius
770 2528 939 2573 mysteria
961 2527 1041 2562 fidei
1065 2537 1328 2574 cognoverunt:
1351 2529 1433 2574 quia
1448 2537 1482 2562 et
1497 2529 1590 2563 circa
1605 2537 1738 2563 statum

180 2582 339 2615 hominis
360 2582 430 2615 hoc
452 2581 627 2622 videmus,
650 2580 746 2626 quod
768 2580 938 2626 perfectio
962 2589 1013 2614 est
1034 2581 1069 2615 in
1092 2583 1294 2625 juventut03
1317 2590 1350 2616 et
1373 2590 1471 2616 tanto
1493 2582 1602 2616 habet
1621 2582 1736 2617 homo

180 2634 432 2681 perfectiorem
453 2643 597 2676 statum,
619 2634 676 2668 vel
698 2642 791 2675 ante,
816 2633 873 2667 vel
896 2642 987 2679 post,
1010 2643 1144 2680 quanto
1167 2643 1219 2669 est
1239 2636 1413 2681 juventuti
1435 2636 1681 2682 propinquior.
