1859 3122
153 147 241 203 864
571 159 790 193 QUAESTIO
824 158 969 188 cxxix.
1003 158 1247 188 ARTICULUS
1279 158 1308 187 1.

153 241 234 287 pars
256 241 431 285 justitiae3
450 248 485 274 et
504 239 555 274 sic
576 239 801 285 relinquitur,
823 239 921 285 quod
942 239 987 273 sit
1008 238 1102 273 circa
1124 239 1328 284 passiones:
1351 238 1472 273 honor
1499 246 1620 273 autem
1645 248 1720 272 non

153 303 208 328 est
228 295 368 340 passio;
391 304 478 338 ergo
501 293 782 338 magnanimitas
803 303 877 326 non
900 299 953 326 est
974 292 1067 325 circa
1085 291 1257 325 honores.

228 358 255 390 3.
279 347 514 380 PRAETEREA.
537 345 644 380 Ratio
667 345 976 391 magnanimitatis
997 345 1138 378 videtur
1158 344 1336 390 pertinere
1357 344 1474 390 magis
1493 345 1536 379 ad
1550 355 1721 390 prosecu—

152 400 304 441 tionem,
327 410 436 444 quam
459 399 502 433 ad
523 398 666 444 fugam:
687 398 816 432 dicitur
838 398 935 432 enim
956 397 1224 443 magnanimus,
1247 397 1330 443 quia
1352 397 1396 431 ad
1427 409 1560 443 magna
1585 397 1717 432 tendit:

153 453 215 488 sed
236 452 388 486 virtuosi
408 463 483 486 non
504 451 696 485 laudantur
718 462 760 485 ex
781 451 852 485 hoc
875 451 971 497 quod
994 451 1142 497 cupiunt
1170 450 1341 493 honores,
1369 450 1431 485 sed
1459 450 1575 497 magis
1605 462 1648 485 ex
1674 461 1718 484 eo

153 506 251 552 quod
275 516 336 539 eos
358 504 520 550 fugiunt3
544 515 630 550 ergo
653 504 935 550 magnanimitas
954 515 1028 538 non
1050 512 1103 537 est
1122 504 1217 537 circa
1238 504 1409 538 honores.

226 558 301 593 SED
325 568 479 593 CONTRA
502 565 565 599 est,
588 558 685 604 quod
706 557 843 591 Philos.
866 557 951 591 dicit
968 557 1004 590 in
1025 567 1057 599 4.
1080 557 1240 591 Ethicor.
1263 557 1351 603 (cap.
1367 557 1415 603 3.)
1438 557 1534 603 quod
1548 559 1720 603 magnani-

154 614 251 646 mitas
273 617 315 646 est
337 613 426 646 circa
448 611 595 652 honores,
618 616 646 645 et
667 611 946 645 inhonorationes.

224 665 454 699 Rssspomfio
477 664 683 705 dicendum,
705 664 802 710 quod
817 663 1098 710 magnanimitas
1113 674 1154 697 ex
1168 674 1233 697 suo
1248 662 1397 697 nomine
1411 663 1584 709 importat
1599 675 1720 709 quam-

155 719 241 753 dam
260 718 510 752 extensionem
533 717 645 751 animi
667 717 710 751 ad
733 729 880 763 magna:
902 717 1149 751 consideratur
1170 725 1291 750 autem
1311 716 1485 750 habitudo
1508 716 1647 751 virtutis
1674 717 1718 751 ad

153 772 216 805 cluo
230 784 239 806 :
253 773 366 817 primo
389 771 432 804 ad
452 771 654 812 materiam,
678 770 774 804 circa
796 782 905 816 quarn
927 778 1113 816 operatur:
1130 770 1195 803 alio
1214 769 1308 803 modo
1329 769 1372 803 ad
1388 777 1509 803 actum
1524 770 1720 816 proprium,

154 824 215 870 qui
237 825 398 858 consistit
419 824 456 857 in
478 823 598 858 debito
619 835 684 858 usu
702 823 783 858 talis
805 824 997 866 materiae3
1017 832 1050 857 et
1065 823 1149 869 quia
1166 823 1309 857 habitus
1323 822 1462 857 virtutis
1476 822 1720 869 principaliter

153 889 197 911 ex
216 886 297 912 actu
320 877 589 918 determinatur,
609 888 651 911 ex
671 877 742 911 hoc
765 877 1009 923 principaliter
1035 877 1164 910 dicitur
1189 876 1317 922 aliquis
1343 876 1610 921 magnanimus,
1637 876 1720 922 quia

154 930 264 965 habet
285 931 448 964 animum
472 930 515 964 ad
539 930 696 976 aliquem
719 942 894 976 magnum
917 938 1057 964 actum:
1081 929 1208 975 aliquis
1231 937 1351 963 autem
1379 937 1479 963 actus
1506 937 1625 975 potest
1650 929 1722 963 dici

153 984 327 1030 dupliciter
355 995 527 1030 magnus:
558 996 624 1018 uno
650 984 746 1018 modo
776 984 975 1018 secundum
1006 984 1297 1030 proportionem:
1325 983 1391 1017 alio
1421 982 1515 1016 modo
1544 982 1718 1017 absolute.

153 1037 308 1083 Magnus
320 1037 465 1083 quidem
480 1045 598 1083 potest
619 1037 688 1071 dici
711 1045 811 1071 actus
829 1037 1030 1071 secundum
1052 1037 1339 1083 proportionem,
1358 1036 1467 1070 etiam
1482 1036 1543 1082 qui
1559 1035 1721 1070 consistit

153 1090 190 1124 in
204 1102 269 1124 usu
293 1090 443 1135 alicujus
457 1091 509 1125 rei
523 1101 665 1137 parvae,
686 1090 745 1124 vel
771 1091 983 1132 mediocris;
1005 1099 1090 1136 puta
1108 1091 1137 1124 si
1156 1090 1284 1136 aliquis
1305 1089 1366 1123 illa
1384 1101 1421 1123 re
1437 1090 1573 1136 optime
1584 1096 1720 1123 utatur:

153 1143 217 1177 sed
240 1143 462 1189 simpliciter,
493 1151 527 1178 et
551 1143 714 1178 absolute
736 1155 891 1189 magnus
913 1151 1013 1178 actus
1036 1152 1099 1185 est,
1123 1144 1182 1189 qui
1205 1143 1369 1177 consistit
1386 1143 1420 1176 in
1437 1143 1576 1189 optimo
1592 1154 1658 1177 usu
1669 1142 1721 1176 rei

154 1197 354 1231 maximae:
378 1208 433 1231 res
456 1205 588 1240 autem,
607 1209 699 1243 quae
714 1197 750 1230 in
765 1209 871 1231 usum
885 1197 1045 1231 hominis
1059 1197 1219 1239 veniunt,
1234 1205 1317 1231 sunt
1329 1208 1385 1231 res
1401 1197 1614 1233 exteriores:
1631 1196 1723 1230 inter

152 1262 241 1296 quas
263 1250 474 1296 simpliciter
496 1251 697 1284 maximum
720 1259 773 1285 est
793 1251 930 1284 honor:
949 1258 1026 1284 tum
1046 1251 1128 1296 quia
1150 1250 1497 1296 propinquissimum
1517 1257 1570 1283 est
1587 1249 1721 1292 virtuti,

154 1311 277 1349 utpote
299 1303 502 1337 testificatio
522 1304 702 1350 quaedam
724 1304 879 1338 existens
901 1304 944 1338 de
965 1303 1095 1337 virtute
1118 1303 1280 1347 alicujus,
1302 1311 1341 1337 ut
1362 1314 1469 1348 supra
1488 1303 1652 1336 habitum
1670 1310 1723 1336 est

155 1356 201 1402 (q.
223 1368 290 1402 103.
310 1361 373 1390 art.
396 1369 423 1391 Ι.
445 1361 473 1390 et
491 1358 552 1402 2.)‚
575 1365 653 1390 tum
676 1357 784 1390 etiam
807 1357 890 1402 quia
911 1357 1004 1398 Deo,
1035 1364 1070 1390 et
1099 1356 1246 1402 optimis
1280 1356 1481 1390 exhibetur:
1509 1364 1583 1389 tum
1613 1355 1722 1389 etiam

155 1409 238 1454 quia
256 1409 425 1443 homines
447 1417 593 1455 propter
613 1410 795 1443 honorem
814 1410 1123 1455 consequendum,
1147 1418 1181 1443 et
1198 1409 1417 1454 vituperium
1437 1409 1637 1450 vitandum,
1653 1407 1722 1442 alia

155 1463 279 1496 omnia
298 1471 539 1508 postponunt:
563 1463 613 1496 sic
637 1471 758 1497 autem
781 1463 910 1496 dicitur
928 1462 1056 1508 aliquis
1079 1462 1333 1508 magnanimus
1364 1474 1405 1496 ex
1433 1462 1502 1504 his,
1524 1472 1615 1508 quae
1641 1469 1724 1495 sunt

154 1527 287 1561 magna
310 1515 485 1558 absolute,
508 1524 543 1550 et
561 1516 784 1562 simpliciter,
807 1516 899 1550 sicut
920 1516 1048 1550 dicitur
1070 1515 1196 1561 aliquis
1223 1514 1325 1549 fortis
1356 1526 1398 1549 ex
1423 1515 1492 1557 his,
1523 1525 1614 1561 quae
1641 1523 1723 1548 sunt

154 1568 313 1602 difficilia
340 1569 568 1615 simpliciter3
597 1577 630 1604 et
658 1569 740 1604 ideo
769 1580 996 1615 consequens
1024 1577 1087 1611 est,
1117 1569 1214 1615 quod
1239 1568 1520 1614 magnanimitas
1549 1568 1722 1602 consistat

155 1622 249 1656 circa
271 1622 443 1656 honores.

227 1675 286 1709 AD
308 1686 458 1710 PRIMUM
481 1686 568 1721 ergo
592 1675 796 1717 dicendum,
820 1675 915 1721 quod
939 1675 1089 1717 bonurn,
1115 1674 1174 1709 vel
1200 1675 1350 1717 malum,
1381 1674 1544 1709 absolute
1575 1674 1720 1720 quidem

156 1728 383 1762 considerata
405 1730 584 1774 pertinent
607 1729 650 1763 ad
673 1728 1012 1775 concupiscibilem:
1029 1729 1091 1763 sed
1109 1729 1324 1775 inquantum
1341 1728 1481 1762 additur
1498 1728 1589 1761 ratio
1609 1727 1721 1769 ardui,

154 1782 204 1815 sic
228 1782 406 1826 pertinent
428 1782 471 1816 ad
493 1782 729 1817 irascibilem:
749 1790 783 1816 et
803 1782 875 1816 hoc
902 1783 1014 1816 modo
1044 1782 1225 1815 honorem
1254 1782 1401 1827 respicit
1427 1780 1721 1827 magnanimitas,

154 1835 368 1880 inquantum
391 1834 530 1869 scilicet
550 1835 670 1869 honor
691 1835 800 1869 habet
821 1835 1000 1869 rationem
1022 1835 1157 1881 magni,
1179 1834 1237 1869 vel
1259 1835 1370 1869 ardui.

226 1888 286 1922 AD
309 1899 518 1922 SECUNDUM
540 1888 746 1930 dicendum,
765 1889 862 1934 quod
880 1889 1001 1922 honor
1019 1889 1084 1922 etsi
1101 1899 1175 1922 non
1193 1888 1238 1922 sit
1255 1889 1386 1934 passio,
1407 1886 1465 1922 vel
1479 1886 1654 1934 operatiO,
1669 1894 1723 1920 est

153 1949 278 1975 tamen
299 1941 450 1987 alicujus
464 1941 641 1987 passionis
657 1942 852 1987 objectum,
867 1941 1005 1976 scilicet
1018 1942 1104 1988 spei,
1116 1953 1207 1988 quae
1221 1941 1335 1975 tendit
1347 1941 1383 1974 in
1397 1941 1535 1975 bonum
1550 1940 1722 1982 arduum3

156 2001 189 2027 et
211 1993 293 2027 ideo
316 1995 598 2039 magnanimitas
620 2003 672 2029 est
693 1995 841 2040 quidem
863 1995 1072 2028 immediate
1094 1995 1189 2028 circa
1211 1995 1418 2040 passionem
1447 1994 1534 2040 spei,
1565 1993 1721 2027 mediate

155 2056 277 2081 autem
299 2048 395 2081 circa
415 2048 608 2090 honorem,
631 2049 722 2082 sicut
745 2049 839 2082 circa
862 2049 1045 2093 objectum
1067 2049 1159 2094 spei;
1179 2048 1270 2088 sicut
1288 2056 1322 2082 et
1335 2048 1378 2081 de
1393 2046 1600 2082 fortitudine
1615 2057 1720 2093 supra

155 2101 293 2134 dictum
315 2109 368 2135 est
391 2101 435 2147 (q.
455 2113 520 2148 123.
539 2107 602 2136 art.
617 2113 650 2146 4.
666 2107 695 2136 et
707 2103 766 2148 5),
783 2102 879 2148 quod
895 2110 948 2136 est
962 2102 1057 2136 circa
1073 2101 1233 2148 pericula
1248 2101 1386 2143 mortis,
1408 2101 1623 2146 inquantum
1637 2108 1720 2134 sunt

156 2155 340 2201 objectum
362 2156 514 2197 timoris,
537 2164 571 2190 et
593 2155 776 2191 audaciae.

226 2209 286 2243 AD
310 2219 480 2243 TERTIUM
516 2209 720 2250 dicendum,
748 2210 843 2255 quod
872 2208 923 2243 illi
949 2209 1009 2255 qui
1039 2217 1277 2243 contemnunt
1304 2208 1464 2241 honores
1494 2207 1566 2240 hoc
1594 2206 1718 2247 modo,

156 2262 253 2308 quod
276 2273 340 2307 pro
357 2262 407 2296 eis
423 2262 660 2308 adipiscendis
681 2262 731 2295 nil
746 2262 1006 2296 inconveniens
1016 2261 1163 2303 faciunt,
1178 2273 1244 2296 nec
1263 2272 1330 2295 nos
1345 2260 1452 2294 nimis
1466 2259 1718 2306 appretiantur,

155 2315 354 2349 laudabiles
376 2323 476 2350 sunt:
499 2315 529 2349 si
547 2315 625 2360 quis
654 2323 775 2349 autem
796 2315 867 2348 hoc
900 2316 1011 2349 modo
1043 2322 1293 2349 contemneret
1321 2314 1492 2355 honores,
1523 2312 1619 2359 quod
1645 2323 1719 2346 non

157 2378 297 2403 curaret
323 2368 442 2403 facere
471 2380 524 2410 ea,
552 2379 643 2414 quae
669 2377 750 2402 sunt
777 2368 885 2413 digna
912 2369 1065 2410 honore,
1091 2369 1162 2402 hoc
1190 2367 1423 2414 vituperabile
1451 2374 1561 2408 esset3
1589 2373 1623 2400 et
1647 2365 1718 2399 hoc

156 2423 268 2456 modo
291 2423 572 2468 magnanimitas
595 2430 649 2456 est
671 2422 765 2456 circa
788 2421 958 2464 honores,
981 2431 1019 2456 ut
1047 2421 1216 2455 videlicet
1241 2421 1381 2455 studeat
1409 2419 1527 2453 facere
1549 2430 1601 2461 ea,
1628 2429 1718 2465 quae

156 2484 238 2510 sunt
258 2476 399 2510 honore
422 2476 542 2521 digna,
556 2487 630 2509 non
645 2483 767 2509 tamen
781 2475 831 2509 sic
848 2483 886 2509 ut
900 2487 963 2521 pro
980 2486 1115 2521 magno
1131 2475 1296 2509 aestimet
1309 2474 1512 2507 humanum
1526 2473 1717 2507 honorem.
