1859 3122
428 191 647 227 QUAESTIO
680 191 866 222 CLXXXV.
899 191 1143 222 ARTICULUS
1175 192 1264 223 VIII.
1520 193 1629 237 1217

607 348 951 394 ARTICULUS
985 349 1108 394 VIII.
1562 361 1626 408 883

231 454 384 486 UTRUM
418 456 648 497 RELIGIOSI,
683 457 760 493 QUI
792 457 1122 488 PROMOVENTUR
1154 459 1198 489 IN
1229 459 1485 498 EPISCOPOS,

357 521 620 552 TENEANTUR
646 523 702 551 AD
732 523 1053 554 OBSERVANTIAS
1082 524 1344 554 REGULARES.

215 609 328 655 (Supr.
351 621 380 655 q.
395 610 449 644 88.
468 614 531 644 art.
551 622 596 645 rr.
619 610 660 644 ad
680 622 711 655 4.
735 616 763 646 et
783 622 815 656 4.
838 612 926 646 Dist.
945 612 996 658 38.
1012 623 1041 658 q.
1060 622 1089 646 1.
1111 616 1175 646 art.
1189 622 1222 656 4.
1241 623 1272 658 q.
1294 624 1321 647 1.
1344 617 1407 647 art.
1430 612 1489 658 5.).

141 697 202 732 AD
221 707 409 732 OCTAYUM
430 698 480 732 sic
495 699 711 744 proceditur.
735 699 897 742 Videtur,
923 701 1019 747 quod
1047 700 1217 747 religiosi,
1232 701 1292 746 qui
1310 708 1571 746 promoventur
1590 699 1628 734 in

70 750 282 797 Episcopos,
303 762 377 784 non
403 759 592 785 teneantur
614 752 658 786 ad
680 753 926 788 observantias
955 753 1155 800 regulares:
1179 754 1307 788 dicitur
1333 754 1430 788 enim
1456 753 1507 788 18.
1534 765 1567 800 q.
1599 763 1627 787 1.

73 803 182 851 (cap.:
205 804 387 848 Statutum)
412 805 507 850 quod
543 818 559 836 «
583 806 806 840 monachum
829 807 1005 841 canonica
1024 807 1152 842 electio
1176 819 1195 840 a
1215 809 1302 853 jugo
1326 806 1471 853 regulae
1493 817 1625 841 mona-

71 857 182 892 sticae
204 857 438 904 professionis
460 858 674 901 absolvit30t
693 871 793 894 sacra
809 860 986 894 ordinatio
1003 861 1046 894 de
1065 861 1248 894 monacho
1272 861 1483 906 episcopum
1498 859 1583 894 facit
1596 873 1628 895 »ε

71 912 133 945 sed
156 911 406 945 observantiae
424 911 606 957 regulares
629 913 807 958 pertinent
829 914 871 947 ad
890 915 1016 959 jugum
1037 914 1203 960 regulae;
1219 925 1306 959 ergo
1328 914 1498 960 religiosi,
1513 914 1573 960 qui
1593 914 1631 948 in

26 966 33 972 '
71 964 273 1010 Episcopos
295 972 536 1006 assumuntur,
558 977 631 999 non
654 974 819 1000 tenentur
841 967 883 1000 ad
906 967 1150 1001 observantias
1176 967 1369 1013 regulares.

142 1027 174 1052 2.
196 1017 432 1052 PRAETEREA.
460 1017 524 1052 Ille
551 1019 613 1064 qui
633 1019 675 1052 ab
698 1018 859 1053 inferiori
881 1020 923 1053 ad
943 1020 1167 1065 superiorem
1190 1020 1340 1066 gradum
1364 1021 1534 1062 ascendit,
1556 1031 1630 1055 non

71 1070 211 1105 videtur
231 1071 346 1104 teneri
368 1071 410 1104 ad
426 1082 468 1104 ea
490 1082 581 1117 quae
595 1080 677 1105 sunt
690 1071 869 1106 inferioris
885 1073 1032 1118 gradus:
1052 1073 1145 1107 sicut
1166 1085 1272 1119 supra
1294 1074 1430 1108 dictum
1446 1082 1499 1108 est
1513 1074 1560 1120 (q.
1575 1075 1630 1110 38.

72 1129 135 1158 art.
154 1135 204 1159 12.
225 1124 267 1158 ad
285 1125 341 1169 1.),
365 1124 462 1170 quod
484 1124 674 1170 religiosus
700 1136 775 1158 non
796 1133 937 1160 tenetur
959 1126 1002 1159 ad
1026 1126 1250 1160 observanda
1272 1134 1367 1168 vota,
1390 1138 1481 1172 quae
1499 1127 1536 1160 in
1557 1138 1631 1161 sae-

72 1177 156 1212 culo
177 1176 281 1212 fecit:
300 1177 362 1211 sed
384 1176 573 1222 religiosus
595 1178 655 1223 qui
686 1178 879 1213 assumitur
901 1180 944 1213 ad
967 1179 1226 1225 episcopatum,
1249 1180 1409 1214 ascendit
1431 1180 1474 1213 ad
1497 1180 1630 1226 aliquid

71 1232 200 1276 majus,
229 1238 268 1264 ut
297 1241 404 1276 supra
424 1231 588 1264 habitum
611 1239 664 1265 est
691 1231 737 1277 (q.
758 1233 834 1276 184.
861 1238 925 1267 art.
953 1233 1021 1278 7.);
1045 1244 1131 1277 ergo
1154 1233 1304 1274 videtur,
1327 1233 1423 1279 quod
1450 1244 1524 1267 non
1546 1233 1632 1267 obli-

71 1292 174 1330 getur
195 1283 395 1329 Episcopus
417 1284 461 1318 ad
483 1295 536 1325 ea,
559 1295 651 1330 quae
676 1285 864 1319 tenebatur
885 1286 1076 1320 observare
1102 1286 1138 1319 in
1160 1294 1253 1320 statu
1279 1286 1476 1332 religionis.

145 1349 174 1384 3.
196 1337 432 1372 PRAETEREA.
460 1337 618 1371 Maxime
640 1338 801 1383 religiosi
823 1338 976 1384 obligari
996 1339 1161 1373 videntur
1183 1339 1226 1373 ad
1254 1339 1509 1381 obedientiam,
1531 1347 1566 1374 et
1585 1340 1628 1374 ad

71 1391 144 1425 hoc
166 1391 264 1437 quod
286 1391 419 1436 absque
440 1391 587 1436 proprio
610 1391 748 1426 vivant:
775 1392 836 1425 sed
858 1392 1027 1437 religiosi,
1050 1394 1109 1438 qui
1132 1401 1362 1428 assumuntur
1384 1393 1427 1427 ad
1449 1394 1631 1440 episcopa-

73 1452 161 1487 tum,
182 1455 257 1478 non
277 1452 444 1478 tenentur
466 1444 611 1478 obedire
631 1444 799 1490 praelatis
821 1456 967 1479 suarum
993 1445 1228 1491 religionum,
1250 1446 1333 1492 quia
1354 1454 1435 1480 sunt
1454 1447 1503 1480 eis
1529 1458 1631 1492 supe-

75 1498 187 1532 riores
203 1509 209 1531 :
232 1509 299 1532 nec
321 1497 431 1531 etiam
452 1497 617 1531 videntur
630 1499 741 1532 teneri
757 1498 800 1531 ad
819 1499 1182 1545 paupertatem3quia
1200 1499 1292 1533 sicut
1304 1500 1508 1534 inDecreto
1524 1511 1629 1546 supra

73 1551 221 1585 inducto
244 1551 296 1595 (in
314 1562 385 1596 arg.
407 1550 452 1595 r.)
475 1551 614 1592 dicitur,
643 1563 661 1582 «
683 1562 790 1596 quem
813 1563 913 1585 sacra
932 1553 1110 1586 ordinatio
1137 1552 1180 1586 de
1206 1553 1390 1587 monacho
1417 1555 1629 1599 episcopum

72 1603 168 1646 facit,
189 1603 288 1637 velut
309 1603 491 1647 legitimus
513 1603 640 1638 haeres
667 1612 854 1649 paternam
881 1605 947 1639 sibi
968 1605 1226 1640 haereditatem
1245 1607 1321 1651 jure
1339 1606 1544 1640 vindicandi
1570 1618 1630 1652 po-

71 1665 239 1692 testatem
260 1657 367 1690 habet
389 1668 427 1690 »2
446 1657 628 1691 interdum
649 1657 758 1691 etiam
787 1658 996 1692 conceditur
1018 1659 1067 1692 eis
1085 1666 1299 1693 testamenta
1321 1659 1519 1703 conficere3
1542 1671 1628 1706 ergo

72 1711 188 1745 multo
207 1711 325 1744 minus
343 1718 510 1744 tenentur
532 1711 575 1744 ad
598 1711 685 1744 alias
713 1711 958 1746 observantias
979 1712 1171 1757 regulares.

145 1764 219 1799 SED
243 1774 398 1799 CONTRA
420 1772 483 1805 est,
507 1764 602 1809 quod
625 1764 753 1798 dicitur
773 1764 810 1798 in
827 1765 934 1798 Decr.
961 1763 1011 1798 16.
1027 1777 1059 1811 q.
1080 1776 1106 1799 1.
1123 1766 1210 1812 (cap.
1226 1765 1286 1811 3.).·
1312 1766 1403 1800 «De
1425 1766 1628 1808 monachis,

72 1818 131 1864 qui
153 1818 213 1852 diu
236 1825 419 1851 morantes
438 1818 474 1850 in
493 1817 732 1858 monasteriis,
751 1818 780 1851 si
798 1825 922 1863 postea
942 1818 985 1851 ad
1005 1818 1192 1852 clericatus
1211 1819 1374 1852 ordinem
1392 1819 1629 1865 pervenerint,

72 1871 273 1912 statuimus,
294 1881 369 1904 non
391 1870 521 1904 debere
543 1881 606 1904 eos
629 1882 647 1904 a
670 1871 779 1916 priori
800 1871 986 1916 proposito
1009 1871 1193 1905 discedere
1212 1884 1244 1904 n.

143 1925 372 1959 RESPONDEO
407 1923 611 1964 dicendum,
643 1924 749 1968 quod,
778 1924 868 1957 sicut
895 1935 1002 1969 supra
1029 1924 1164 1958 dictum
1195 1932 1248 1958 est
1273 1924 1318 1969 (q.
1341 1930 1453 1970 praec.
1476 1930 1540 1959 art.
1568 1926 1629 1971 7.),

72 1986 185 2013 status
206 1976 391 2023 religionis
413 1976 458 2010 ad
477 1976 737 2022 perfectionem
755 1977 918 2022 pertinet,
934 1977 1036 2022 quasi
1050 1978 1227 2022 quaedam
1240 1977 1299 2010 via
1317 1979 1353 2011 in
1370 1977 1629 2023 perfectionem

71 2024 260 2066 tendendi:
281 2037 393 2064 status
416 2037 536 2063 autem
559 2029 775 2076 episcopalis
797 2030 840 2063 ad
858 2029 1119 2075 perfectionem
1137 2030 1300 2076 pertinet,
1315 2038 1501 2076 tamquam
1520 2031 1630 2077 quod-

73 2085 159 2119 dam
179 2083 409 2130 perfectionis
430 2083 699 2128 magisterium3
718 2082 812 2116 unde
835 2091 944 2117 status
966 2082 1151 2129 religionis
1171 2092 1401 2129 comparatur
1427 2084 1469 2118 ad
1495 2093 1627 2118 statum

73 2137 331 2184 episcopalem,
353 2136 445 2171 sicut
466 2135 653 2181 disciplina
676 2136 719 2170 ad
742 2136 1003 2181 magisterium,
1026 2145 1060 2170 et
1081 2137 1267 2182 dispositio
1287 2137 1330 2170 ad
1349 2136 1627 2183 perfectionem:

73 2190 260 2237 dispositio
283 2197 403 2223 autern
417 2200 491 2223 non
505 2188 652 2230 tollitur,
667 2188 889 2235 perfectione
904 2189 1128 2231 adveniente,
1142 2190 1211 2224 nisi
1231 2189 1322 2224 forte
1337 2199 1511 2236 quantum
1523 2191 1566 2225 ad
1580 2191 1627 2234 id,

75 2244 170 2291 quod
185 2242 246 2288 [al.
257 2244 292 2277 in
303 2243 379 2288 quo]
398 2241 609 2288 perfectioni
632 2249 825 2287 repugnat:
842 2251 1016 2288 quantum
1032 2251 1152 2277 autem
1168 2243 1212 2277 ad
1231 2243 1277 2285 id,
1298 2243 1395 2289 quod
1417 2243 1627 2289 perfectioni

75 2296 252 2343 congruit,
271 2295 387 2341 magis
406 2294 659 2329 confirmatur:
678 2295 770 2328 sicut
789 2295 977 2340 discipulo,
994 2306 1077 2329 cum
1092 2296 1135 2329 ad
1151 2296 1398 2341 magisterium
1415 2297 1628 2342 pervenerit,

73 2361 148 2384 non
169 2350 335 2394 congruit
357 2348 453 2394 quod
475 2348 519 2381 sit
539 2348 699 2390 auditor3
721 2349 888 2393 congruit
908 2357 1031 2382 tamen
1048 2349 1127 2394 ipsi,
1145 2350 1242 2395 quod
1261 2348 1367 2394 legat,
1387 2358 1422 2383 et
1438 2351 1628 2384 meditetur

74 2404 183 2438 etiam
205 2402 321 2448 magis
343 2413 453 2447 quam
475 2409 573 2443 ante;
595 2401 646 2435 sic
669 2412 755 2446 ergo
777 2401 970 2435 dicendum
993 2409 1054 2443 est,
1074 2403 1170 2447 quod
1193 2403 1221 2436 si
1243 2413 1312 2448 qua
1333 2411 1415 2437 sunt
1434 2403 1471 2436 in
1492 2403 1630 2449 regula-

74 2457 169 2490 ribus
191 2455 437 2496 observantiis,
460 2465 551 2499 quae
565 2465 639 2488 non
653 2454 851 2499 impediant
868 2454 1074 2499 pontificale
1091 2454 1263 2496 officium,
1278 2455 1338 2489 sed
1354 2457 1468 2501 magis
1486 2456 1634 2490 valeant

75 2509 119 2544 ad
139 2508 369 2555 perfectionis
392 2507 606 2548 custodiam,
628 2507 719 2540 sicut
737 2515 790 2541 est
810 2508 1041 2549 continentia,
1057 2515 1258 2553 paupertas,
1273 2515 1307 2541 et
1322 2507 1391 2541 alia
1408 2509 1627 2554 hujusmodi,

75 2563 119 2597 ad
140 2563 230 2596 haec
251 2568 415 2595 remanet
435 2560 626 2605 religiosus
647 2560 757 2598 etiam
777 2559 892 2595 factus
918 2560 1118 2606 Episcopus
1141 2560 1330 2606 obligatus,
1359 2569 1393 2595 et
1417 2572 1480 2606 per
1506 2573 1630 2596 conse-

74 2626 186 2663 quens
209 2615 252 2649 ad
273 2613 491 2659 portandum
512 2613 675 2647 habitum
700 2624 786 2647 suae
812 2614 1008 2659 religionis,
1034 2614 1095 2659 qui
1121 2622 1174 2647 est
1198 2614 1303 2659 hujus
1331 2614 1561 2660 obligationis
1587 2615 1630 2649 si-

77 2680 199 2715 gnum.
224 2668 262 2702 Si
284 2678 354 2713 qua
374 2677 461 2701 vero
488 2674 570 2700 sunt
591 2667 625 2699 in
648 2666 882 2700 observantiis
910 2667 1143 2712 regularibus,
1165 2678 1256 2713 quae
1283 2667 1404 2702 officio
1431 2667 1628 2713 pontificali

74 2729 287 2767 repugnant,
309 2720 400 2754 sicut
421 2727 474 2753 est
494 2718 663 2761 solitudo,
689 2719 882 2761 silentium,
909 2728 943 2754 et
968 2719 1108 2765 aliquae
1138 2720 1383 2762 abstinentiae,
1405 2720 1463 2754 vel
1483 2721 1627 2766 vigiliae

77 2786 215 2822 graves,
237 2785 280 2808 ex
302 2773 428 2818 quibus
457 2772 638 2818 impotens
666 2783 817 2817 corpore
839 2773 1046 2806 redderetur
1073 2773 1117 2806 ad
1146 2774 1396 2818 exequendum
1421 2773 1627 2819 pontificale

78 2828 251 2869 officium,
273 2826 317 2860 ad
334 2825 545 2870 hujusmodi
562 2825 785 2859 observanda
801 2837 876 2860 non
893 2834 1051 2859 tenetur:
1071 2826 1107 2859 in
1126 2825 1204 2859 aliis
1223 2834 1343 2860 autem
1361 2834 1478 2871 potest
1492 2827 1629 2872 dispen-

77 2881 216 2917 satione
237 2881 298 2923 uti,
318 2878 519 2914 secundum
544 2878 642 2925 quod
668 2878 816 2924 requirit
839 2879 1034 2913 necessitas
1058 2890 1247 2925 personae,
1268 2879 1327 2913 vel
1348 2878 1469 2922 officii,
1491 2887 1526 2915 et
1546 2890 1629 2914 con-
