1859 3122
218 181 304 235 456
647 190 867 226 QUAESTIO
901 191 1003 221 LXII.
1037 191 1281 221 ARTICULUS
1314 192 1339 220 Ι.

215 284 292 308 esse
315 274 400 318 ejus,
424 271 519 318 quod
538 283 611 306 non
634 272 791 314 debetur,
813 273 861 307 ita
884 273 993 307 etiam
1021 281 1055 307 et
1080 272 1275 315 restitutio;
1304 283 1390 318 ergo
1418 272 1594 307 restitutio
1620 283 1694 308 non
1717 281 1770 308 est

214 334 312 360 actus
335 325 484 370 alicujus
507 325 614 371 partis
635 325 800 370 justitiae.

286 389 316 412 2.
339 379 574 413 PRAETEREA.
605 378 696 412 Illud
718 379 815 424 quod
836 379 909 424 jam
931 379 1080 421 transiit,
1111 386 1146 413 et
1172 390 1246 413 non
1275 386 1336 422 est,
1363 378 1499 413 restitui
1528 391 1602 413 non
1631 387 1767 426 potest:

213 432 275 466 sed
297 432 440 477 justitia,
463 439 495 466 et
518 432 687 477 injustitia
709 440 791 466 sunt
813 432 907 465 circa
930 431 1103 477 quasdam
1126 432 1296 474 actiones,
1313 441 1347 466 et
1368 433 1564 479 passiones,
1587 443 1678 478 quae
1695 443 1769 466 non

214 494 370 526 manent,
393 485 454 519 sed
477 493 679 527 transeunt3
703 496 788 531 ergo
813 485 989 519 restitutio
1012 496 1083 519 non
1107 485 1246 520 videtur
1268 496 1344 520 esse
1367 494 1466 520 actus
1489 485 1638 531 alicujus
1659 485 1768 532 partis

212 538 376 584 justitiae.

288 603 315 636 3.
337 591 570 626 PRAETEREA.
600 591 790 625 Restitutio
820 599 871 625 est
901 592 1002 637 quasi
1032 593 1210 637 quaedam
1237 592 1528 638 recompensatio
1558 593 1645 638 ejus,
1671 592 1768 638 quod

212 645 432 678 subtractum
455 653 528 679 est:
552 645 612 678 sed
637 645 769 691 aliquid
791 653 909 691 potest
930 645 1071 678 homini
1098 645 1257 678 subtrahi
1279 656 1352 678 non
1371 645 1491 679 solum
1513 646 1548 678 in
1571 653 1769 679 commuta-

211 698 321 739 tione,
337 699 397 732 sed
414 698 520 731 etiam
536 698 570 731 in
587 699 851 740 distributi0ne3
873 705 957 744 puta
975 710 1056 731 cum
1073 698 1199 744 aliquis
1215 698 1427 732 distribuens
1443 698 1560 732 minus
1577 698 1636 732 dat
1649 697 1767 741 alicui,

211 763 320 796 quam
340 751 465 785 debeat
487 752 637 793 liabere3
661 763 747 797 ergo
771 752 945 785 restitutio
965 763 1038 785 non
1058 752 1173 797 magis
1189 760 1241 786 est
1255 759 1354 786 actus
1371 752 1652 786 commutativae
1673 752 1768 797 justi-

213 805 294 846 tiae,
317 816 424 850 quam
448 805 702 838 distributivae.

284 858 358 892 SED
381 868 546 892 CONTRA.
570 858 760 892 Restitutio
785 857 956 892 ablationi
983 859 1191 904 opponitur:
1223 858 1284 892 sed
1313 857 1444 892 ablatio
1472 857 1521 892 rei
1551 857 1688 892 alienae
1715 866 1768 892 est

213 919 312 945 actus
334 911 526 956 injustitiae
549 911 643 945 circa
666 911 991 953 commutatione53
1015 923 1101 957 ergo
1125 911 1300 946 restitutio
1324 912 1398 957 ejus
1421 919 1473 946 est
1487 911 1771 958 actusjustitiae,

211 976 301 1010 quae
325 973 377 998 est
398 965 434 998 in
457 965 799 999 commutationibus
822 965 1004 999 directiva.

280 1018 508 1052 Responmzo
532 1018 736 1060 dicendum,
760 1019 855 1064 quod
878 1019 1063 1053 restituere
1086 1018 1175 1052 nihil
1197 1017 1293 1052 aliud
1316 1029 1392 1053 esse
1413 1018 1564 1060 videtur,
1579 1029 1688 1064 quam
1706 1017 1768 1053 ite-

210 1079 288 1105 rato
312 1071 467 1117 aliquem
490 1079 643 1106 statuere
666 1072 701 1105 in
723 1071 1003 1118 possessionem,
1025 1071 1082 1105 vel
1109 1071 1313 1106 dominium
1336 1072 1386 1106 rei
1407 1083 1509 1106 suae:
1533 1079 1568 1106 et
1589 1073 1637 1106 ita
1657 1071 1693 1105 in
1716 1082 1766 1106 re-

209 1125 393 1159 stitutione
416 1126 607 1160 attenditur
629 1125 823 1171 aequalitas
847 1125 1001 1170 justitiae
1023 1126 1223 1160 secundum
1250 1125 1628 1171 recompensationem
1650 1124 1700 1159 rei
1722 1125 1765 1159 ad

207 1190 303 1221 rem,
327 1179 422 1224 quod
445 1179 595 1225 pertinet
617 1179 659 1212 ad
682 1179 853 1224 justitiam
876 1179 1193 1221 coinmutativam,
1217 1187 1252 1213 et
1272 1179 1353 1213 ideo
1381 1178 1557 1213 restitutio
1585 1187 1638 1213 est
1665 1186 1765 1213 actus

209 1232 490 1266 commutativae
511 1233 665 1278 justitiae
682 1245 689 1275 ;
712 1233 855 1278 quando
878 1232 1015 1266 scilicet
1029 1244 1083 1266 res
1098 1233 1202 1266 unius
1221 1232 1262 1266 ab
1283 1232 1353 1266 alio
1373 1233 1534 1274 habetur,
1556 1231 1614 1267 vel
1630 1244 1694 1278 per
1707 1243 1767 1267 vo-

207 1286 383 1320 luntatem
407 1287 492 1331 ejus,
514 1286 605 1320 sicut
626 1286 661 1319 in
684 1294 821 1327 mutuo,
836 1285 893 1319 vel
908 1286 1090 1332 deposit03
1113 1286 1169 1320 vel
1189 1294 1313 1320 contra
1329 1285 1552 1320 voluntatem
1571 1286 1659 1331 ejus,
1673 1285 1767 1320 sicut

211 1339 247 1373 in
268 1340 404 1385 rapina,
426 1339 483 1372 vel
503 1338 608 1372 furto.

282 1393 340 1426 AD
362 1403 511 1426 PRtMUM
533 1403 619 1437 ergo
643 1392 847 1433 dicendum,
870 1392 965 1438 quod
988 1391 1074 1426 illud
1097 1392 1192 1437 quod
1220 1391 1321 1426 alteri
1342 1403 1414 1426 non
1437 1392 1595 1433 debetur,
1616 1403 1690 1426 non
1713 1400 1765 1426 est

210 1447 352 1492 proprie
375 1446 557 1492 loquendo
582 1447 667 1491 ejus,
690 1446 755 1479 etsi
777 1445 970 1491 aliquando
994 1446 1068 1490 ejus
1090 1445 1213 1487 fuerit3
1236 1454 1270 1479 et
1291 1445 1373 1479 ideo
1395 1447 1512 1491 magis
1530 1445 1669 1480 videtur
1688 1457 1764 1480 esse

211 1511 306 1533 nova
329 1500 487 1540 donatio,
510 1511 617 1544 quam
641 1499 827 1540 restitutio,
851 1510 933 1531 cum
957 1499 1033 1544 quis
1057 1498 1155 1532 alteri
1178 1498 1302 1540 reddit,
1325 1499 1420 1544 quod
1443 1499 1476 1532 ei
1496 1509 1570 1532 non
1598 1498 1763 1534 debetur:

209 1553 317 1586 habet
337 1561 459 1586 tamen
475 1552 632 1598 aliquam
648 1551 919 1585 similitudinem
933 1552 1185 1594 restitutionis;
1208 1552 1290 1597 quia
1313 1563 1367 1585 res
1389 1551 1620 1586 materialiter
1638 1552 1764 1586 eadem

210 1614 279 1640 est:
296 1617 368 1639 non
383 1614 505 1640 tamen
522 1614 574 1640 est
589 1606 716 1640 eadem
729 1606 927 1639 secundum
942 1605 1133 1639 formalem
1145 1605 1452 1651 rationem,quam
1463 1605 1604 1651 respicit
1618 1605 1764 1651 justitia,

207 1660 302 1705 quod
326 1668 377 1693 est
399 1670 474 1693 esse
496 1671 601 1693 suum
624 1659 792 1703 alicujus:
816 1659 908 1692 unde
931 1670 996 1692 nec
1020 1659 1162 1704 proprie
1185 1658 1363 1692 restitutio
1386 1659 1525 1693 dicitur.

279 1713 338 1747 AD
362 1723 567 1747 SECUNDUM
590 1712 794 1753 dicendum,
817 1712 913 1758 quod
935 1723 1069 1745 nomen
1092 1712 1336 1753 restitutionis,
1359 1712 1571 1758 inquantum
1594 1711 1765 1758 importat

207 1766 435 1800 iterationem
457 1766 663 1812 quamdam,
687 1766 855 1812 supponit
888 1765 939 1799 rei
972 1765 1204 1808 identitaten;
1228 1773 1262 1799 et
1282 1765 1364 1800 ideo
1387 1766 1585 1799 secundum
1608 1766 1764 1812 primam

207 1819 481 1864 impositionem
507 1819 676 1860 nominis,
704 1819 879 1852 restitutio
906 1819 1045 1852 videtur
1071 1817 1193 1852 locum
1220 1818 1352 1852 habere
1379 1819 1570 1864 praecipue
1597 1819 1633 1853 in
1660 1819 1763 1853 rebus

208 1873 452 1914 exterioribus,
475 1884 565 1918 quae
589 1873 956 1919 manentes-eaedem,
974 1880 1008 1906 et
1023 1872 1221 1906 secundum
1243 1872 1490 1914 substantiam,
1506 1880 1540 1906 et
1560 1873 1762 1906 secundum

207 1927 260 1971 jus
284 1927 444 1967 dominii,
461 1927 501 1959 ab
525 1936 596 1960 uno
618 1934 768 1971 possunt
790 1926 832 1959 ad
855 1925 965 1958 alium
981 1925 1166 1959 devenire:
1185 1925 1246 1959 sed
1266 1925 1355 1959 sicut
1375 1925 1416 1958 ab
1436 1925 1643 1971 hujusmodi
1658 1926 1762 1960 rebus

207 1991 342 2013 nomen
358 1979 653 2013 commutationis
668 1978 879 2012 translatum
895 1987 946 2013 est
962 1978 1004 2012 ad
1021 1979 1192 2020 actiones,
1204 1978 1261 2012 vel
1272 1978 1467 2024 passiones,
1480 1990 1571 2024 quae
1585 1979 1763 2025 pertinent

208 2032 251 2065 ad
278 2033 526 2073 reverentiam,
555 2031 610 2065 vel
638 2032 804 2077 injuriam
833 2031 983 2077 alicujus
1011 2043 1196 2077 personae,
1224 2043 1286 2066 seu
1313 2040 1586 2074 nocumentum,
1607 2032 1665 2066 vel
1685 2044 1763 2078 pro-

206 2084 356 2119 fectum:
380 2086 427 2119 ita
450 2085 557 2118 etiam
579 2096 713 2118 nomen
737 2085 968 2119 restitutionis
992 2085 1171 2118 derivatur
1198 2085 1240 2118 ad
1267 2085 1369 2126 haec,
1392 2096 1483 2131 quae
1509 2084 1593 2120 licet
1619 2085 1762 2120 realiter

206 2150 279 2171 non
303 2147 481 2179 maneant,
503 2146 624 2172 tamen
656 2146 803 2172 manent
824 2139 859 2171 in
882 2137 1029 2172 effectu:
1051 2138 1102 2172 vel
1125 2138 1316 2183 corporali,
1339 2147 1423 2184 puta
1451 2150 1533 2172 cum
1555 2150 1597 2173 ex
1619 2150 1760 2185 percus-

206 2193 305 2225 sione
332 2191 486 2225 laeditur
508 2203 655 2237 corpus:
678 2192 728 2225 vel
749 2192 809 2237 qui
840 2200 891 2225 est
925 2191 960 2224 in
995 2191 1163 2237 opinione
1185 2191 1390 2233 hominum,
1412 2192 1504 2226 sicut
1525 2203 1608 2226 cum
1632 2192 1759 2239 aliquis

205 2245 313 2278 verbo
342 2245 578 2290 opprobrioso
602 2253 763 2278 remanet
784 2244 987 2286 infamatus,
1009 2243 1066 2278 vel
1088 2244 1195 2278 etiam
1217 2244 1416 2279 minoratus
1438 2245 1472 2278 in
1496 2257 1561 2279 suo
1583 2245 1735 2280 honore.

277 2298 336 2332 AD
360 2308 529 2331 TERTIUM
552 2298 757 2339 dicendum,
780 2298 875 2343 quod
902 2298 1205 2343 recompensatio,
1231 2309 1340 2344 quam
1367 2298 1451 2332 facit
1478 2299 1689 2333 distribuens
1716 2299 1760 2341 ei,

208 2351 265 2385 cui
287 2351 382 2385 dedit
403 2351 520 2384 minus
543 2362 651 2396 quam
674 2350 803 2392 debuit,
827 2351 863 2384 fit
885 2362 946 2396 per
968 2351 1278 2396 comparationem
1298 2352 1347 2385 rei
1369 2351 1429 2396 [al.
1451 2352 1515 2397 sni]
1538 2352 1581 2386 ad
1600 2363 1695 2394 rern3
1723 2361 1760 2386 ut

208 2412 340 2450 quanto
363 2404 481 2437 minus
502 2404 624 2437 habuit
646 2415 753 2449 quam
777 2404 906 2445 debuit,
929 2412 1028 2437 tanto
1051 2403 1129 2450 plus
1152 2404 1183 2437 ei
1202 2404 1314 2446 detur,
1342 2413 1375 2439 et
1401 2405 1481 2439 ideo
1509 2406 1581 2450 jam
1608 2405 1759 2452 pertinet

208 2458 251 2490 ad
273 2457 444 2503 justitiam
468 2457 776 2490 commutativam.
