<?xml version="1.0" encoding="UTF-8"?>
<!DOCTYPE html PUBLIC "-//W3C//DTD XHTML 1.0 Transitional//EN"
    "http://www.w3.org/TR/xhtml1/DTD/xhtml1-transitional.dtd">
<html xmlns="http://www.w3.org/1999/xhtml" xml:lang="en" lang="en">
 <head>
  <title>
</title>
<meta http-equiv="Content-Type" content="text/html;charset=utf-8" />
  <meta name='ocr-system' content='tesseract 3.04.00' />
  <meta name='ocr-capabilities' content='ocr_page ocr_carea ocr_par ocr_line ocrx_word'/>
</head>
<body>
  <div class='ocr_page' id='page_1' title='image "./divithomaeaquina03thomuoft_1267.png"; bbox 0 0 1859 3122; ppageno 0'>
   <div class='ocr_carea' id='block_1_1' title="bbox 453 192 1653 235">
    <p class='ocr_par' dir='ltr' id='par_1_1' title="bbox 453 192 1653 235">
     <span class='ocr_line' id='line_1_1' title="bbox 453 192 1653 235; baseline -0.003 -11"><span class='ocrx_word' id='word_1_1' title='bbox 453 194 673 230; x_wconf 78' lang='lat' dir='ltr'>QUAESTIO</span> <span class='ocrx_word' id='word_1_2' title='bbox 710 193 948 223; x_wconf 77' lang='lat' dir='ltr'><strong>CLXXXVIII.</strong></span> <span class='ocrx_word' id='word_1_3' title='bbox 982 193 1226 222; x_wconf 88' lang='lat' dir='ltr'><strong>ARTICULUS</strong></span> <span class='ocrx_word' id='word_1_4' title='bbox 1256 192 1298 222; x_wconf 88' lang='lat' dir='ltr'>V.</span> <span class='ocrx_word' id='word_1_5' title='bbox 1546 192 1653 235; x_wconf 69' lang='lat'>1259</span> 
     </span>
    </p>
   </div>
   <div class='ocr_carea' id='block_1_2' title="bbox 87 272 1657 2013">
    <p class='ocr_par' dir='ltr' id='par_1_2' title="bbox 90 272 1655 789">
     <span class='ocr_line' id='line_1_2' title="bbox 95 272 1653 318; baseline -0.002 -8"><span class='ocrx_word' id='word_1_6' title='bbox 95 285 128 310; x_wconf 79' lang='lat' dir='ltr'>ct</span> <span class='ocrx_word' id='word_1_7' title='bbox 151 275 266 309; x_wconf 85' lang='lat' dir='ltr'>carnis</span> <span class='ocrx_word' id='word_1_8' title='bbox 289 275 371 309; x_wconf 81' lang='lat' dir='ltr'>vitia</span> <span class='ocrx_word' id='word_1_9' title='bbox 403 286 476 309; x_wconf 93' lang='lat' dir='ltr'>non</span> <span class='ocrx_word' id='word_1_10' title='bbox 500 275 636 309; x_wconf 83' lang='lat' dir='ltr'>amabis</span> <span class='ocrx_word' id='word_1_11' title='bbox 658 287 696 308; x_wconf 83' lang='lat'>»:</span> <span class='ocrx_word' id='word_1_12' title='bbox 722 275 848 309; x_wconf 88' lang='lat' dir='ltr'>avertit</span> <span class='ocrx_word' id='word_1_13' title='bbox 875 274 972 309; x_wconf 89' lang='lat' dir='ltr'>enim</span> <span class='ocrx_word' id='word_1_14' title='bbox 995 274 1154 308; x_wconf 87' lang='lat' dir='ltr'>animum</span> <span class='ocrx_word' id='word_1_15' title='bbox 1179 285 1198 306; x_wconf 92' lang='lat' dir='ltr'>a</span> <span class='ocrx_word' id='word_1_16' title='bbox 1221 273 1443 318; x_wconf 80' lang='lat' dir='ltr'>cogitatione</span> <span class='ocrx_word' id='word_1_17' title='bbox 1472 272 1653 315; x_wconf 87' lang='lat' dir='ltr'>lasciviae,</span> 
     </span>
     <span class='ocr_line' id='line_1_3' title="bbox 95 325 1652 375; baseline -0.002 -13"><span class='ocrx_word' id='word_1_18' title='bbox 95 337 128 362; x_wconf 76' lang='lat' dir='ltr'>et</span> <span class='ocrx_word' id='word_1_19' title='bbox 152 340 296 363; x_wconf 83' lang='lat' dir='ltr'>carnem</span> <span class='ocrx_word' id='word_1_20' title='bbox 319 337 480 363; x_wconf 87' lang='lat' dir='ltr'>macerat</span> <span class='ocrx_word' id='word_1_21' title='bbox 500 337 645 375; x_wconf 89' lang='lat' dir='ltr'>propter</span> <span class='ocrx_word' id='word_1_22' title='bbox 664 328 770 362; x_wconf 91' lang='lat' dir='ltr'>studii</span> <span class='ocrx_word' id='word_1_23' title='bbox 792 327 967 370; x_wconf 90' lang='lat' dir='ltr'>laborem,</span> <span class='ocrx_word' id='word_1_24' title='bbox 983 327 1183 362; x_wconf 90' lang='lat' dir='ltr'>secundum</span> <span class='ocrx_word' id='word_1_25' title='bbox 1197 326 1283 360; x_wconf 91' lang='lat' dir='ltr'>illud</span> <span class='ocrx_word' id='word_1_26' title='bbox 1299 325 1410 360; x_wconf 86' lang='lat' dir='ltr'>Eccli.</span> <span class='ocrx_word' id='word_1_27' title='bbox 1436 337 1507 372; x_wconf 79' lang='lat'>31.:</span> <span class='ocrx_word' id='word_1_28' title='bbox 1531 327 1652 371; x_wconf 70' lang='lat' dir='ltr'>Vigilia</span> 
     </span>
     <span class='ocr_line' id='line_1_4' title="bbox 94 379 1647 428; baseline 0.001 -15"><span class='ocrx_word' id='word_1_29' title='bbox 94 383 267 416; x_wconf 62' lang='lat' dir='ltr'>honestatis</span> <span class='ocrx_word' id='word_1_30' title='bbox 282 383 454 428; x_wconf 60' lang='lat' dir='ltr'>tizlngt&#39;cisict</span> <span class='ocrx_word' id='word_1_31' title='bbox 468 394 602 416; x_wconf 77' lang='lat' dir='ltr'>carnes:</span> <span class='ocrx_word' id='word_1_32' title='bbox 622 381 718 416; x_wconf 86' lang='lat' dir='ltr'>valet</span> <span class='ocrx_word' id='word_1_33' title='bbox 732 382 841 416; x_wconf 86' lang='lat' dir='ltr'>etiam</span> <span class='ocrx_word' id='word_1_34' title='bbox 861 381 904 415; x_wconf 85' lang='lat' dir='ltr'>ad</span> <span class='ocrx_word' id='word_1_35' title='bbox 921 380 1152 415; x_wconf 80' lang='lat' dir='ltr'>auferendam</span> <span class='ocrx_word' id='word_1_36' title='bbox 1172 380 1406 426; x_wconf 80' lang='lat' dir='ltr'>cupiditatem</span> <span class='ocrx_word' id='word_1_37' title='bbox 1422 379 1626 413; x_wconf 89' lang='lat' dir='ltr'>divitiarum</span> <span class='ocrx_word' id='word_1_38' title='bbox 1641 392 1647 414; x_wconf 91' lang='lat'>:</span> 
     </span>
     <span class='ocr_line' id='line_1_5' title="bbox 96 433 1654 480; baseline -0.002 -11"><span class='ocrx_word' id='word_1_39' title='bbox 96 435 189 469; x_wconf 89' lang='lat' dir='ltr'>unde</span> <span class='ocrx_word' id='word_1_40' title='bbox 218 435 300 480; x_wconf 85' lang='lat' dir='ltr'>Sap.</span> <span class='ocrx_word' id='word_1_41' title='bbox 325 446 355 480; x_wconf 84' lang='lat'>7.</span> <span class='ocrx_word' id='word_1_42' title='bbox 379 436 527 470; x_wconf 84' lang='lat' dir='ltr'>dicitur:</span> <span class='ocrx_word' id='word_1_43' title='bbox 555 437 705 469; x_wconf 72' lang='lat' dir='ltr'>Divitias</span> <span class='ocrx_word' id='word_1_44' title='bbox 733 436 816 469; x_wconf 78' lang='lat' dir='ltr'>nihil</span> <span class='ocrx_word' id='word_1_45' title='bbox 830 447 888 470; x_wconf 78' lang='lat' dir='ltr'>esse</span> <span class='ocrx_word' id='word_1_46' title='bbox 911 435 992 469; x_wconf 78' lang='lat' dir='ltr'>duxi</span> <span class='ocrx_word' id='word_1_47' title='bbox 1009 436 1042 469; x_wconf 83' lang='lat' dir='ltr'>in</span> <span class='ocrx_word' id='word_1_48' title='bbox 1070 435 1318 480; x_wconf 77' lang='lat' dir='ltr'>comparatione</span> <span class='ocrx_word' id='word_1_49' title='bbox 1340 434 1448 467; x_wconf 77' lang='lat' dir='ltr'>illius:</span> <span class='ocrx_word' id='word_1_50' title='bbox 1472 441 1507 467; x_wconf 88' lang='lat' dir='ltr'>et</span> <span class='ocrx_word' id='word_1_51' title='bbox 1532 444 1558 466; x_wconf 88' lang='lat'>1.</span> <span class='ocrx_word' id='word_1_52' title='bbox 1582 433 1654 466; x_wconf 88' lang='lat' dir='ltr'>Ma-</span> 
     </span>
     <span class='ocr_line' id='line_1_6' title="bbox 96 486 1654 534; baseline -0.003 -12"><span class='ocrx_word' id='word_1_53' title='bbox 96 489 199 522; x_wconf 84' lang='lat' dir='ltr'>chab.</span> <span class='ocrx_word' id='word_1_54' title='bbox 231 499 282 522; x_wconf 85' lang='lat'>12.</span> <span class='ocrx_word' id='word_1_55' title='bbox 306 489 452 522; x_wconf 85' lang='lat' dir='ltr'>dicitur:</span> <span class='ocrx_word' id='word_1_56' title='bbox 476 489 544 523; x_wconf 78' lang='lat' dir='ltr'>Nos</span> <span class='ocrx_word' id='word_1_57' title='bbox 559 494 664 523; x_wconf 66' lang='lat' dir='ltr'>alitem</span> <span class='ocrx_word' id='word_1_58' title='bbox 689 489 776 523; x_wconf 76' lang='lat' dir='ltr'>nullo</span> <span class='ocrx_word' id='word_1_59' title='bbox 796 489 913 522; x_wconf 83' lang='lat' dir='ltr'>horum</span> <span class='ocrx_word' id='word_1_60' title='bbox 936 488 1136 534; x_wconf 78' lang='lat' dir='ltr'><em>indiguimus</em></span> <span class='ocrx_word' id='word_1_61' title='bbox 1159 486 1313 531; x_wconf 89' lang='lat' dir='ltr'>(scilicet</span> <span class='ocrx_word' id='word_1_62' title='bbox 1335 486 1554 520; x_wconf 85' lang='lat' dir='ltr'>exteriorum</span> <span class='ocrx_word' id='word_1_63' title='bbox 1577 486 1654 519; x_wconf 87' lang='lat' dir='ltr'>sub-</span> 
     </span>
     <span class='ocr_line' id='line_1_7' title="bbox 94 538 1655 588; baseline -0.003 -13"><span class='ocrx_word' id='word_1_64' title='bbox 94 542 286 586; x_wconf 85' lang='lat' dir='ltr'>sidiorum)</span> <span class='ocrx_word' id='word_1_65' title='bbox 309 543 455 576; x_wconf 64' lang='lat' dir='ltr'>habentes</span> <span class='ocrx_word' id='word_1_66' title='bbox 472 542 588 576; x_wconf 72' lang='lat' dir='ltr'>solutio</span> <span class='ocrx_word' id='word_1_67' title='bbox 607 547 731 576; x_wconf 70' lang='lat' dir='ltr'>mustos</span> <span class='ocrx_word' id='word_1_68' title='bbox 750 542 861 584; x_wconf 73' lang='lat' dir='ltr'>libros,</span> <span class='ocrx_word' id='word_1_69' title='bbox 877 543 934 588; x_wconf 79' lang='lat' dir='ltr'>qui</span> <span class='ocrx_word' id='word_1_70' title='bbox 956 543 990 575; x_wconf 82' lang='lat' dir='ltr'>in</span> <span class='ocrx_word' id='word_1_71' title='bbox 1015 542 1167 575; x_wconf 79' lang='lat' dir='ltr'>manibus</span> <span class='ocrx_word' id='word_1_72' title='bbox 1180 542 1298 575; x_wconf 74' lang='lat' dir='ltr'>nostris</span> <span class='ocrx_word' id='word_1_73' title='bbox 1319 545 1414 574; x_wconf 76' lang='lat' dir='ltr'>sunt:</span> <span class='ocrx_word' id='word_1_74' title='bbox 1431 538 1527 573; x_wconf 82' lang='lat' dir='ltr'>valet</span> <span class='ocrx_word' id='word_1_75' title='bbox 1546 539 1655 572; x_wconf 88' lang='lat' dir='ltr'>etiam</span> 
     </span>
     <span class='ocr_line' id='line_1_8' title="bbox 93 592 1651 640; baseline -0.002 -12"><span class='ocrx_word' id='word_1_76' title='bbox 93 595 135 628; x_wconf 86' lang='lat' dir='ltr'>ad</span> <span class='ocrx_word' id='word_1_77' title='bbox 178 595 402 628; x_wconf 77' lang='lat' dir='ltr'>obedientiae</span> <span class='ocrx_word' id='word_1_78' title='bbox 431 596 711 629; x_wconf 83' lang='lat' dir='ltr'>documentum:</span> <span class='ocrx_word' id='word_1_79' title='bbox 753 595 846 629; x_wconf 88' lang='lat' dir='ltr'>unde</span> <span class='ocrx_word' id='word_1_80' title='bbox 873 595 967 640; x_wconf 85' lang='lat' dir='ltr'>Aug.</span> <span class='ocrx_word' id='word_1_81' title='bbox 993 595 1077 628; x_wconf 90' lang='lat' dir='ltr'>dicit</span> <span class='ocrx_word' id='word_1_82' title='bbox 1110 594 1145 628; x_wconf 91' lang='lat' dir='ltr'>in</span> <span class='ocrx_word' id='word_1_83' title='bbox 1175 593 1234 628; x_wconf 92' lang='lat' dir='ltr'>lib.</span> <span class='ocrx_word' id='word_1_84' title='bbox 1263 594 1305 627; x_wconf 93' lang='lat' dir='ltr'>de</span> <span class='ocrx_word' id='word_1_85' title='bbox 1334 593 1446 638; x_wconf 89' lang='lat' dir='ltr'>Oper.</span> <span class='ocrx_word' id='word_1_86' title='bbox 1478 592 1651 626; x_wconf 84' lang='lat' dir='ltr'>Monach.</span> 
     </span>
     <span class='ocr_line' id='line_1_9' title="bbox 90 646 1655 695; baseline -0.003 -12"><span class='ocrx_word' id='word_1_87' title='bbox 90 650 179 695; x_wconf 75' lang='lat' dir='ltr'>(cap.</span> <span class='ocrx_word' id='word_1_88' title='bbox 198 650 262 695; x_wconf 86' lang='lat'>17.)</span> <span class='ocrx_word' id='word_1_89' title='bbox 276 662 285 682; x_wconf 92' lang='lat'>.·</span> <span class='ocrx_word' id='word_1_90' title='bbox 311 662 328 679; x_wconf 91' lang='lat'>«</span> <span class='ocrx_word' id='word_1_91' title='bbox 353 649 458 690; x_wconf 81' lang='lat' dir='ltr'>Quae</span> <span class='ocrx_word' id='word_1_92' title='bbox 486 657 538 683; x_wconf 89' lang='lat' dir='ltr'>est</span> <span class='ocrx_word' id='word_1_93' title='bbox 559 650 625 683; x_wconf 88' lang='lat' dir='ltr'>ista</span> <span class='ocrx_word' id='word_1_94' title='bbox 648 650 872 695; x_wconf 81' lang='lat' dir='ltr'>perversitas,</span> <span class='ocrx_word' id='word_1_95' title='bbox 895 649 1043 684; x_wconf 85' lang='lat' dir='ltr'>lectioni</span> <span class='ocrx_word' id='word_1_96' title='bbox 1064 648 1162 683; x_wconf 87' lang='lat' dir='ltr'>nolle</span> <span class='ocrx_word' id='word_1_97' title='bbox 1186 648 1448 693; x_wconf 83' lang='lat' dir='ltr'>obtemperare,</span> <span class='ocrx_word' id='word_1_98' title='bbox 1471 647 1557 680; x_wconf 88' lang='lat' dir='ltr'>dum</span> <span class='ocrx_word' id='word_1_99' title='bbox 1579 646 1655 680; x_wconf 87' lang='lat' dir='ltr'>vult</span> 
     </span>
     <span class='ocr_line' id='line_1_10' title="bbox 94 699 1650 749; baseline -0.002 -13"><span class='ocrx_word' id='word_1_100' title='bbox 94 703 123 736; x_wconf 87' lang='lat' dir='ltr'>ei</span> <span class='ocrx_word' id='word_1_101' title='bbox 140 702 293 736; x_wconf 80' lang='lat' dir='ltr'>vacare?</span> <span class='ocrx_word' id='word_1_102' title='bbox 316 716 333 734; x_wconf 82' lang='lat'>›&gt;</span> <span class='ocrx_word' id='word_1_103' title='bbox 348 715 355 743; x_wconf 87' lang='lat'>;</span> <span class='ocrx_word' id='word_1_104' title='bbox 371 711 404 736; x_wconf 85' lang='lat' dir='ltr'>et</span> <span class='ocrx_word' id='word_1_105' title='bbox 427 703 508 736; x_wconf 87' lang='lat' dir='ltr'>ideo</span> <span class='ocrx_word' id='word_1_106' title='bbox 524 701 755 736; x_wconf 86' lang='lat' dir='ltr'>manifestum</span> <span class='ocrx_word' id='word_1_107' title='bbox 772 713 834 745; x_wconf 81' lang='lat' dir='ltr'>est,</span> <span class='ocrx_word' id='word_1_108' title='bbox 850 702 946 749; x_wconf 90' lang='lat' dir='ltr'>quod</span> <span class='ocrx_word' id='word_1_109' title='bbox 975 713 1134 748; x_wconf 85' lang='lat' dir='ltr'>congrue</span> <span class='ocrx_word' id='word_1_110' title='bbox 1148 709 1266 747; x_wconf 88' lang='lat' dir='ltr'>potest</span> <span class='ocrx_word' id='word_1_111' title='bbox 1280 701 1415 735; x_wconf 90' lang='lat' dir='ltr'>institui</span> <span class='ocrx_word' id='word_1_112' title='bbox 1436 699 1580 745; x_wconf 86' lang='lat' dir='ltr'>Religio</span> <span class='ocrx_word' id='word_1_113' title='bbox 1609 699 1650 733; x_wconf 91' lang='lat' dir='ltr'>ad</span> 
     </span>
     <span class='ocr_line' id='line_1_11' title="bbox 95 755 470 789; baseline -0.003 0"><span class='ocrx_word' id='word_1_114' title='bbox 95 755 253 789; x_wconf 88' lang='lat' dir='ltr'>studium</span> <span class='ocrx_word' id='word_1_115' title='bbox 275 755 470 789; x_wconf 80' lang='lat' dir='ltr'>literarum.</span> 
     </span>
    </p>

    <p class='ocr_par' dir='ltr' id='par_1_3' title="bbox 90 806 1655 1002">
     <span class='ocr_line' id='line_1_12' title="bbox 162 806 1653 854; baseline -0.001 -12"><span class='ocrx_word' id='word_1_116' title='bbox 162 808 221 842; x_wconf 85' lang='lat' dir='ltr'>An</span> <span class='ocrx_word' id='word_1_117' title='bbox 236 819 384 842; x_wconf 76' lang='lat' dir='ltr'>PmMUM</span> <span class='ocrx_word' id='word_1_118' title='bbox 407 819 493 854; x_wconf 85' lang='lat' dir='ltr'>ergo</span> <span class='ocrx_word' id='word_1_119' title='bbox 517 809 720 850; x_wconf 82' lang='lat' dir='ltr'>dicendum,</span> <span class='ocrx_word' id='word_1_120' title='bbox 740 809 837 854; x_wconf 88' lang='lat' dir='ltr'>quod</span> <span class='ocrx_word' id='word_1_121' title='bbox 854 808 985 843; x_wconf 87' lang='lat' dir='ltr'>Glossa</span> <span class='ocrx_word' id='word_1_122' title='bbox 1008 808 1055 842; x_wconf 89' lang='lat' dir='ltr'>ibi</span> <span class='ocrx_word' id='word_1_123' title='bbox 1070 808 1217 854; x_wconf 76' lang='lat' dir='ltr'>exponit</span> <span class='ocrx_word' id='word_1_124' title='bbox 1229 807 1317 842; x_wconf 87' lang='lat' dir='ltr'>illud</span> <span class='ocrx_word' id='word_1_125' title='bbox 1333 808 1375 841; x_wconf 88' lang='lat' dir='ltr'>de</span> <span class='ocrx_word' id='word_1_126' title='bbox 1397 807 1501 841; x_wconf 84' lang='lat' dir='ltr'>litera</span> <span class='ocrx_word' id='word_1_127' title='bbox 1522 806 1653 841; x_wconf 89' lang='lat' dir='ltr'>veteris</span> 
     </span>
     <span class='ocr_line' id='line_1_13' title="bbox 91 861 1655 908; baseline -0.001 -13"><span class='ocrx_word' id='word_1_128' title='bbox 91 861 180 908; x_wconf 88' lang='lat' dir='ltr'>legis</span> <span class='ocrx_word' id='word_1_129' title='bbox 202 861 244 895; x_wconf 88' lang='lat' dir='ltr'>de</span> <span class='ocrx_word' id='word_1_130' title='bbox 267 873 336 907; x_wconf 82' lang='lat' dir='ltr'>qua</span> <span class='ocrx_word' id='word_1_131' title='bbox 359 862 485 908; x_wconf 82' lang='lat' dir='ltr'>Apost.</span> <span class='ocrx_word' id='word_1_132' title='bbox 509 862 594 896; x_wconf 87' lang='lat' dir='ltr'>dicit</span> <span class='ocrx_word' id='word_1_133' title='bbox 617 872 646 895; x_wconf 86' lang='lat'>2.</span> <span class='ocrx_word' id='word_1_134' title='bbox 683 862 725 895; x_wconf 84' lang='lat' dir='ltr'>ad</span> <span class='ocrx_word' id='word_1_135' title='bbox 750 862 834 897; x_wconf 89' lang='lat' dir='ltr'>Cor.</span> <span class='ocrx_word' id='word_1_136' title='bbox 861 873 907 907; x_wconf 84' lang='lat'>3.:</span> <span class='ocrx_word' id='word_1_137' title='bbox 940 863 1053 896; x_wconf 52' lang='lat' dir='ltr'>Litara</span> <span class='ocrx_word' id='word_1_138' title='bbox 1089 861 1229 902; x_wconf 80' lang='lat' dir='ltr'>occidit;</span> <span class='ocrx_word' id='word_1_139' title='bbox 1252 861 1345 896; x_wconf 92' lang='lat' dir='ltr'>unde</span> <span class='ocrx_word' id='word_1_140' title='bbox 1375 872 1439 894; x_wconf 82' lang='lat' dir='ltr'>non</span> <span class='ocrx_word' id='word_1_141' title='bbox 1467 872 1655 905; x_wconf 76' lang='lat' dir='ltr'><em>cognoscere</em></span> 
     </span>
     <span class='ocr_line' id='line_1_14' title="bbox 91 913 1653 961; baseline -0.001 -13"><span class='ocrx_word' id='word_1_142' title='bbox 91 915 375 956; x_wconf 68' lang='lat' dir='ltr'>lz&#39;teraturam,est</span> <span class='ocrx_word' id='word_1_143' title='bbox 397 926 471 949; x_wconf 91' lang='lat' dir='ltr'>non</span> <span class='ocrx_word' id='word_1_144' title='bbox 495 915 693 961; x_wconf 88' lang='lat' dir='ltr'>approbare</span> <span class='ocrx_word' id='word_1_145' title='bbox 715 915 895 949; x_wconf 79' lang='lat' dir='ltr'>literalem</span> <span class='ocrx_word' id='word_1_146' title='bbox 912 915 1286 956; x_wconf 83' lang='lat' dir='ltr'>circumcisionem‚et</span> <span class='ocrx_word' id='word_1_147' title='bbox 1308 922 1467 949; x_wconf 88' lang='lat' dir='ltr'>caeteras</span> <span class='ocrx_word' id='word_1_148' title='bbox 1491 913 1653 948; x_wconf 89' lang='lat' dir='ltr'>carnales</span> 
     </span>
     <span class='ocr_line' id='line_1_15' title="bbox 90 968 346 1002; baseline 0 -1"><span class='ocrx_word' id='word_1_149' title='bbox 90 968 346 1002; x_wconf 80' lang='lat' dir='ltr'>observantias.</span> 
     </span>
    </p>

    <p class='ocr_par' dir='ltr' id='par_1_4' title="bbox 88 1020 1656 1440">
     <span class='ocr_line' id='line_1_16' title="bbox 161 1020 1650 1067; baseline -0.001 -12"><span class='ocrx_word' id='word_1_150' title='bbox 161 1021 221 1055; x_wconf 87' lang='lat' dir='ltr'>AD</span> <span class='ocrx_word' id='word_1_151' title='bbox 245 1031 450 1055; x_wconf 74' lang='lat' dir='ltr'>SECUNDUM</span> <span class='ocrx_word' id='word_1_152' title='bbox 471 1021 676 1063; x_wconf 86' lang='lat' dir='ltr'>dicendum,</span> <span class='ocrx_word' id='word_1_153' title='bbox 693 1022 788 1067; x_wconf 87' lang='lat' dir='ltr'>quod</span> <span class='ocrx_word' id='word_1_154' title='bbox 811 1021 969 1055; x_wconf 89' lang='lat' dir='ltr'>studium</span> <span class='ocrx_word' id='word_1_155' title='bbox 983 1021 1026 1055; x_wconf 89' lang='lat' dir='ltr'>ad</span> <span class='ocrx_word' id='word_1_156' title='bbox 1041 1021 1230 1055; x_wconf 89' lang='lat' dir='ltr'>scientiam</span> <span class='ocrx_word' id='word_1_157' title='bbox 1253 1021 1448 1062; x_wconf 85' lang='lat' dir='ltr'>ordinatur,</span> <span class='ocrx_word' id='word_1_158' title='bbox 1471 1031 1562 1066; x_wconf 88' lang='lat' dir='ltr'>quae</span> <span class='ocrx_word' id='word_1_159' title='bbox 1575 1020 1650 1054; x_wconf 89' lang='lat' dir='ltr'>sine</span> 
     </span>
     <span class='ocr_line' id='line_1_17' title="bbox 91 1073 1654 1120; baseline -0.001 -12"><span class='ocrx_word' id='word_1_160' title='bbox 91 1074 263 1108; x_wconf 81' lang='lat' dir='ltr'>charitate</span> <span class='ocrx_word' id='word_1_161' title='bbox 283 1074 393 1115; x_wconf 81' lang='lat' dir='ltr'>inflat,</span> <span class='ocrx_word' id='word_1_162' title='bbox 412 1082 446 1108; x_wconf 88' lang='lat' dir='ltr'>et</span> <span class='ocrx_word' id='word_1_163' title='bbox 463 1086 525 1120; x_wconf 88' lang='lat' dir='ltr'>per</span> <span class='ocrx_word' id='word_1_164' title='bbox 537 1085 762 1120; x_wconf 89' lang='lat' dir='ltr'>consequens</span> <span class='ocrx_word' id='word_1_165' title='bbox 782 1074 1022 1108; x_wconf 81' lang='lat' dir='ltr'>dissensiones</span> <span class='ocrx_word' id='word_1_166' title='bbox 1040 1073 1138 1116; x_wconf 88' lang='lat' dir='ltr'>facit,</span> <span class='ocrx_word' id='word_1_167' title='bbox 1152 1073 1351 1108; x_wconf 90' lang='lat' dir='ltr'>secundum</span> <span class='ocrx_word' id='word_1_168' title='bbox 1369 1073 1457 1107; x_wconf 88' lang='lat' dir='ltr'>illud</span> <span class='ocrx_word' id='word_1_169' title='bbox 1468 1073 1574 1107; x_wconf 84' lang='lat' dir='ltr'>Prov.</span> <span class='ocrx_word' id='word_1_170' title='bbox 1591 1084 1654 1118; x_wconf 80' lang='lat'>13.:</span> 
     </span>
     <span class='ocr_line' id='line_1_18' title="bbox 90 1126 1654 1174; baseline -0.001 -14"><span class='ocrx_word' id='word_1_171' title='bbox 90 1128 179 1162; x_wconf 66' lang='lat' dir='ltr'>Inter</span> <span class='ocrx_word' id='word_1_172' title='bbox 199 1129 350 1174; x_wconf 60' lang='lat' dir='ltr'>superbos</span> <span class='ocrx_word' id='word_1_173' title='bbox 374 1134 498 1173; x_wconf 74' lang='lat' dir='ltr'>semper</span> <span class='ocrx_word' id='word_1_174' title='bbox 517 1132 591 1161; x_wconf 80' lang='lat' dir='ltr'>sunt</span> <span class='ocrx_word' id='word_1_175' title='bbox 605 1128 739 1171; x_wconf 80' lang='lat' dir='ltr'>jurgia;</span> <span class='ocrx_word' id='word_1_176' title='bbox 763 1126 825 1160; x_wconf 90' lang='lat' dir='ltr'>sed</span> <span class='ocrx_word' id='word_1_177' title='bbox 849 1138 933 1160; x_wconf 87' lang='lat' dir='ltr'>cum</span> <span class='ocrx_word' id='word_1_178' title='bbox 961 1127 1135 1161; x_wconf 87' lang='lat' dir='ltr'>charitate</span> <span class='ocrx_word' id='word_1_179' title='bbox 1157 1126 1334 1168; x_wconf 87' lang='lat' dir='ltr'>aedificat,</span> <span class='ocrx_word' id='word_1_180' title='bbox 1357 1135 1391 1160; x_wconf 89' lang='lat' dir='ltr'>et</span> <span class='ocrx_word' id='word_1_181' title='bbox 1418 1126 1654 1160; x_wconf 88' lang='lat' dir='ltr'>concordiam</span> 
     </span>
     <span class='ocr_line' id='line_1_19' title="bbox 90 1179 1656 1226; baseline -0.001 -12"><span class='ocrx_word' id='word_1_182' title='bbox 90 1181 199 1226; x_wconf 90' lang='lat' dir='ltr'>parit;</span> <span class='ocrx_word' id='word_1_183' title='bbox 222 1181 328 1222; x_wconf 89' lang='lat' dir='ltr'>unde,</span> <span class='ocrx_word' id='word_1_184' title='bbox 354 1191 382 1214; x_wconf 92' lang='lat'>1.</span> <span class='ocrx_word' id='word_1_185' title='bbox 402 1180 446 1214; x_wconf 87' lang='lat' dir='ltr'>ad</span> <span class='ocrx_word' id='word_1_186' title='bbox 469 1179 554 1214; x_wconf 92' lang='lat' dir='ltr'>Cor.</span> <span class='ocrx_word' id='word_1_187' title='bbox 582 1190 622 1221; x_wconf 85' lang='lat'>1.,</span> <span class='ocrx_word' id='word_1_188' title='bbox 645 1179 844 1225; x_wconf 87' lang='lat' dir='ltr'>Apostolus</span> <span class='ocrx_word' id='word_1_189' title='bbox 867 1191 950 1213; x_wconf 90' lang='lat' dir='ltr'>cum</span> <span class='ocrx_word' id='word_1_190' title='bbox 973 1180 1134 1214; x_wconf 81' lang='lat' dir='ltr'>dixisset:</span> <span class='ocrx_word' id='word_1_191' title='bbox 1162 1180 1295 1214; x_wconf 76' lang='lat' dir='ltr'>Divites</span> <span class='ocrx_word' id='word_1_192' title='bbox 1308 1181 1396 1225; x_wconf 79' lang='lat' dir='ltr'>facti</span> <span class='ocrx_word' id='word_1_193' title='bbox 1413 1181 1482 1213; x_wconf 72' lang='lat' dir='ltr'>estis</span> <span class='ocrx_word' id='word_1_194' title='bbox 1510 1181 1541 1213; x_wconf 82' lang='lat' dir='ltr'>in</span> <span class='ocrx_word' id='word_1_195' title='bbox 1565 1180 1656 1213; x_wconf 76' lang='lat' dir='ltr'>omni</span> 
     </span>
     <span class='ocr_line' id='line_1_20' title="bbox 88 1232 1655 1280; baseline -0.001 -12"><span class='ocrx_word' id='word_1_196' title='bbox 88 1236 201 1276; x_wconf 62' lang='lat' dir='ltr'>⁴verbo,</span> <span class='ocrx_word' id='word_1_197' title='bbox 224 1239 254 1268; x_wconf 72' lang='lat' dir='ltr'>et</span> <span class='ocrx_word' id='word_1_198' title='bbox 272 1235 304 1267; x_wconf 83' lang='lat' dir='ltr'>in</span> <span class='ocrx_word' id='word_1_199' title='bbox 326 1234 417 1267; x_wconf 83' lang='lat' dir='ltr'>omni</span> <span class='ocrx_word' id='word_1_200' title='bbox 436 1234 582 1274; x_wconf 73' lang='lat' dir='ltr'>scientia,</span> <span class='ocrx_word' id='word_1_201' title='bbox 606 1233 843 1278; x_wconf 86' lang='lat' dir='ltr'>postmodum</span> <span class='ocrx_word' id='word_1_202' title='bbox 864 1233 999 1266; x_wconf 86' lang='lat' dir='ltr'>subdit:</span> <span class='ocrx_word' id='word_1_203' title='bbox 1024 1232 1170 1280; x_wconf 76' lang='lat' dir='ltr'>Idipsum</span> <span class='ocrx_word' id='word_1_204' title='bbox 1192 1232 1307 1267; x_wconf 77' lang='lat' dir='ltr'>dicatis</span> <span class='ocrx_word' id='word_1_205' title='bbox 1329 1244 1437 1267; x_wconf 82' lang='lat' dir='ltr'>omnes</span> <span class='ocrx_word' id='word_1_206' title='bbox 1457 1238 1487 1266; x_wconf 78' lang='lat' dir='ltr'>et</span> <span class='ocrx_word' id='word_1_207' title='bbox 1507 1244 1572 1266; x_wconf 84' lang='lat' dir='ltr'>non</span> <span class='ocrx_word' id='word_1_208' title='bbox 1592 1233 1655 1266; x_wconf 73' lang='lat' dir='ltr'>sint</span> 
     </span>
     <span class='ocr_line' id='line_1_21' title="bbox 90 1285 1649 1332; baseline -0.002 -11"><span class='ocrx_word' id='word_1_209' title='bbox 90 1290 121 1321; x_wconf 81' lang='lat' dir='ltr'>in</span> <span class='ocrx_word' id='word_1_210' title='bbox 144 1288 236 1321; x_wconf 81' lang='lat' dir='ltr'>vobis</span> <span class='ocrx_word' id='word_1_211' title='bbox 255 1286 451 1320; x_wconf 81' lang='lat' dir='ltr'>schismata:</span> <span class='ocrx_word' id='word_1_212' title='bbox 474 1285 720 1332; x_wconf 83' lang='lat' dir='ltr'>Hieronymus</span> <span class='ocrx_word' id='word_1_213' title='bbox 742 1293 865 1319; x_wconf 90' lang='lat' dir='ltr'>tamen</span> <span class='ocrx_word' id='word_1_214' title='bbox 886 1297 961 1319; x_wconf 92' lang='lat' dir='ltr'>non</span> <span class='ocrx_word' id='word_1_215' title='bbox 982 1285 1141 1332; x_wconf 85' lang='lat' dir='ltr'>loquitur</span> <span class='ocrx_word' id='word_1_216' title='bbox 1162 1286 1210 1319; x_wconf 90' lang='lat' dir='ltr'>ibi</span> <span class='ocrx_word' id='word_1_217' title='bbox 1237 1286 1279 1320; x_wconf 90' lang='lat' dir='ltr'>de</span> <span class='ocrx_word' id='word_1_218' title='bbox 1302 1285 1426 1320; x_wconf 89' lang='lat' dir='ltr'>studiis</span> <span class='ocrx_word' id='word_1_219' title='bbox 1452 1285 1649 1326; x_wconf 88' lang='lat' dir='ltr'>literarum,</span> 
     </span>
     <span class='ocr_line' id='line_1_22' title="bbox 89 1339 1656 1385; baseline -0.001 -11"><span class='ocrx_word' id='word_1_220' title='bbox 89 1340 149 1375; x_wconf 91' lang='lat' dir='ltr'>sed</span> <span class='ocrx_word' id='word_1_221' title='bbox 171 1340 214 1373; x_wconf 88' lang='lat' dir='ltr'>de</span> <span class='ocrx_word' id='word_1_222' title='bbox 236 1339 360 1374; x_wconf 88' lang='lat' dir='ltr'>studiis</span> <span class='ocrx_word' id='word_1_223' title='bbox 383 1339 661 1381; x_wconf 82' lang='lat' dir='ltr'>dissensionum,</span> <span class='ocrx_word' id='word_1_224' title='bbox 680 1350 771 1385; x_wconf 87' lang='lat' dir='ltr'>quae</span> <span class='ocrx_word' id='word_1_225' title='bbox 786 1350 850 1385; x_wconf 88' lang='lat' dir='ltr'>per</span> <span class='ocrx_word' id='word_1_226' title='bbox 864 1339 1080 1381; x_wconf 88' lang='lat' dir='ltr'>haereticos,</span> <span class='ocrx_word' id='word_1_227' title='bbox 1104 1348 1138 1373; x_wconf 91' lang='lat' dir='ltr'>et</span> <span class='ocrx_word' id='word_1_228' title='bbox 1159 1339 1412 1373; x_wconf 86' lang='lat' dir='ltr'>schismaticos</span> <span class='ocrx_word' id='word_1_229' title='bbox 1434 1339 1656 1373; x_wconf 87' lang='lat' dir='ltr'>intraverunt</span> 
     </span>
     <span class='ocr_line' id='line_1_23' title="bbox 88 1393 626 1440; baseline 0 -14"><span class='ocrx_word' id='word_1_230' title='bbox 88 1394 122 1427; x_wconf 88' lang='lat' dir='ltr'>in</span> <span class='ocrx_word' id='word_1_231' title='bbox 145 1394 359 1440; x_wconf 84' lang='lat' dir='ltr'>religionem</span> <span class='ocrx_word' id='word_1_232' title='bbox 382 1393 626 1427; x_wconf 89' lang='lat' dir='ltr'>christianam.</span> 
     </span>
    </p>

    <p class='ocr_par' dir='ltr' id='par_1_5' title="bbox 87 1445 1657 2013">
     <span class='ocr_line' id='line_1_24' title="bbox 158 1445 1653 1492; baseline -0.002 -10"><span class='ocrx_word' id='word_1_233' title='bbox 158 1448 218 1482; x_wconf 85' lang='lat' dir='ltr'>AD</span> <span class='ocrx_word' id='word_1_234' title='bbox 249 1457 420 1481; x_wconf 77' lang='lat' dir='ltr'>TERTIUM</span> <span class='ocrx_word' id='word_1_235' title='bbox 456 1446 661 1487; x_wconf 88' lang='lat' dir='ltr'>dicendum,</span> <span class='ocrx_word' id='word_1_236' title='bbox 689 1446 785 1492; x_wconf 93' lang='lat' dir='ltr'>quod</span> <span class='ocrx_word' id='word_1_237' title='bbox 816 1446 1025 1492; x_wconf 84' lang='lat' dir='ltr'>philosophi</span> <span class='ocrx_word' id='word_1_238' title='bbox 1051 1446 1309 1491; x_wconf 85' lang='lat' dir='ltr'>profitebantur</span> <span class='ocrx_word' id='word_1_239' title='bbox 1330 1445 1447 1480; x_wconf 87' lang='lat' dir='ltr'>studia</span> <span class='ocrx_word' id='word_1_240' title='bbox 1468 1445 1653 1480; x_wconf 86' lang='lat' dir='ltr'>literarum</span> 
     </span>
     <span class='ocr_line' id='line_1_25' title="bbox 90 1498 1655 1546; baseline -0.001 -12"><span class='ocrx_word' id='word_1_241' title='bbox 90 1508 265 1546; x_wconf 86' lang='lat' dir='ltr'>quantum</span> <span class='ocrx_word' id='word_1_242' title='bbox 288 1500 331 1534; x_wconf 91' lang='lat' dir='ltr'>ad</span> <span class='ocrx_word' id='word_1_243' title='bbox 353 1500 556 1534; x_wconf 85' lang='lat' dir='ltr'>saeculares</span> <span class='ocrx_word' id='word_1_244' title='bbox 579 1500 780 1534; x_wconf 83' lang='lat' dir='ltr'>doctrinas:</span> <span class='ocrx_word' id='word_1_245' title='bbox 804 1499 865 1533; x_wconf 91' lang='lat' dir='ltr'>sed</span> <span class='ocrx_word' id='word_1_246' title='bbox 880 1499 1060 1545; x_wconf 85' lang='lat' dir='ltr'>religiosis</span> <span class='ocrx_word' id='word_1_247' title='bbox 1079 1499 1253 1546; x_wconf 90' lang='lat' dir='ltr'>competit</span> <span class='ocrx_word' id='word_1_248' title='bbox 1274 1498 1518 1545; x_wconf 87' lang='lat' dir='ltr'>principaliter</span> <span class='ocrx_word' id='word_1_249' title='bbox 1543 1499 1655 1533; x_wconf 89' lang='lat' dir='ltr'>inten-</span> 
     </span>
     <span class='ocr_line' id='line_1_26' title="bbox 90 1552 1650 1599; baseline -0.001 -12"><span class='ocrx_word' id='word_1_250' title='bbox 90 1554 172 1587; x_wconf 86' lang='lat' dir='ltr'>dere</span> <span class='ocrx_word' id='word_1_251' title='bbox 199 1553 317 1588; x_wconf 88' lang='lat' dir='ltr'>studio</span> <span class='ocrx_word' id='word_1_252' title='bbox 339 1553 523 1587; x_wconf 86' lang='lat' dir='ltr'>literarum</span> <span class='ocrx_word' id='word_1_253' title='bbox 546 1553 803 1599; x_wconf 89' lang='lat' dir='ltr'>pertinentium</span> <span class='ocrx_word' id='word_1_254' title='bbox 826 1552 868 1586; x_wconf 91' lang='lat' dir='ltr'>ad</span> <span class='ocrx_word' id='word_1_255' title='bbox 896 1552 1112 1594; x_wconf 81' lang='lat' dir='ltr'>doctrinam,</span> <span class='ocrx_word' id='word_1_256' title='bbox 1139 1564 1230 1599; x_wconf 89' lang='lat' dir='ltr'>quae</span> <span class='ocrx_word' id='word_1_257' title='bbox 1257 1552 1457 1587; x_wconf 89' lang='lat' dir='ltr'>secundum</span> <span class='ocrx_word' id='word_1_258' title='bbox 1479 1552 1650 1598; x_wconf 91' lang='lat' dir='ltr'>pietatem</span> 
     </span>
     <span class='ocr_line' id='line_1_27' title="bbox 95 1604 1655 1652; baseline -0.001 -12"><span class='ocrx_word' id='word_1_259' title='bbox 95 1615 158 1648; x_wconf 82' lang='lat' dir='ltr'>cst,</span> <span class='ocrx_word' id='word_1_260' title='bbox 181 1614 218 1640; x_wconf 90' lang='lat' dir='ltr'>ut</span> <span class='ocrx_word' id='word_1_261' title='bbox 240 1606 368 1640; x_wconf 89' lang='lat' dir='ltr'>dicitur</span> <span class='ocrx_word' id='word_1_262' title='bbox 390 1606 433 1640; x_wconf 87' lang='lat' dir='ltr'>ad</span> <span class='ocrx_word' id='word_1_263' title='bbox 449 1605 522 1640; x_wconf 91' lang='lat' dir='ltr'>Tit.</span> <span class='ocrx_word' id='word_1_264' title='bbox 542 1617 568 1639; x_wconf 89' lang='lat'>1.</span> <span class='ocrx_word' id='word_1_265' title='bbox 584 1618 592 1641; x_wconf 77' lang='lat' dir='ltr'>z</span> <span class='ocrx_word' id='word_1_266' title='bbox 610 1605 687 1639; x_wconf 91' lang='lat' dir='ltr'>aliis</span> <span class='ocrx_word' id='word_1_267' title='bbox 710 1613 827 1639; x_wconf 89' lang='lat' dir='ltr'>autem</span> <span class='ocrx_word' id='word_1_268' title='bbox 852 1606 1024 1640; x_wconf 86' lang='lat' dir='ltr'>doctrinis</span> <span class='ocrx_word' id='word_1_269' title='bbox 1043 1606 1227 1640; x_wconf 89' lang='lat' dir='ltr'>intendere</span> <span class='ocrx_word' id='word_1_270' title='bbox 1245 1617 1319 1640; x_wconf 92' lang='lat' dir='ltr'>non</span> <span class='ocrx_word' id='word_1_271' title='bbox 1338 1605 1491 1652; x_wconf 88' lang='lat' dir='ltr'>pertinet</span> <span class='ocrx_word' id='word_1_272' title='bbox 1513 1605 1555 1638; x_wconf 85' lang='lat' dir='ltr'>ad</span> <span class='ocrx_word' id='word_1_273' title='bbox 1577 1604 1655 1639; x_wconf 85' lang='lat' dir='ltr'>reli-</span> 
     </span>
     <span class='ocr_line' id='line_1_28' title="bbox 93 1657 1657 1705; baseline -0.001 -11"><span class='ocrx_word' id='word_1_274' title='bbox 93 1660 227 1705; x_wconf 78' lang='lat' dir='ltr'>giosos,</span> <span class='ocrx_word' id='word_1_275' title='bbox 250 1670 406 1705; x_wconf 87' lang='lat' dir='ltr'>quorum</span> <span class='ocrx_word' id='word_1_276' title='bbox 427 1666 502 1693; x_wconf 88' lang='lat' dir='ltr'>tota</span> <span class='ocrx_word' id='word_1_277' title='bbox 523 1659 596 1692; x_wconf 88' lang='lat' dir='ltr'>vita</span> <span class='ocrx_word' id='word_1_278' title='bbox 623 1659 751 1692; x_wconf 87' lang='lat' dir='ltr'>divinis</span> <span class='ocrx_word' id='word_1_279' title='bbox 777 1659 957 1704; x_wconf 90' lang='lat' dir='ltr'>obsequiis</span> <span class='ocrx_word' id='word_1_280' title='bbox 976 1661 1213 1705; x_wconf 85' lang='lat' dir='ltr'>mancipatur,</span> <span class='ocrx_word' id='word_1_281' title='bbox 1235 1659 1304 1693; x_wconf 90' lang='lat' dir='ltr'>nisi</span> <span class='ocrx_word' id='word_1_282' title='bbox 1324 1659 1538 1704; x_wconf 85' lang='lat' dir='ltr'>inquantum</span> <span class='ocrx_word' id='word_1_283' title='bbox 1560 1657 1657 1693; x_wconf 88' lang='lat' dir='ltr'>ordi-</span> 
     </span>
     <span class='ocr_line' id='line_1_29' title="bbox 90 1712 1654 1758; baseline 0.001 -12"><span class='ocrx_word' id='word_1_284' title='bbox 90 1721 221 1747; x_wconf 84' lang='lat' dir='ltr'>nantur</span> <span class='ocrx_word' id='word_1_285' title='bbox 243 1713 286 1746; x_wconf 86' lang='lat' dir='ltr'>ad</span> <span class='ocrx_word' id='word_1_286' title='bbox 308 1721 471 1746; x_wconf 87' lang='lat' dir='ltr'>sanctam</span> <span class='ocrx_word' id='word_1_287' title='bbox 493 1712 716 1754; x_wconf 85' lang='lat' dir='ltr'>doctrinam;</span> <span class='ocrx_word' id='word_1_288' title='bbox 744 1712 838 1746; x_wconf 90' lang='lat' dir='ltr'>unde</span> <span class='ocrx_word' id='word_1_289' title='bbox 865 1713 1018 1758; x_wconf 83' lang='lat' dir='ltr'>August.</span> <span class='ocrx_word' id='word_1_290' title='bbox 1046 1713 1131 1747; x_wconf 88' lang='lat' dir='ltr'>dicit</span> <span class='ocrx_word' id='word_1_291' title='bbox 1156 1713 1192 1747; x_wconf 91' lang='lat' dir='ltr'>in</span> <span class='ocrx_word' id='word_1_292' title='bbox 1219 1713 1289 1747; x_wconf 87' lang='lat' dir='ltr'>fine</span> <span class='ocrx_word' id='word_1_293' title='bbox 1310 1713 1492 1747; x_wconf 87' lang='lat' dir='ltr'>Musicae:</span> <span class='ocrx_word' id='word_1_294' title='bbox 1524 1726 1542 1744; x_wconf 85' lang='lat'>«</span> <span class='ocrx_word' id='word_1_295' title='bbox 1562 1713 1654 1756; x_wconf 86' lang='lat' dir='ltr'>Nos,</span> 
     </span>
     <span class='ocr_line' id='line_1_30' title="bbox 89 1765 1653 1812; baseline 0.001 -13"><span class='ocrx_word' id='word_1_296' title='bbox 89 1766 177 1799; x_wconf 85' lang='lat' dir='ltr'>dum</span> <span class='ocrx_word' id='word_1_297' title='bbox 197 1765 436 1812; x_wconf 86' lang='lat' dir='ltr'>negligendos</span> <span class='ocrx_word' id='word_1_298' title='bbox 451 1776 528 1800; x_wconf 89' lang='lat' dir='ltr'>esse</span> <span class='ocrx_word' id='word_1_299' title='bbox 549 1776 622 1799; x_wconf 93' lang='lat' dir='ltr'>non</span> <span class='ocrx_word' id='word_1_300' title='bbox 646 1765 905 1807; x_wconf 79' lang='lat' dir='ltr'>existimamus,</span> <span class='ocrx_word' id='word_1_301' title='bbox 928 1777 1018 1812; x_wconf 91' lang='lat' dir='ltr'>quos</span> <span class='ocrx_word' id='word_1_302' title='bbox 1044 1766 1219 1800; x_wconf 88' lang='lat' dir='ltr'>haeretici</span> <span class='ocrx_word' id='word_1_303' title='bbox 1240 1766 1400 1809; x_wconf 89' lang='lat' dir='ltr'>rationis,</span> <span class='ocrx_word' id='word_1_304' title='bbox 1427 1774 1462 1800; x_wconf 88' lang='lat' dir='ltr'>et</span> <span class='ocrx_word' id='word_1_305' title='bbox 1483 1766 1653 1800; x_wconf 89' lang='lat' dir='ltr'>scientiae</span> 
     </span>
     <span class='ocr_line' id='line_1_31' title="bbox 87 1818 1651 1866; baseline 0.001 -14"><span class='ocrx_word' id='word_1_306' title='bbox 87 1818 208 1853; x_wconf 90' lang='lat' dir='ltr'>fallaci</span> <span class='ocrx_word' id='word_1_307' title='bbox 228 1818 489 1865; x_wconf 88' lang='lat' dir='ltr'>pollicitatione</span> <span class='ocrx_word' id='word_1_308' title='bbox 511 1818 694 1864; x_wconf 86' lang='lat' dir='ltr'>decipiunt</span> <span class='ocrx_word' id='word_1_309' title='bbox 714 1818 849 1852; x_wconf 86' lang='lat' dir='ltr'>tardius</span> <span class='ocrx_word' id='word_1_310' title='bbox 871 1819 1073 1853; x_wconf 88' lang='lat' dir='ltr'>incedimus</span> <span class='ocrx_word' id='word_1_311' title='bbox 1086 1820 1376 1854; x_wconf 89' lang='lat' dir='ltr'>consideratione</span> <span class='ocrx_word' id='word_1_312' title='bbox 1398 1820 1558 1866; x_wconf 90' lang='lat' dir='ltr'>ipsarum</span> <span class='ocrx_word' id='word_1_313' title='bbox 1579 1820 1651 1853; x_wconf 90' lang='lat' dir='ltr'>via-</span> 
     </span>
     <span class='ocr_line' id='line_1_32' title="bbox 90 1871 1652 1919; baseline 0 -13"><span class='ocrx_word' id='word_1_314' title='bbox 90 1884 188 1906; x_wconf 89' lang='lat' dir='ltr'>rum:</span> <span class='ocrx_word' id='word_1_315' title='bbox 212 1872 308 1918; x_wconf 89' lang='lat' dir='ltr'>quod</span> <span class='ocrx_word' id='word_1_316' title='bbox 330 1880 453 1906; x_wconf 88' lang='lat' dir='ltr'>tamen</span> <span class='ocrx_word' id='word_1_317' title='bbox 474 1871 593 1905; x_wconf 90' lang='lat' dir='ltr'>facere</span> <span class='ocrx_word' id='word_1_318' title='bbox 614 1883 688 1905; x_wconf 90' lang='lat' dir='ltr'>non</span> <span class='ocrx_word' id='word_1_319' title='bbox 711 1872 937 1913; x_wconf 82' lang='lat' dir='ltr'>auderemus,</span> <span class='ocrx_word' id='word_1_320' title='bbox 964 1872 1032 1906; x_wconf 89' lang='lat' dir='ltr'>nisi</span> <span class='ocrx_word' id='word_1_321' title='bbox 1054 1872 1187 1906; x_wconf 87' lang='lat' dir='ltr'>multos</span> <span class='ocrx_word' id='word_1_322' title='bbox 1209 1873 1287 1919; x_wconf 91' lang='lat' dir='ltr'>pios</span> <span class='ocrx_word' id='word_1_323' title='bbox 1310 1872 1496 1907; x_wconf 87' lang='lat' dir='ltr'>Ecclesiae</span> <span class='ocrx_word' id='word_1_324' title='bbox 1517 1872 1652 1907; x_wconf 89' lang='lat' dir='ltr'>Catho-</span> 
     </span>
     <span class='ocr_line' id='line_1_33' title="bbox 89 1924 1647 1971; baseline 0.001 -12"><span class='ocrx_word' id='word_1_325' title='bbox 89 1925 180 1959; x_wconf 88' lang='lat' dir='ltr'>licae</span> <span class='ocrx_word' id='word_1_326' title='bbox 214 1925 338 1959; x_wconf 86' lang='lat' dir='ltr'>matris</span> <span class='ocrx_word' id='word_1_327' title='bbox 371 1925 528 1971; x_wconf 88' lang='lat' dir='ltr'>optimae</span> <span class='ocrx_word' id='word_1_328' title='bbox 558 1924 652 1958; x_wconf 88' lang='lat' dir='ltr'>filios</span> <span class='ocrx_word' id='word_1_329' title='bbox 693 1925 820 1959; x_wconf 88' lang='lat' dir='ltr'>eadem</span> <span class='ocrx_word' id='word_1_330' title='bbox 842 1924 1122 1960; x_wconf 88' lang='lat' dir='ltr'>refellendorum</span> <span class='ocrx_word' id='word_1_331' title='bbox 1139 1926 1408 1960; x_wconf 86' lang='lat' dir='ltr'>haereticorum</span> <span class='ocrx_word' id='word_1_332' title='bbox 1433 1926 1647 1960; x_wconf 83' lang='lat' dir='ltr'>necessitate</span> 
     </span>
     <span class='ocr_line' id='line_1_34' title="bbox 88 1978 486 2013; baseline 0 0"><span class='ocrx_word' id='word_1_333' title='bbox 88 1978 217 2013; x_wconf 88' lang='lat' dir='ltr'>fecisse</span> <span class='ocrx_word' id='word_1_334' title='bbox 239 1979 486 2013; x_wconf 84' lang='lat' dir='ltr'>videremur».</span> 
     </span>
    </p>
   </div>
   <div class='ocr_carea' id='block_1_3' title="bbox 658 2095 1648 2156">
    <p class='ocr_par' dir='ltr' id='par_1_6' title="bbox 658 2095 1648 2156">
     <span class='ocr_line' id='line_1_35' title="bbox 658 2095 1648 2156; baseline 0.006 -18"><span class='ocrx_word' id='word_1_335' title='bbox 658 2095 1002 2140; x_wconf 76' lang='lat' dir='ltr'>ARTICULus</span> <span class='ocrx_word' id='word_1_336' title='bbox 1031 2097 1109 2138; x_wconf 79' lang='lat' dir='ltr'>vi.</span> <span class='ocrx_word' id='word_1_337' title='bbox 1581 2121 1648 2156; x_wconf 68' lang='lat'>905</span> 
     </span>
    </p>
   </div>
   <div class='ocr_carea' id='block_1_4' title="bbox 180 2191 1560 2290">
    <p class='ocr_par' dir='ltr' id='par_1_7' title="bbox 180 2191 1560 2290">
     <span class='ocr_line' id='line_1_36' title="bbox 238 2191 1504 2232; baseline 0.002 -12"><span class='ocrx_word' id='word_1_338' title='bbox 238 2191 391 2221; x_wconf 81' lang='lat' dir='ltr'><strong>UTRUM</strong></span> <span class='ocrx_word' id='word_1_339' title='bbox 411 2191 604 2231; x_wconf 82' lang='lat' dir='ltr'>RELIGIO,</span> <span class='ocrx_word' id='word_1_340' title='bbox 628 2192 746 2227; x_wconf 89' lang='lat' dir='ltr'><strong>QUAE</strong></span> <span class='ocrx_word' id='word_1_341' title='bbox 765 2191 910 2221; x_wconf 89' lang='lat' dir='ltr'><strong>VACAT</strong></span> <span class='ocrx_word' id='word_1_342' title='bbox 934 2192 1065 2221; x_wconf 90' lang='lat' dir='ltr'>VITAE</span> <span class='ocrx_word' id='word_1_343' title='bbox 1087 2192 1504 2232; x_wconf 84' lang='lat' dir='ltr'>CONTEMPLATIVAE‚</span> 
     </span>
     <span class='ocr_line' id='line_1_37' title="bbox 180 2250 1560 2290; baseline 0.001 -10"><span class='ocrx_word' id='word_1_344' title='bbox 180 2251 246 2280; x_wconf 88' lang='lat' dir='ltr'>SIT</span> <span class='ocrx_word' id='word_1_345' title='bbox 288 2250 454 2280; x_wconf 88' lang='lat' dir='ltr'><strong>POTIOR</strong></span> <span class='ocrx_word' id='word_1_346' title='bbox 498 2251 565 2290; x_wconf 86' lang='lat' dir='ltr'>EA,</span> <span class='ocrx_word' id='word_1_347' title='bbox 613 2251 729 2285; x_wconf 88' lang='lat' dir='ltr'><strong>QUAE</strong></span> <span class='ocrx_word' id='word_1_348' title='bbox 761 2250 907 2280; x_wconf 82' lang='lat' dir='ltr'>VACAT</span> <span class='ocrx_word' id='word_1_349' title='bbox 941 2251 1148 2281; x_wconf 88' lang='lat' dir='ltr'>OPERIBUS</span> <span class='ocrx_word' id='word_1_350' title='bbox 1181 2252 1312 2281; x_wconf 89' lang='lat' dir='ltr'>VITAE</span> <span class='ocrx_word' id='word_1_351' title='bbox 1356 2252 1560 2282; x_wconf 88' lang='lat' dir='ltr'>ACTIVAE.</span> 
     </span>
    </p>
   </div>
   <div class='ocr_carea' id='block_1_5' title="bbox 470 2321 1317 2369">
    <p class='ocr_par' dir='ltr' id='par_1_8' title="bbox 470 2321 1317 2369">
     <span class='ocr_line' id='line_1_38' title="bbox 470 2321 1317 2369; baseline 0.002 -15"><span class='ocrx_word' id='word_1_352' title='bbox 470 2321 573 2365; x_wconf 71' lang='lat' dir='ltr'>(infr.</span> <span class='ocrx_word' id='word_1_353' title='bbox 601 2333 630 2366; x_wconf 83' lang='lat' dir='ltr'>q.</span> <span class='ocrx_word' id='word_1_354' title='bbox 650 2322 723 2367; x_wconf 84' lang='lat'><strong><em>189.</em></strong></span> <span class='ocrx_word' id='word_1_355' title='bbox 751 2327 814 2356; x_wconf 84' lang='lat' dir='ltr'>art.</span> <span class='ocrx_word' id='word_1_356' title='bbox 841 2323 874 2358; x_wconf 84' lang='grc'>8.</span> <span class='ocrx_word' id='word_1_357' title='bbox 897 2327 924 2356; x_wconf 76' lang='lat' dir='ltr'>et</span> <span class='ocrx_word' id='word_1_358' title='bbox 946 2329 1052 2368; x_wconf 78' lang='lat' dir='ltr'>opusc.</span> <span class='ocrx_word' id='word_1_359' title='bbox 1080 2335 1129 2358; x_wconf 81' lang='lat' dir='ltr'>ro.</span> <span class='ocrx_word' id='word_1_360' title='bbox 1157 2330 1228 2369; x_wconf 79' lang='lat' dir='ltr'>cap.</span> <span class='ocrx_word' id='word_1_361' title='bbox 1255 2324 1317 2368; x_wconf 85' lang='lat'>4.).</span> 
     </span>
    </p>
   </div>
   <div class='ocr_carea' id='block_1_6' title="bbox 88 2404 1652 2930">
    <p class='ocr_par' dir='ltr' id='par_1_9' title="bbox 88 2404 1652 2823">
     <span class='ocr_line' id='line_1_39' title="bbox 162 2404 1652 2452; baseline 0.002 -14"><span class='ocrx_word' id='word_1_362' title='bbox 162 2405 221 2438; x_wconf 86' lang='lat' dir='ltr'>AD</span> <span class='ocrx_word' id='word_1_363' title='bbox 244 2414 395 2439; x_wconf 76' lang='lat' dir='ltr'>SEXTUM</span> <span class='ocrx_word' id='word_1_364' title='bbox 425 2404 475 2437; x_wconf 85' lang='lat' dir='ltr'>sic</span> <span class='ocrx_word' id='word_1_365' title='bbox 508 2404 723 2450; x_wconf 90' lang='lat' dir='ltr'>proceditur.</span> <span class='ocrx_word' id='word_1_366' title='bbox 750 2404 912 2447; x_wconf 88' lang='lat' dir='ltr'>Videtur,</span> <span class='ocrx_word' id='word_1_367' title='bbox 939 2406 1035 2451; x_wconf 84' lang='lat' dir='ltr'>quod</span> <span class='ocrx_word' id='word_1_368' title='bbox 1057 2405 1184 2451; x_wconf 81' lang='lat' dir='ltr'>religio</span> <span class='ocrx_word' id='word_1_369' title='bbox 1207 2417 1298 2452; x_wconf 90' lang='lat' dir='ltr'>quae</span> <span class='ocrx_word' id='word_1_370' title='bbox 1319 2415 1425 2440; x_wconf 86' lang='lat' dir='ltr'>vacat</span> <span class='ocrx_word' id='word_1_371' title='bbox 1443 2407 1537 2441; x_wconf 87' lang='lat' dir='ltr'>vitae</span> <span class='ocrx_word' id='word_1_372' title='bbox 1570 2419 1652 2442; x_wconf 91' lang='lat' dir='ltr'>con-</span> 
     </span>
     <span class='ocr_line' id='line_1_40' title="bbox 89 2457 1651 2504; baseline 0.002 -12"><span class='ocrx_word' id='word_1_373' title='bbox 89 2457 334 2504; x_wconf 84' lang='lat' dir='ltr'>templativae,</span> <span class='ocrx_word' id='word_1_374' title='bbox 349 2468 423 2491; x_wconf 90' lang='lat' dir='ltr'>non</span> <span class='ocrx_word' id='word_1_375' title='bbox 445 2457 488 2490; x_wconf 86' lang='lat' dir='ltr'>sit</span> <span class='ocrx_word' id='word_1_376' title='bbox 502 2457 622 2503; x_wconf 88' lang='lat' dir='ltr'>potior</span> <span class='ocrx_word' id='word_1_377' title='bbox 639 2468 681 2491; x_wconf 88' lang='lat' dir='ltr'>ea</span> <span class='ocrx_word' id='word_1_378' title='bbox 703 2469 793 2503; x_wconf 88' lang='lat' dir='ltr'>quae</span> <span class='ocrx_word' id='word_1_379' title='bbox 807 2466 914 2493; x_wconf 88' lang='lat' dir='ltr'>vacat</span> <span class='ocrx_word' id='word_1_380' title='bbox 929 2458 1095 2504; x_wconf 89' lang='lat' dir='ltr'>operibus</span> <span class='ocrx_word' id='word_1_381' title='bbox 1116 2459 1210 2493; x_wconf 90' lang='lat' dir='ltr'>vitae</span> <span class='ocrx_word' id='word_1_382' title='bbox 1226 2459 1364 2493; x_wconf 86' lang='lat' dir='ltr'>activae</span> <span class='ocrx_word' id='word_1_383' title='bbox 1379 2471 1386 2493; x_wconf 78' lang='lat' dir='ltr'>z</span> <span class='ocrx_word' id='word_1_384' title='bbox 1403 2459 1532 2494; x_wconf 88' lang='lat' dir='ltr'>dicitur</span> <span class='ocrx_word' id='word_1_385' title='bbox 1553 2461 1651 2495; x_wconf 88' lang='lat' dir='ltr'>enim</span> 
     </span>
     <span class='ocr_line' id='line_1_41' title="bbox 91 2509 1652 2557; baseline 0.003 -13"><span class='ocrx_word' id='word_1_386' title='bbox 91 2519 222 2544; x_wconf 80' lang='lat' dir='ltr'>extraV.</span> <span class='ocrx_word' id='word_1_387' title='bbox 246 2510 288 2544; x_wconf 92' lang='lat' dir='ltr'>de</span> <span class='ocrx_word' id='word_1_388' title='bbox 310 2509 515 2556; x_wconf 89' lang='lat' dir='ltr'>Regularib.</span> <span class='ocrx_word' id='word_1_389' title='bbox 539 2518 573 2544; x_wconf 90' lang='lat' dir='ltr'>et</span> <span class='ocrx_word' id='word_1_390' title='bbox 601 2511 865 2546; x_wconf 86' lang='lat' dir='ltr'>transeuntibus</span> <span class='ocrx_word' id='word_1_391' title='bbox 888 2512 931 2545; x_wconf 91' lang='lat' dir='ltr'>ad</span> <span class='ocrx_word' id='word_1_392' title='bbox 961 2510 1204 2557; x_wconf 86' lang='lat' dir='ltr'>Religionem,</span> <span class='ocrx_word' id='word_1_393' title='bbox 1245 2523 1321 2557; x_wconf 91' lang='lat' dir='ltr'>cap.</span> <span class='ocrx_word' id='word_1_394' title='bbox 1364 2513 1478 2548; x_wconf 73' lang='lat' dir='ltr'>Licet:</span> <span class='ocrx_word' id='word_1_395' title='bbox 1505 2526 1522 2545; x_wconf 90' lang='lat'>«</span> <span class='ocrx_word' id='word_1_396' title='bbox 1550 2513 1652 2548; x_wconf 85' lang='lat' dir='ltr'>Sicut</span> 
     </span>
     <span class='ocr_line' id='line_1_42' title="bbox 89 2563 1650 2611; baseline 0.003 -15"><span class='ocrx_word' id='word_1_397' title='bbox 89 2565 205 2609; x_wconf 81' lang='lat' dir='ltr'>majus</span> <span class='ocrx_word' id='word_1_398' title='bbox 226 2563 364 2597; x_wconf 88' lang='lat' dir='ltr'>bonum</span> <span class='ocrx_word' id='word_1_399' title='bbox 385 2563 519 2596; x_wconf 87' lang='lat' dir='ltr'>minori</span> <span class='ocrx_word' id='word_1_400' title='bbox 539 2563 637 2598; x_wconf 91' lang='lat' dir='ltr'>bono</span> <span class='ocrx_word' id='word_1_401' title='bbox 658 2564 906 2610; x_wconf 82' lang='lat' dir='ltr'>praeponitur3</span> <span class='ocrx_word' id='word_1_402' title='bbox 935 2566 982 2598; x_wconf 92' lang='lat' dir='ltr'>ita</span> <span class='ocrx_word' id='word_1_403' title='bbox 1006 2565 1212 2598; x_wconf 89' lang='lat' dir='ltr'>communis</span> <span class='ocrx_word' id='word_1_404' title='bbox 1233 2564 1367 2599; x_wconf 90' lang='lat' dir='ltr'>utilitas</span> <span class='ocrx_word' id='word_1_405' title='bbox 1388 2565 1538 2611; x_wconf 87' lang='lat' dir='ltr'>speciali</span> <span class='ocrx_word' id='word_1_406' title='bbox 1559 2567 1650 2600; x_wconf 89' lang='lat' dir='ltr'>utili·</span> 
     </span>
     <span class='ocr_line' id='line_1_43' title="bbox 88 2615 1648 2664; baseline 0.003 -15"><span class='ocrx_word' id='word_1_407' title='bbox 88 2617 152 2650; x_wconf 87' lang='lat' dir='ltr'>tati</span> <span class='ocrx_word' id='word_1_408' title='bbox 171 2615 384 2662; x_wconf 84' lang='lat' dir='ltr'>praefertur:</span> <span class='ocrx_word' id='word_1_409' title='bbox 407 2624 442 2650; x_wconf 90' lang='lat' dir='ltr'>et</span> <span class='ocrx_word' id='word_1_410' title='bbox 467 2616 503 2649; x_wconf 92' lang='lat' dir='ltr'>in</span> <span class='ocrx_word' id='word_1_411' title='bbox 524 2616 595 2650; x_wconf 93' lang='lat' dir='ltr'>hoc</span> <span class='ocrx_word' id='word_1_412' title='bbox 619 2627 702 2651; x_wconf 87' lang='lat' dir='ltr'>casu</span> <span class='ocrx_word' id='word_1_413' title='bbox 724 2625 820 2651; x_wconf 91' lang='lat' dir='ltr'>recte</span> <span class='ocrx_word' id='word_1_414' title='bbox 841 2618 1073 2664; x_wconf 88' lang='lat' dir='ltr'>praeponitur</span> <span class='ocrx_word' id='word_1_415' title='bbox 1091 2618 1255 2652; x_wconf 87' lang='lat' dir='ltr'>doctrina</span> <span class='ocrx_word' id='word_1_416' title='bbox 1277 2618 1433 2661; x_wconf 88' lang='lat' dir='ltr'>silentiO,</span> <span class='ocrx_word' id='word_1_417' title='bbox 1455 2619 1648 2654; x_wconf 87' lang='lat' dir='ltr'>solicitudo</span> 
     </span>
     <span class='ocr_line' id='line_1_44' title="bbox 89 2668 1647 2717; baseline 0.001 -13"><span class='ocrx_word' id='word_1_418' title='bbox 89 2668 400 2715; x_wconf 89' lang='lat' dir='ltr'>contemplationi,</span> <span class='ocrx_word' id='word_1_419' title='bbox 419 2676 452 2703; x_wconf 92' lang='lat' dir='ltr'>et</span> <span class='ocrx_word' id='word_1_420' title='bbox 473 2668 575 2703; x_wconf 88' lang='lat' dir='ltr'>labor</span> <span class='ocrx_word' id='word_1_421' title='bbox 596 2670 706 2715; x_wconf 88' lang='lat' dir='ltr'>quieti</span> <span class='ocrx_word' id='word_1_422' title='bbox 731 2682 770 2704; x_wconf 76' lang='grc' dir='ltr'>»ι</span> <span class='ocrx_word' id='word_1_423' title='bbox 799 2671 861 2705; x_wconf 89' lang='lat' dir='ltr'>sed</span> <span class='ocrx_word' id='word_1_424' title='bbox 884 2671 1013 2717; x_wconf 86' lang='lat' dir='ltr'>religio</span> <span class='ocrx_word' id='word_1_425' title='bbox 1036 2679 1089 2705; x_wconf 88' lang='lat' dir='ltr'>est</span> <span class='ocrx_word' id='word_1_426' title='bbox 1110 2670 1251 2713; x_wconf 88' lang='lat' dir='ltr'>melior,</span> <span class='ocrx_word' id='word_1_427' title='bbox 1267 2683 1358 2717; x_wconf 89' lang='lat' dir='ltr'>quae</span> <span class='ocrx_word' id='word_1_428' title='bbox 1381 2672 1424 2706; x_wconf 91' lang='lat' dir='ltr'>ad</span> <span class='ocrx_word' id='word_1_429' title='bbox 1446 2673 1563 2717; x_wconf 85' lang='lat' dir='ltr'>majus</span> <span class='ocrx_word' id='word_1_430' title='bbox 1584 2674 1647 2706; x_wconf 90' lang='lat' dir='ltr'>bo—</span> 
     </span>
     <span class='ocr_line' id='line_1_45' title="bbox 89 2722 1644 2770; baseline 0.003 -15"><span class='ocrx_word' id='word_1_431' title='bbox 89 2734 175 2756; x_wconf 87' lang='lat' dir='ltr'>num</span> <span class='ocrx_word' id='word_1_432' title='bbox 198 2722 401 2765; x_wconf 77' lang='lat' dir='ltr'>ordinatur3</span> <span class='ocrx_word' id='word_1_433' title='bbox 424 2732 510 2767; x_wconf 87' lang='lat' dir='ltr'>ergo</span> <span class='ocrx_word' id='word_1_434' title='bbox 532 2722 671 2757; x_wconf 89' lang='lat' dir='ltr'>videtur</span> <span class='ocrx_word' id='word_1_435' title='bbox 692 2723 789 2769; x_wconf 92' lang='lat' dir='ltr'>quod</span> <span class='ocrx_word' id='word_1_436' title='bbox 807 2723 1001 2770; x_wconf 88' lang='lat' dir='ltr'>religiones</span> <span class='ocrx_word' id='word_1_437' title='bbox 1024 2736 1115 2770; x_wconf 89' lang='lat' dir='ltr'>quae</span> <span class='ocrx_word' id='word_1_438' title='bbox 1138 2725 1348 2758; x_wconf 88' lang='lat' dir='ltr'>ordinantur</span> <span class='ocrx_word' id='word_1_439' title='bbox 1370 2725 1413 2759; x_wconf 88' lang='lat' dir='ltr'>ad</span> <span class='ocrx_word' id='word_1_440' title='bbox 1435 2725 1547 2760; x_wconf 89' lang='lat' dir='ltr'>vitam</span> <span class='ocrx_word' id='word_1_441' title='bbox 1562 2727 1644 2760; x_wconf 86' lang='lat' dir='ltr'>acti-</span> 
     </span>
     <span class='ocr_line' id='line_1_46' title="bbox 89 2774 1441 2823; baseline 0.003 -15"><span class='ocrx_word' id='word_1_442' title='bbox 89 2786 172 2809; x_wconf 79' lang='lat' dir='ltr'>vam</span> <span class='ocrx_word' id='word_1_443' title='bbox 194 2776 263 2809; x_wconf 86' lang='lat' dir='ltr'>sint</span> <span class='ocrx_word' id='word_1_444' title='bbox 284 2775 444 2821; x_wconf 89' lang='lat' dir='ltr'>potiores</span> <span class='ocrx_word' id='word_1_445' title='bbox 466 2774 534 2809; x_wconf 89' lang='lat' dir='ltr'>illis</span> <span class='ocrx_word' id='word_1_446' title='bbox 557 2787 647 2821; x_wconf 91' lang='lat' dir='ltr'>quae</span> <span class='ocrx_word' id='word_1_447' title='bbox 669 2776 879 2811; x_wconf 89' lang='lat' dir='ltr'>ordinantur</span> <span class='ocrx_word' id='word_1_448' title='bbox 907 2777 948 2810; x_wconf 91' lang='lat' dir='ltr'>ad</span> <span class='ocrx_word' id='word_1_449' title='bbox 971 2777 1082 2811; x_wconf 89' lang='lat' dir='ltr'>vitam</span> <span class='ocrx_word' id='word_1_450' title='bbox 1106 2777 1441 2823; x_wconf 87' lang='lat' dir='ltr'>contemplativam.</span> 
     </span>
    </p>

    <p class='ocr_par' dir='ltr' id='par_1_10' title="bbox 88 2828 1647 2930">
     <span class='ocr_line' id='line_1_47' title="bbox 158 2828 1647 2876; baseline 0.003 -15"><span class='ocrx_word' id='word_1_451' title='bbox 158 2838 190 2861; x_wconf 88' lang='lat'>2.</span> <span class='ocrx_word' id='word_1_452' title='bbox 211 2828 448 2862; x_wconf 76' lang='lat' dir='ltr'>PRAETEREA.</span> <span class='ocrx_word' id='word_1_453' title='bbox 484 2828 616 2863; x_wconf 89' lang='lat' dir='ltr'>Omnis</span> <span class='ocrx_word' id='word_1_454' title='bbox 649 2828 777 2875; x_wconf 86' lang='lat' dir='ltr'>religio</span> <span class='ocrx_word' id='word_1_455' title='bbox 808 2830 993 2864; x_wconf 86' lang='lat' dir='ltr'>ordinatur</span> <span class='ocrx_word' id='word_1_456' title='bbox 1023 2831 1066 2865; x_wconf 89' lang='lat' dir='ltr'>ad</span> <span class='ocrx_word' id='word_1_457' title='bbox 1095 2830 1356 2876; x_wconf 89' lang='lat' dir='ltr'>perfectionem</span> <span class='ocrx_word' id='word_1_458' title='bbox 1384 2832 1577 2874; x_wconf 88' lang='lat' dir='ltr'>charitatis,</span> <span class='ocrx_word' id='word_1_459' title='bbox 1610 2840 1647 2866; x_wconf 90' lang='lat' dir='ltr'>ut</span> 
     </span>
     <span class='ocr_line' id='line_1_48' title="bbox 88 2881 1647 2930; baseline 0.002 -15"><span class='ocrx_word' id='word_1_460' title='bbox 88 2892 194 2927; x_wconf 81' lang='lat' dir='ltr'>supra</span> <span class='ocrx_word' id='word_1_461' title='bbox 215 2881 378 2915; x_wconf 87' lang='lat' dir='ltr'>habitum</span> <span class='ocrx_word' id='word_1_462' title='bbox 402 2888 454 2915; x_wconf 86' lang='lat' dir='ltr'>est</span> <span class='ocrx_word' id='word_1_463' title='bbox 476 2881 558 2925; x_wconf 81' lang='lat' dir='ltr'>(art.</span> <span class='ocrx_word' id='word_1_464' title='bbox 580 2894 608 2916; x_wconf 80' lang='grc' dir='ltr'>Ι.</span> <span class='ocrx_word' id='word_1_465' title='bbox 629 2887 658 2917; x_wconf 84' lang='lat' dir='ltr'>et</span> <span class='ocrx_word' id='word_1_466' title='bbox 677 2894 708 2917; x_wconf 91' lang='lat'>2.</span> <span class='ocrx_word' id='word_1_467' title='bbox 728 2883 796 2929; x_wconf 76' lang='lat' dir='ltr'>huj.</span> <span class='ocrx_word' id='word_1_468' title='bbox 816 2884 878 2928; x_wconf 86' lang='lat' dir='ltr'>q.).·</span> <span class='ocrx_word' id='word_1_469' title='bbox 901 2883 962 2917; x_wconf 90' lang='lat' dir='ltr'>sed</span> <span class='ocrx_word' id='word_1_470' title='bbox 985 2895 1091 2930; x_wconf 88' lang='lat' dir='ltr'>super</span> <span class='ocrx_word' id='word_1_471' title='bbox 1104 2883 1192 2917; x_wconf 87' lang='lat' dir='ltr'>illud</span> <span class='ocrx_word' id='word_1_472' title='bbox 1209 2885 1251 2918; x_wconf 87' lang='lat' dir='ltr'>ad</span> <span class='ocrx_word' id='word_1_473' title='bbox 1269 2884 1377 2919; x_wconf 91' lang='lat' dir='ltr'>Hebr.</span> <span class='ocrx_word' id='word_1_474' title='bbox 1397 2896 1468 2920; x_wconf 82' lang='lat'>12.:</span> <span class='ocrx_word' id='word_1_475' title='bbox 1490 2885 1647 2920; x_wconf 84' lang='lat' dir='ltr'>Nondum</span> 
     </span>
    </p>
   </div>
  </div>
 </body>
</html>
