1859 3122
497 171 718 208 QUAEsrro
752 171 900 201 xxxix.
933 171 1177 201 ARTICULUS
1211 173 1238 200 1.
1556 171 1638 214 309

81 266 201 290 suram
222 255 418 301 quamdam
438 253 533 296 facit,
555 254 756 289 secundum
774 253 860 288 illud
879 253 946 287 Isa.
973 264 1044 299 59·³
1069 254 1206 296 Peccata
1227 258 1337 288 vestra
1357 252 1540 288 diviserunt
1557 254 1642 288 inter

79 320 150 352 vos,
177 313 206 344 et
231 309 342 342 Deum
363 313 527 348 vcslrzcm;
551 318 639 353 crgo
666 307 826 341 schisma
847 317 921 340 non
944 315 997 341 est
1017 306 1173 353 speciale
1196 314 1396 353 peccatum.

150 372 182 396 2.
204 361 440 396 PRAETER-A.
467 361 523 395 Illi
544 361 709 395 videntur
727 371 804 395 esse
824 360 1057 402 schismatici,
1076 361 1137 406 qui
1154 360 1337 395 Ecclesiae
1356 372 1431 394 non
1450 360 1638 395 obediunt:

80 415 141 450 sed
162 427 224 462 per
245 427 354 449 omne
377 422 566 461 peccatum
586 414 623 448 fit
643 414 757 448 homo
779 414 990 448 inobediens
1012 414 1212 460 praeceptis
1234 414 1437 457 Ecclesiae;
1460 415 1542 460 quia
1562 425 1639 460 pec-

80 478 202 504 catum
232 470 431 503 secundum
458 468 705 510 Ambrosium,
736 476 788 502 est
819 468 1001 503 coelestium
1031 468 1236 502 inolwclwztia
1267 468 1519 509 wandalorum&
1552 479 1638 513 ergo

80 534 189 557 omne
212 531 402 569 peccatum
424 531 477 557 est
497 522 665 556 schisma.

155 588 182 622 3.
205 576 440 611 PRAETEREA.
464 575 630 609 Haeresis
652 576 760 609 etiam
779 574 905 609 dividit
926 574 1117 608 hominem
1139 574 1181 608 ab
1205 574 1339 609 unitate
1367 574 1467 618 sidci3
1497 575 1525 609 si
1553 586 1640 621 ergo

80 630 283 664 schismatis
305 641 440 664 nomen
463 629 678 663 divisionem
699 628 882 674 importat,
901 629 1042 662 videtur
1063 628 1159 674 quod
1182 639 1256 662 non
1278 628 1418 662 differat
1444 640 1463 662 a
1490 636 1640 675 peccato

80 683 310 725 infidelitatis,
332 683 433 729 quasi
454 683 610 729 speciale
632 690 833 728 peccatum.

153 738 227 771 SED
250 747 404 771 CONTRA
428 745 490 778 est,
513 736 609 782 quod
630 736 854 781 Augustinus
877 743 1001 770 contra
1020 735 1193 770 Faustum
1210 736 1285 781 (lib.
1301 747 1355 771 20.
1371 742 1480 782 cupq.
1495 742 1524 771 ct
1539 737 1594 770 lib.
1610 748 1640 771 2.

81 796 164 825 conl.
202 791 352 825 Crescon.
383 797 452 836 cap.
487 791 536 834 4.)
563 789 747 835 distinguit
775 790 868 823 inter
898 790 1069 831 schisma,
1100 798 1134 823 ct
1162 789 1354 831 haeresim,
1385 790 1519 831 dicens,
1546 789 1641 835 quod

84 844 281 878 «schisma
303 852 356 878 est
373 844 499 878 eadem
522 843 744 888 opinantem,
776 851 881 889 atque
914 844 1045 877 eodem
1075 843 1143 877 ritu
1173 842 1367 884 colentem,
1396 854 1467 889 quo
1500 843 1641 884 caeteri,

80 897 160 932 solo
183 897 476 943 congregationis
498 896 669 931 delectari
691 896 858 931 dissidio:
878 897 1036 931 haeresis
1059 907 1146 930 vero
1171 897 1310 930 diversa
1329 897 1496 941 opinatur
1515 896 1557 929 ab
1576 896 1642 937 his,

81 963 171 998 quae
195 950 375 985 catholica
397 950 508 984 credit
529 949 691 984 Ecclesia
710 962 742 992 »3
765 961 852 996 ergo
875 950 1035 984 schisma
1056 961 1130 984 non
1154 958 1206 984 est
1224 949 1393 996 generale
1416 958 1617 996 peccatum.

152 1005 380 1040 RESPONDEO
396 1005 602 1046 dicendum,
618 1004 726 1050 quod,
736 1004 827 1038 sicut
841 1004 1095 1051 Isidorusdicit
1108 1007 1143 1039 in
1154 1004 1212 1038 lib.
1223 1005 1254 1039 8.
1266 1004 1475 1051 Etymolog.
1489 1005 1642 1052 (cczp.3.):

84 1072 101 1090 «
123 1059 269 1093 Nomen
291 1058 495 1092 schismatis
517 1069 536 1092 a
558 1058 714 1092 scissura
736 1058 943 1092 animorum
965 1066 1136 1092 vocatum
1160 1066 1214 1092 est
1235 1070 1266 1092 »ε
1289 1058 1415 1092 scissio
1435 1067 1556 1092 autem
1571 1058 1645 1092 uni-

81 1113 145 1147 tati
163 1112 375 1158 opponitur;
397 1111 491 1145 unde
513 1120 704 1156 peccatum
726 1111 931 1146 schismatis
954 1111 1093 1153 dicitur,
1116 1112 1213 1158 quod
1235 1111 1381 1154 directe,
1404 1120 1437 1146 et
1452 1123 1514 1158 per
1532 1124 1569 1146 se
1585 1123 1645 1156 op-

81 1166 226 1212 ponitur
247 1165 391 1199 unitati:
418 1165 511 1199 sicut
537 1165 634 1198 enim
659 1165 696 1198 in
722 1165 827 1198 rebus
853 1165 1075 1199 naturalibus
1100 1165 1148 1206 id,
1175 1165 1271 1210 quod
1299 1173 1352 1199 est
1376 1176 1438 1212 per
1465 1166 1644 1207 accidens,

80 1230 154 1253 non
177 1218 361 1253 constituit
382 1218 561 1263 speciem:
587 1218 635 1252 ita
655 1218 764 1252 etiam
785 1229 852 1252 nec
875 1218 911 1252 in
933 1219 1038 1252 rebus
1061 1218 1278 1260 moralibus,
1294 1219 1329 1252 in
1349 1219 1476 1264 quibus
1495 1219 1529 1253 id
1546 1221 1644 1265 quod

81 1281 135 1306 est
154 1272 344 1313 intentum,
367 1279 419 1305 est
437 1282 499 1317 per
520 1282 577 1306 se:
598 1271 694 1317 quod
717 1280 839 1305 autem
860 1272 1020 1318 sequitur
1040 1280 1179 1318 praeter
1200 1272 1452 1314 intentionem,
1476 1281 1528 1307 est
1543 1274 1646 1319 quasi

81 1337 143 1372 per
162 1325 346 1367 accidens;
365 1333 399 1359 et
419 1325 502 1359 ideo
524 1333 714 1371 peccatum
735 1325 943 1360 schismatis
965 1326 1107 1372 proprie
1130 1334 1181 1360 est
1203 1327 1361 1372 speciale
1380 1336 1583 1372 peccatum,
1603 1340 1645 1362 ex

81 1390 125 1414 eo
144 1378 240 1425 quod
261 1379 413 1413 intendit
433 1389 470 1412 se
493 1379 535 1412 ab
559 1379 694 1413 unitate
715 1390 891 1425 separare,
911 1391 1020 1424 quam
1037 1379 1191 1414 charitas
1206 1379 1310 1422 facit;
1326 1392 1417 1426 quae
1435 1392 1509 1414 non
1524 1381 1644 1415 solum

84 1432 235 1467 alteram
256 1443 449 1478 personam
472 1431 573 1466 alteri
594 1432 671 1466 unit
691 1432 866 1478 spirituali
889 1432 1091 1467 dilectionis
1118 1433 1277 1475 vinculo,
1304 1434 1365 1467 sed
1393 1434 1502 1468 etiam
1529 1443 1644 1469 totam

83 1485 285 1520 Ecclesiam
307 1486 343 1519 in
365 1485 499 1519 unitate
521 1486 684 1531 spiritus;
707 1494 741 1520 et
762 1486 844 1520 ideo
867 1486 1010 1532 proprie
1032 1487 1255 1520 schismatici
1277 1487 1454 1528 dicuntur,
1481 1489 1541 1533 qui
1567 1500 1645 1534 pro-

83 1539 160 1585 pria
181 1547 321 1584 sponte,
343 1547 378 1572 et
397 1539 598 1573 intentione
620 1550 657 1572 se
681 1539 722 1572 ab
746 1539 881 1573 unitate
908 1539 1091 1573 Ecclesiae
1118 1548 1303 1586 separant;
1331 1552 1422 1586 quae
1450 1549 1502 1575 est
1528 1542 1645 1576 unitas

84 1591 300 1638 principalis.
323 1591 419 1625 Nam
441 1592 557 1626 unitas
579 1592 803 1637 particularis
826 1592 1030 1638 aliquorum
1054 1594 1097 1627 ad
1119 1593 1275 1627 invicem
1298 1594 1484 1628 ordinatur
1506 1595 1550 1628 ad
1572 1595 1645 1629 uni-

82 1652 193 1680 tatem
212 1644 414 1687 Ecclesiae3
437 1645 528 1679 sicut
550 1645 767 1691 compositio
782 1645 1010 1691 singulorum
1024 1646 1259 1680 nembrorum
1273 1647 1308 1680 in
1325 1658 1475 1693 corpore
1491 1648 1645 1683 naturali

83 1698 267 1732 ordinatur
290 1699 333 1732 ad
351 1698 461 1732 totius
484 1699 644 1744 corporis
667 1699 860 1733 unitatem:
880 1698 1063 1733 Ecclesiae
1087 1707 1208 1734 autem
1231 1700 1348 1734 unitas
1370 1701 1405 1734 in
1433 1701 1571 1735 duobus
1599 1711 1646 1736 at-

81 1751 256 1793 tenditur3
278 1751 432 1786 scilicet:
456 1752 492 1784 in
514 1753 712 1786 connexione
734 1753 983 1786 membrorum
1005 1752 1189 1787 Ecclesiae
1213 1753 1256 1786 ad
1278 1753 1447 1796 invicem,
1466 1766 1530 1788 seu
1549 1766 1646 1789 com-

83 1805 347 1847 municatione3
370 1813 404 1839 et
424 1805 555 1838 iterum
576 1805 612 1838 in
639 1805 751 1839 ordine
779 1806 945 1839 omnium
972 1806 1221 1840 membrorum
1248 1806 1434 1841 Ecclesiae
1461 1808 1504 1841 ad
1532 1820 1644 1842 unum

83 1866 201 1904 caput,
223 1858 422 1892 secundum
444 1858 532 1892 illud
555 1858 598 1892 ad
621 1858 702 1892 Col.
726 1868 776 1894 2.:
794 1859 935 1904 Inflatus
953 1871 1044 1893 sensu
1063 1861 1173 1894 carnis
1192 1872 1279 1902 suae,
1296 1865 1323 1894 et
1337 1873 1401 1894 non
1416 1866 1519 1896 tenens
1533 1867 1643 1908 caput,

83 1923 121 1947 ex
146 1923 208 1957 quo
236 1916 338 1946 totum
366 1918 484 1958 empus
505 1918 568 1958 par
593 1923 706 1954 nexus,
734 1917 765 1946 εἰ
790 1914 1032 1958 conjunctiones
1048 1914 1345 1956 administratum,
1361 1920 1390 1949 et
1408 1921 1644 1958 constructum,

83 1967 197 2000 olescit
222 1967 257 1999 in
283 1970 494 2019 aucmegztmn
520 1966 607 2000 Dei.-
629 1965 701 1999 hoc
729 1974 849 1999 autern
873 1974 979 2012 caput
1008 1974 1061 2000 est
1088 1966 1164 2012 ipse
1193 1967 1370 2009 Christus,
1401 1969 1500 2014 cujus
1527 1969 1645 2003 vicem

82 2019 119 2053 in
142 2018 305 2053 Ecclesia
328 2011 419 2064 gerit
440 2030 604 2052 summus
626 2018 810 2061 Pontifex3
833 2027 867 2053 et
887 2019 969 2053 ideo
992 2020 1214 2054 schismatici
1234 2021 1645 2067 dicuntur,qu1subessc

84 2080 239 2106 renuunt
256 2083 402 2106 summo
424 2072 604 2114 Pontifici,
627 2080 660 2106 et
682 2072 741 2118 qui
756 2073 927 2107 membris
941 2072 1126 2108 Ecclesiae
1142 2074 1174 2108 ei
1188 2074 1356 2120 subjectis
1372 2076 1645 2120 communicare

85 2133 262 2160 recusant.

155 2179 214 2213 AD
233 2189 382 2213 PR1MUM
398 2190 484 2224 ergo
507 2179 712 2221 dicendum,
728 2179 824 2226 quod
840 2180 969 2214 divisio
984 2180 1144 2215 hominis
1159 2192 1178 2215 a
1192 2181 1274 2215 Deo
1290 2193 1352 2228 per
1366 2190 1557 2227 peccatum
1571 2195 1645 2217 non

84 2240 137 2267 est
161 2232 298 2266 intenta
325 2244 344 2266 a
374 2240 566 2277 peccante3
597 2232 658 2266 sed
689 2240 828 2279 praeter
854 2233 1092 2268 intentionem
1120 2235 1195 2279 ejus
1219 2235 1348 2269 accidit
1375 2247 1416 2269 ex
1442 2236 1646 2271 inordinata

86 2286 324 2321 conversione
346 2286 456 2332 ipsius
479 2286 522 2320 ad
545 2286 803 2321 commutabile
821 2287 977 2330 bonum3
998 2295 1033 2321 et
1053 2287 1136 2322 ideo
1157 2299 1232 2322 non
1255 2296 1308 2323 est
1329 2289 1499 2331 schisma,
1522 2301 1586 2336 per
1605 2302 1645 2324 se

84 2338 280 2385 loquendo.

155 2393 216 2427 AD
244 2403 450 2427 SECUNDUM
481 2392 686 2435 dicendum,
713 2393 809 2439 quod
836 2405 910 2427 non
943 2394 1089 2428 obedire
1120 2395 1319 2441 praeceptis
1342 2407 1425 2429 cum
1447 2395 1643 2430 rebellione

84 2446 251 2491 quadam,
273 2446 458 2480 constituit
476 2446 680 2480 schismatis
702 2447 900 2481 rationem:
924 2448 1005 2482 dico
1036 2456 1157 2482 autem
1187 2461 1259 2483 cum
1284 2449 1465 2490 nlnllzona,
1499 2461 1581 2483 cum
1609 2458 1643 2483 et

84 2499 312 2544 pertinaciter
334 2506 538 2556 praecepta
546 2499 730 2534 Ecclesiae
754 2503 966 2542 contemnit,
984 2509 1019 2535 et
1039 2501 1213 2546 judicium
1241 2503 1315 2546 ejus
1342 2502 1459 2535 subire
1485 2511 1642 2536 recusat:

83 2552 154 2585 hoc
177 2560 298 2586 autem
320 2564 393 2586 non
407 2552 493 2586 ficit
511 2542 658 2598 quilibet
671 2561 857 2599 peccator3
880 2555 974 2588 unde
987 2566 1062 2588 non
1078 2566 1187 2588 omne
1203 2563 1393 2600 peccatum
1410 2564 1461 2588 est
1475 2555 1619 2589 schism
1614 2567 1643 2589 1.

154 2605 214 2639 Α1)
231 2615 401 2640 TERTIUM
422 2605 625 2648 dicendum,
642 2607 737 2652 quod
752 2607 924 2649 haeresis,
944 2616 978 2641 et
992 2608 1150 2641 schisma
1166 2609 1431 2650 distin<rmintur
1446 2609 1644 2642 secundum

84 2669 137 2699 ea,
156 2659 283 2704 quibus
305 2667 495 2704 utrumque
518 2671 581 2705 per
602 2671 651 2701 se,
675 2668 709 2694 et
731 2660 863 2694 directe
887 2661 1100 2707 opponitur:
1122 2673 1207 2695 nam
1230 2662 1389 2695 haeresis
1409 2672 1470 2706 per
1485 2673 1522 2695 se
1538 2673 1647 2708 oppo-

83 2711 178 2745 nitur
192 2711 290 2745 fidei:
306 2712 465 2745 schisma
477 2719 596 2746 autern
608 2724 670 2758 per
688 2725 724 2747 se
744 2714 937 2759 opponitur
959 2715 1085 2749 unitati
1105 2714 1380 2749 Ecclesiasticae
1397 2715 1580 2749 charitatis
1593 2729 1600 2757 ;
1612 2725 1646 2750 et

83 2764 166 2798 ideo
181 2765 272 2798 sicut
286 2765 384 2806 fides,
396 2773 429 2798 et
439 2765 593 2800 charitas
603 2775 685 2800 sunt
700 2760 861 2801 diversae
875 2769 1035 2810 virtutes,
1047 2769 1211 2814 quamvis
1224 2768 1440 2813 quicumque
1456 2777 1553 2803 caret
1564 2769 1644 2812 fide,

85 2825 205 2851 careat
219 2818 411 2852 charitate:
430 2819 477 2852 ita
489 2819 597 2852 etiam
612 2820 781 2862 schisma,
797 2829 831 2855 et
845 2821 1003 2855 haeresis
1025 2830 1107 2855 sunt
1123 2822 1263 2855 diversa
1277 2821 1374 2862 vitia,
1389 2822 1554 2867 quamvis
1569 2823 1646 2868 qui-

85 2882 240 2917 cumque
255 2879 308 2905 est
321 2871 534 2914 haereticus,
555 2872 600 2906 sit
621 2873 730 2907 etiarn
751 2874 1022 2917 schismaticus,
1037 2875 1099 2909 sed
1113 2885 1187 2908 non
1199 2875 1437 2909 convertitur:
1454 2875 1568 2910 ethoc
1580 2885 1644 2918 est,

231 2951 259 2977 S.
280 2951 401 2978 Tuosne
423 2953 526 2979 Summa
552 2953 710 2988 Theologica.
733 2954 795 2980 Vol.
818 2954 869 2981 111.
1465 2965 1495 2982 21
