1859 3122
211 107 297 162 834
604 115 824 151 QUAESTIO
859 114 1006 144 cxxm.
1040 113 1283 144 AR‘rchLth
1317 113 1375 142 111.

279 199 352 233 SED
375 208 528 233 CONTRA
551 204 614 238 est,
636 195 732 242 quod
754 194 890 229 Philos.
909 194 995 228 dicit
1015 193 1050 227 in
1073 204 1104 228 2.
1120 192 1235 227 Ethic.
1253 191 1340 239 (cap.
1360 193 1419 238 7.),
1435 200 1469 227 et
1487 193 1522 226 in
1544 203 1573 238 3.
1593 190 1679 238 (cap.
1694 192 1758 238 9.)‚

207 252 303 299 quod
325 250 495 285 fortitudo
518 257 571 284 est
592 251 686 283 circa
706 249 889 289 timorem,
912 255 946 281 et
967 247 1168 280 audaciam.

273 305 500 338 RESPONDEO
520 302 724 343 dicendum,
744 301 852 347 quod,
873 300 965 335 sicut
985 311 1090 346 supra
1111 299 1248 333 dictum
1262 306 1313 333 est
1329 297 1409 342 (art.
1430 310 1458 333 1.
1477 298 1544 344 huj.
1562 299 1622 344 9.),
1636 298 1678 332 ad
1692 298 1761 332 vir-

206 366 319 392 tutem
341 356 557 390 fortitudinis
578 355 731 401 pertinet
753 364 940 388 removere
959 353 1271 399 impedimentum,
1294 362 1365 397 quo
1387 351 1577 385 retrahitur
1592 351 1760 386 voluntas

207 423 226 445 a
248 410 393 456 sequela
414 409 580 444 rationis:
604 408 700 454 quod
720 415 839 441 autem
863 407 989 452 aliquis
1011 406 1211 440 retrahatur
1233 405 1274 438 ab
1298 404 1418 450 aliquo
1440 403 1587 446 difficili,
1608 404 1761 450 pertinet

206 465 249 498 ad
271 464 450 498 rationem
471 462 622 503 timoris,
645 461 705 507 qui
726 461 896 506 importat
921 470 1104 493 recessum
1131 458 1323 504 quemdam
1348 469 1367 491 a
1388 457 1486 491 malo
1513 456 1761 492 difficultatem

206 518 371 558 habente,
399 524 436 550 ut
462 527 567 562 supra
594 515 756 548 habitum
779 521 831 548 est
852 513 930 558 (1-2.
957 524 986 558 q.
1008 523 1063 557 42.
1091 517 1155 547 art.
1179 524 1206 558 3.
1234 516 1262 545 et
1283 511 1330 557 5.)
1358 522 1441 544 cum
1467 510 1511 545 de
1537 503 1762 556 passionibus

208 578 390 617 ageretur3
413 578 448 603 et
469 569 549 602 ideo
571 567 743 602 fortitudo
770 565 1013 613 principaliter
1034 573 1087 599 est
1109 565 1203 599 circa
1229 565 1378 599 timores
1405 563 1604 597 difficilium
1629 574 1761 606 rerum,

207 635 298 670 quae
320 623 500 657 retrahere
522 629 672 667 possunt
691 620 917 654 voluntatem
939 631 958 653 a
980 618 1126 664 sequela
1148 618 1312 652 rationis:
1336 624 1479 663 oportet
1500 624 1620 651 autem
1644 617 1764 662 hujus-

207 677 307 711 modi
329 675 529 710 difficilium
550 674 746 721 impulsum
767 684 842 707 non
863 672 983 706 solum
1005 672 1154 706 firmiter
1174 670 1329 705 tolerare
1355 670 1558 704 cohibendo
1579 670 1762 712 timorem,

207 731 269 765 sed
291 732 399 765 etiam
420 729 604 763 moderate
623 727 780 773 aggredi,
800 726 944 772 quando
963 725 1100 760 scilicet
1118 732 1260 770 oportet
1281 735 1323 758 ea
1345 723 1582 758 exterminare
1600 723 1644 757 ad
1665 734 1764 757 secu-

206 786 347 818 ritatem
361 784 397 817 in
411 791 595 829 posterum
612 780 838 822 habendam;
860 779 957 825 quod
972 779 1111 812 videtur
1125 778 1301 824 pertinere
1321 777 1364 811 ad
1381 778 1560 811 rationem
1579 775 1762 818 audaciae3

207 846 242 872 et
261 838 343 871 ideo
365 836 537 870 fortitudo
559 843 612 869 est
633 834 728 868 circa
749 833 910 875 timores,
933 840 967 867 et
988 831 1167 873 audacias,
1183 830 1284 877 quasi
1303 830 1498 865 cohibitiva
1519 830 1706 872 timorum,
1727 837 1764 864 et

208 891 439 925 audaciarum
461 888 696 923 moderativa.

277 944 336 977 AD
355 953 503 977 PRIMUM
525 952 611 987 ergo
634 939 839 981 dicendum,
859 938 955 985 quod
977 938 1088 983 Greg.
1109 937 1158 971 ibi
1178 936 1337 983 loquitur
1359 937 1402 971 de
1422 935 1631 970 fortitudine
1651 937 1761 982 justo-

206 1008 298 1038 rum,
320 996 519 1031 secundum
541 994 637 1040 quod
660 992 903 1028 communiter
921 1003 958 1026 se
980 991 1088 1025 habet
1109 991 1152 1024 ad
1175 1001 1324 1025 omnem
1342 990 1530 1031 virtutem3
1550 988 1644 1023 unde
1665 999 1763 1035 prae-

206 1050 314 1084 mittit
334 1049 512 1096 quaedam
534 1047 747 1094 pertinentia
769 1046 811 1079 ad
830 1044 1118 1091 temperantiam,
1137 1052 1175 1077 ut
1197 1044 1333 1077 dictum
1355 1051 1425 1085 est3
1449 1050 1483 1077 et
1503 1042 1622 1077 subdit
1642 1042 1685 1076 de
1705 1041 1762 1076 his

206 1115 295 1150 quae
317 1103 494 1150 pertinent
514 1101 657 1148 proprie
685 1100 728 1134 ad
754 1099 1012 1140 fortitudinem,
1036 1098 1235 1132 secundum
1257 1096 1354 1143 quod
1376 1104 1429 1131 est
1454 1095 1619 1143 specialis
1639 1095 1762 1140 virtus,

206 1159 346 1192 dicens:
373 1170 390 1188 α
411 1157 517 1201 hujus
539 1154 664 1188 mundi
686 1164 810 1200 aspera
832 1164 896 1199 pro
920 1151 1073 1186 aeternis
1094 1150 1263 1197 praemiis
1286 1160 1407 1184 amare
1429 1163 1460 1183 ».

277 1211 336 1245 AD
359 1219 565 1245 SECUNDUM
584 1207 789 1248 dicendum,
809 1206 904 1252 quod
924 1216 978 1239 res
1000 1203 1236 1251 periculosae,
1253 1211 1286 1237 et
1304 1211 1403 1237 actus
1425 1201 1597 1236 laboriosi
1617 1212 1691 1236 non
1712 1212 1762 1236 re-

205 1264 350 1298 trahunt
370 1263 595 1297 voluntatem
618 1272 636 1294 a
662 1260 720 1293 via
741 1259 901 1300 rationis,
919 1258 987 1292 nisi
1005 1258 1217 1303 inquantum
1239 1257 1428 1298 timentur3
1451 1263 1485 1289 et
1504 1255 1588 1289 ideo
1610 1262 1762 1301 oportet,

206 1317 302 1364 quod
324 1316 494 1350 fortitudo
504 1315 555 1349 sit
568 1313 778 1347 immediate
793 1312 888 1345 circa
901 1311 1063 1352 timores,
1082 1318 1116 1344 et
1135 1310 1320 1351 audacias3
1338 1308 1494 1343 mediate
1520 1317 1641 1342 autem
1667 1308 1761 1342 circa

207 1370 377 1418 pericula,
400 1377 434 1403 et
454 1368 606 1408 labores,
628 1366 720 1400 sicut
741 1365 882 1411 objecta
903 1363 1168 1410 praedictarum
1189 1362 1410 1408 passionum.

278 1424 338 1458 AD
354 1432 525 1457 TERTIUM
544 1420 748 1461 dicendum,
768 1418 864 1464 quod
884 1428 963 1464 spes
979 1417 1172 1463 opponitur
1191 1416 1314 1450 timori
1332 1427 1374 1449 ex
1388 1423 1487 1461 parte
1509 1415 1661 1461 objecti3
1679 1414 1763 1461 quia

210 1488 290 1524 spes
313 1485 365 1510 est
386 1476 429 1510 de
451 1476 560 1516 bono,
581 1474 691 1508 timor
721 1473 763 1506 de
794 1471 911 1505 malo:
936 1471 1084 1504 audacia
1107 1477 1227 1503 autem
1254 1477 1307 1503 est
1336 1469 1430 1502 circa
1452 1468 1548 1502 idem
1569 1468 1763 1513 objectum,
1788 1498 1791 1499 ⁷

210 1540 244 1566 et
266 1532 459 1577 opponitur
480 1528 603 1563 timori
636 1526 836 1562 secundum
863 1535 1062 1565 accessum,
1084 1531 1119 1557 et
1138 1534 1334 1564 recessum,
1363 1530 1402 1556 ut
1422 1532 1528 1567 supra
1549 1521 1685 1555 dictum
1711 1528 1765 1556 est

208 1586 286 1630 (1-2.
317 1597 346 1630 q.
369 1595 417 1629 45.
440 1588 504 1616 art.
526 1581 592 1626 1.)‚·
617 1589 651 1614 et
684 1581 767 1626 quia
799 1577 970 1612 fortitudo
1004 1576 1146 1623 proprie
1180 1575 1323 1621 respicit
1352 1574 1567 1621 temporalia
1591 1574 1688 1609 mala
1713 1585 1764 1609 re-

206 1637 384 1672 trahentia
407 1647 426 1670 a
448 1636 588 1676 virtute,
611 1642 648 1668 ut
666 1641 763 1680 patet
783 1643 845 1678 per
867 1630 1114 1665 definitionem
1138 1628 1249 1663 Tullii
1273 1629 1341 1673 (cit.
1360 1630 1395 1662 in
1416 1639 1486 1674 arg.
1512 1629 1572 1673 2.)‚
1594 1628 1677 1662 inde
1699 1635 1762 1670 est,

206 1691 303 1737 quod
318 1690 489 1724 fortitudo
505 1689 646 1735 proprie
666 1695 718 1721 est
737 1686 831 1720 circa
845 1685 1026 1725 timorem,
1046 1691 1080 1717 et
1095 1683 1302 1724 audaciam;
1317 1693 1391 1716 non
1406 1690 1526 1716 autem
1541 1681 1636 1715 circa
1650 1692 1763 1727 spem,

207 1745 275 1780 nisi
296 1745 509 1790 inquantum
532 1741 758 1776 connectitur
780 1738 963 1779 audaciae,
978 1745 1016 1771 ut
1034 1747 1139 1782 supra
1160 1736 1324 1770 habiturn
1347 1743 1400 1769 est
1422 1735 1497 1780 (1-2.
1513 1746 1542 1781 q.
1557 1745 1606 1781 45.
1622 1739 1686 1770 art.
1701 1734 1761 1779 2.).

757 1855 1100 1901 ARTICULUS
1129 1855 1205 1897 IV.
1690 1863 1759 1901 520

316 1957 467 1987 UTRUM
498 1954 757 1985 FORTITUDO
791 1954 858 1984 SIT
892 1952 1039 1981 SOLUM
1072 1951 1201 1981 ctRCA
1232 1950 1445 1980 PERICULA
1476 1949 1652 1980 MORTls.

482 2031 585 2077 (Injr.
608 2036 672 2065 art.
696 2042 741 2065 11.
763 2034 792 2064 εἰ
812 2040 862 2064 12.
885 2034 912 2064 et
930 2040 957 2074 3.
980 2029 1069 2062 Dist.
1087 2039 1131 2073 33.
1153 2039 1184 2072 q.
1205 2038 1236 2061 2.
1258 2031 1323 2060 art.
1342 2038 1369 2072 3.
1392 2025 1434 2060 ad
1455 2026 1488 2061 6.

577 2089 605 2118 εἰ
630 2084 713 2118 Γῐνί.
736 2094 765 2128 q.
791 2092 819 2116 1.
842 2087 905 2116 art.
928 2093 978 2117 12.
1000 2086 1029 2116 et
1045 2093 1073 2128 3.
1097 2080 1204 2115 Ethic.
1227 2080 1297 2114 lact.
1319 2080 1398 2124 18.)-
1429 2081 1435 2085 '

279 2171 338 2205 AD
361 2178 548 2208 QUARTUM
567 2168 617 2202 sic
639 2166 854 2213 proceditur.
876 2164 1038 2206 Videtur,
1061 2163 1156 2209 quod
1178 2162 1349 2197 fortitudo
1371 2173 1445 2196 non
1467 2161 1586 2196 solum
1607 2161 1652 2196 sit
1669 2161 1762 2196 circa

209 2222 369 2271 pericula
401 2222 545 2256 mortis:
569 2220 655 2254 dicit
676 2219 771 2253 enim
794 2218 985 2264 Augustin.
1011 2218 1047 2251 in
1069 2217 1128 2250 lib.
1151 2217 1193 2250 de
1214 2216 1307 2250 Mor.
1329 2214 1426 2249 Eccl.
1465 2215 1552 2262 (cap.
1578 2215 1640 2261 15.)
1667 2214 1761 2261 quod

208 2277 378 2312 fortitudo
402 2284 454 2310 est
477 2286 579 2308 amor
600 2273 704 2308 facile
718 2273 874 2307 tolerans
897 2271 1020 2305 omnia
1034 2278 1177 2317 propter
1191 2270 1224 2303 id
1239 2269 1334 2315 quod
1351 2277 1509 2311 amatur;
1529 2275 1562 2302 et
1578 2268 1614 2301 in
1633 2266 1664 2302 6.
1683 2268 1762 2302 Mu—

207 2332 302 2366 sicae
327 2330 412 2376 (cczp.
434 2329 495 2374 15.)
527 2327 621 2368 dicit,
653 2327 748 2372 quod
779 2324 949 2359 fortitudo
981 2332 1032 2358 est
1063 2322 1217 2365 affectio,
1247 2334 1338 2368 quae
1372 2321 1488 2356 nullas
1520 2321 1762 2363 adversitates,

208 2393 407 2419 mortemve
438 2381 620 2422 for1nidat3
656 2390 742 2424 ergo
772 2377 943 2412 fortitudo
970 2388 1043 2411 non
1071 2385 1121 2411 est
1155 2375 1274 2410 solum
1309 2375 1404 2409 circa
1433 2373 1590 2421 pericula
1625 2375 1762 2416 mortis,

207 2438 268 2472 sed
291 2437 399 2471 etiam
423 2436 515 2469 circa
539 2433 661 2468 omnia
684 2431 752 2466 alia
775 2432 933 2465 adversa.

280 2501 310 2524 2.
326 2491 562 2524 PRAETEREA.
580 2486 736 2532 Oportet
757 2495 884 2518 omnes
906 2483 1090 2529 passiones
1109 2482 1250 2516 animae
1271 2492 1334 2527 per
1353 2480 1509 2526 aliquam
1527 2479 1696 2514 virtutem
1718 2479 1760 2513 ad

209 2544 370 2578 medium
392 2542 532 2576 reduci:
556 2540 618 2574 sed
639 2549 713 2573 non
741 2545 792 2572 est
825 2537 908 2570 dare
939 2536 1097 2581 aliquam
1127 2535 1235 2569 aliam
1262 2534 1430 2568 virtutem
1459 2533 1691 2567 reducentem
1719 2533 1762 2566 ad

209 2597 368 2630 medium
393 2595 482 2628 alios
503 2593 671 2632 timores;
694 2601 780 2635 ergo
807 2588 978 2622 fortitudo
1005 2599 1078 2621 non
1106 2587 1224 2622 solum
1251 2595 1304 2621 est
1331 2586 1425 2620 circa
1450 2586 1598 2620 timores
1625 2584 1762 2626 mortis,

209 2650 270 2684 scd
293 2651 402 2683 etiam
425 2648 518 2681 circa
543 2646 631 2679 alios
653 2644 812 2678 timores.

284 2697 684 2748 3.P1<An·r1=.R12A.Nulla
698 2697 809 2730 virtus
828 2702 881 2728 est
900 2694 935 2727 in
959 2694 1141 2728 extremis:
1164 2693 1224 2727 sed
1247 2693 1356 2727 timor
1377 2692 1502 2726 mortis
1524 2699 1575 2725 est
1596 2691 1631 2724 in
1653 2698 1762 2724 extre-

210 2756 289 2797 mis,
311 2756 393 2801 quia
416 2762 468 2788 est
490 2753 667 2787 maximus
688 2751 873 2790 timorum,
895 2755 932 2781 ut
954 2747 1081 2780 dicitur
1102 2747 1137 2781 in
1160 2758 1187 2792 3.
1203 2746 1318 2781 Ethic.
1344 2745 1431 2792 (cap.
1455 2745 1518 2790 6.);
1542 2755 1628 2790 ergo
1650 2745 1761 2778 virtus

209 2808 425 2844 fortitudinis
447 2818 520 2842 non
543 2814 594 2840 est
616 2805 710 2840 circa
731 2803 880 2838 timores
902 2799 1037 2834 mortis.
