1859 3122
437 204 657 240 QUAESTIO
693 204 929 234 CLXXXVIII.
963 204 1207 234 ARTICULUS
1241 204 1313 233 V11.
1542 192 1647 246 1263

91 285 195 326 vitiis,
222 295 296 318 non
326 294 595 331 consequuntur
621 286 687 320 nisi
714 287 937 320 abundantes
964 285 1123 320 divitias:
1152 284 1270 319 differt
1295 292 1418 318 tamen
1445 284 1540 318 circa
1565 284 1652 325 hoc,

93 346 210 371 utrum
238 338 382 372 divitiae
409 339 640 380 abundantes,
664 339 720 373 vel
747 339 955 373 moderatae
982 339 1018 372 in
1045 338 1203 384 proprio,
1225 337 1283 372 vel
1310 338 1345 372 in
1374 337 1563 372 communi
1588 337 1650 371 ha-

90 392 255 426 beantur:
278 403 362 426 nam
385 392 589 433 solicitudo,
612 403 703 438 quae
726 393 821 427 circa
842 392 1004 438 proprias
1031 392 1172 426 divitias
1199 391 1400 432 adhibetur,
1426 391 1579 437 pertinet
1608 390 1650 424 ad

89 456 253 478 amorem
276 445 466 490 privatum,
485 457 557 491 quo
579 446 658 491 quis
680 457 716 480 se
738 445 988 491 temporaliter
1003 453 1116 478 amat:
1140 445 1201 479 sed
1220 444 1425 486 solicitudo,
1441 455 1531 490 quae
1551 443 1651 477 adhi-

90 498 190 532 betur
212 498 306 532 circa
329 509 384 532 rcs
406 509 632 540 communes,
655 499 808 544 pertinet
830 498 872 532 ad
895 509 1060 532 amorem
1089 498 1284 540 charitatis,
1306 509 1398 544 quae
1419 510 1485 531 non
1507 499 1651 542 quaerit,

89 562 171 596 quaet
191 563 249 584 sim
270 556 355 593 sunt,
378 552 439 585 sed
463 552 717 585 communibus
736 552 905 586 intendit:
925 560 959 586 et
973 553 1055 598 quia
1076 551 1204 597 religio
1224 551 1266 585 ad
1290 550 1550 597 perfectionem
1571 550 1652 584 cha-

90 603 201 637 ritatis
224 604 420 646 ordinatur,
443 616 549 650 quam
573 604 710 650 perficit
731 617 827 639 amor
847 606 912 640 Dei
935 617 1031 651 usque
1052 605 1094 639 ad
1115 609 1332 651 contemptum
1353 606 1414 646 sui,
1434 604 1568 638 habere
1591 603 1650 637 ali-

89 657 171 702 quid
194 657 379 702 proprium
401 657 612 703 perfectioni
631 667 805 703 repugnat
827 657 1030 704 religionis:
1054 658 1115 692 sed
1137 657 1342 700 solicitudo,
1358 668 1449 703 quae
1466 656 1653 691 adhibetur

89 710 184 743 circa
205 709 300 744 bona
323 711 544 752 communia,
567 711 744 756 pertinere
772 718 890 757 potest
917 712 959 745 ad
987 711 1220 745 charitatem:
1249 710 1333 744 licet
1360 711 1469 745 etiam
1495 721 1558 756 per
1578 709 1649 743 hoc

89 763 253 808 impediri
275 763 388 809 possit
409 763 537 809 aliquis
565 763 671 798 altior
693 764 875 798 charitatis
899 773 1009 806 actus,
1037 773 1122 810 puta
1149 763 1469 810 contemplationis
1496 763 1652 804 divinae,

89 824 149 850 aut
170 816 415 850 instructionis·
438 817 709 862 proximorum,
737 829 778 851 ex
805 829 876 863 quo
899 825 1006 863 patet,
1035 817 1131 863 quod
1157 818 1290 851 habere
1316 816 1649 862 superabundantes

88 869 228 903 divitias
251 869 286 903 in
309 870 508 912 communi,
531 871 605 904 sive
628 871 663 904 in
686 871 790 904 rebus
812 870 1018 913 mobilibus,
1041 871 1115 904 sive
1136 870 1173 904 in
1194 870 1453 912 immobilibus,
1469 878 1521 904 est
1542 870 1654 915 impe-

88 923 290 957 dimentum
311 923 559 970 perfectionis:
588 923 673 958 licet
698 935 772 958 non
799 924 958 958 totaliter
985 924 1152 958 excludat
1177 935 1275 958 eam:
1304 923 1436 957 habere
1465 931 1586 957 autem
1608 923 1652 956 de

87 976 191 1010 rebus
213 977 446 1011 exterioribus
473 977 509 1010 in
537 977 736 1019 communi,
758 977 832 1011 sive
860 977 1065 1019 mobilibus,
1093 977 1167 1011 sive
1194 976 1453 1017 immobilibus,
1476 983 1650 1021 quantum

87 1028 216 1064 sufficit
238 1029 281 1063 ad
303 1029 507 1076 simplicem
530 1031 677 1071 victum,
700 1029 962 1076 perfectionem
983 1030 1171 1076 religionis
1197 1041 1272 1063 non
1298 1030 1460 1075 impedit,
1484 1031 1513 1063 si
1536 1029 1654 1063 consi-

87 1082 229 1117 deretur
246 1091 434 1129 paupertas
457 1095 520 1129 per
541 1083 854 1129 comparationem
877 1083 920 1117 ad
943 1094 1181 1117 communem
1203 1082 1313 1116 finem
1334 1082 1567 1128 religionum,
1587 1082 1647 1128 qui

88 1144 140 1170 est
159 1147 290 1170 vacare
313 1136 441 1170 divinis
463 1136 655 1181 obsequiis.

159 1188 198 1223 Si
219 1197 340 1223 autem
362 1189 608 1223 consideretur
629 1200 692 1234 per
713 1189 1027 1235 comparationem
1050 1190 1093 1223 ad
1116 1188 1291 1235 speciales
1310 1188 1399 1223 fines
1418 1188 1650 1234 religionum,

88 1242 149 1284 sic,
170 1241 442 1288 praesupposito
464 1241 527 1275 tali
547 1241 629 1283 fine,
651 1251 840 1288 paupertas
863 1243 992 1287 major,
1015 1243 1071 1277 vel
1094 1243 1215 1276 minor
1237 1250 1291 1276 est
1313 1241 1481 1288 religioni
1508 1253 1654 1276 accom-

87 1294 218 1329 moda:
247 1302 281 1328 et
304 1302 405 1328 tanto
432 1294 496 1328 erit
522 1306 759 1341 unaquaeque
785 1295 913 1341 religio
940 1295 1143 1329 secundum
1170 1303 1420 1341 paupertatem
1447 1294 1650 1340 perfectior,

87 1355 221 1393 quanto
242 1347 352 1382 habet
372 1356 621 1394 paupertatem
643 1349 759 1394 magis
786 1349 1100 1394 proportionatam
1127 1360 1194 1383 suo
1221 1348 1308 1382 fini:
1336 1348 1570 1382 manifestum
1597 1357 1651 1382 est

87 1401 196 1442 enim,
218 1400 314 1446 quod
330 1401 372 1434 ad
388 1401 576 1442 exteriora,
596 1409 630 1435 et
648 1401 852 1447 corporalia
874 1413 984 1447 opera
997 1402 1092 1436 vitae
1108 1403 1245 1436 activae
1260 1401 1398 1447 indiget
1414 1401 1529 1435 homo
1546 1401 1652 1447 copia

87 1454 306 1488 exteriorum
339 1465 478 1488 rerum:
512 1454 555 1487 ad
591 1454 938 1500 contemplationem
973 1463 1095 1489 autern
1125 1455 1523 1500 pauca⁴requiruntur3
1557 1455 1653 1489 unde

89 1506 225 1541 Philos.
253 1507 339 1541 dicit
364 1507 400 1541 in
431 1518 482 1542 10.
510 1507 624 1542 Ethic.
650 1508 736 1554 (cap.
759 1509 821 1550 8.),
845 1508 941 1554 quod
972 1509 1052 1542 «ad
1079 1508 1240 1542 actiones
1267 1507 1389 1542 multis
1417 1519 1508 1553 opus
1530 1515 1593 1549 est,
1616 1515 1651 1541 et

88 1568 223 1606 quanto
246 1560 367 1605 utique
390 1561 544 1604 majores
571 1568 664 1601 sunt,
692 1572 732 1594 ac
760 1560 941 1602 meliores,
968 1561 1147 1607 pluribus:
1175 1560 1379 1607 speculanti
1405 1569 1526 1595 autem
1551 1559 1651 1594 nulla

87 1613 213 1647 talium
236 1613 279 1646 ad
302 1614 552 1659 operationem
574 1624 627 1647 est
647 1614 853 1655 necessitas,
875 1614 936 1648 sed
958 1614 1046 1648 solis
1068 1614 1279 1648 necessariis
1297 1613 1456 1659 indiget:
1477 1613 1547 1647 alia
1565 1624 1653 1647 vero

87 1667 346 1713 impedimenta
369 1675 451 1701 sunt
472 1667 515 1701 ad
538 1666 825 1713 speculationem
843 1679 884 1709 »3
906 1667 956 1711 sic
980 1678 1067 1713 ergo
1089 1675 1196 1714 patet,
1215 1667 1312 1713 quod
1330 1667 1472 1713 religio,
1488 1677 1579 1713 quae
1599 1678 1652 1700 or-

87 1720 228 1754 dinatur
260 1720 304 1753 ad
339 1721 499 1754 actiones
530 1720 737 1766 corporales
765 1721 903 1754 activae
930 1720 1036 1763 vitae,
1063 1729 1148 1766 puta
1175 1721 1219 1754 ad
1246 1719 1491 1762 militandum,
1518 1719 1576 1754 vel
1603 1721 1646 1754 ad

86 1773 373 1818 hospitalitatem
402 1773 624 1815 sectandam,
646 1772 858 1819 imperfecta
880 1781 984 1815 esset,
1006 1773 1036 1808 si
1058 1774 1313 1808 communibus
1341 1782 1478 1807 careret
1500 1773 1651 1807 divitiis:

86 1826 282 1872 religiones
310 1834 442 1868 autem,
469 1837 560 1872 quae
588 1826 631 1860 ad
659 1826 983 1871 contemplativam
1009 1826 1121 1861 vitam
1148 1827 1372 1868 ordinantur,
1399 1834 1500 1860 tanto
1535 1825 1651 1872 perfe-

88 1880 218 1913 ctiores
245 1887 338 1920 sunt,
360 1888 495 1925 quanto
523 1891 646 1914 earum
673 1888 863 1926 paupertas
890 1880 1073 1914 minorem
1100 1880 1150 1914 eis
1177 1879 1445 1914 solicitudinem
1475 1888 1654 1926 tempora-

87 1932 176 1966 lium
197 1933 348 1977 ingerit:
370 1940 471 1966 tanto
495 1940 615 1966 autem
636 1932 828 1966 solicitudo
850 1933 1107 1978 temporalium
1134 1945 1256 1968 rerum
1283 1928 1399 1980 magis
1426 1933 1577 1979 impedit
1598 1944 1648 1967 re-

87 1985 276 2032 ligionem,
298 1993 433 2031 quanto
456 1985 648 2020 solicitudo
664 1985 901 2032 spiritualium
923 1987 1041 2031 major
1055 1987 1099 2020 ad
1117 1986 1333 2032 religionem
1348 1987 1549 2033 requiritur.
1577 1987 1653 2019 Ma-

87 2038 258 2073 nifestum
284 2046 337 2072 est
363 2046 494 2080 autem,
522 2039 618 2084 quod
644 2040 823 2084 majorem
850 2039 1120 2074 solicitudinem
1146 2039 1387 2085 spiritualium
1414 2040 1561 2086 requirit
1594 2051 1646 2073 re-

87 2091 188 2137 ligio,
216 2102 307 2137 quae
329 2099 382 2125 est
401 2091 562 2125 instituta
584 2092 626 2125 ad
650 2091 983 2138 contemplandum,
1005 2101 1040 2127 et
1064 2092 1309 2139 contemplata
1333 2093 1411 2127 aliis
1433 2092 1650 2127 tradendum

88 2156 150 2190 per
171 2145 384 2187 doctrinam,
407 2152 441 2178 et
462 2145 782 2190 praedicationem,
804 2157 913 2191 quam
933 2145 1006 2188 illa,
1029 2157 1121 2192 quae
1151 2155 1204 2181 est
1228 2147 1390 2181 instituta
1416 2147 1460 2180 ad
1488 2154 1648 2181 contem-

88 2198 261 2243 plandum
287 2205 446 2240 tantum,
475 2197 569 2232 unde
596 2197 706 2232 talem
733 2197 948 2243 religionem
976 2199 1080 2233 decet
1099 2208 1290 2246 paupertas
1312 2199 1404 2242 talis,
1427 2211 1519 2246 quae
1546 2200 1647 2233 mini-

89 2262 188 2284 mam
210 2250 477 2285 solicitudinem
498 2251 648 2296 ingerat.
676 2250 908 2286 Manifestum
930 2261 984 2286 est
1006 2260 1139 2295 autem,
1162 2253 1259 2299 quod
1280 2253 1473 2287 minimam
1492 2252 1651 2287 solicitu-

89 2305 209 2339 dinem
237 2304 378 2350 ingerit,
406 2315 621 2338 conservare
647 2315 702 2338 res
730 2305 808 2338 usui
832 2305 1027 2339 hominum
1053 2307 1274 2340 necessarias
1295 2315 1460 2352 tempore
1483 2317 1647 2352 congruo

89 2365 324 2404 procuratas,
352 2365 387 2391 et
411 2357 494 2391 ideo
521 2358 631 2391 tribus
659 2358 826 2403 gradibus
846 2357 1071 2404 religionum
1097 2359 1333 2405 suprapositis
1361 2359 1483 2405 triplex
1517 2359 1649 2404 gradus

88 2410 305 2456 paupertatis
327 2410 518 2456 competit:
540 2421 626 2444 nam
647 2411 711 2444 illis
737 2410 987 2456 religionibus,
1008 2423 1099 2457 quae
1127 2412 1336 2446 ordinantur
1363 2412 1407 2446 ad
1435 2411 1643 2458 corporales·

90 2463 251 2497 actiones
269 2463 406 2497 activae
422 2463 527 2504 vitae,
543 2464 715 2509 competit
732 2464 864 2498 habere
880 2465 1137 2498 abundantiam
1153 2465 1358 2499 divitiarum
1377 2465 1649 2499 communium:

89 2517 153 2550 illis
175 2524 296 2550 autem
318 2515 551 2561 religionibus
573 2527 664 2562 quae
685 2526 767 2551 sunt
788 2517 974 2552 ordinatae
997 2517 1041 2551 ad
1064 2517 1398 2564 contemplandum,
1414 2519 1530 2563 magis
1550 2529 1649 2552 com-

90 2569 177 2615 petit
197 2569 330 2603 habere
352 2571 597 2615 possessiones
619 2570 841 2605 moderatas:
864 2571 932 2605 nisi
954 2570 1062 2604 simul
1084 2579 1249 2617 oporteat
1269 2570 1360 2605 tales
1379 2570 1570 2616 religiosos
1588 2583 1651 2617 per

91 2633 139 2664 se,
159 2622 217 2656 vel
239 2633 302 2668 per
323 2621 412 2656 alios
433 2622 717 2667 hospitalitatem
737 2631 870 2666 tenere,
893 2632 928 2658 et
948 2624 1162 2670 pauperibus
1184 2624 1393 2658 subvenire:
1421 2624 1487 2658 illis
1516 2632 1650 2666 autem,

91 2687 182 2721 quae
196 2675 406 2709 ordinantur
420 2675 463 2708 ad
479 2675 724 2722 contemplata
739 2676 817 2711 aliis
830 2677 1015 2719 tradenda,
1032 2677 1206 2723 competit
1218 2677 1332 2711 vitam
1346 2677 1480 2712 habere
1492 2678 1652 2711 maxime

92 2729 133 2762 ab
157 2728 390 2762 exterioribus
409 2727 693 2763 solicitudinibus
712 2730 934 2776 expeditam3
954 2731 1051 2776 quod
1070 2731 1215 2776 quidem
1229 2729 1279 2772 fit,
1298 2730 1384 2764 dum
1399 2731 1543 2764 modica
1558 2742 1649 2776 quae

91 2789 172 2815 sunt
193 2781 396 2815 necessaria
417 2781 523 2823 vitae,
546 2793 708 2828 congruo
729 2791 894 2829 tempore
916 2791 1107 2829 procurata
1131 2791 1408 2818 conservantur:
1432 2792 1467 2817 et
1486 2784 1558 2818 hoc
1578 2784 1651 2817 Do-

92 2834 210 2867 minus
232 2834 451 2879 paupertatis
471 2834 652 2869 institutor
672 2836 794 2870 docuit
812 2848 877 2870 suo
894 2836 1081 2882 exemplo:
1099 2836 1253 2870 habebat
1270 2836 1366 2870 enim
1384 2836 1526 2871 loculos
1536 2836 1650 2881 Judae

94 2887 322 2929 commissos,
351 2887 386 2920 in
415 2887 543 2933 quibus
578 2888 866 2923 recondebantur
895 2890 927 2923 ei
954 2889 1085 2932 oblata,
1114 2897 1152 2923 ut
1178 2889 1330 2924 habetur
1353 2889 1456 2934 Joan.
1489 2900 1541 2924 12.
1571 2889 1649 2924 Nec
