1859 3122
517 174 738 210 QUAESTIO
773 173 979 204 CLXXXIX.
1013 172 1258 204 ARTICULUS
1290 172 1332 201 X.
1595 158 1701 214 1285

134 256 181 290 ibi
203 257 370 301 juventus
384 255 509 298 multa,
532 264 566 290 ct
580 257 698 290 omnis
717 265 825 298 aetas,
848 263 882 290 et
904 266 1030 302 graves
1050 255 1192 297 viduae,
1214 262 1249 288 et
1269 253 1427 300 virgines
1446 263 1546 287 anus.
1567 251 1612 287 Et
1629 252 1702 286 irri-

133 309 237 343 debat
259 320 317 343 me
339 310 502 344 irrisione
525 310 780 351 exhortatoria,
801 310 902 356 quasi
924 309 1076 343 diceret:
1101 307 1159 342 Tu
1181 319 1254 342 non
1276 307 1422 354 poteris,
1444 306 1541 353 quod
1563 305 1632 348 isti,
1661 313 1696 340 et

132 362 246 396 istae?
270 363 327 396 An
350 363 417 405 isti,
440 372 474 397 et
506 363 594 398 istae
617 364 651 397 in
681 363 882 409 semetipsis
905 370 1065 409 possunt,
1096 371 1129 396 et
1151 373 1224 396 non
1246 361 1282 395 in
1309 360 1472 395 Domino
1495 360 1576 394 Deo
1600 359 1695 395 suo?

135 415 232 457 Quid
255 417 290 450 in
312 425 345 450 te
367 418 450 458 stas,
473 425 507 451 et
536 428 609 450 non
631 416 728 451 stas?
756 417 891 462 projice
914 425 947 451 te
970 417 1005 450 in
1033 427 1134 450 eum:
1163 414 1239 449 noli
1257 422 1438 449 metuere:
1461 424 1534 448 non
1556 424 1595 448 se
1616 412 1695 448 sub—

131 469 260 511 trahet,
287 478 324 503 ut
346 470 470 504 cadas:
494 470 629 515 projice
651 478 685 504 te
708 481 866 511 securus,
888 470 1019 516 exipiet
1039 477 1084 510 te,
1108 477 1142 502 et
1163 468 1303 503 sanabit
1323 476 1358 502 te
1381 481 1412 501 ».

203 522 418 568 Exemplum
442 532 562 557 autem
581 523 667 556 illud
691 523 786 568 quod
802 523 980 556 inducitur
994 523 1037 556 de
1052 522 1180 564 David,
1196 533 1269 556 non
1284 520 1369 556 facit
1384 521 1427 555 ad
1441 521 1671 567 propositum
1688 532 1696 562 ;

133 575 215 621 quia
242 571 339 610 firma
368 576 486 617 Saulis,
515 577 607 610 sicut
636 575 769 610 Glossa
801 576 924 620 (interl.
949 582 1019 621 sup.
1047 575 1128 609 illud
1154 587 1180 610 I.
1205 576 1280 619 Reg.
1302 586 1373 621 17..·
1400 575 1443 609 Et
1469 574 1615 621 deposuit
1641 573 1699 618 ea)

131 628 228 669 dicit,
246 637 360 662 «sunt
381 628 469 674 legis
492 637 730 670 sacramenta,
745 637 932 674 tamquam
955 628 1143 662 onerantia
1157 639 1196 661 »ι
1219 627 1348 673 religio
1364 636 1486 662 autem
1510 634 1562 662 est
1584 638 1694 662 suave

131 681 257 727 jugum
280 681 432 724 Christi3
449 684 543 728 quia,
566 691 603 716 ut
627 682 826 727 Gregorius
849 682 935 716 dicit
952 682 987 716 in
1009 692 1041 724 4.
1072 681 1200 716 Moral.
1226 682 1313 728 (cap.
1337 682 1421 728 30),
1445 696 1462 714 «
1477 681 1563 728 quid
1585 692 1694 726 grave

131 735 261 768 mentis
280 744 423 769 nostrae
445 736 644 769 cervicibus
665 735 830 781 imponit,
853 735 914 781 qui
940 735 1043 769 vitari
1065 745 1174 768 omne
1197 735 1412 769 desiderium
1436 734 1533 781 quod
1561 741 1697 781 pertur-

131 788 201 830 bat,
222 789 405 834 praecipit,
429 788 488 834 qui
519 788 691 822 declinari
721 787 903 822 laboriosa
930 788 1054 822 mundi
1076 788 1182 833 hujus
1212 788 1341 823 itinera
1363 788 1551 823 monet?»
1585 787 1697 829 Quod

132 841 277 887 quidem
292 853 401 875 suave
422 843 547 887 jugum
564 853 670 888 super
691 853 728 876 se
742 841 950 876 tollentibus
964 840 1201 876 refectionem
1220 841 1361 876 divinae
1375 841 1554 876 fruitionis
1575 851 1695 887 repro-

132 895 251 937 mittit,
273 903 307 929 et
329 896 586 941 sempiternam
616 895 777 941 requiem
801 895 1023 929 animarum:
1047 895 1090 928 ad
1113 906 1222 940 quam
1254 906 1321 929 nos
1343 895 1515 941 perducat
1535 895 1611 942 ipse
1641 894 1703 940 qui

131 949 307 994 promisit,
328 948 436 993 Jsssus
469 948 635 983 Christus
659 949 841 983 Dominus
863 957 996 990 noster,
1024 948 1084 994 qui
1114 956 1167 982 est
1196 959 1303 994 super
1331 948 1453 983 omnia
1475 949 1574 983 Deus
1594 948 1700 983 bene-

133 1002 249 1036 dictus
270 1002 307 1036 in
327 1002 483 1037 saecula.
513 1002 644 1036 Amen.

452 1656 575 1690 FINIS
601 1655 870 1690 SECUNDAE
895 1655 1164 1690 SECUNDAE
1187 1655 1380 1690 PARTIS.

279 2951 307 2979 S.
328 2952 450 2979 Tammss
471 2952 575 2980 Summa
599 2953 759 2991 Theologica.
779 2954 845 2982 Vol.
866 2954 919 2982 ΙΙΙ.
1519 2957 1551 2983 82
