1859 3122
477 166 698 202 QUAESTIO
733 165 847 195 LXIX.
882 164 1125 195 ARTICULUS
1158 165 1185 193 1.
1522 163 1604 205 507

121 249 194 283 SED
222 257 388 283 CONTRA.
412 247 534 282 Omne
569 247 663 293 quod
686 255 739 281 est
761 246 980 280 contrarium
1008 245 1149 279 divinae
1171 244 1320 289 gloriae,
1343 252 1395 278 est
1415 251 1605 290 peccatum

50 302 218 344 mortale;
241 301 322 347 quia
345 312 386 334 cx
410 309 600 346 praecepto
636 308 799 334 tenemur
832 301 945 334 omnia
974 301 1009 333 in
1034 299 1177 343 gloriam
1201 298 1404 344 Duisczcere,
1440 305 1477 331 ut
1510 304 1606 342 patet

55 367 81 390 1.
105 356 147 390 ad
170 355 255 389 Cor.
283 365 352 389 10.:
375 354 437 387 scd
459 354 554 400 quod
578 365 657 387 reus
681 354 713 387 id
737 354 830 399 quod
855 361 979 387 contra
994 364 1030 386 se
1047 361 1110 394 est,
1137 351 1362 393 confiteatur,
1384 350 1536 397 pertinet
1563 350 1605 384 ad

50 409 205 454 gloriam
225 408 313 449 Dei3
333 416 370 442 ut
391 416 486 454 patet
508 419 569 453 per
591 408 676 441 illud
701 407 795 453 quod
814 407 922 452 Josue
946 406 1031 440 dixit
1054 407 1096 439 ad
1120 406 1282 440 Aeliam:
1306 405 1376 439 Fili
1398 406 1456 447 mi,
1480 404 1522 438 dit
1541 404 1606 449 glo-

50 464 134 496 riam
165 463 310 496 Domino
334 463 404 496 Duo
433 462 543 502 JJJ‘czi‘l,
567 467 594 495 cl
616 462 775 507 consitor&
804 467 898 506 utque
920 460 1031 494 indica
1058 460 1139 493 milii
1160 459 1238 505 quial
1258 459 1388 504 seceris,
1413 471 1450 493 ne
1471 459 1606 492 almon-

49 516 116 558 dax,
137 524 174 550 ut
191 516 341 549 habetur
358 515 466 560 Josue
487 526 536 559 7.;
557 526 642 559 ergo
663 515 802 548 mentiri
820 514 862 548 ad
879 513 1122 548 excusandum
1144 522 1334 557 peccatum
1350 520 1402 546 est
1416 519 1603 557 peccatum

50 569 212 604 mortale.

119 623 347 657 RESPONDEO
370 622 574 663 dicendum,
602 622 698 667 quod
732 623 949 667 quicumque
983 620 1069 654 facit
1101 628 1227 654 contra
1261 620 1417 654 debitum
1453 618 1605 664 justitias,¹

49 676 248 711 mortaliter
270 684 406 722 peccat,
433 676 524 709 sicut
550 686 655 721 supra
681 675 815 708 dictum
847 682 900 708 est
921 675 967 719 (q.
987 686 1038 719 59.
1062 679 1125 708 art.
1147 675 1216 718 4.).·
1240 674 1392 718 pertinet
1419 681 1540 706 autem
1563 672 1606 706 ad

52 730 208 764 debitum
229 730 395 775 justitiae,
410 730 506 775 quod
529 728 655 774 aliquis
678 727 822 762 obediat
843 738 908 761 suo
931 727 1107 773 superiori
1128 727 1164 760 in
1182 727 1249 767 his,
1265 726 1308 759 ad
1323 737 1414 772 quae
1435 726 1489 771 jus
1512 736 1609 770 prae-

51 781 191 818 lationis
213 795 250 817 se
272 783 444 817 extendit:
467 782 571 827 judex
593 789 725 823 autem,
744 788 781 815 ut
799 792 905 826 supra
927 780 1061 814 dictum
1085 788 1137 814 est
1151 779 1198 825 (q.
1219 779 1427 825 67.art.1.),
1444 778 1607 824 superior

53 845 101 871 est
121 845 284 883 respectu
308 838 394 881 ejus,
417 836 476 883 qui
498 835 692 881 judicatur,
716 842 751 869 et
772 835 853 868 ideo
877 845 918 868 ex
952 834 1072 868 debito
1107 841 1247 868 tenetur
1282 841 1470 867 accusatus
1500 832 1609 877 judici

52 892 237 925 veritatem
259 901 448 936 exponere,
471 900 578 935 quam
602 889 643 922 ab
671 900 714 922 eo
742 887 941 922 secundum
968 887 1124 921 formam
1150 888 1235 932 juris
1267 887 1392 932 exigit3
1415 894 1449 921 et
1469 886 1551 919 ideo
1579 886 1609 919 si

53 944 213 978 confiteri
232 943 390 978 noluerit
410 943 609 984 veritatem,
631 953 740 988 quam
759 941 877 976 dicere
899 949 1052 983 tenetur,
1073 940 1131 974 vel
1152 941 1182 974 si
1203 952 1283 974 eam
1306 940 1529 974 mendaciter
1549 951 1611 973 ne-

53 998 197 1042 gaverit,
219 996 419 1031 mortaliter
440 1004 581 1042 peccat:
610 996 639 1030 si
664 1007 750 1029 vero
773 995 880 1040 judex
900 994 970 1028 hoc
994 995 1166 1040 exquirat,
1189 994 1286 1040 quod
1312 1005 1386 1028 non
1412 1001 1532 1040 potest
1557 1004 1610 1027 se-

52 1051 207 1084 cundum
229 1050 393 1084 ordinem
414 1049 509 1095 juris,
532 1061 605 1083 non
627 1057 768 1083 tenetur
790 1049 822 1082 ei
844 1056 1032 1082 accusatus
1060 1047 1293 1094 respondere:
1317 1047 1379 1082 sed
1406 1054 1525 1093 potest
1550 1045 1608 1080 vel

52 1115 114 1149 per
140 1103 430 1150 appellationem,
455 1103 513 1137 vel
539 1102 641 1137 aliter
667 1102 762 1137 licite
789 1101 1054 1148 subterfugere:
1082 1101 1314 1136 mendacium
1341 1109 1464 1135 tamen
1491 1101 1610 1134 dicere

52 1168 125 1190 non
147 1157 237 1191 licet.

122 1211 179 1245 AD
197 1221 346 1245 PRIMUM
361 1221 447 1256 ergo
463 1210 668 1251 dicendum,
689 1210 784 1255 quod
805 1209 948 1255 quando
972 1209 1098 1255 aliquis
1121 1209 1321 1243 secundum
1341 1208 1506 1242 ordinem
1524 1207 1610 1252 juris

52 1275 71 1297 a
91 1265 206 1309 judice
227 1265 478 1309 interrogatur,
493 1275 567 1298 non
588 1264 663 1310 ipse
678 1275 715 1297 se
734 1263 863 1309 prodit,
882 1263 943 1297 sed
966 1263 1007 1296 ab
1032 1263 1102 1296 alio
1124 1263 1307 1308 proditur;
1330 1262 1415 1296 dum
1440 1263 1471 1296 ei
1488 1272 1610 1295 116663-

52 1317 135 1352 sitas
157 1318 396 1364 respondendi
416 1318 614 1364 imponitur
635 1329 697 1362 per
719 1328 813 1358 eum,
837 1317 895 1350 6111
917 1316 1062 1350 obedire
1080 1324 1230 1350 tenetur.

123 1371 181 1405 AD
204 1382 409 1406 SECUNDUM
431 1371 635 1412 dicendum,
658 1371 754 1416 quod
776 1370 921 1404 mentiri
943 1370 986 1403 ad
1008 1369 1235 1404 liberandum
1263 1369 1420 1415 aliquem
1449 1381 1467 1403 a
1493 1376 1610 1402 morte

52 1436 135 1458 cum
157 1425 283 1469 injuria
306 1424 461 1466 alterius,
483 1436 557 1458 non
580 1433 632 1458 est
658 1424 890 1458 mendacium
923 1423 1136 1469 simpliciter
1170 1423 1386 1464 officiosum,
1414 1423 1475 1457 sed
1503 1422 1611 1456 habet

53 1477 186 1523 aliquid
220 1479 261 1511 de
283 1478 487 1524 pernicioso
511 1478 728 1511 admixtum:
752 1489 835 1511 cum
858 1485 978 1511 autem
1000 1477 1127 1523 aliquis
1155 1477 1326 1511 mentitur
1351 1477 1387 1510 in
1409 1476 1542 1521 judicio
1567 1476 1609 1509 ad

53 1532 322 1565 excusationem
340 1531 405 1572 sui,
424 1531 590 1576 injuriam
606 1530 691 1564 facit
705 1531 748 1572 ei,
769 1531 826 1564 6111
841 1531 986 1564 obedire
1000 1538 1152 1573 tenetur3
1164 1530 1251 1564 dum
1265 1531 1331 1564 sibi
1345 1531 1499 1575 denegat
1514 1530 1609 1575 quod

52 1586 84 1619 ei
106 1585 220 1627 debet,
242 1584 379 1619 scilicet
401 1584 667 1618 confessionem
684 1584 853 1618 veritatis.

121 1638 181 1672 AD
206 1648 374 1673 TERTIUM
400 1638 604 1679 dicendum,
627 1638 723 1683 quod
744 1637 804 1671 ille
827 1637 887 1683 qui
909 1637 1079 1671 mentitur
1099 1637 1135 1671 in
1157 1637 1303 1683 judicio,
1325 1648 1362 1671 se
1390 1635 1608 1678 excusando,

50 1691 136 1726 facit
161 1700 195 1726 et
221 1700 345 1726 contra
379 1691 612 1725 dilectionem
638 1691 719 1733 Dei,
747 1692 847 1736 cujus
875 1700 927 1726 est
953 1691 1138 1737 judicium,
1166 1699 1200 1725 et
1226 1699 1350 1725 contra
1377 1690 1608 1724 dilectionem

50 1745 222 1792 proximi:
246 1751 314 1780 tum
336 1757 377 1779 ex
398 1753 498 1791 parte
519 1745 657 1790 judicis,
681 1744 739 1778 cui
770 1744 930 1778 debitum
951 1753 1076 1790 negat:
1101 1750 1170 1779 tum
1192 1755 1234 1778 ex
1255 1753 1354 1791 parte
1377 1744 1609 1785 accusatoris,

50 1799 111 1844 qui
131 1799 285 1844 punitur,
307 1799 337 1832 si
358 1798 394 1831 in
415 1798 627 1844 probatione
650 1797 809 1839 deficiat,
832 1798 924 1832 unde
948 1806 982 1832 et
1002 1798 1038 1831 in
1059 1797 1193 1832 Psalm.
1220 1808 1295 1840 140.
1319 1797 1465 1832 dicitur:
1489 1798 1539 1832 Na
1561 1797 1608 1831 de-

52 1852 150 1886 clines
164 1863 221 1886 cor
234 1863 341 1886 meum
356 1853 390 1885 in
404 1853 507 1885 verba
525 1852 670 1886 malitiae
693 1852 734 1886 ad
755 1851 952 1886 excusandas
973 1853 1193 1886 excusationes
1206 1853 1242 1886 ‘in
1255 1853 1424 1896 peccatis:
1447 1851 1507 1884 ubi
1525 1851 1610 1884 dicit

53 1904 154 1938 Glos.
176 1905 261 1949 (ord.
285 1904 465 1949 Cassiod.):
489 1918 506 1936 «
525 1905 624 1938 Haec
645 1912 696 1939 est
719 1905 942 1939 consuetudo
965 1905 1242 1950 impudentium,
1261 1913 1298 1939 ut
1316 1904 1530 1950 deprehensi
1548 1915 1610 1949 per

52 1957 170 2004 aliqua
190 1957 280 1992 falsa
301 1970 338 1992 se
361 1966 530 1992 excusent
544 1970 584 2000 »3
607 1966 641 1992 et
663 1958 816 2004 Gregor.
851 1968 906 1992 22.
932 1957 1060 1992 Moral.
1091 1958 1179 2004 (cap.
1220 1958 1270 2004 9.)
1308 1969 1490 2004 exponens
1520 1957 1607 1990 illud

47 2011 112 2056 Job
139 2022 211 2055 31.:
244 2012 280 2046 Si
310 2011 461 2046 abscondi
491 2013 582 2057 quasi
615 2012 708 2045 homo
733 2017 905 2058 peccatum
935 2024 1054 2053 meum,
1083 2012 1186 2046 dicit:
1217 2024 1234 2043 1(
1250 2011 1432 2045 Usitatum
1460 2011 1608 2044 humani

0 2073 1 2086 ³
52 2065 192 2109 generis
209 2065 335 2098 vitium
355 2073 417 2106 est,
436 2072 471 2098 et
488 2064 632 2098 latendo
655 2072 844 2110 peccatum
868 2065 1107 2107 committere,
1131 2073 1164 2099 et
1183 2065 1421 2099 commissum
1440 2064 1607 2110 negando

53 2118 283 2160 abscondere,
305 2126 340 2152 et
363 2118 571 2153 convictum
593 2118 817 2153 defendendo
840 2118 1128 2164 multiplicare».

605 2263 948 2307 ARTICULUS
977 2263 1033 2305 H.
1545 2271 1609 2318 386

179 2368 332 2399 UTRUM
363 2369 596 2399 ACCUSATO
631 2370 788 2399 LICEAT
823 2370 1104 2400 CALUMNIOSE
1138 2370 1185 2399 SE
1219 2369 1489 2400 DEFENDERE.

646 2457 748 2502 (Infr.
771 2461 834 2491 art.
852 2469 880 2503 3.
904 2458 1020 2504 corp).

126 2544 185 2578 AD
207 2555 413 2579 SECUNDUM
434 2545 484 2579 sic
507 2546 723 2591 proceditur.
753 2545 914 2588 Videtur,
936 2546 1033 2591 quod
1060 2553 1230 2579 accusato
1257 2545 1363 2578 liceat
1385 2542 1608 2577 calumniose

56 2607 93 2630 se
115 2597 322 2640 defendere3
349 2598 432 2644 quia
457 2599 657 2632 secundum
683 2600 759 2644 jura
782 2599 899 2632 civilia
921 2600 996 2644 (lib.
1026 2600 1220 2643 Transigcrss
1246 2605 1317 2644 cup.
1340 2597 1375 2630 da
1403 2597 1612 2630 Transactlo-

56 2651 179 2694 nibus),
199 2651 235 2684 in
254 2662 362 2684 causa
379 2652 562 2697 sanguinis
581 2651 720 2686 licitum
735 2660 787 2686 est
809 2652 953 2686 cuilibet
972 2652 1214 2686 adversarium
1236 2661 1341 2684 suum
1361 2660 1610 2694 corrumpere:

57 2703 118 2736 sed
139 2703 210 2737 hoc
232 2704 389 2737 maxime
412 2713 464 2738 est
486 2704 708 2738 calumniose
730 2716 767 2739 se
786 2705 995 2747 defendere,
1018 2716 1104 2750 crgo
1127 2715 1200 2738 non
1222 2713 1349 2748 peccat
1367 2709 1553 2735 accusatus
1575 2701 1611 2734 in

58 2765 165 2789 causa
186 2757 381 2801 sanguinis,
403 2757 432 2790 si
455 2757 679 2792 calumniose
701 2769 738 2791 se
761 2757 936 2792 defendat.

129 2818 159 2841 2.
182 2809 417 2843 PRAETEREA.
444 2810 648 2844 Accusator
677 2822 760 2844 cum
788 2818 956 2844 accusato
984 2809 1170 2844 colludens
1198 2819 1354 2854 poenam
1379 2807 1505 2853 recipit
1527 2818 1546 2840 a
1568 2806 1614 2840 le-

59 2860 160 2905 gibus
182 2861 425 2903 constitutam,
446 2870 485 2896 ut
505 2862 656 2896 habetur
675 2873 705 2897 2.
728 2875 759 2908 q.
786 2874 815 2908 3.
840 2863 948 2908 (cap..·
970 2863 1005 2897 515
1025 2874 1118 2907 quam
1138 2861 1371 2907 poenituerim:
1393 2871 1466 2893 11011
1489 2868 1609 2893 autem
