1859 3122
497 202 717 238 QUAESTIO
752 201 841 231 CIII.
875 201 1117 232 ARTICULUS
1152 201 1195 230 11.
1543 199 1626 242 729

147 283 220 319 SED
235 294 389 319 CONTRA
409 291 471 325 est,
491 284 587 330 quod
601 284 738 320 Philos.
757 284 842 318 dicit
856 283 891 318 in
912 294 938 318 1.
954 283 1113 317 Ethicor.
1132 281 1215 328 (cap.
1234 294 1282 317 12.
1305 287 1332 316 ct
1353 281 1408 316 lili.
1431 292 1463 326 4.
1487 281 1629 328 cap.3.),

75 337 170 383 quod
192 337 311 371 honor
333 337 479 371 debetur
498 338 654 383 optimis.
878 364 880 367 ,

145 390 372 425 ΙῖῑὸΡοΝῡιῑο
401 391 605 433 dicendum,
632 390 740 437 quod,
767 391 858 425 sicut
884 401 989 436 supra
1016 390 1152 424 dictum
1175 397 1228 423 est
1252 389 1328 433 (art.
1348 388 1490 435 praua),
1512 388 1632 421 honor

73 444 163 479 nihil
184 445 279 479 aliud
302 453 353 479 est
375 456 485 490 quam
512 445 691 491 quaedam
718 445 928 491 protestatio
957 445 999 479 de
1027 444 1238 479 excellentia
1266 443 1435 477 bonitatis
1462 442 1632 487 alicujus:

74 506 191 545 potest
213 507 331 532 autem
356 498 505 543 alicujus
528 498 738 532 excellentia
756 498 986 540 considerari,
1001 509 1073 531 non
1096 497 1215 532 solum
1238 509 1299 543 per
1322 496 1631 542 comparationem

74 552 117 586 ad
135 552 391 593 honorantem,
404 560 440 586 ut
455 551 593 586 scilicet
607 552 651 586 sit
667 551 900 586 excellentior
915 563 958 586 eo
974 552 1033 597 qui
1047 551 1215 592 honorat,
1227 550 1289 585 sed
1309 550 1417 584 etiam
1433 549 1632 584 secundum

73 617 123 648 se,
141 605 197 640 vel
220 617 282 652 per
305 605 617 651 comparationem
638 605 680 639 ad
704 605 843 651 aliquos
862 605 969 647 alios3
992 612 1026 639 et
1046 604 1247 639 secundum
1261 604 1332 638 hoc
1351 604 1470 637 honor
1490 614 1635 649 semper

73 659 219 693 debetur
246 658 352 692 alicui
382 667 527 705 propter
554 658 713 705 aliquam
740 658 1003 699 excellentiam,
1027 657 1084 692 vel
1110 657 1416 704 superioritatem:
1439 667 1513 690 non
1535 656 1632 690 enim

73 720 225 759 oportet,
252 713 348 759 quod
376 713 435 747 ille
462 713 522 758 qui
549 713 760 754 honoratur,
788 713 831 747 sit
858 712 1091 746 excellentior
1113 712 1328 754 honorante,
1350 711 1411 746 sed
1438 710 1529 745 forte
1556 710 1632 757 qui-

71 766 223 801 busdam
251 766 340 808 aliis,
367 766 424 800 vel
450 766 559 800 etiam
585 767 664 813 ipso
690 767 906 808 honorante,
933 774 1108 812 quantum
1136 765 1180 799 ad
1211 765 1356 811 aliquid,
1387 772 1421 799 et
1449 775 1522 798 non
1552 764 1633 799 sim-

73 819 221 865 pliciter.

144 873 204 908 AD
225 883 374 908 PRIMUM
397 884 484 919 ergo
506 872 710 914 dicendum,
733 872 829 918 quod
852 872 1000 918 angelus
1023 872 1207 918 prohibuit
1223 871 1401 916 Joannem
1423 881 1497 904 non
1517 882 1536 904 a
1552 882 1634 916 qua-

74 938 228 972 cumque
250 927 503 968 honoratione,
532 926 593 960 sed
622 926 662 960 ab
690 925 932 960 honoratione
960 925 1180 959 adorationis
1207 925 1342 966 latriae,
1370 935 1460 970 quae
1487 924 1636 957 debetur

71 980 172 1022 Deo;
194 979 252 1014 vel
274 980 382 1014 etiam
405 980 446 1014 ab
470 979 712 1014 honoratione
734 978 865 1021 duliae,
888 987 925 1012 ut
947 979 1153 1012 ostenderet
1178 978 1290 1024 ipsius
1306 977 1455 1022 Joannis
1485 977 1636 1023 dignita-

71 1041 157 1076 tem,
179 1045 248 1079 qua
270 1046 332 1080 per
347 1033 532 1068 Christum
548 1041 622 1067 erat
637 1032 773 1078 angelis
797 1032 1016 1078 adaequatus
1039 1031 1238 1066 secundum
1260 1042 1362 1077 spem
1385 1029 1521 1076 gloriae
1544 1030 1631 1064 filio-

71 1098 150 1120 rum
173 1087 263 1129 Dei3
286 1095 320 1121 et
340 1087 421 1120 ideo
444 1086 590 1120 nolebat
613 1087 655 1120 ab
679 1097 722 1120 eo
744 1086 919 1119 honorari
939 1093 1127 1131 tamquam
1149 1084 1322 1130 superior.

142 1140 201 1174 AD
216 1151 422 1175 SECUNDUM
438 1139 642 1181 dicendum,
654 1139 749 1185 quod
766 1139 795 1173 si
808 1139 957 1185 praelati
969 1139 1038 1172 sint
1053 1138 1234 1180 mali,non
1249 1139 1474 1172 honorantur
1489 1145 1634 1183 propter

71 1193 322 1228 excellentiam
343 1193 508 1239 propriae
523 1193 674 1234 virtutis,
689 1193 750 1226 sed
773 1200 918 1238 propter
941 1191 1192 1226 excellentiam
1215 1191 1410 1237 dignitatis,
1432 1191 1631 1225 secundum

72 1258 180 1293 quarn
196 1254 277 1281 sunt
289 1246 359 1280 Dei
374 1246 546 1288 ministri3
569 1253 603 1280 et
624 1246 733 1279 etiam
751 1246 787 1279 in
807 1246 856 1280 eis
876 1246 1076 1279 honoratur
1094 1253 1170 1279 tota
1192 1245 1448 1286 communitas,
1464 1244 1521 1277 cui
1537 1255 1635 1290 prae-

71 1308 168 1334 sunt:
185 1299 382 1334 daemones
395 1308 515 1334 autem
529 1307 611 1334 sunt
625 1299 907 1334 irrevocabiliter
921 1299 1019 1342 mali,
1036 1307 1070 1334 et
1084 1311 1148 1346 pro
1160 1299 1316 1333 inimicis
1332 1299 1499 1341 habendi,
1515 1299 1632 1345 magis

71 1364 180 1400 quarn
201 1353 418 1388 honorandi.

141 1407 201 1441 AD
220 1416 391 1441 TERTIUM
413 1406 618 1448 dicendum,
641 1406 737 1453 quod
758 1406 794 1440 in
816 1406 978 1453 quolibet
995 1406 1174 1440 invenitur
1193 1405 1338 1452 aliquid,
1360 1417 1401 1439 ex
1424 1417 1495 1451 quo
1514 1413 1634 1451 potest

71 1459 198 1506 aliquis
222 1471 305 1494 eum
326 1460 550 1506 superiorem
569 1468 744 1506 reputare,
767 1460 966 1494 secundum
988 1459 1075 1494 illud
1098 1460 1140 1493 ad
1162 1459 1292 1505 Philip.
1317 1469 1365 1493 2.:
1388 1459 1427 1492 In
1449 1459 1632 1493 himiliz'tate

69 1515 250 1560 superiores
270 1514 413 1548 invicem
434 1515 658 1555 arbitrante&
683 1521 718 1548 et
738 1513 937 1548 secundum
959 1513 1030 1547 hoc
1053 1513 1162 1547 etiam
1185 1524 1313 1546 omnes
1334 1523 1372 1546 se
1393 1512 1550 1546 invicem
1573 1512 1630 1546 de-

71 1567 157 1601 bent
176 1566 318 1601 honore
340 1567 558 1613 praevenire.

142 1620 201 1654 AD
224 1630 412 1659 QUARTUM
439 1620 644 1662 dicendum,
666 1620 762 1666 quod
784 1620 943 1666 privatae
965 1631 1140 1666 personae
1162 1619 1342 1654 interdum
1364 1619 1590 1653 honorantur
1610 1630 1628 1652 a

71 1673 226 1719 regibus,
244 1685 317 1707 non
332 1673 415 1719 quia
430 1674 499 1708 sint
513 1674 563 1708 eis
577 1674 779 1719 superiores
799 1673 997 1708 secundum
1017 1673 1181 1707 ordinem
1201 1673 1395 1718 dignitatis,
1411 1672 1471 1706 sed
1487 1680 1632 1718 propter

72 1726 229 1773 aliquam
252 1726 504 1761 excellentiam
524 1727 663 1761 virtutis
685 1728 863 1773 ipsarum3
887 1735 922 1762 et
942 1727 1142 1762 secundum
1168 1727 1240 1761 hoc
1266 1727 1436 1761 honorati
1459 1734 1541 1760 sunt
1560 1725 1633 1760 To-

70 1780 158 1822 bias,
180 1787 214 1814 et
235 1779 501 1815 Mardochaeus
524 1791 543 1814 a
565 1781 719 1827 regibus.

619 1922 964 1967 ARTICULUS
998 1923 1075 1965 ΠΙ.
1565 1944 1629 1978 544

155 2031 306 2060 UTRUM
338 2031 474 2059 DULIA
507 2031 573 2060 stT
607 2031 822 2060 SPECIALIS
855 2031 1010 2061 VIRTUS
1045 2032 1072 2059 A
1104 2031 1261 2060 LATRIA
1295 2031 1546 2060 DISTINCTA.

460 2117 505 2162 (2.
525 2119 614 2153 Dist.
635 2130 667 2165 9.
690 2130 718 2164 q.
741 2130 772 2153 2.
795 2124 860 2154 art.
882 2131 908 2153 1.
931 2123 958 2153 et
979 2119 1065 2153 Psal.
1087 2119 1247 2164 40.fin.).

142 2206 202 2240 AD
225 2215 397 2241 TERT1UM
418 2206 468 2240 sic
491 2207 706 2252 proceditur.
726 2207 878 2242 Videtur
897 2208 993 2254 quod
1016 2207 1111 2241 dulia
1133 2219 1207 2241 non
1230 2208 1274 2242 sit
1295 2208 1460 2254 specialis
1481 2207 1592 2242 virtus
1613 2219 1631 2240 a

71 2258 174 2294 latria
207 2259 389 2294 distincta:
412 2259 495 2305 quia
517 2271 621 2306 super
642 2260 731 2294 illud
751 2261 808 2295 Ps.
833 2271 880 2306 7.:
898 2262 1043 2295 Domina
1061 2261 1150 2295 Deus
1168 2273 1267 2303 vatici,
1284 2262 1317 2294 in
1337 2267 1364 2296 tc
1381 2263 1527 2307 speravi,
1549 2260 1634 2293 dicit

73 2311 175 2347 Glos.
199 2312 363 2357 (interl.):
389 2325 406 2344 (<
427 2313 609 2347 Dominus
632 2315 796 2347 oninium
818 2326 880 2360 per
906 2314 1117 2360 potentiam,
1142 2315 1199 2348 cui
1226 2315 1373 2348 debetur
1396 2314 1511 2356 dulia3
1533 2314 1632 2347 Deus

73 2377 136 2411 per
157 2365 392 2408 creationem,
421 2366 478 2399 cui
499 2366 646 2400 debetur
667 2366 770 2401 latria
792 2381 831 2402 »z
854 2368 915 2401 sed
942 2379 1016 2401 non
1044 2376 1096 2402 est
1123 2368 1288 2401 distincta
1311 2368 1432 2409 virtus,
1467 2378 1557 2413 quae
1581 2378 1634 2400 or-

71 2419 212 2453 dinatur
233 2419 269 2453 in
290 2419 422 2461 Deum,
445 2420 645 2453 secundum
667 2420 763 2465 quod
786 2429 840 2454 est
862 2421 1041 2463 dominus,
1058 2429 1092 2454 et
1113 2421 1312 2455 secundum
1332 2421 1427 2466 quod
1444 2429 1496 2455 est
1511 2421 1630 2461 Deus;

73 2483 159 2518 ergo
183 2472 279 2506 dulia
299 2483 373 2506 non
396 2481 448 2506 est
462 2474 571 2506 virtus
594 2473 758 2507 distincta
774 2485 792 2507 a
807 2473 921 2507 latria.

143 2535 174 2559 2.
197 2526 433 2560 PRAETEREA.
458 2525 666 2559 Secundum
688 2526 780 2560 Phil.
802 2527 837 2560 in
860 2527 891 2560 8.
914 2527 1030 2560 Ethic.
1054 2527 1142 2574 (cup.
1165 2529 1212 2573 S.)
1237 2527 1350 2561 amari
1377 2526 1494 2560 simile
1521 2534 1573 2560 est
1600 2527 1632 2560 ei

73 2579 168 2624 quod
191 2587 244 2612 est
269 2579 458 2612 honorari:
482 2579 542 2612 sed
566 2579 693 2613 eadem
715 2588 767 2614 est
788 2580 899 2614 virtus
923 2580 1115 2621 charitatis,
1131 2592 1200 2627 qua
1223 2589 1362 2614 amatur
1381 2581 1491 2621 Deus,
1512 2588 1545 2613 et
1563 2591 1632 2625 qua

73 2640 213 2666 amatur
233 2633 437 2678 proximus3
461 2644 547 2678 ergo
571 2633 679 2675 dulia,
701 2645 771 2679 qua
792 2633 992 2667 honoratur
1010 2636 1206 2679 proximus,
1225 2645 1297 2667 non
1318 2641 1370 2667 est
1392 2632 1461 2666 alia
1479 2633 1588 2667 virtus
1611 2644 1629 2666 a

72 2685 186 2727 latria,
209 2697 278 2731 qua
304 2686 506 2719 honoratur
526 2686 637 2719 Deus.

146 2750 175 2784 3.
190 2739 427 2773 PRAETEREA.
450 2738 550 2772 Idem
573 2746 625 2772 est
646 2747 779 2781 motus,
802 2751 873 2785 quo
901 2739 1028 2785 aliquis
1055 2748 1220 2774 movetur
1242 2740 1276 2773 in
1299 2739 1509 2784 imaginem,
1537 2747 1570 2773 et
1596 2740 1631 2773 in

73 2802 162 2833 rem,
185 2793 285 2837 cujus
308 2799 361 2825 est
381 2792 523 2836 imago:
547 2791 610 2825 sed
635 2803 698 2838 per
725 2791 859 2826 duliam
885 2793 1086 2827 honoratur
1111 2793 1238 2834 homo,
1266 2793 1477 2837 inquantum
1509 2801 1561 2826 est
1588 2792 1630 2826 ad

73 2844 143 2878 Dei
164 2844 363 2890 imaginem
384 2843 517 2879 factus:
542 2845 669 2879 dicitur
691 2845 799 2888 enim,
823 2845 905 2891 Sap.
923 2856 952 2879 2.
977 2846 1020 2880 de
1042 2846 1172 2891 impiis,
1195 2845 1291 2891 quod
1313 2857 1378 2879 non
1395 2845 1632 2890 judicaverunt

74 2897 229 2936 honorem
250 2899 442 2932 animarum
462 2902 666 2940 sanctarum,
686 2899 842 2944 quoniam
860 2900 951 2933 Deus
969 2900 1096 2933 creavit
1117 2899 1280 2933 hominem
1301 2899 1631 2941 inextarmimzbilmn,
