1859 3122
502 163 723 199 QUAESTIO
757 164 905 195 cxmx.
938 164 1183 195 AR'rtcunus
1216 165 1273 195 [ν.
1579 154 1662 210 869

105 254 250 280 nentem
273 246 385 292 (quod
409 254 460 280 est
482 254 581 281 actus
604 247 842 293 prudentiae),
858 258 974 293 neque
996 246 1114 281 facere
1135 247 1264 291 injusta
1287 247 1400 293 (quod
1423 255 1475 282 est
1496 255 1595 282 actus
1616 248 1666 293 ju—

105 299 249 344 stitiae),
265 308 299 334 ct
313 300 409 345 quod
431 308 484 334 est
498 308 684 345 promptus
701 301 743 334 ad
763 300 1063 335 benefaciendum
1081 301 1194 346 (quod
1215 308 1267 334 est
1285 309 1384 334 actus
1400 301 1611 346 charitatis),
1631 310 1665 335 ct

105 353 201 398 quod
224 353 401 386 ministrat
423 362 589 398 prompte
612 354 725 399 (quod
748 362 800 388 est
821 362 921 388 actus
948 353 1199 397 liberalitatis),
1223 361 1255 388 et
1282 355 1377 400 quod
1409 362 1461 388 est
1486 355 1664 389 veridicus

105 406 220 451 (quod
242 412 293 439 est
321 414 420 439 actus
442 406 630 452 veritatis),
645 415 679 441 et
695 408 790 452 quod
813 418 887 440 non
910 415 962 441 est
984 406 1185 453 planctivus
1208 407 1321 452 (quod
1345 416 1397 441 est
1416 415 1515 442 actus
1533 408 1666 453 patien-

103 458 190 502 tiae)
214 471 252 500 >›;
275 470 362 504 ergo
385 460 665 504 magnanimitas
686 471 760 494 non
783 468 836 494 est
857 460 1022 506 specialis
1044 460 1166 494 virtus.

178 523 206 557 3.
229 511 464 546 PRAETEREA.
489 512 685 553 Quaelibet
705 513 816 548 virtus
839 521 891 548 est
913 513 1058 559 quidam
1081 512 1246 559 specialis
1270 521 1416 547 ornatus
1439 513 1592 555 animae,
1615 525 1664 548 se-

106 565 263 598 cundum
284 565 371 598 illud
394 565 506 599 Isaiae
529 564 604 600 61.:
627 566 741 601 Induit
762 579 810 601 me:
832 568 998 601 Dominus
1018 567 1214 601 vestimentis
1233 566 1368 600 salutis:
1393 574 1427 600 et
1444 573 1570 611 postea
1583 567 1664 600 sub-

105 617 173 651 dit:
197 618 305 662 Quasi
321 625 469 664 sponsam
493 624 648 653 ornatam
666 620 842 654 monilibus
862 621 947 654 suis:
967 620 1027 653 s'ed
1051 620 1332 665 magnanimitas
1354 627 1406 654 est
1428 628 1574 653 ornatus
1590 631 1666 654 om-

105 671 205 704 nium
225 671 409 713 virtutum,
430 679 469 705 ut
490 672 619 706 dicitur
640 672 676 706 in
696 683 729 715 4.
752 672 868 707 Ethic.
887 674 965 718 (loc.
981 674 1066 718 cit.);
1090 684 1176 719 ergo
1192 673 1473 719 magnanimitas
1489 682 1541 708 est
1553 674 1665 708 virtus

106 723 296 769 generalis.

177 776 252 812 SED
274 787 430 812 CONTRA
453 786 516 819 cst,
539 778 635 824 quod
658 778 794 813 Philos.
816 779 852 812 in
875 788 906 813 2.
927 779 1006 813 Eth.
1031 779 1118 826 (cap.
1141 780 1187 825 7.)
1215 779 1402 825 distinguit
1431 791 1512 814 eam
1539 788 1664 815 contra

108 829 194 864 alias
216 831 376 864 virtutes.

177 883 406 918 RESPONDEO
426 884 632 925 dicendum,
648 885 756 930 quod,
771 884 864 918 sicut
878 895 982 931 supra
1005 885 1142 918 dictum
1158 894 1210 919 est
1231 886 1278 932 (q.
1299 898 1364 932 123.
1380 892 1444 921 art.
1459 886 1516 931 L),
1532 888 1575 921 ad
1591 898 1666 933 spe-

108 935 237 970 cialem
259 937 427 971 virtutem
446 937 610 983 pertinet,
631 937 728 983 quod
743 938 895 971 modum
910 938 1058 972 rationis
1077 939 1112 971 in
1129 938 1247 984 aliqua
1262 939 1499 974 determinata
1514 941 1666 974 materia

107 998 234 1035 ponat:
257 991 538 1035 magnanimitas
560 998 680 1024 autem
703 991 804 1036 ponit
826 992 977 1024 modum
1000 992 1149 1025 rationis
1172 992 1267 1025 circa
1290 993 1566 1027 determinatam
1593 1005 1667 1027 ma-

106 1044 244 1084 teriam,
269 1043 406 1077 scilicet
428 1044 523 1077 circa
544 1043 714 1084 honores,
730 1052 766 1077 ut
788 1055 894 1089 supra
916 1044 1051 1078 dictum
1075 1052 1127 1078 est
1150 1044 1231 1088 (art.
1254 1055 1281 1078 Ι.
1297 1051 1370 1080 et2.
1390 1047 1457 1092 huj.
1473 1047 1532 1092 q.).·
1548 1047 1667 1081 honor

108 1104 227 1130 autem
251 1097 449 1130 secundum
471 1107 509 1130 se
532 1096 779 1130 consideratus
803 1105 855 1131 est
876 1098 1060 1143 quoddam
1083 1098 1240 1144 speciale
1260 1099 1420 1132 bonum:
1445 1107 1478 1133 et
1491 1100 1665 1134 secundum

107 1150 166 1184 hoc
187 1151 449 1195 magnanimitas
468 1150 643 1184 secundum
672 1162 701 1184 sa
722 1150 925 1185 considerata
944 1156 988 1185 cst
1007 1152 1154 1197 specialis
1174 1152 1333 1197 quaedam
1351 1154 1477 1187 virtus:
1500 1153 1561 1186 sed
1584 1154 1667 1199 quia

108 1204 228 1237 honor
248 1213 301 1238 est
322 1204 509 1249 cujuslibet
531 1204 669 1238 virtutis
691 1205 904 1250 praemium,
927 1213 964 1239 ut
986 1217 1027 1239 ex
1049 1217 1155 1251 supra
1177 1206 1280 1240 dictis
1295 1215 1391 1252 patet
1414 1207 1458 1252 (q.
1477 1217 1545 1253 103.
1561 1213 1623 1242 art.
1638 1220 1665 1242 Ι.

111 1257 153 1291 ad
174 1259 235 1302 2.),
257 1257 339 1291 ideo
362 1268 403 1291 ex
426 1258 661 1303 consequenti
681 1258 820 1292 ratione
848 1269 934 1292 suae
956 1259 1128 1294 materiae
1151 1260 1296 1305 respicit
1319 1271 1447 1294 omnes
1469 1261 1627 1295 virtutes.

180 1310 240 1344 AD
262 1320 411 1344 PRIMUM
433 1321 520 1355 ergo
543 1310 747 1351 dicendum,
763 1311 859 1356 quod
881 1312 1161 1357 magnanimitas
1184 1323 1257 1346 non
1285 1320 1337 1346 est
1365 1313 1459 1347 circa
1486 1314 1667 1348 honorem

111 1373 390 1409 quemcumque,
412 1364 473 1397 sed
498 1364 592 1397 circa
614 1375 787 1409 magnum
810 1364 1009 1399 honorem:
1032 1365 1123 1399 sicut
1151 1373 1269 1399 autem
1293 1366 1413 1400 honor
1434 1367 1582 1401 debetur
1602 1367 1669 1400 vir-

110 1416 190 1458 tuti,
210 1416 259 1450 ita
281 1424 314 1450 et
336 1427 490 1461 magnus
512 1417 631 1450 honor
653 1417 801 1451 debetur
828 1428 962 1463 magno
991 1418 1091 1464 operi
1124 1418 1274 1460 virtutis,
1306 1427 1341 1453 et
1366 1419 1449 1453 inde
1472 1428 1535 1461 est,
1570 1421 1666 1465 quod

114 1469 369 1515 magnanimus
390 1471 541 1504 intendit
562 1481 695 1516 magna
717 1471 858 1516 operari
878 1471 915 1504 in
937 1472 1094 1517 qualibet
1116 1473 1266 1514 virtute3
1288 1473 1503 1518 inquantum
1530 1473 1666 1508 scilicet

109 1522 223 1556 tendit
245 1522 288 1555 ad
308 1533 360 1564 ea,
383 1534 475 1568 quae
496 1531 579 1557 sunt
601 1523 708 1569 digna
729 1535 864 1569 magno
887 1524 1038 1558 honore.

180 1576 240 1609 AD
263 1586 469 1610 SECUNDUM
491 1576 696 1617 dicendum,
719 1578 815 1622 quod
837 1578 920 1623 quia
942 1578 1197 1623 magnanimus
1219 1579 1331 1613 tendit
1354 1579 1396 1613 ad
1418 1591 1563 1625 magna,
1587 1591 1669 1614 con-

113 1640 268 1674 sequens
290 1637 355 1670 est,
377 1629 473 1674 quod
497 1630 539 1663 ad
561 1629 622 1663 illa
643 1630 834 1675 praecipue
848 1631 981 1672 tendat,
1000 1643 1091 1677 quae
1110 1632 1307 1677 important
1321 1632 1478 1678 aliquam
1495 1632 1670 1667 excellen-

109 1682 209 1723 tiam,
232 1689 267 1715 et
287 1680 349 1715 illa
366 1681 489 1727 fugiat,
512 1693 603 1728 quae
621 1683 799 1728 pertinent
817 1683 860 1717 ad
883 1683 1082 1718 defectum:
1105 1685 1258 1730 pertinet
1274 1694 1394 1720 autern
1413 1686 1455 1720 ad
1471 1686 1668 1732 quamdam

111 1734 374 1776 excellentiam,
397 1735 494 1780 quod
517 1735 643 1781 aliquis
665 1735 877 1778 benefaciat,
892 1745 927 1770 et
941 1738 1036 1782 quod
1052 1738 1095 1772 sit
1107 1740 1445 1781 communicativus‚
1464 1748 1498 1774 et
1512 1739 1668 1785 plurium

111 1789 359 1831 retributivus;
382 1796 416 1822 et
436 1789 519 1823 ideo
543 1791 586 1823 ad
608 1790 674 1823 ista
695 1798 905 1836 promptum
928 1802 965 1825 se
988 1792 1142 1834 exhibet,
1164 1792 1379 1838 inquantum
1406 1794 1539 1827 habent
1565 1794 1672 1828 ratio-

111 1853 197 1876 nem
217 1842 407 1887 cujusdam
429 1842 674 1884 excellentiae,
701 1854 776 1877 non
803 1851 922 1878 autem
946 1846 1144 1879 secundum
1168 1857 1248 1880 eam
1271 1847 1461 1889 rationem,
1492 1858 1562 1893 qua
1588 1855 1670 1881 sunt

112 1903 212 1929 actus
234 1895 386 1928 aliarum
408 1896 600 1930 virtutum:
623 1896 667 1930 ad
689 1896 869 1931 defectum
892 1905 1013 1931 autem
1035 1899 1198 1944 pertinet,
1223 1900 1319 1945 quod
1342 1899 1469 1946 aliquis
1491 1901 1670 1934 intantum

113 1948 371 1994 magnipendat
393 1948 511 1994 aliqua
535 1951 711 1983 exteriora
731 1950 838 1991 bona,
860 1950 918 1984 vel
940 1950 1048 1994 mala,
1070 1952 1166 1998 quod
1178 1964 1243 1998 pro
1259 1953 1308 1986 eis
1324 1964 1343 1986 a
1357 1953 1501 1998 justitia,
1515 1953 1574 1987 vel
1588 1964 1672 1999 qua-

113 2012 269 2047 cumque
283 2001 413 2035 virtute
427 2003 583 2044 recedat,
606 2010 641 2036 et
662 2002 834 2036 declinet:
857 2003 1022 2038 similiter
1044 2007 1153 2039 etiam
1176 2006 1220 2039 ad
1234 2005 1415 2040 defectum
1430 2007 1582 2051 pertinet
1596 2018 1671 2040 om-

113 2054 168 2088 nis
190 2053 385 2088 occultatio
407 2055 584 2097 veritati33
606 2055 689 2101 quia
709 2056 850 2090 videtur
861 2067 904 2090 ex
917 2057 1048 2092 timore
1070 2059 1284 2104 procedere:
1307 2059 1403 2104 quod
1419 2059 1527 2093 etiam
1543 2059 1670 2105 aliquis

114 2107 160 2141 sit
178 2106 392 2153 planctivus‚
415 2107 459 2141 ad
478 2107 660 2142 defectum
674 2109 845 2154 pertinet;
867 2110 950 2155 quia
964 2122 1027 2156 per
1041 2111 1111 2145 hoc
1126 2112 1267 2146 videtur
1281 2112 1422 2146 animus
1437 2113 1670 2146 exterioribus

114 2160 220 2194 malis
234 2161 488 2202 succumbere;
508 2169 541 2194 et
554 2161 636 2195 ideo
652 2162 754 2203 haec,
771 2171 804 2196 et
818 2163 950 2197 similia
963 2164 1051 2198 vitat
1066 2165 1321 2210 magnanimus
1336 2166 1535 2199 secundum
1551 2177 1673 2211 quarn-

115 2212 200 2246 dam
219 2213 416 2258 specialem
437 2214 628 2256 rationem,
654 2215 791 2250 scilicet
816 2224 1003 2263 tamquam
1031 2219 1212 2253 contraria
1239 2219 1486 2261 excellentiae,
1515 2220 1574 2254 vel
1600 2232 1674 2254 ma-

115 2266 303 2312 gnitudini.

186 2319 246 2354 AD
262 2329 433 2355 TERTIUM
455 2320 660 2363 dicendum,
682 2322 778 2367 quod
801 2323 980 2368 quaelibet
1001 2325 1111 2359 virtus
1132 2325 1239 2359 habet
1266 2325 1461 2371 quemdam
1488 2326 1671 2368 decorem,

116 2371 191 2406 sive
214 2382 383 2407 ornatum
405 2385 447 2407 ex
468 2385 532 2407 sua
553 2375 683 2419 specie,
706 2375 766 2420 qui
788 2383 840 2409 est
861 2377 1025 2422 proprius
1048 2378 1240 2424 unicuique
1261 2372 1400 2412 virtuti:
1423 2379 1484 2412 sed
1507 2380 1674 2424 superad-

117 2425 211 2459 ditur
233 2425 322 2460 alius
345 2435 492 2460 ornatus
515 2438 557 2461 ex
578 2427 655 2473 ipsa
677 2429 924 2474 magnitudine
939 2432 1057 2476 operis
1072 2432 1298 2477 virtuosiper
1320 2432 1671 2477 magnanimitatem,

118 2489 210 2524 quae
232 2490 360 2514 omnes
382 2480 529 2514 virtutes
551 2481 707 2525 majores
728 2481 824 2523 facit,
846 2490 884 2517 ut
905 2482 1034 2517 dicitur
1054 2484 1090 2517 in
1111 2494 1143 2527 4.
1166 2484 1281 2518 Ethic.
1307 2483 1392 2530 (cap.
1416 2486 1474 2530 3.).

262 2927 291 2954 S.
311 2928 432 2954 Tnomn
453 2928 556 2954 Summa
583 2928 741 2964 Theologica.
763 2930 827 2957 Vol.
849 2930 901 2957 ΠΙ.
1501 2933 1531 2965 5⁶
