1859 3122
427 196 648 233 QUAESTIO
683 196 842 226 CLXXX.
876 195 1121 226 ARTICULUS
1152 196 1211 227 VI.
1496 187 1604 241 1169

46 278 164 326 gibilis
184 278 361 320 veritatis;
384 286 418 313 et
432 278 502 312 hoc
525 286 589 320 est,
605 277 700 324 quod
713 277 848 313 secundo
868 277 964 319 dicit,
984 277 1079 323 quod
1094 278 1272 312 necessaria
1287 282 1331 312 est
1344 278 1522 324 uniformis
1537 290 1610 312 con-

45 333 170 368 volutio
188 332 454 367 intellecltffllimn
476 333 639 366 virtutum
660 333 778 378 ipsizcs,·
798 339 835 365 ut
854 330 991 366 scilicet
1013 339 1176 365 cessante
1199 331 1372 373 discursu,
1386 331 1515 377 figatur
1534 333 1610 378 ejus

44 386 191 422 intuitus
205 386 240 419 in
253 385 560 431 contemplatione
571 386 674 419 unius
685 385 857 431 simplicis
868 385 1088 421 veritatiszet
1099 386 1133 418 in
1147 385 1215 419 hac
1235 385 1445 431 operatione
1466 385 1609 420 animae

46 451 122 475 non
136 447 189 474 est
203 450 316 474 error:
339 439 430 473 sicut
444 447 551 485 patet,
566 439 662 485 quod
678 439 772 473 circa
792 438 1014 474 intellectum
1030 439 1231 485 primorum
1254 439 1514 486 principiorum
1535 451 1610 475 non

49 502 196 536 erratur,
211 505 302 540 quae
317 492 472 539 simplici
485 493 613 527 intuitu
629 493 896 539 cognoscimus.
911 492 955 527 Et
964 501 1060 535 tunc,
1071 493 1146 527 istis
1158 493 1504 539 duobuspmemissis,
1517 495 1611 529 tertio

49 547 194 594 ponitur
215 546 440 581 uniformitas
457 546 654 580 conformis
670 547 818 592 angelis,
830 546 1028 581 secundum
1041 546 1416 592 quod,praetermissis
1431 547 1612 589 omnibus,

48 602 84 635 in
103 600 181 635 sola
202 600 272 634 Dei
294 599 600 646 contemplatione
620 601 789 646 persistit3
812 608 846 634 et
863 600 934 634 hoc
954 608 1007 635 est
1025 600 1121 646 quod
1143 600 1244 634 dicit:
1276 601 1448 635 «Deinde
1466 601 1516 636 sic
1535 601 1614 635 uni·

50 653 177 688 formis
191 654 283 689 facta
296 654 392 688 unite
405 654 512 698 (idest
531 653 780 697 conformiter)
804 655 909 687 unitis
931 654 1129 695 virtutibus,
1147 654 1189 688 ad
1204 653 1408 700 pulchrum,
1428 663 1460 689 et
1475 654 1613 689 bonum

51 707 305 742 manuducitur
319 718 357 740 »2
381 715 501 741 motus
525 715 644 740 autem
666 713 771 742 rectus
785 707 821 740 in
837 706 974 752 angelis
990 707 1189 753 accipinon
1212 715 1331 753 potest
1348 708 1547 742 secundum
1564 708 1612 750 id,

52 761 148 808 quod
163 761 200 795 in
215 760 476 795 considerando
492 760 664 806 procedat
683 762 723 794 ab
745 772 816 795 uno
835 761 870 794 in
893 760 1000 802 aliud,
1016 761 1077 794 sed
1092 760 1210 795 solum
1226 762 1425 795 secundum
1447 762 1612 796 ordinem

52 826 137 849 suae
164 814 421 860 providentiae,
449 814 647 848 secundum
675 814 811 848 scilicet
837 814 932 860 quod
961 814 1109 860 angelus
1136 815 1299 860 superior
1325 815 1511 850 inferiores
1538 815 1614 849 illu-

53 870 168 902 minat
187 879 251 913 per
272 867 429 909 medi0s;
453 875 486 901 et
508 867 578 901 hoc
602 876 654 902 est
676 868 771 914 quod
799 868 895 909 dicit,
922 868 1018 913 quod
1044 869 1111 901 «in
1133 868 1311 902 directum
1338 877 1530 903 moventur
1557 880 1615 902 an-

54 921 137 968 geli,
159 921 304 967 quando
327 920 526 967 procedunt
549 921 591 954 ad
610 922 854 967 subjectorum
876 921 1141 966 providentiam
1164 929 1261 956 recta
1288 922 1411 955 omnia
1432 930 1616 956 transeun-

53 983 106 1010 tes
121 987 153 1016 )),
176 974 266 1008 idest
287 974 487 1008 secundum
510 985 564 1016 ea,
585 986 676 1020 quae
699 975 899 1008 secundum
922 983 1060 1008 rectum
1088 975 1253 1009 ordinem
1275 975 1529 1021 disponuntur:
1552 975 1614 1009 sed

53 1033 179 1063 rectum
201 1036 342 1061 motum
364 1028 465 1074 ponit
487 1028 522 1061 in
545 1028 666 1061 anima
687 1028 886 1062 secundum
908 1028 991 1069 hoc,
1019 1028 1114 1074 quod
1143 1029 1184 1062 ab
1213 1029 1446 1063 exterioribus
1473 1029 1617 1063 sensibi-

54 1082 147 1116 libus
165 1081 329 1127 procedit
350 1081 392 1115 ad
414 1080 696 1126 intelligibilium
719 1081 985 1126 cognitionem:
1009 1082 1177 1126 obliquum
1205 1090 1325 1116 autem
1352 1090 1494 1117 motum
1515 1083 1618 1129 ponit

54 1135 91 1169 in
114 1134 244 1180 angelo
267 1135 511 1181 compositum
534 1146 575 1168 ex
601 1142 712 1175 recto,
735 1142 769 1168 et
791 1134 976 1176 circulari3
1003 1135 1217 1180 inquantum
1236 1137 1435 1170 secundum
1458 1145 1618 1171 contem-

55 1187 253 1235 plationem
276 1188 345 1222 Dei
366 1187 594 1222 inferioribus
616 1188 798 1232 providet,
820 1188 856 1221 in
879 1188 1000 1221 anima
1020 1196 1141 1222 autem
1164 1189 1264 1234 ponit
1286 1197 1428 1223 motum
1451 1190 1619 1235 obliquum

55 1240 220 1276 similiter
238 1252 280 1275 ex
297 1249 408 1283 recto,
428 1249 463 1274 et
481 1240 646 1274 circulari
665 1242 929 1287 compositum3
951 1249 1057 1287 prout
1075 1241 1213 1276 scilicet
1229 1241 1554 1277 illuminationibus
1572 1243 1619 1277 di-

57 1295 149 1329 vinis
170 1294 420 1328 ratiocinando
441 1295 559 1328 utitur.

127 1349 188 1383 AD
211 1358 381 1383 TERTmM
404 1347 610 1390 dicendum,
632 1349 728 1394 quod
749 1347 832 1382 illae
852 1348 1073 1383 diversitates
1092 1357 1271 1392 motuum,
1286 1361 1377 1395 quae
1396 1350 1620 1396 accipiuntur

58 1402 259 1436 secundum
281 1401 520 1435 differentiam
543 1402 617 1446 ejus
639 1401 734 1447 quod
758 1409 811 1435 est
831 1413 986 1443 sursum,
1009 1410 1043 1436 et
1064 1402 1246 1444 deorsum,
1269 1403 1507 1446 dextrorsum,
1526 1412 1560 1438 et
1578 1404 1620 1438 si-

58 1455 284 1497 nistrorsum,
303 1462 396 1497 ante,
419 1463 453 1489 et
474 1462 581 1497 retro,
597 1462 630 1489 et
650 1455 850 1489 secundum
870 1455 1030 1489 diversos
1050 1455 1228 1498 circuitus,
1244 1467 1371 1490 omnes
1391 1457 1620 1492 continentur

59 1509 123 1543 sub
151 1517 253 1543 motu
274 1517 387 1551 recto,
408 1507 466 1542 vel
487 1507 654 1554 obliquo:
676 1520 762 1542 nam
781 1520 843 1554 per
865 1520 992 1543 omnes
1015 1509 1222 1554 designatur
1244 1509 1424 1544 discursus
1451 1511 1618 1546 rationis:

61 1561 157 1608 quod
179 1562 325 1608 quidem
347 1561 376 1596 si
397 1563 441 1596 sit
463 1573 482 1595 a
503 1573 635 1607 genere
658 1562 701 1595 ad
723 1562 895 1608 speciem,
916 1561 974 1596 vel
996 1574 1015 1596 a
1035 1569 1113 1597 toto
1137 1563 1179 1596 ad
1201 1571 1352 1609 partem,
1375 1564 1450 1606 erit,
1479 1572 1517 1598 ut
1542 1565 1619 1611 ipse

61 1615 217 1662 exponit,
238 1615 438 1649 secundum
460 1626 614 1657 sursum,
637 1623 671 1649 et
693 1615 880 1649 deorsum:
903 1615 933 1650 si
953 1627 1038 1649 vero
1066 1616 1111 1650 sit
1137 1616 1178 1650 ab
1205 1628 1278 1650 uno
1306 1618 1555 1663 oppositorum
1583 1618 1620 1652 in

62 1668 170 1710 aliud,
192 1669 258 1703 erit
278 1668 479 1703 secundum
501 1668 741 1711 dextrorsum,
764 1677 798 1703 et
824 1669 1087 1703 sinistrorsum:
1111 1669 1140 1704 si
1160 1681 1246 1704 vero
1274 1669 1318 1704 sit
1339 1681 1358 1704 a
1380 1671 1496 1705 causis
1517 1671 1554 1706 in
1577 1670 1623 1705 ef-

62 1721 188 1764 fectus,
209 1722 276 1756 erit
297 1729 390 1763 ante,
412 1730 447 1756 et
468 1730 582 1756 retro:
605 1722 635 1756 si
655 1733 742 1756 vero
764 1723 807 1757 sit
829 1722 1027 1756 secundum
1047 1723 1258 1765 accidentia,
1277 1735 1368 1769 quae
1387 1724 1623 1759 circumstant

62 1787 140 1810 rem
153 1775 473 1822 propinquam,vel
488 1783 678 1817 remotam,
690 1776 755 1810 erit
770 1776 937 1810 circuitus
951 1787 957 1809 ;
974 1776 1153 1810 discursus
1170 1785 1289 1811 autem
1304 1777 1464 1820 rationis,
1476 1778 1620 1824 quando

64 1837 118 1864 est
138 1841 158 1863 a
182 1829 408 1865 sensibilibus
429 1829 473 1863 ad
495 1828 744 1875 intelligibilia,
767 1829 966 1863 secundum
988 1829 1151 1863 ordinem
1174 1830 1344 1864 naturalis
1366 1832 1526 1873 rationis,
1548 1843 1623 1878 per-

61 1883 152 1922 tinet
172 1883 217 1919 ad
238 1891 380 1917 motum
401 1890 558 1919 rectum:
582 1883 726 1928 quando
749 1891 870 1917 autem
886 1891 939 1916 est
953 1883 1153 1917 secundum
1174 1883 1457 1919 illuminationes
1472 1885 1622 1927 divinas,

63 1936 217 1983 pertinet
237 1937 281 1970 ad
303 1944 445 1973 motum
467 1936 667 1982 obliquum,
690 1944 727 1970 ut
749 1947 791 1970 ex
813 1936 916 1970 dictis
938 1944 1035 1982 patet
1055 1938 1106 1980 (in
1126 1937 1220 1971 solut.
1236 1939 1382 1983 praec.):
1402 1938 1480 1972 sola
1502 1946 1623 1974 autern

63 1989 312 2031 immobilitas,
334 2001 441 2036 quam
463 1990 574 2035 ponit,
597 1989 750 2035 pertinet
777 1989 820 2023 ad
848 1997 990 2023 motum
1017 1989 1250 2032 circularem3
1276 1992 1370 2025 unde
1396 1999 1503 2037 patet,
1525 1991 1622 2038 quod

64 2043 218 2090 Dionys.
239 2042 354 2079 multo
377 2042 621 2084 sufficientius,
644 2050 679 2076 et
698 2041 860 2076 subtilius
881 2051 1024 2077 motum
1046 2043 1362 2090 contemplationis
1385 2045 1563 2080 describit.

615 2184 960 2230 ARTICULUS
991 2186 1091 2230 VII.

275 2293 428 2325 UTRUM
457 2293 801 2324 CONTEMPLATIO
830 2295 1207 2325 DELECTATIONEM
1234 2296 1421 2326 HABEAT.

1555 2202 1623 2246 854

213 2381 289 2426 (1-2.
316 2393 346 2427 q.
370 2393 398 2428 3.
425 2386 488 2415 art.
511 2393 539 2427 5.
567 2388 655 2428 corp.
683 2386 713 2416 et
737 2393 769 2426 4.
796 2383 883 2416 Dist.
910 2394 954 2428 15.
982 2395 1011 2428 q.
1038 2394 1071 2427 4.
1099 2388 1164 2418 art.
1190 2396 1222 2419 2.
1249 2396 1279 2430 q.
1305 2397 1337 2420 2.
1364 2385 1406 2419 ad
1430 2386 1486 2430 r.).

140 2471 200 2505 AD
223 2480 416 2505 SEPTLMUM
437 2469 487 2503 sic
511 2469 726 2515 proceditur.
747 2469 909 2512 Videtur,
937 2471 1032 2517 quod
1061 2470 1319 2518 contemplatio
1346 2471 1624 2509 delectationem

69 2535 144 2558 non
164 2523 311 2557 habeat:
335 2523 526 2558 delectatio
549 2523 645 2557 enim
668 2523 711 2558 ad
732 2523 807 2557 vim
829 2524 1061 2569 appetitivam
1079 2526 1248 2571 pertinet:
1276 2525 1338 2559 sed
1366 2527 1625 2574 contemplatio

70 2577 314 2624 principaliter
335 2577 497 2611 consistit
516 2576 553 2610 in
574 2575 776 2619 intellectu3
804 2588 891 2623 ergo
912 2577 1064 2620 videtur,
1091 2578 1188 2624 quod
1215 2578 1405 2614 delectatio
1427 2591 1502 2614 non
1519 2581 1626 2626 perti-

70 2639 155 2666 neat
176 2631 220 2665 ad
242 2629 599 2676 contemplationem.

144 2694 175 2718 2.
191 2684 426 2718 PRAETEREA.
443 2683 575 2718 Omnis
590 2683 785 2726 contentio,
797 2691 831 2718 et
846 2695 955 2718 omne
970 2692 1153 2718 certamen
1170 2685 1321 2731 impedit
1331 2685 1625 2722 delectationem:

72 2737 134 2772 sed
160 2739 195 2771 in
222 2735 529 2782 contemplatione
555 2744 608 2770 est
634 2737 830 2779 contentio,
853 2745 887 2771 et
913 2745 1114 2771 certarnen:
1148 2738 1233 2771 dicit
1259 2740 1355 2772 enim
1384 2739 1492 2785 Greg.
1520 2751 1626 2786 super

74 2790 204 2824 Ezech.
226 2790 330 2834 (hom.
356 2801 406 2834 14.
434 2790 518 2823 inter
542 2789 623 2823 med.
649 2795 680 2824 et
696 2790 789 2836 fin),
818 2791 913 2836 quod
944 2791 1112 2833 «anima,
1135 2803 1217 2824 cum
1244 2792 1481 2839 contemplari
1507 2794 1625 2828 Deum

74 2844 207 2885 nititur,
228 2842 327 2877 velut
347 2843 383 2876 in
405 2842 564 2888 quodam
586 2843 782 2878 certamine
803 2844 932 2889 posita,
951 2844 1062 2878 modo
1085 2845 1187 2889 quasi
1209 2853 1397 2890 exuperat;
1420 2847 1503 2892 quia
1527 2847 1628 2881 intel-

74 2897 233 2943 ligendo,
255 2904 290 2932 et
309 2896 498 2931 sentiendo
521 2896 564 2931 de
585 2896 896 2943 incircumscripto
918 2897 1054 2932 lumine
1070 2897 1203 2944 aliquid
1221 2898 1401 2944 degustat:
1421 2900 1533 2935 modo
1551 2912 1628 2936 suc-
