1859 3122
194 132 281 174 204
621 131 837 165 QUAESTIO
870 130 971 159 XXV.
1004 130 1247 160 ARTICULUS
1282 131 1342 160 111.

193 224 270 247 esse
293 219 411 246 creata
433 223 453 245 a
475 211 569 254 Deo,
591 220 626 246 et
647 212 776 258 pisces,
799 220 834 246 et
855 223 938 246 aves
961 223 1038 246 esse
1065 211 1260 258 productos
1286 222 1328 245 ex
1355 211 1468 257 aquis,
1490 219 1525 246 et
1549 211 1746 258 gressibilia

194 265 376 306 animalia,
399 272 432 298 et
454 265 594 311 plantas
617 276 659 299 ex
679 273 792 308 terra3
815 277 901 311 ergo
925 265 1079 299 charitas
1102 265 1211 299 etiam
1237 275 1275 299 se
1303 265 1461 299 extendit
1493 265 1537 299 ad
1567 273 1745 299 creaturas

192 317 428 352 irrationales.

266 372 340 406 SED
361 382 515 406 CONTRA
538 380 601 413 est,
624 372 721 418 quod
743 371 887 406 dilectio
911 372 1093 406 charitatis
1114 371 1234 406 solum
1255 382 1292 405 se
1315 371 1471 405 extendit
1492 371 1535 405 ad
1556 371 1686 414 Deum,
1713 379 1748 405 et

193 425 236 459 ad
257 425 482 471 proximum:
504 425 566 459 sed
588 425 737 459 nomine
758 426 913 472 proximi
930 437 1003 459 non
1026 433 1144 471 potest
1164 424 1317 470 intelligi
1338 433 1500 459 creatura
1521 423 1747 467 irrationalis;

193 479 276 524 quia
296 490 371 512 non
398 479 646 512 communicat
673 490 755 512 cum
782 479 931 513 homine
958 479 993 512 in
1015 479 1087 512 vita
1113 477 1298 521 rationali3
1321 489 1407 524 ergo
1435 477 1589 512 charitas
1614 489 1688 512 non
1708 488 1747 512 se

193 532 352 566 extendit
372 532 415 565 ad
438 541 618 566 creaturas
636 532 873 567 irrationales.

264 585 493 620 RESPONDEO
527 586 732 628 dicendum,
755 586 851 632 quod
877 586 1030 621 charitas
1059 585 1258 619 secundum
1279 585 1461 631 praedicta
1483 585 1561 629 (art.
1584 590 1698 631 praec.
1719 587 1747 618 el

193 651 223 685 q.
245 651 297 685 23.
319 644 382 673 art.
403 639 449 683 Ι.)
469 647 521 673 est
536 639 695 674 amicitia
709 640 906 686 quaedam:
929 651 992 686 per
1014 639 1212 673 amicitiam
1234 646 1354 672 autem
1376 646 1517 672 amatur
1538 637 1670 684 aliquid
1691 637 1751 671 du-

193 692 350 739 pliciter:
374 705 438 727 nno
461 693 607 739 quidem
627 693 722 728 modo
745 694 895 735 amicus,
918 693 961 727 ad
984 704 1090 739 quem
1114 692 1273 726 amicitia
1298 692 1467 726 habetur:
1491 700 1526 726 et
1547 691 1617 726 alio
1638 690 1750 725 modo

193 746 301 788 bona,
323 758 414 792 quae
444 747 563 781 amico
594 754 780 793 optantur3
815 747 932 792 primo
960 758 1046 792 ergo
1082 746 1194 780 modo
1214 745 1315 779 nulla
1343 753 1507 780 creatura
1535 743 1751 778 irrationalis

194 808 312 845 potest
333 811 375 833 ex
389 800 563 834 charitate
582 801 706 834 amari.
728 800 772 834 Et
792 800 864 834 hoc
880 801 1006 846 triplici
1020 800 1176 834 ratione:
1194 810 1347 845 quarum
1364 799 1447 833 duae
1465 798 1642 844 pertinent
1655 808 1752 831 com-

194 853 351 887 muniter
373 854 416 887 ad
439 854 649 895 amicitiam,
665 865 756 900 quae
772 854 816 888 ad
832 861 1012 887 creaturas
1028 852 1253 887 irrationales
1268 852 1394 886 haberi
1406 863 1480 886 non
1494 859 1628 897 potest:
1637 851 1750 897 primo

194 906 352 952 quidem,
375 907 458 952 quia
477 907 637 941 amicitia
659 907 702 941 ad
722 918 805 941 eum
819 907 981 948 habetur,
997 907 1054 940 cui
1067 906 1236 940 volumus
1256 906 1414 940 bonum:
1436 905 1498 940 sed
1518 916 1593 939 non
1610 903 1751 951 proprie

194 970 387 1005 possumus
401 959 538 993 bonum
552 960 646 994 velle
669 968 853 994 creaturae
867 959 1077 1002 irrationali,
1100 960 1183 1006 quia
1204 971 1278 993 non
1292 967 1344 994 est
1366 960 1441 1005 ejus
1462 958 1604 1005 proprie
1617 957 1750 991 habere

194 1013 343 1055 bonum,
365 1013 427 1047 sed
449 1013 569 1047 solum
592 1022 775 1048 creaturae
802 1013 998 1055 rationalis,
1021 1025 1112 1059 quae
1135 1021 1187 1047 est
1213 1013 1361 1047 domina
1382 1012 1505 1046 utendi
1524 1012 1634 1053 bono,
1655 1009 1751 1057 quod

193 1066 312 1107 habet,
334 1078 396 1112 per
417 1066 569 1101 liberum
591 1067 798 1109 arbitrium3
817 1075 852 1101 et
872 1067 954 1101 ideo
975 1066 1111 1101 Philos.
1127 1067 1212 1100 dicit
1232 1067 1268 1100 in
1283 1076 1314 1101 2.
1334 1066 1444 1112 Phys.
1461 1066 1539 1111 (tex.
1557 1065 1608 1111 58.
1627 1065 1752 1110 et59.)‚

195 1119 292 1165 quod
313 1119 523 1165 hujusmodi
549 1120 653 1155 rebus
679 1132 754 1155 non
780 1120 934 1155 dicimus
957 1120 1090 1166 aliquid
1116 1120 1219 1161 bene,
1241 1119 1300 1154 vel
1320 1119 1415 1153 male
1442 1119 1663 1164 contingere,
1684 1117 1753 1151 nisi

196 1173 396 1207 secundum
412 1172 704 1207 similitudinem:
726 1174 875 1216 secundo,
894 1174 977 1220 quia
999 1175 1117 1207 omnis
1141 1173 1310 1214 amicitia,
1323 1172 1491 1206 fundatur
1507 1183 1614 1218 super
1635 1170 1754 1216 aliqua

196 1227 529 1261 communicatione
543 1227 648 1261 vitae.
663 1227 765 1261 Nihil
783 1227 880 1261 enim
901 1227 950 1261 ita
971 1227 1158 1273 proprium
1173 1235 1226 1260 est
1241 1226 1432 1268 amicitiae,
1447 1226 1540 1260 sicut
1552 1225 1649 1258 bona
1668 1224 1753 1266 vita,

196 1288 234 1313 ut
255 1287 352 1324 patet
372 1291 435 1326 per
457 1279 593 1314 Philos.
613 1280 644 1314 8.
667 1280 783 1314 Ethic.
807 1280 893 1327 (cap.
913 1292 940 1326 3.
960 1285 990 1315 et
1006 1281 1077 1324 4.).·
1094 1288 1277 1314 creaturae
1300 1287 1421 1313 autem
1440 1277 1666 1312 irrationales
1678 1287 1753 1311 non

195 1341 345 1379 possunt
366 1334 739 1368 communicationem
759 1334 893 1367 habere
915 1334 951 1366 in
970 1334 1043 1367 vita
1064 1333 1235 1374 humana,
1251 1343 1342 1378 quae
1364 1340 1417 1366 est
1436 1331 1636 1366 secundum
1650 1330 1755 1364 ratio-

195 1398 300 1429 nem;
322 1387 416 1420 unde
438 1386 536 1420 nulla
559 1387 717 1421 amicitia
742 1395 861 1432 potest
880 1386 1006 1420 haberi
1032 1387 1076 1420 ad
1103 1394 1284 1420 creaturas
1309 1384 1547 1426 irrationales,
1568 1384 1637 1418 nisi
1660 1383 1753 1417 forte

196 1441 395 1474 secundum
418 1440 690 1486 metaphoram:
714 1442 811 1476 tartia
833 1441 924 1474 ratio
947 1449 1001 1474 est
1021 1440 1166 1486 propria
1188 1440 1373 1474 charitati:
1396 1439 1479 1485 quia
1501 1439 1654 1473 charitas
1679 1437 1755 1472 fun-

197 1494 300 1528 datur
320 1505 426 1540 super
449 1494 781 1528 communicatione
795 1494 1024 1528 beatitudinis
1041 1502 1219 1536 aeternae,
1235 1494 1336 1539 cujus
1355 1501 1518 1527 creatura
1537 1490 1754 1526 irrationalis

199 1559 310 1592 capax
331 1558 406 1581 non
428 1555 499 1589 est3
517 1548 611 1581 unde
634 1547 793 1581 amicitia
808 1547 990 1581 charitatis
1012 1558 1086 1581 non
1107 1555 1226 1593 potest
1245 1547 1370 1580 haberi
1385 1546 1429 1580 ad
1451 1554 1653 1580 creaturam
1672 1545 1756 1579 irra-

196 1600 386 1635 tionalem:
404 1609 554 1646 possunt
574 1609 698 1635 tamen
716 1612 758 1634 ex
774 1600 945 1635 charitate
967 1600 1069 1646 diligi
1090 1608 1274 1634 creaturae
1294 1599 1531 1642 irrationales,
1544 1600 1635 1634 sicut
1646 1599 1754 1641 bona,

198 1666 288 1700 quae
311 1654 388 1688 aliis
409 1654 590 1697 volumus,
612 1655 825 1700 inquantum
847 1654 986 1688 scilicet
1011 1665 1053 1687 ex
1080 1654 1252 1688 charitate
1273 1653 1442 1688 volumus
1468 1664 1528 1687 eas
1550 1651 1756 1687 conservari

198 1709 242 1742 ad
262 1708 444 1742 honorem
465 1708 546 1751 Dei,
568 1716 602 1742 et
623 1707 815 1742 utilitatem
836 1707 1046 1742 hominum:
1067 1715 1101 1742 et
1122 1707 1172 1742 sic
1191 1707 1300 1742 etiam
1323 1719 1367 1742 ex
1380 1707 1553 1742 charitate
1573 1707 1674 1741 Deus
1695 1716 1755 1740 eas

197 1761 323 1807 diligit.

270 1817 376 1851 Unde
396 1824 494 1863 patet
514 1817 702 1862 responsio
723 1827 774 1851 AD
800 1827 961 1851 PRIMUM.

270 1871 330 1905 AD
358 1881 565 1905 sEcuNDUM
592 1870 796 1912 dicendum,
824 1870 921 1916 quod
947 1869 1144 1904 similitudo
1170 1869 1312 1915 vestigii
1336 1881 1411 1904 non
1439 1869 1498 1903 dat
1516 1867 1753 1914 capacitatem

198 1924 292 1958 vitae
316 1932 493 1965 aeternae,
517 1925 578 1958 sed
601 1923 798 1958 similitudo
821 1923 1006 1968 imaginis;
1029 1923 1124 1957 unde
1145 1934 1219 1956 non
1242 1931 1294 1957 est
1314 1922 1440 1957 similis
1464 1923 1565 1956 ratio.

270 1977 330 2012 AD
353 1988 524 2012 TERTIUM
545 1977 750 2019 dicendum,
777 1977 873 2022 quod
900 1976 987 2010 fides
1012 1987 1050 2010 se
1077 1984 1195 2022 potest
1224 1977 1414 2010 extendere
1444 1976 1488 2010 ad
1515 1975 1638 2010 omnia
1663 1986 1755 2021 quae

200 2039 282 2065 sunt
303 2042 533 2077 quocumque
556 2030 667 2064 modo
689 2041 788 2065 vera:
812 2029 873 2064 sed
896 2030 1054 2064 amicitia
1077 2029 1259 2064 charitatis
1281 2041 1318 2064 se
1340 2030 1497 2064 extendit
1518 2029 1560 2063 ad
1583 2029 1644 2063 illa
1665 2029 1754 2071 sola,

202 2095 294 2131 quae
316 2093 401 2119 nata
421 2092 502 2119 sunt
523 2084 657 2118 habere
675 2083 813 2118 bonum
835 2083 930 2118 vitae
953 2091 1142 2118 aeternae:
1165 2083 1260 2117 unde
1280 2094 1355 2118 non
1377 2092 1431 2118 est
1451 2083 1580 2118 simile.

742 2225 1085 2271 ARTICULUS
1119 2226 1194 2269 IV.
1691 2245 1754 2281 139

306 2334 452 2363 UTRRM
485 2334 608 2363 HOMO
643 2335 813 2363 DEBEAT
848 2334 1026 2363 SEIPSUM
1059 2333 1115 2362 EX
1148 2332 1397 2362 CHARITATE
1430 2331 1647 2361 DILIGERE.

345 2422 389 2467 (I.
413 2423 500 2457 Dist.
520 2433 570 2468 32.
593 2434 622 2467 q.
638 2434 663 2456 r.
686 2427 749 2456 art.
772 2433 802 2456 2.
825 2421 866 2456 ad
880 2433 908 2468 3.
931 2426 959 2456 ct
975 2433 1003 2467 3.
1027 2422 1112 2455 Dist.
1128 2421 1182 2455 26.
1202 2425 1230 2454 ct
1258 2421 1340 2454 Virt.
1362 2432 1392 2466 q.
1414 2431 1444 2455 2.
1467 2401 1613 2465 art.'7.).

273 2512 332 2545 AD
354 2521 541 2550 QUARTUM
563 2511 613 2545 sic
635 2511 850 2557 proceditur.
870 2510 1032 2551 Videtur,
1047 2510 1143 2555 quod
1159 2509 1272 2543 homo
1295 2520 1369 2543 non
1391 2508 1516 2554 diligat
1537 2507 1696 2553 seipsum
1714 2517 1756 2540 ex

204 2564 398 2600 charitate:
426 2565 510 2599 dicit
536 2565 631 2599 enim
660 2564 811 2610 Gregor.
839 2564 874 2597 in
901 2564 1056 2609 quadam
1089 2563 1216 2596 homil.
1239 2564 1333 2608 (17),
1356 2562 1452 2608 quod
1479 2562 1625 2596 charitas
1650 2561 1757 2594 minus

205 2630 304 2663 quam
330 2620 417 2652 inter
437 2619 517 2652 duos
538 2619 651 2652 haberi
672 2630 735 2651 non
754 2622 878 2663 potes&
909 2628 995 2660 ergo
1019 2616 1061 2649 ad
1084 2616 1241 2661 seipsum
1263 2615 1381 2649 nullus
1404 2615 1513 2648 habet
1534 2613 1756 2648 charitatem.

276 2681 307 2705 2.
327 2671 562 2706 PRAETEREA.
586 2671 757 2705 Amicitia
779 2670 822 2704 de
845 2670 898 2703 sui
919 2670 1057 2703 ratione
1079 2669 1249 2714 importat
1269 2668 1567 2709 reclamationem,
1583 2675 1618 2701 et
1631 2677 1758 2712 aequa-

205 2724 354 2766 litatem,
377 2732 415 2758 ut
436 2733 531 2770 patet
552 2725 586 2757 in
609 2724 640 2758 8.
663 2723 778 2757 Ethic.
807 2723 892 2769 (cap.
919 2735 948 2757 2.
977 2727 1006 2757 et
1026 2723 1088 2768 8.),
1115 2733 1207 2768 quae
1233 2722 1378 2768 quidem
1403 2732 1478 2755 non
1504 2727 1654 2767 possunt
1679 2730 1756 2754 esse

205 2777 347 2811 homini
370 2779 412 2811 ad
435 2778 611 2823 seipsum:
634 2777 695 2811 sed
715 2776 869 2810 charitas
896 2776 1054 2810 amicitia
1077 2775 1254 2821 quaedam
1277 2783 1340 2816 est,
1362 2783 1399 2809 ut
1420 2786 1526 2820 supra
1547 2774 1684 2807 dictum
1705 2780 1757 2807 est

208 2834 252 2876 (q.
275 2843 321 2876 23.
343 2836 407 2866 art.
430 2832 496 2874 1.);
520 2842 606 2876 ergo
629 2830 672 2864 ad
695 2829 851 2876 seipsum
873 2829 1000 2875 aliquis
1022 2828 1233 2864 charitatem
1254 2829 1386 2862 habere
1407 2839 1481 2862 non
1503 2834 1630 2873 potest.
