1859 3122
173 146 259 198 736
600 155 818 190 QUAESTIO
852 155 937 185 civ.
972 155 1217 185 ARTICULus
1250 155 1309 185 111.

173 236 253 278 fini3
281 235 360 269 finis
390 243 510 268 autem
537 235 658 280 potior
686 242 738 269 est
764 235 821 269 his
844 247 935 281 quae
968 245 1050 270 sunt
1083 236 1127 270 ad
1154 235 1286 278 finem;
1318 236 1348 270 si
1374 247 1461 282 ergo
1490 236 1586 270 bona
1614 243 1733 270 creata

173 298 319 336 propter
340 289 411 322 hoc
435 296 714 323 contemnantur
746 297 784 322 ut
804 289 885 323 Deo
918 289 1159 332 inhaereatur,
1183 290 1300 335 major
1330 297 1382 324 est
1411 289 1488 323 laus
1517 289 1656 323 virtutis
1691 300 1734 322 ex

172 343 243 376 hoc
256 341 358 388 quod
374 342 455 375 Deo
483 342 656 383 inhaeret,
679 353 789 388 quam
808 354 851 376 ex
871 342 943 376 hoc
967 342 1062 388 quod
1083 343 1179 376 bona
1200 351 1341 377 terrena
1362 342 1582 384 contemnit,
1603 350 1639 376 et
1650 341 1734 376 ideo

176 409 193 427 «
212 395 294 429 illae
309 395 468 437 virtutes,
485 395 611 441 quibus
627 396 707 429 Deo
724 395 923 429 secundum
946 407 982 430 se
1004 396 1221 438 inhaeretur,
1244 395 1383 430 scilicet
1396 395 1639 441 theologicae,
1653 402 1736 429 sunt

173 450 331 495 potiores
357 448 546 482 virtutibus
574 449 783 492 moralibus,
803 449 928 495 quibus
951 449 1084 495 aliquid
1110 457 1294 483 terrenum
1321 449 1575 491 contemnitur,
1590 456 1629 482 ut
1653 448 1734 482 Deo

174 502 443 536 inhaereatur».
477 502 573 536 Inter
593 502 742 536 virtutes
764 510 885 536 autem
907 502 1065 537 morales
1097 510 1198 536 tanto
1221 502 1341 548 aliqua
1369 502 1489 548 potior
1511 509 1574 544 est,
1601 510 1735 548 quanto

174 555 301 601 aliquis
322 556 439 600 majus
459 555 590 601 aliquid
615 555 826 598 contemnit,
848 563 887 590 ut
911 556 992 590 Deo
1014 556 1218 598 inhaereat;
1245 563 1329 590 sunt
1354 564 1476 590 autem
1509 556 1578 590 tria
1604 566 1736 601 genera

174 609 355 643 bonorum
381 608 639 651 humanorum,
662 620 753 655 quae
775 609 890 643 homo
912 617 1031 655 potest
1057 617 1290 643 contemnere
1317 616 1462 655 propter
1481 609 1623 651 Deum3
1648 619 1737 654 quo-

176 674 254 696 rum
277 662 430 708 infimum
452 669 534 696 sunt
555 662 732 696 exteriora
758 663 873 696 bona:
896 663 1037 697 nmdium
1062 670 1182 697 autern
1204 669 1285 696 sunt
1310 662 1407 696 bona
1429 663 1610 707 corporis:
1629 667 1738 708 supre-

178 727 266 749 mum
281 723 402 749 autem
423 723 505 749 sunt
521 716 616 749 bona
639 716 800 750 animae:
823 716 915 750 inter
937 727 1028 762 quae
1050 715 1324 762 quodammodo
1348 715 1583 762 praecipuum
1609 722 1662 749 est
1677 726 1738 748 vo-

176 768 306 810 luntas,
328 768 542 814 inquantum
561 768 699 803 scilicet
717 780 779 815 per
799 768 1025 803 voluntatem
1047 769 1161 803 homo
1184 769 1351 803 omnibus
1379 768 1456 803 aliis
1481 768 1586 802 bonis
1612 768 1737 810 utitur;

178 830 212 856 et
232 822 326 863 ideo,
341 828 404 868 per
423 834 452 856 se
467 822 635 867 loquendo,
662 822 878 856 laudabilior
899 831 952 856 est
973 822 1199 856 obedientiae
1213 822 1335 864 virtus,
1351 833 1442 868 quae
1458 829 1602 868 propter
1615 821 1737 855 Deum

178 875 379 909 contemnit
400 876 584 921 propriam
605 875 843 918 voluntatem,
866 888 974 922 quam
998 875 1088 909 aliae
1110 876 1258 910 virtutes
1280 874 1449 917 morales,
1475 886 1568 921 quae
1589 882 1734 921 propter

179 929 298 962 Deum
321 928 439 974 aliqua
462 928 530 962 alia
549 929 644 962 bona
668 937 915 964 contemnunt.
939 929 1045 963 Unde
1069 929 1178 975 Greg.
1202 929 1286 963 dicit
1312 928 1374 962 ult.
1403 928 1532 962 Moral.
1563 928 1642 973 (loc.
1665 933 1737 974 sup.

178 983 248 1027 cit.)
270 983 365 1028 quod
383 995 400 1013 «
416 982 619 1016 obedientia
633 983 875 1028 victimisjure
890 983 1141 1029 praeponitur3
1156 982 1239 1029 quia
1253 994 1316 1029 per
1330 982 1494 1016 victimas
1510 981 1626 1016 aliena
1641 992 1738 1023 caro,

181 1047 242 1081 per
269 1035 513 1069 obedientiam
535 1047 622 1070 vero
644 1036 811 1070 voluntas
826 1036 970 1082 propria
992 1044 1171 1070 mactatur
1184 1049 1224 1079 »3
1247 1036 1341 1070 unde
1358 1036 1466 1070 etiam
1488 1045 1738 1082 quaecumque

180 1089 248 1123 alia
267 1089 439 1123 virtutum
451 1101 561 1135 opera
576 1101 617 1124 ex
636 1090 707 1124 hoc
724 1090 907 1124 meritoria
923 1098 1005 1124 sunt
1023 1090 1115 1136 apud
1130 1090 1262 1131 Deum,
1278 1089 1375 1135 quod
1388 1089 1488 1131 fiunt,
1501 1097 1540 1123 ut
1554 1088 1741 1123 obediatur

178 1142 357 1176 voluntati
379 1143 540 1185 divinae3
567 1155 652 1176 nam
679 1144 707 1177 si
726 1143 803 1189 quis
831 1143 940 1177 etiam
967 1144 1180 1189 martyrium
1207 1143 1408 1184 sustineret,
1435 1142 1493 1176 vel
1523 1142 1647 1176 omnia
1673 1152 1737 1175 sua

180 1196 396 1242 pauperibus
419 1204 594 1241 erogaret,
616 1197 684 1230 nisi
704 1197 795 1230 haec
818 1197 1000 1231 ordinaret
1027 1197 1070 1230 ad
1096 1196 1347 1242 impletionem
1370 1195 1511 1230 divinae
1532 1194 1740 1236 voluntatis,

182 1250 278 1295 quod
301 1249 433 1283 directe
456 1250 498 1283 ad
522 1250 766 1284 obedientiam
781 1250 944 1296 pertinet,
966 1250 1150 1284 meritoria
1174 1261 1250 1284 esse
1272 1261 1346 1284 non
1368 1257 1533 1296 possent;
1555 1249 1647 1283 sicut
1671 1259 1738 1282 nec

180 1303 209 1337 si
231 1303 358 1337 fierent
375 1303 451 1337 sine
474 1303 660 1345 charitate,
682 1314 774 1349 quae
795 1303 870 1338 sine
890 1303 1094 1337 obedientia
1110 1314 1186 1337 esse
1200 1314 1275 1337 non
1289 1310 1425 1349 potest:
1445 1303 1574 1337 dicitur
1596 1302 1693 1336 enim
1710 1312 1739 1335 1.

175 1357 267 1402 Joan
289 1367 320 1391 2.
344 1357 439 1403 quod
454 1358 510 1402 qni
528 1357 606 1391 dicit
625 1369 655 1392 s:
675 1369 763 1391 nossa
778 1358 901 1400 Deum,
924 1362 952 1392 et
969 1357 1125 1392 mandata
1147 1359 1214 1402 ejus
1232 1368 1296 1390 non
1315 1356 1461 1398 custodit,
1483 1355 1625 1390 mendax
1645 1360 1737 1397 est...,

181 1412 238 1456 qni
256 1416 364 1445 antem
384 1415 494 1444 ser-vat
519 1411 621 1444 verba
639 1413 719 1455 ejus,
745 1423 820 1445 vere
846 1412 881 1444 in
902 1411 961 1445 hoc
988 1411 1133 1445 charitas
1158 1411 1225 1444 Dei
1243 1410 1390 1456 perfecta
1415 1414 1479 1451 est,·
1507 1417 1542 1444 et
1561 1408 1632 1443 hoc
1654 1408 1737 1443 ideo

182 1472 234 1498 est
255 1463 337 1510 quia
357 1463 514 1497 amicitia
540 1462 626 1497 facit
646 1463 743 1498 idem
765 1463 869 1506 velle,
892 1472 926 1498 et
951 1463 1060 1498 nolle.

250 1517 310 1550 AD
331 1527 480 1551 PRmUM
502 1527 589 1562 ergo
611 1516 816 1559 dicendum,
838 1517 935 1563 quod
959 1516 1167 1551 obedientia
1184 1516 1349 1562 procedit
1363 1527 1406 1550 ex
1421 1515 1632 1558 reverentia,
1650 1525 1742 1562 quae

181 1570 323 1604 exhibet
345 1569 493 1612 cultum,
521 1578 554 1604 et
579 1570 760 1604 honorem
787 1571 981 1616 superiori:
1007 1578 1042 1604 et
1063 1578 1239 1616 quantum
1263 1570 1306 1604 ad
1328 1570 1400 1604 hoc
1423 1569 1486 1604 sub
1509 1569 1657 1604 diversis
1677 1568 1744 1603 vir-

179 1623 312 1657 tutibus
335 1623 556 1666 continetur;
579 1623 664 1658 licet
690 1624 891 1658 secundum
918 1635 955 1658 se
988 1623 1227 1665 considerata,
1255 1631 1362 1669 prout
1392 1622 1536 1669 respicit
1564 1623 1743 1657 rationem

180 1677 373 1723 praecepti,
400 1677 444 1711 sit
470 1688 541 1710 una
570 1677 736 1723 specialis
763 1677 893 1719 virtus,
923 1678 1137 1723 inquantum
1168 1688 1255 1723 ergo
1284 1676 1446 1723 procedit
1473 1687 1515 1710 ex
1544 1676 1743 1710 reverentia

181 1729 436 1776 praelatorum,
459 1730 663 1764 continetur
685 1730 959 1776 quodammodo
980 1730 1043 1765 sub
1061 1730 1308 1772 observantia3
1330 1730 1545 1776 inquantum
1559 1740 1646 1763 vero
1665 1740 1744 1775 pro-

183 1784 276 1817 cedit
293 1794 336 1817 ex
358 1783 558 1817 reverentia
579 1791 780 1829 parentum,
803 1784 866 1818 sub
889 1784 1041 1830 pietate3
1064 1783 1279 1829 inquantum
1300 1794 1386 1817 vero
1405 1783 1569 1828 procedit
1586 1793 1628 1817 ex
1649 1793 1746 1817 reve-

181 1836 295 1870 rentia
322 1836 403 1879 Dei,
430 1837 492 1870 sub
524 1836 716 1882 religione:
745 1845 779 1870 et
808 1837 961 1883 pertinet
991 1837 1034 1871 ad
1065 1837 1310 1878 devotionem,
1337 1847 1428 1882 quae
1458 1844 1512 1870 est
1538 1834 1744 1882 principalis

183 1898 282 1924 actus
300 1889 503 1935 religionis3
526 1890 620 1924 unde
642 1890 843 1924 secundum
864 1890 935 1924 hoc
958 1890 1173 1924 laudabilius
1200 1897 1252 1924 est
1279 1890 1425 1924 obedire
1451 1889 1544 1932 Deo,
1566 1900 1676 1935 quam
1693 1900 1746 1923 sa-

184 1942 360 1977 crificium
383 1942 531 1986 offerre,
555 1952 590 1978 et
608 1944 718 1978 etiam
740 1944 823 1990 quia
844 1944 880 1977 in
903 1943 1079 1978 sacrificio
1101 1943 1313 1977 immolatur
1332 1943 1447 1977 aliena
1466 1953 1563 1985 caro,
1581 1953 1643 1988 per
1664 1942 1746 1976 obe-

184 1996 355 2030 dientiam
384 2004 503 2030 autem
532 1997 676 2043 propria
702 1997 882 2039 voluntas,
905 2005 942 2031 ut
970 1996 1168 2042 Gregorius
1191 1997 1277 2030 dicit
1299 1996 1376 2040 (loc.
1403 2002 1472 2042 sup.
1495 1995 1590 2041 cit.).·
1612 1995 1746 2042 specia-

183 2050 264 2084 liter
284 2058 406 2084 tamen
425 2050 461 2083 in
485 2062 581 2092 casu,
604 2051 640 2084 in
662 2062 733 2097 quo
756 2051 971 2097 loquebatur
994 2050 1153 2092 Samuel,
1176 2050 1306 2085 melius
1327 2049 1453 2084 fuisset
1476 2049 1576 2083 Sauli
1597 2048 1744 2083 obedire

184 2104 277 2145 Deo,
304 2115 413 2149 quam
440 2103 610 2138 animalia
640 2105 787 2150 pinguia
818 2103 1132 2138 Amalechitarum
1159 2104 1195 2137 in
1222 2103 1440 2138 sacrificium.
1467 2101 1596 2137 offerre
1619 2110 1745 2137 contra

184 2157 250 2191 Dei
275 2157 498 2190 mandatum.

256 2210 316 2244 AD
336 2221 540 2244 SECUNDUM
561 2211 765 2252 dicendum,
781 2211 877 2256 quod
901 2210 943 2244 ad
966 2211 1210 2245 obedientiam
1230 2210 1408 2256 pertinent
1422 2220 1549 2244 omnes
1565 2217 1665 2243 actus
1678 2208 1745 2242 vir-

185 2272 314 2305 tutum,
337 2272 443 2309 prout
464 2272 545 2298 sunt
570 2265 606 2297 in
633 2272 844 2310 praecepto,
873 2265 1085 2310 inquantum
1113 2275 1200 2309 ergo
1228 2272 1327 2298 actus
1353 2263 1526 2297 virtutum
1553 2269 1746 2308 operantur

186 2316 387 2358 causaliter,
401 2316 459 2350 vel
481 2317 688 2363 dispositive
711 2317 754 2350 ad
777 2329 900 2351 earum
924 2317 1208 2363 generationem,
1232 2325 1266 2351 et
1288 2316 1615 2357 conservationem,
1634 2315 1746 2349 intan-

186 2379 263 2404 tum
286 2370 424 2412 dicitur,
447 2370 543 2416 quod
567 2370 770 2404 obedientia
793 2382 920 2404 omnes
943 2371 1089 2404 virtutes
1117 2370 1229 2404 menti
1254 2370 1389 2411 inserit,
1416 2378 1451 2403 et
1477 2368 1650 2403 custodit:
1678 2379 1744 2402 nec

186 2432 307 2457 tamen
335 2424 504 2469 sequitur,
533 2424 628 2469 quod
661 2424 865 2458 obedientia
901 2424 944 2458 sit
977 2424 1187 2470 simpliciter
1221 2424 1388 2457 omnibus
1421 2422 1609 2456 virtutibus
1636 2421 1745 2468 prior,

187 2485 330 2523 propter
352 2477 435 2512 dno:
453 2478 579 2523 ,tu-into,
604 2477 685 2522 quia
708 2476 791 2510 licet
819 2486 917 2511 actus
944 2477 1082 2511 virtutis
1111 2477 1214 2511 cadat
1241 2477 1303 2510 sub
1332 2483 1537 2522 praecepto,
1560 2483 1678 2522 potest
1697 2482 1746 2509 ta-

188 2541 271 2564 men
294 2529 421 2576 aliquis
443 2529 594 2576 implere
617 2538 736 2564 actum
763 2530 913 2571 virtutis,
941 2542 1014 2564 non
1042 2531 1227 2564 attendens
1263 2530 1305 2563 ad
1336 2525 1515 2564 ration'em
1544 2528 1744 2575 praecepti;

188 2584 281 2617 unde
304 2583 333 2618 si
357 2583 475 2629 aliqua
509 2585 620 2617 virtus
646 2583 700 2625 sit,
729 2584 828 2628 cujus
857 2584 1039 2628 objectum
1070 2584 1113 2617 sit
1142 2583 1351 2617 naturaliter
1378 2583 1484 2629 prius,
1515 2593 1624 2628 quam
1650 2593 1748 2627 prae-

190 2646 346 2682 ceptum,
367 2636 426 2670 illa
449 2637 558 2671 virtus
577 2637 705 2670 dicitur
722 2636 930 2670 naturaliter
946 2637 1054 2682 prior,
1073 2648 1182 2682 quam
1202 2636 1417 2678 obedientia,
1436 2644 1473 2670 ut
1491 2643 1587 2682 patet
1605 2635 1648 2669 de
1666 2634 1747 2676 fide,

190 2702 252 2736 per
274 2701 382 2736 quam
405 2690 508 2724 nobis
531 2690 672 2724 divinae
695 2690 917 2724 auctoritatis
940 2690 1140 2724 sublimitas
1155 2690 1359 2731 innotescit,
1381 2702 1421 2723 ex
1438 2701 1507 2735 qua
1527 2688 1699 2734 competit
1713 2688 1746 2722 ei

192 2738 350 2788 potestas
372 2743 636 2790 praecipiendi:
657 2743 805 2785 secundo,
829 2743 911 2789 quia
933 2742 1064 2777 infusio
1087 2743 1234 2788 gratiae,
1257 2751 1291 2777 et
1311 2743 1483 2776 virtutum
1509 2749 1627 2788 potest
1647 2752 1747 2787 prae-

191 2796 317 2831 cedere
333 2797 441 2831 etiam
460 2805 624 2843 tempore
642 2808 790 2831 omnem
810 2804 929 2830 actum
944 2796 1162 2831 virtuosum:
1183 2805 1216 2831 et
1231 2796 1429 2831 secundum
1445 2795 1515 2829 hoc
1531 2806 1647 2841 neque
1661 2802 1748 2828 tem-

191 2861 290 2896 pore,
312 2861 428 2896 neque
449 2859 575 2884 natura
598 2858 650 2884 est
672 2849 875 2885 obedientia
898 2849 1065 2884 omnibus
1089 2849 1168 2884 aliis
1188 2849 1375 2884 virtutibus
1397 2848 1503 2894 prior.
