1859 3122
476 164 696 200 QUAESTIO
730 165 863 194 XXVII.
897 165 1140 195 ARTICULUS
1174 165 1229 194 VI.
1543 165 1626 208 237

67 246 234 281 ultimum
256 246 376 289 finem,
399 254 437 280 ut
458 258 563 292 supra
585 246 720 281 dictum
743 254 795 280 est
816 247 861 292 (q.
881 258 926 292 23.
947 252 1011 281 art.
1035 247 1107 291 6.);
1133 255 1167 281 et
1188 246 1269 280 ideo
1290 246 1323 280 in
1343 245 1537 280 dilectione
1556 246 1625 280 Dei

65 311 139 334 non
167 307 285 346 potest
315 300 428 345 accipi
460 300 600 341 modus,
632 300 723 334 sicut
749 300 783 332 in
807 311 842 333 re
865 308 1082 341 mensurata,
1107 308 1143 334 ut
1165 300 1208 334 sit
1230 300 1263 333 in
1288 311 1328 333 ea
1353 299 1515 345 accipere
1537 299 1626 345 plus,

67 360 100 387 et
123 353 259 395 minus;
290 354 350 387 sed
373 354 464 387 sicut
496 353 674 387 invenitur
704 353 833 386 modus
863 353 898 386 in
934 365 1114 395 mensura,
1141 354 1175 387 in
1203 365 1272 399 qua
1299 364 1372 387 non
1404 360 1521 399 potest
1550 364 1628 386 esse

67 418 242 448 excessus,
265 407 326 440 sed
350 416 484 451 quanto
508 407 585 453 plus
608 407 790 451 attingitur
811 406 947 451 regula,
969 414 1069 440 tanto
1093 406 1222 441 melius
1246 415 1318 440 est:
1351 414 1385 440 et
1410 407 1458 440 ita
1493 414 1628 452 quanto

65 460 164 494 Deus
186 459 264 506 plus
288 460 456 505 diligitur,
480 469 579 494 tanto
607 467 658 493 est
681 459 826 493 dilectio
851 459 990 494 melior.

136 514 196 547 AD
211 524 358 548 PRIMUM
382 526 468 559 crgo
492 513 696 554 dicendum,
720 513 815 559 quod
838 513 936 554 illud,
961 513 1057 559 quod
1081 522 1133 547 est
1166 525 1229 559 per
1263 525 1311 555 se,
1340 514 1458 558 potius
1486 521 1539 547 est
1572 524 1629 554 ει),

65 567 162 612 quod
185 575 237 601 est
259 579 321 612 per
343 567 456 609 aliud3
491 575 524 601 et
557 566 639 600 ideo
672 566 814 600 bonitas
845 578 1048 608 mensurae,
1081 578 1171 612 quae
1194 578 1256 612 per
1278 579 1315 601 se
1338 567 1444 600 habet
1466 567 1630 608 modum,

65 620 186 666 potior
222 628 285 661 est,
316 632 424 666 quam
452 620 593 654 bonitas
628 620 835 662 mensurati,
866 631 957 666 quae
987 620 1096 654 habet
1121 621 1273 654 modum
1300 632 1361 666 per
1384 620 1498 654 aliud:
1522 628 1558 654 et
1578 620 1628 654 sic

66 674 174 707 etiam
197 674 363 715 charitas,
378 685 470 719 quae
491 674 598 707 habet
613 673 776 715 modum,
795 673 887 707 sicut
902 685 1081 715 mensura,
1097 674 1320 719 praeeminet
1339 673 1414 707 aliis
1430 673 1629 715 virtutibus,

65 738 157 772 quae
179 727 313 760 habent
334 727 497 769 modum,
519 726 611 761 sicut
632 735 871 760 mensuratae.

137 780 197 814 AD
219 791 425 815 SECUNDUM
452 780 656 821 dicendum,
680 781 789 826 quod,
811 780 904 814 sicut
925 780 1078 826 August.
1098 779 1231 814 ibidem
1253 780 1436 826 subjungit
1456 781 1547 827 (sap.
1565 780 1629 825 8.),

66 833 197 868 modus
219 833 388 879 diligendi
412 834 532 867 Deum
555 841 618 874 est,
640 841 677 867 ut
699 846 739 867 ex
761 842 839 867 toto
863 833 970 868 corde
990 833 1168 878 diligatur,
1187 834 1278 867 idest
1291 842 1329 867 ut
1342 833 1510 879 diligatur
1524 845 1631 879 quan-

65 894 301 932 tumcumque
324 895 441 933 potest
462 886 580 931 diligi:
604 895 638 921 et
659 887 729 920 hoc
745 887 900 932 pertinet
915 887 958 920 ad
974 888 1137 928 modum,
1152 887 1213 933 qui
1237 887 1406 921 convenit
1428 899 1629 921 mensurae.

137 940 196 974 AD
219 950 389 974 TERTtUM
409 941 614 983 dicendum,
630 940 726 986 quod
743 939 886 974 affectio
904 940 977 982 ina,
997 942 1097 986 cujus
1116 941 1299 986 objectum
1319 941 1478 986 subjacet
1495 941 1628 986 judicio

66 993 225 1035 rationis,
253 1002 305 1027 est
326 993 465 1027 ratione
480 994 744 1028 mensuranda:
768 994 828 1028 sed
853 994 1035 1039 objectum
1059 994 1202 1028 divinae
1225 994 1438 1036 dilectionis,
1462 995 1558 1040 quod
1578 1003 1631 1028 est

65 1047 176 1088 Deus,
200 1047 338 1081 excedit
352 1047 525 1092 judicium
540 1047 706 1082 rationis:
731 1055 765 1081 et
778 1047 860 1081 ideo
875 1059 949 1081 non
965 1055 1193 1081 mensuratur
1207 1048 1358 1089 ratione,
1375 1048 1435 1081 sed
1450 1048 1630 1082 rationem

66 1100 215 1134 excedit.
237 1100 313 1134 Nec
337 1108 389 1134 est
410 1100 527 1134 simile
550 1101 592 1134 de
614 1101 777 1135 interiori
810 1109 891 1134 actu
915 1101 1109 1143 charitatis,
1140 1110 1175 1135 et
1208 1102 1443 1135 exterioribus
1473 1102 1629 1136 actibus:

66 1165 152 1187 nam
173 1153 321 1187 interior
343 1162 442 1187 actus
465 1154 647 1188 charitatis
670 1154 778 1188 habet
799 1155 978 1188 rationem
1000 1154 1092 1196 finis,
1115 1155 1197 1200 quia
1216 1154 1385 1188 ultimum
1403 1155 1541 1188 bonum
1563 1155 1630 1189 ho-

67 1207 173 1240 minis
196 1207 358 1241 consistit
376 1207 411 1240 in
433 1207 517 1249 hoc,
540 1207 636 1253 quod
659 1208 779 1241 anima
800 1207 881 1242 Deo
900 1207 1097 1249 inhaereat,
1117 1208 1317 1241 secundum
1339 1207 1426 1242 illud
1444 1208 1538 1242 Psal.
1554 1218 1629 1253 72.:

68 1260 156 1294 Mihi
175 1260 350 1295 adhaerere
372 1261 443 1295 Deo
466 1262 587 1295 bonum
609 1266 672 1295 cst:
700 1261 892 1295 exteriores
922 1269 1042 1295 autem
1070 1269 1169 1295 actus
1196 1269 1277 1295 sunt
1302 1261 1394 1295 sicut
1420 1261 1463 1294 ad
1497 1261 1631 1303 finem,

68 1321 102 1348 et
123 1313 204 1348 ideo
226 1322 316 1348 suntv
329 1314 650 1348 commensurandi
664 1322 698 1348 et
712 1315 911 1348 secundum
927 1314 1151 1357 charitatem,
1171 1323 1205 1349 et
1223 1315 1421 1349 secundum
1440 1315 1630 1349 rationem.

597 1456 942 1500 ARTICULUS
976 1457 1077 1499 vir.
1564 1467 1627 1514 167

70 1563 222 1592 UTRUM
251 1563 317 1592 SIT
350 1563 480 1592 MAGIS
514 1564 791 1594 MERITORIUM
812 1564 1016 1594 DILIGERE
1043 1565 1264 1604 1NIMICUM,
1293 1565 1418 1600 QUAM
1440 1565 1626 1594 AMICUM.

247 1649 347 1695 (Infr.
367 1654 430 1684 art.
452 1651 484 1685 8.
506 1650 548 1684 ad
569 1661 598 1696 7.
621 1655 694 1696 1:153.
718 1651 804 1685 Dist.
823 1663 874 1697 30.
898 1655 960 1685 art.
981 1663 1007 1697 3.
1030 1656 1059 1686 et
1087 1651 1170 1685 Vz'rt.
1194 1663 1222 1696 q.
1245 1662 1276 1685 2.
1299 1656 1364 1685 art.
1387 1652 1448 1696 8.).

139 1739 199 1773 AD
222 1749 413 1774 SEPTIMUM
440 1739 489 1773 sic
505 1739 720 1784 proceditur.
736 1740 897 1782 Videtur,
913 1741 1009 1786 quod
1028 1741 1144 1786 magis
1166 1740 1394 1774 meritorium
1416 1740 1460 1774 sit
1482 1740 1629 1786 diligere

69 1791 268 1834 inimicum,
290 1803 399 1837 quam
421 1794 595 1826 amicum:
620 1793 748 1826 dicitur
770 1793 866 1827 enim
885 1794 1014 1827 Matth.
1042 1804 1088 1838 5.:
1112 1794 1147 1828 δι’
1169 1793 1303 1839 diligitis
1324 1806 1385 1836 eos,
1408 1795 1464 1840 qui
1484 1806 1542 1828 vos
1560 1794 1631 1828 dili-

66 1850 160 1890 gunt,
175 1857 274 1890 quam
288 1845 464 1879 marcedmn
479 1846 660 1880 hababitis?
679 1846 840 1891 Diligere
856 1858 942 1892 ergo
963 1847 1121 1880 amicum
1140 1858 1214 1880 non
1233 1855 1391 1881 meretur
1405 1847 1628 1881 mercedem:

68 1899 129 1932 sed
151 1898 299 1944 diligere
321 1899 510 1932 inimicum
532 1908 688 1933 meretur
710 1900 929 1941 mercedem,
952 1908 988 1934 ut
1011 1900 1144 1934 ibidem
1164 1900 1381 1942 ostenditur3
1406 1912 1492 1946 ergo
1514 1901 1631 1946 magis

68 1959 120 1986 est
141 1952 365 1986 meritorium
388 1952 537 1997 diligere
557 1953 737 1994 inimicos,
760 1965 869 1999 quam
891 1953 1040 1987 amicos.

140 2015 170 2039 2.
192 2005 428 2040 PRAETEREA.
452 2005 573 2040 Tanto
597 2006 729 2052 aliquid
753 2015 805 2041 est
835 2007 951 2053 magis
983 2007 1221 2049 meritorium,
1257 2015 1390 2053 quanto
1426 2018 1468 2041 ex
1500 2008 1631 2053 majori

69 2058 241 2093 charitate
263 2059 442 2104 procedit:
465 2059 527 2093 sed
549 2059 697 2105 diligere
719 2060 908 2093 inimicum
936 2068 988 2094 est
1021 2060 1263 2106 perfectorum
1297 2060 1455 2094 filiorum
1488 2061 1570 2102 Dei,
1593 2070 1630 2095 ut

69 2111 162 2157 Aug.
186 2111 270 2146 dicit
290 2113 325 2145 in
348 2111 490 2146 Enchir.
515 2111 602 2159 (cap.
626 2115 702 2159 73.)‚·
727 2113 875 2159 diligere
899 2121 1019 2147 autem
1043 2114 1202 2147 amicum
1225 2122 1278 2148 est
1307 2114 1417 2148 etiam
1447 2114 1629 2148 charitatis

68 2164 316 2210 imperfectae3
339 2176 426 2210 ergo
449 2166 596 2211 majoris
619 2166 737 2200 meriti
759 2175 812 2200 est
834 2166 983 2212 diligere
1005 2167 1206 2209 inimicum,
1229 2179 1339 2213 quam
1362 2167 1533 2201 amicum.

142 2229 170 2263 3.
192 2218 427 2252 PRAETEREA.
451 2219 523 2252 Ubi
544 2227 597 2253 est
615 2220 732 2264 major
754 2228 904 2254 conatus
927 2220 970 2253 ad
991 2220 1140 2262 bonum,
1162 2221 1211 2254 ibi
1231 2221 1370 2255 videtur
1401 2232 1477 2255 esse
1512 2222 1628 2267 majus

69 2271 254 2306 meritum:
277 2271 360 2317 quia
382 2273 624 2318 unusquisque
643 2273 826 2318 propriam
845 2273 1051 2307 mercedem
1071 2274 1224 2319 accipiet
1241 2275 1441 2308 secundum
1461 2286 1565 2308 suum
1583 2274 1630 2307 la-

68 2323 204 2366 borem,
226 2333 264 2358 ut
284 2325 412 2358 dicitur
437 2336 464 2358 1.
488 2325 573 2359 Cor.
600 2337 644 2371 3.:
669 2327 730 2360 sed
752 2327 880 2371 majori
903 2334 1035 2360 conatu
1065 2327 1201 2372 indiget
1234 2327 1349 2361 homo
1373 2328 1415 2360 ad
1438 2327 1508 2360 hoc
1532 2327 1628 2372 quod

55 2376 193 2427 'diligat
213 2377 413 2419 inimicum,
436 2390 545 2424 quam
568 2379 611 2412 ad
633 2379 703 2412 hoc
731 2380 827 2425 quod
863 2379 987 2425 diligat
1022 2382 1200 2422 amicum,
1227 2381 1310 2426 quia
1343 2380 1521 2414 difficilius
1557 2389 1628 2422 est3

69 2440 154 2475 ergo
176 2431 326 2472 videtur,
349 2431 444 2477 quod
467 2431 614 2477 diligere
636 2432 825 2466 inimicum
847 2433 892 2467 sit
913 2433 1029 2479 magis
1063 2434 1302 2476 meritorium,
1337 2445 1445 2479 quam
1481 2433 1628 2479 diligere

69 2494 238 2518 amicum.

140 2536 213 2570 SED
236 2548 390 2572 CONTRA
413 2547 476 2579 est,
499 2538 581 2584 quia
603 2539 701 2581 illud,
725 2540 819 2585 quod
843 2548 896 2573 est
916 2539 1058 2581 melius,
1082 2549 1134 2574 est
1156 2541 1271 2586 magis
1293 2540 1538 2574 meritorium:
1567 2540 1628 2574 sed

69 2589 198 2624 melius
220 2599 274 2624 est
294 2590 442 2635 diligere
466 2592 644 2634 amicum3
667 2593 749 2638 quia
772 2593 901 2626 melius
925 2602 977 2627 est
998 2593 1146 2639 diligere
1169 2594 1376 2627 meliorem:
1410 2593 1547 2626 amicus
1571 2604 1628 2626 au-

68 2650 152 2684 tem,
179 2644 237 2688 qui
261 2652 367 2685 amat,
390 2652 441 2678 est
463 2645 603 2687 melior,
626 2657 735 2691 quam
758 2646 935 2686 inimicus,
959 2647 1018 2692 qui
1041 2647 1134 2688 odit3
1166 2658 1252 2692 ergo
1287 2646 1434 2691 diligere
1467 2646 1626 2680 amicum

70 2703 122 2729 est
142 2696 257 2742 magis
279 2698 515 2739 meritorium,
538 2710 646 2744 quam
670 2699 817 2743 diligere
838 2699 1037 2733 inimicum.

139 2748 367 2784 RESPONDEO
390 2751 594 2792 dicendum,
618 2752 714 2797 quod
736 2752 826 2785 ratio
858 2752 1030 2797 diligendi
1049 2753 1254 2798 proximum
1275 2763 1316 2785 ex
1337 2751 1509 2786 charitate
1528 2752 1628 2786 Deus

71 2809 134 2843 est,
156 2802 247 2836 sicut
267 2814 372 2848 supra
395 2804 531 2837 dictum
552 2813 604 2838 est
625 2805 673 2850 (q.
691 2817 739 2850 25.
758 2810 823 2840 art.
838 2805 906 2849 1.)‚·
924 2817 1006 2838 cum
1021 2816 1107 2849 ergo
1124 2805 1315 2850 quaeritur,
1332 2804 1414 2849 quid
1430 2805 1474 2838 sit
1487 2804 1628 2847 melius,

71 2854 128 2888 vel
149 2855 263 2901 magis
285 2857 524 2899 meritorium,
545 2865 665 2891 utrum
687 2857 836 2903 diligere
858 2858 1029 2899 amicum,
1050 2857 1108 2891 vel
1128 2857 1330 2899 inimicum,
1348 2857 1522 2904 dupliciter
1539 2859 1628 2893 istae
