1859 3122
215 155 293 210 138
624 166 844 202 QUAESTIO
877 167 981 197 XVII.
1017 166 1260 198 ARTICULUS
1294 167 1355 196 III.

280 258 310 282 2.
338 248 572 282 PRAETEREA.
600 247 650 281 Ea
673 259 763 293 quae
786 259 805 282 a
826 248 906 283 Deo
928 248 1094 295 petimus,
1121 259 1306 294 speramus
1329 247 1489 282 obtinere
1512 248 1554 283 ab
1577 260 1640 284 eo:
1662 248 1725 283 sed
1744 260 1762 282 a

208 302 289 335 Deo
309 302 474 347 petimus,
494 301 590 346 quod
610 300 698 335 alios
716 301 758 335 ad
779 302 1037 336 beatitudinem
1057 310 1240 336 aeternam
1259 302 1442 347 perducat,
1461 303 1658 336 secundum
1676 302 1764 336 illud

204 355 330 399 Jacobi
351 354 432 388 ult:
454 354 554 388 Orate
565 361 626 400 pro
646 355 801 397 invicem,
823 355 1065 396 zctsal=z¹enzi12i;
1090 366 1176 401 ergo
1198 366 1390 401 possumus
1406 355 1482 389 aliis
1498 366 1641 401 sperare
1657 355 1766 390 beati-

208 408 370 441 tudinem
389 415 584 441 aeternam.

283 472 311 506 3.
334 461 569 495 PRAETEREA.
593 460 695 506 Spes,
717 469 751 495 et
773 461 974 506 desperatio
998 470 1079 495 sunt
1100 461 1143 496 de
1167 461 1313 496 eodem:
1333 462 1395 496 sed
1418 461 1545 508 aliquis
1571 469 1688 508 potest
1709 461 1766 496 de-

208 525 349 558 sperare
372 514 414 548 de
436 514 655 548 beatitudine
682 522 826 549 aeterna
848 514 1017 559 alicujus3
1045 514 1204 561 alioquin
1230 514 1359 549 frustra
1386 515 1519 549 diceret
1546 515 1698 561 August.
1726 515 1763 549 in

208 568 267 601 lib.
287 568 329 601 de
350 567 457 601 Verb.
479 568 589 602 Dom.
612 568 688 612 (ser.
711 581 755 603 II.
776 575 846 614 cap.
866 568 927 614 13.)
950 568 992 602 de
1011 569 1156 603 nemine
1171 580 1247 603 esse
1263 569 1538 615 desperandum,
1553 569 1639 603 dum
1658 568 1764 611 vivit3

209 632 295 667 ergo
318 621 427 654 etiam
449 629 567 666 potest
587 633 730 666 sperare
753 621 880 667 aliquis
903 621 1004 655 alteri
1023 622 1136 656 vitam
1159 630 1353 657 aeternam.

281 674 355 708 SED
371 685 524 709 CONTRA
540 683 602 716 est,
622 675 718 720 quod
734 676 885 720 August.
909 675 994 709 dicit
1014 675 1050 709 in
1072 675 1216 710 Enchir.
1234 676 1320 723 (cap.
1338 677 1399 722 8.),
1416 676 1512 722 quod
1531 687 1610 722 spes
1623 687 1698 711 non
1714 684 1767 710 est

209 727 279 762 nisi
300 738 420 761 rerum
442 727 486 761 ad
508 739 591 762 eum
613 729 879 774 pertinentium,
902 729 962 774 qui
1003 739 1127 762 earum
1149 740 1249 775 spem
1272 740 1396 775 gerere
1417 730 1634 775 perhibetur.

280 780 509 815 RESPONDEO
532 781 736 823 dicendum,
756 781 852 827 quod
874 793 954 826 spes
976 790 1094 827 potest
1113 793 1189 816 esse
1212 782 1362 828 alicujus
1377 783 1567 829 dupliciter:
1589 794 1653 817 uno
1671 782 1766 817 modo

211 833 389 868 absolute:
413 842 447 868 et
468 834 517 868 sic
541 842 593 868 est
614 834 724 868 solius
744 835 829 868 boni
844 835 946 868 ardui
967 834 1011 868 ad
1033 846 1069 869 se
1090 836 1315 881 pertinentis:
1338 836 1403 870 alio
1422 836 1517 870 modo
1540 847 1581 870 ex
1602 847 1767 882 praesup-

210 887 388 933 positione
411 887 574 922 alterius:
596 896 631 921 et
651 888 701 921 sic
723 895 841 933 potest
863 899 939 922 esse
962 888 1072 922 etiam
1094 899 1232 931 eorum,
1255 901 1346 935 quae
1368 889 1412 923 ad
1434 889 1545 923 alium
1567 889 1766 935 pertinent3

212 941 255 974 ad
277 942 376 986 cujus
399 941 617 975 evidentiam
638 940 825 975 sciendum
847 949 909 982 est,
932 941 1028 987 quod
1051 953 1154 976 amor
1168 950 1202 976 et
1216 953 1295 988 spes
1317 943 1354 976 in
1375 943 1446 977 hoc
1469 941 1649 985 differunt,
1671 942 1767 988 quod

211 1005 315 1028 amor
335 994 506 1040 importat
527 994 724 1040 quamdam
739 995 913 1029 unionem
935 995 1087 1029 amantis
1108 996 1151 1029 ad
1171 1004 1349 1039 amatum3
1368 1007 1448 1042 spes
1462 1004 1583 1030 autem
1597 996 1769 1043 importat

211 1048 405 1093 quemdam
427 1055 580 1090 motum,
602 1047 678 1081 sive
699 1048 971 1094 protensionem
999 1049 1174 1095 appetitus
1201 1049 1237 1083 in
1265 1049 1411 1095 aliquod
1438 1050 1575 1084 bonum
1597 1049 1766 1085 arduum:

210 1102 295 1135 unio
311 1109 432 1134 autem
448 1109 500 1135 est
515 1100 717 1147 aliquorum
737 1101 1008 1136 distinctorum:
1031 1110 1065 1136 et
1079 1102 1161 1137 ideo
1177 1114 1281 1138 amor
1302 1103 1435 1138 directe
1456 1111 1575 1149 potest
1588 1103 1768 1149 respicere

211 1153 333 1196 alium,
356 1166 463 1200 quem
485 1155 551 1188 sibi
573 1154 698 1201 aliquis
713 1155 789 1189 unit
810 1166 872 1201 per
891 1167 1067 1198 amorem,
1081 1156 1218 1190 habens
1238 1168 1321 1191 eum
1335 1157 1426 1191 sicut
1447 1157 1625 1203 seipsum:
1648 1164 1766 1191 motus

211 1216 332 1242 autem
358 1219 500 1254 semper
527 1216 579 1242 est
606 1208 649 1242 ad
674 1209 862 1254 proprium
887 1209 1082 1243 terminum
1112 1210 1426 1256 proportionatum
1452 1210 1597 1253 mobili3
1625 1218 1660 1245 et
1684 1210 1767 1245 ideo

210 1272 291 1306 spes
313 1261 446 1295 directe
472 1261 615 1307 respicit
641 1262 825 1308 proprium
851 1263 1000 1304 bonum,
1027 1274 1102 1297 non
1133 1271 1253 1297 autem
1275 1264 1371 1309 quod
1394 1264 1437 1297 ad
1461 1263 1572 1297 alium
1604 1263 1767 1310 pertinet.

212 1314 283 1348 Sed
305 1315 576 1360 praesupposita
598 1315 732 1349 unione
759 1316 892 1349 amoris
915 1316 958 1349 ad
980 1315 1144 1359 alterum,
1171 1318 1244 1362 jam
1267 1317 1394 1363 aliquis
1416 1325 1535 1363 potest
1552 1328 1707 1364 sperare,
1735 1325 1769 1351 et

211 1368 412 1402 desiderare
435 1368 568 1414 aliquid
591 1368 703 1410 alteri,
724 1369 816 1403 sicut
837 1369 920 1403 sibi:
949 1377 984 1404 et
1009 1370 1210 1404 secundum
1236 1371 1306 1405 hoc
1335 1370 1462 1417 aliquis
1484 1379 1602 1416 potest
1627 1381 1768 1416 sperare

213 1420 314 1455 alteri
327 1421 438 1455 vitam
454 1430 637 1455 aeternam
651 1422 866 1468 inquantum
881 1430 932 1457 est
951 1423 983 1457 ei
999 1423 1117 1458 unitus
1139 1435 1202 1469 per
1221 1435 1400 1458 amorem:
1417 1432 1451 1458 et
1469 1425 1561 1458 sicut
1575 1432 1628 1458 est
1643 1424 1769 1458 eadem

211 1474 321 1509 virtus
343 1475 537 1517 charitatis,
559 1486 629 1521 qua
650 1477 727 1521 quis
750 1475 865 1521 diligit
881 1476 1014 1517 Deum,
1032 1477 1203 1522 seipsum,
1225 1485 1260 1511 et
1280 1479 1505 1524 proximum:
1526 1477 1575 1512 ita
1593 1477 1702 1512 etiam
1717 1484 1770 1511 est

212 1528 340 1562 eadem
362 1529 472 1562 virtus
495 1528 581 1574 spei,
604 1540 674 1574 qua
696 1528 773 1574 quis
795 1536 913 1574 sperat
933 1529 1000 1563 sibi
1021 1530 1098 1574 ipsi,
1122 1537 1155 1564 et
1178 1530 1248 1564 alii.

284 1581 327 1616 Et
347 1593 410 1628 per
430 1582 501 1616 hoc
523 1589 620 1627 patet
641 1582 829 1627 responsio
849 1593 900 1617 AD
923 1593 1099 1629 OBJECTA.

769 1724 1112 1769 ARTICULUS
1155 1725 1229 1768 IV.
1726 1736 1766 1781 85

388 1831 541 1861 UTRUM
568 1832 741 1867 ALIQUIS
769 1832 920 1862 POSSIT
944 1833 1091 1862 LICITE
1120 1832 1304 1862 SPERARE
1330 1832 1375 1863 IN
1409 1832 1592 1863 HOMINE.

488 1919 588 1965 (Insr.
611 1931 639 1965 q.
662 1930 710 1965 25.
732 1924 796 1954 art.
819 1932 845 1954 Ι.
868 1919 910 1954 ad
928 1932 957 1966 3.
979 1920 1076 1955 etlib.
1098 1931 1131 1964 4.
1156 1920 1271 1955 Contr.
1292 1931 1322 1965 g.
1345 1925 1415 1966 cap.
1438 1920 1497 1966 7.).

286 2008 345 2042 AD
368 2017 555 2046 QUARTUM
569 2007 618 2041 sic
638 2008 853 2053 proceditur.
875 2008 1038 2051 Videtur,
1061 2008 1157 2054 quod
1180 2008 1307 2054 aliquis
1329 2008 1441 2053 possit
1461 2007 1558 2043 licite
1579 2018 1721 2053 sperare
1735 2007 1771 2041 in

214 2061 386 2106 homine:
414 2062 486 2107 spei
516 2061 613 2095 enim
639 2061 822 2106 objectum
849 2070 902 2096 est
926 2062 1111 2096 beatitudo
1147 2069 1310 2096 aeterna:
1345 2061 1406 2095 sed
1438 2061 1481 2094 ad
1512 2061 1771 2095 beatitudinem

216 2122 399 2148 aeternam
424 2114 715 2160 consequendam
735 2115 947 2159 adjuvamur
962 2115 1153 2161 patrocinii
1173 2115 1408 2149 Sanctorum:
1426 2115 1510 2148 dicit
1528 2114 1624 2148 enim
1637 2114 1774 2160 Grego-

216 2169 287 2201 rius
309 2167 343 2200 in
367 2167 484 2212 primo
506 2167 650 2212 Dialog.
675 2167 762 2214 (cup.
790 2169 821 2203 8.
844 2180 863 2202 α
886 2168 984 2213 med.)
1011 2169 1107 2214 quod
1135 2168 1414 2214 praedestinatio
1441 2169 1582 2213 juvatur
1608 2167 1771 2213 precibus

219 2221 454 2262 Sanctorum3
478 2232 564 2265 ergo
587 2221 714 2266 aliquis
736 2229 853 2267 potest
874 2222 910 2255 in
932 2222 1081 2256 homine
1103 2233 1256 2268 sperare.

288 2285 318 2308 2.
341 2275 574 2308 PRAETEREA.
595 2274 633 2307 Si
652 2286 724 2308 non
747 2283 864 2320 potest
883 2275 1009 2320 aliquis
1024 2287 1165 2321 sperare
1180 2275 1216 2308 in
1230 2275 1391 2316 homine,
1410 2285 1483 2308 non
1500 2282 1592 2308 esset
1610 2281 1773 2320 reputan-

217 2328 301 2361 dum
325 2327 430 2361 alicui
453 2328 486 2360 in
509 2328 648 2368 vitium,
671 2328 766 2373 quod
788 2329 824 2361 in
847 2340 889 2362 eo
910 2328 1036 2374 aliquis
1052 2340 1195 2374 sperare
1218 2340 1290 2362 non
1309 2328 1438 2374 possit:
1463 2327 1523 2361 sed
1546 2328 1616 2361 hoc
1638 2328 1680 2361 de
1700 2327 1773 2373 qui-

217 2381 368 2415 busdam
391 2381 426 2414 in
448 2380 575 2414 vitium
597 2381 735 2422 dicitur,
751 2389 788 2415 ut
801 2390 898 2427 patet
914 2382 1045 2427 Jerem.
1068 2393 1119 2428 9.:
1149 2382 1372 2426 Unusquisque
1391 2392 1410 2414 a
1427 2382 1581 2426 proximo
1595 2392 1651 2414 suo
1673 2392 1702 2415 se
1720 2392 1771 2414 σιι-

217 2435 344 2475 slodiass
361 2440 389 2468 ct
405 2436 435 2467 ill
456 2435 662 2479 omnismtrt·
676 2447 731 2469 5110
748 2447 810 2469 non
827 2435 943 2469 Imbuat
952 2435 1128 2481 fiduciam&
1145 2446 1231 2479 ergo
1247 2434 1342 2468 licite
1358 2441 1474 2480 potest
1489 2433 1615 2479 aliquis
1630 2444 1771 2479 sperare

218 2488 253 2522 in
275 2488 435 2522 homine.

292 2553 319 2587 3.
344 2542 577 2576 PRAETEREA.
594 2541 723 2575 Petitio
739 2550 791 2575 est
806 2542 1072 2587 interpretativa
1088 2541 1175 2587 spei,
1190 2541 1280 2575 sicut
1295 2541 1431 2574 dictum
1446 2548 1498 2574 est
1519 2539 1595 2584 (art.
1614 2550 1643 2573 1.
1658 2540 1726 2583 huj.
1741 2551 1770 2585 q.
1827 2570 1828 2588 ἒ

218 2607 288 2639 arg.
311 2596 372 2638 2.).·
396 2595 455 2628 sed
479 2594 574 2628 licite
597 2603 714 2639 potest
736 2595 849 2628 homo
873 2595 1005 2640 aliquid
1028 2602 1148 2640 petere
1172 2594 1213 2627 ab
1236 2594 1403 2635 homine3
1426 2604 1512 2639 ergo
1538 2592 1634 2627 licite
1656 2600 1773 2639 potest
1828 2594 1830 2600 '

219 2660 359 2695 sperare
383 2649 425 2682 de
448 2659 502 2682 eo.

291 2702 364 2735 SED
392 2711 545 2736 CONTRA
569 2709 631 2743 est,
654 2702 749 2747 quod
769 2701 896 2735 dicitur
913 2701 1043 2746 Jerem.
1071 2712 1140 2746 17.:
1165 2700 1360 2736 Maledictus
1382 2701 1490 2743 homo,
1509 2701 1565 2746 qui
1586 2699 1718 2746 confidit
1737 2700 1772 2733 in
1823 2716 1824 2728 ι

220 2755 359 2789 homme.

290 2808 518 2842 Rus—Pomm
541 2808 744 2850 dicendum,
766 2807 863 2854 quod
890 2818 981 2853 spes,
1004 2807 1094 2841 sicut
1120 2807 1255 2841 dictum
1278 2815 1330 2841 est
1353 2807 1431 2851 (art.
1453 2819 1480 2842 I.
1503 2806 1570 2852 huj.
1594 2817 1623 2851 q.
1652 2810 1679 2840 et
1708 2815 1770 2840 1-2.

220 2873 249 2906 q.
272 2872 327 2905 40.
350 2867 413 2895 art.
445 2863 502 2906 7.),
534 2861 596 2896 duo
616 2861 780 2907 respicit3
803 2860 938 2895 scilicet
974 2861 1103 2901 bonnm,
1131 2860 1227 2906 quod
1250 2860 1410 2894 obtinere
1437 2859 1597 2901 intendit,
1620 2866 1654 2893 et
1680 2859 1772 2893 auxi-
1819 2867 1820 2871 ¹
