1859 3122
494 185 711 221 QUAESTIO
745 184 800 213 LI.
834 184 1077 214 ARTICULUS
1110 184 1167 214 IV.
1528 185 1607 227 391

118 268 178 303 AD
197 278 346 303 mmmm
370 278 456 313 ergo
480 266 686 309 dicendum,
706 265 802 312 quod
822 266 959 312 synesis
982 274 1035 300 est
1052 277 1135 300 vere
1154 265 1347 311 judicativa
1367 265 1410 299 de
1433 265 1612 305 omnibus,

0 319 2 325 ’
40 333 137 368 quae
160 321 358 356 secundum
383 331 598 354 communes
621 319 763 365 regulas
785 319 891 353 fiunt:
907 319 968 353 sed
984 327 1123 365 praeter
1145 330 1360 353 communes
1375 317 1516 364 regulas
1531 326 1614 352 sunt

4 374 6 410 ,¹
46 375 226 422 quaedam
249 374 317 408 alia
340 373 579 419 dijudicanda,
601 381 639 407 ut
659 374 731 418 jam
756 373 891 406 dictum
915 380 967 406 est
989 372 1038 416 (in
1061 379 1151 418 corp.
1179 373 1271 417 art).

4 422 6 427 ’
118 428 178 462 Ao
194 438 399 462 SECUNDUM
415 427 621 468 dicendum,
638 426 733 472 quod
757 426 928 471 judicium
953 425 1057 459 debet
1078 425 1172 459 sumi
1195 438 1235 459 ex
1258 425 1440 471 principiis
1459 424 1612 470 propriis

46 481 116 523 rei;
138 481 321 527 inquisitio
345 488 467 514 autem
490 479 527 514 fit
549 480 658 514 etiam
680 490 742 525 per
763 479 991 521 communia;
1014 479 1107 512 unde
1124 479 1233 512 etiam
1248 480 1283 512 in
1299 477 1528 524 speculativis
1543 477 1614 511 dia-

47 534 186 575 lectica,
210 545 300 580 quae
324 541 376 567 est
396 533 614 580 inquisitiva,
636 532 800 579 procedit
821 543 862 565 ex
883 532 1156 565 communibus:
1174 531 1455 565 demonstrativa
1479 537 1612 572 autern,

49 598 140 633 quae
163 595 215 621 est
235 587 439 633 judicativa,
467 586 630 632 procedit
652 596 693 619 ex
715 585 882 631 propriis3
906 593 940 618 et
961 585 1042 618 ideo
1075 583 1228 625 eubulia‚
1251 584 1294 618 ad
1322 595 1430 630 quam
1458 583 1612 630 pertinet

48 641 231 687 inquisitio
255 640 407 682 consilii,
431 648 483 674 est
505 651 575 673 una
597 639 640 673 de
663 638 846 672 omnibus:
869 649 943 671 non
967 646 1087 672 autem
1115 637 1264 683 synesis,
1287 648 1378 682 quae
1401 644 1453 671 est
1478 637 1613 682 judica-

0 695 1 699 ’
46 694 138 728 tiva:
161 701 394 740 praeceptum
418 701 537 727 autem
565 691 710 738 respicit
735 692 771 725 in
799 691 966 725 omnibus
990 702 1099 724 unam
1125 690 1304 724 rationem
1331 690 1433 724 boni:
1469 698 1504 724 et
1529 690 1610 724 ideo

50 747 159 781 etiarn
181 747 368 793 prudentia
390 758 464 780 non
487 754 540 781 est
559 746 628 780 nisi
649 756 730 779 una.

119 801 179 834 AD
199 811 370 835 TERTIUM
386 799 592 841 dicendum,
615 798 710 845 quod
727 798 850 832 onmia
865 797 936 839 illa,
953 809 1044 843 quae
1059 805 1199 843 praeter
1214 807 1449 831 communem
1466 807 1611 830 cursum

42 853 258 899 contingere
278 861 439 900 possunt,
455 852 683 886 considerare
698 851 850 898 pertinet
869 852 911 884 ad
930 851 1047 885 solam
1066 850 1331 896 providentiam
1351 850 1528 884 divinam:
1548 850 1609 883 sed

46 907 138 941 inter
158 907 326 941 homines
349 906 409 940 ille
432 905 493 952 qui
514 913 567 940 est
600 905 715 951 magis
738 904 934 951 perspicax,
961 912 1080 950 potest
1101 903 1203 949 plura
1224 903 1356 937 horum
1384 914 1448 936 sua
1470 903 1610 936 ratione

46 959 259 1006 dijudicare3
292 968 325 994 et
347 960 390 993 ad
416 960 487 993 hoc
514 959 669 1005 pertinet
697 969 842 1004 gnome,
866 969 957 1003 quae
980 958 1151 1003 importat
1177 956 1372 1002 quamdam
1400 956 1611 1002 perspicaci-

44 1021 158 1048 tatem
176 1013 308 1059 judicii.

579 1278 934 1339 QUAESTIO
976 1279 1073 1324 LII.

156 1404 220 1434 DE
258 1403 392 1434 DONO
431 1402 648 1441 CONSILII,
685 1402 735 1432 IN
775 1401 1002 1441 QUATUOR
1040 1400 1301 1432 ARTICULOS
1340 1400 1513 1431 DIX'ISA.

122 1544 254 1578 Postea
277 1543 581 1578 considerandum
600 1551 652 1578 est
674 1543 716 1577 de
744 1543 841 1576 dono
864 1541 1016 1584 consilii,
1036 1541 1131 1587 quod
1154 1541 1347 1587 respondet
1367 1539 1587 1586 prudentiae.

504 1632 550 1667 Et
571 1633 659 1666 circa
678 1632 735 1666 hoc
757 1637 962 1677 quaeruntur
984 1635 1137 1676 quatuor.

120 1703 257 1737 Primo.
282 1703 413 1737 Utrum
437 1702 631 1737 consilium
654 1703 780 1737 debeat
802 1703 887 1749 poni
908 1703 999 1736 inter
1021 1709 1159 1747 septem
1188 1702 1281 1735 dona
1305 1700 1455 1745 Spiritus
1479 1700 1611 1734 Sancti.

122 1757 302 1791 Secundo.
323 1757 454 1790 Utrum
476 1756 614 1790 donum
639 1756 779 1790 consilii
806 1756 1021 1802 respondeat
1042 1754 1163 1788 virtuti
1182 1754 1402 1799 prudentiae.

123 1809 263 1844 Tertio.
286 1809 417 1843 Utrum
439 1809 576 1843 donum
599 1809 739 1844 consilii
761 1817 906 1842 maneat
927 1811 961 1843 in
978 1809 1101 1854 patria.

124 1863 278 1903 Quarto.
303 1863 435 1897 Utrum
458 1863 579 1909 quinta
600 1862 796 1904 beatitudo,
819 1873 910 1908 quae
933 1869 1000 1896 est:
1017 1863 1111 1896 Beati
1133 1860 1366 1903 misericordis,
1383 1868 1614 1906 etc.,respon-

45 1916 133 1950 *deat
156 1917 253 1951 dono
277 1916 428 1950 consilii.

618 2050 962 2096 ARTICULUS
1001 2050 1034 2091 Ι.
1548 2070 1611 2106 291

77 2163 232 2193 UTRUM
267 2162 506 2192 CONSILIUM
539 2160 709 2189 DEBEAT
743 2158 845 2188 PONI
880 2158 1010 2187 INTER
1042 2157 1165 2186 DONA
1198 2155 1388 2185 SPIRITUS
1423 2155 1592 2185 SANCTI.

590 2247 630 2293 (3.
653 2248 743 2281 Dist.
761 2258 804 2292 35.
828 2258 856 2290 q.
876 2256 906 2279 2.
934 2249 996 2278 art.
1019 2245 1080 2289 4.).

126 2339 186 2372 ΑΒ
209 2348 356 2372 PRIMUM
378 2337 427 2370 sic
450 2335 663 2381 proceditur.
686 2334 848 2376 Videtur,
863 2333 959 2379 quod
975 2332 1166 2366 consilium
1181 2342 1255 2365 non
1270 2331 1397 2364 debeat
1417 2329 1504 2375 poni
1526 2329 1615 2362 inter

50 2391 150 2425 -dona
167 2391 318 2436 Spiritus
329 2389 469 2428 Sancti:
483 2389 578 2422 dona
589 2388 686 2422 enirn
700 2388 850 2434 Spiritus
863 2386 986 2420 Sancti
999 2386 1035 2418 in
1047 2385 1265 2429 adjutorium
1275 2383 1447 2416 virtutum
1470 2382 1612 2421 dantur,

56 2452 95 2478 ut
114 2452 210 2490 patet
232 2455 294 2489 per
318 2442 470 2488 Gregor.
492 2441 528 2475 in
551 2451 582 2475 2.
605 2441 734 2475 Moral.
754 2441 842 2486 (sap.
865 2439 958 2485 27.):
974 2438 1034 2472 sed
1059 2438 1101 2471 ad
1125 2436 1390 2471 consiliandum
1412 2435 1526 2468 homo
1549 2432 1616 2466 suf-

53 2496 215 2531 ficienter
226 2495 406 2542 perficitur
420 2506 482 2540 per
490 2495 659 2528 virtutem
670 2493 889 2540 prudentiae,
906 2491 961 2525 vel
977 2491 1086 2525 etiam
1104 2490 1280 2531 eubuliae,
1291 2497 1329 2522 ut
1340 2499 1380 2522 ex
1400 2487 1502 2520 dictis
1518 2493 1615 2532 patet

50 2550 104 2595 (q.
125 2561 179 2595 47.
202 2555 266 2583 art.
288 2561 314 2583 Ι.
334 2553 362 2582 tet
383 2560 412 2582 2.
440 2553 468 2582 et
500 2560 529 2593 q.
546 2553 658 2593 praec.
687 2551 750 2580 art.
773 2559 799 2581 Ι.
822 2551 849 2580 at
871 2545 942 2590 2.);
972 2555 1059 2590 ergo
1088 2543 1280 2577 consilium
1307 2552 1381 2575 non
1404 2540 1508 2573 debet
1529 2539 1615 2584 poni

57 2604 148 2637 inter
173 2603 268 2636 dona
296 2601 446 2647 Spiritus
468 2600 601 2634 Sancti.

128 2665 159 2689 2.
181 2655 416 2689 PRAETEREA.
445 2653 544 2687 Haec
566 2653 706 2687 videtur
728 2663 804 2686 esse
832 2651 1031 2685 differentia
1052 2650 1144 2683 inter
1166 2656 1303 2694 septem
1342 2646 1436 2678 dona
1463 2644 1615 2690 Spiritus

0 2732 2 2751 ς
59 2707 192 2749 Sancti,
216 2715 249 2741 et
271 2707 402 2752 gratias
425 2706 534 2751 gratis
546 2705 662 2747 datas;
678 2705 773 2750 quod
790 2705 924 2750 gratiae
943 2704 1052 2749 gratis
1075 2703 1177 2736 datae
1199 2711 1273 2733 non
1296 2699 1424 2732 dantur
1435 2697 1614 2738 omnibus,

0 2753 1 2790 Ϊ
51 2760 120 2794 *sed
146 2760 404 2794 distribuuntur
425 2758 590 2800 diversi33
614 2758 709 2791 dona
737 2765 857 2791 autem
885 2757 1036 2802 Spiritus
1069 2753 1193 2788 Sancti
1219 2753 1347 2785 dantur
1369 2749 1535 2783 omnibus
1557 2749 1616 2783 ha-

0 2814 1 2847 i
57 2813 221 2847 bentibus
241 2812 413 2857 Spiritum
437 2811 627 2845 Sanctum:
650 2810 712 2844 sed
740 2809 932 2844 consilium
954 2809 1092 2842 videtur
1119 2817 1194 2840 esse
1218 2805 1261 2837 de
1282 2803 1349 2844 his,
1372 2813 1462 2848 quae
1484 2801 1617 2848 specia-

0 2893 1 2906 2
57 2864 139 2900 liter
162 2865 337 2911 aliquibus
361 2876 379 2898 a
403 2864 536 2910 Spiritu
556 2863 690 2898 Sancto
713 2863 851 2904 dantur,
874 2861 1072 2896 secundum
1094 2858 1181 2892 illud
1208 2868 1234 2890 1.
1258 2855 1424 2889 Machab.
1453 2865 1506 2889 2.:
1534 2856 1616 2890 Ecce
