1859 3122
217 166 299 220 782
650 177 868 211 QUAESTIO
903 177 1004 206 CXII.
1039 178 1281 206 ARTICULUS
1314 178 1340 206 Ι.

215 267 298 292 tunc
322 265 441 291 autem
463 257 607 303 proprie
629 257 756 303 aliquis
782 268 820 292 se
847 257 995 300 extollit,
1017 257 1162 303 quando
1189 257 1232 292 de
1259 268 1296 291 se
1322 268 1428 303 supra
1450 269 1487 292 se
1514 258 1646 305 aliquid
1668 259 1772 302 dicit;

216 311 311 357 quod
331 310 476 356 quidem
501 311 675 356 contingit
696 311 888 357 dupliciter:
911 311 1102 356 quandoque
1124 311 1221 345 enim
1243 310 1371 356 aliquis
1392 310 1549 356 loquitur
1569 312 1613 346 de
1631 323 1680 354 se,
1698 323 1773 346 non

215 364 360 409 quidem
383 374 488 409 supra
510 363 543 396 id
567 364 661 409 quod
680 364 715 396 in
739 375 775 397 se
799 372 861 405 est,
884 364 945 398 sed
968 375 1073 409 supra
1094 364 1128 397 id
1144 364 1240 409 quod
1256 364 1298 397 de
1314 375 1357 397 eo
1372 364 1540 398 homines
1559 365 1772 410 opinantur:

215 418 310 463 quod
334 417 460 462 Apost.
483 417 662 463 refugiens
685 418 779 459 dicit,
804 428 834 450 2.
857 418 900 450 ad
923 417 1009 451 Cor.
1038 428 1108 451 12.:
1130 418 1250 459 Pareo,
1274 430 1311 451 ηε
1332 419 1403 463 quis
1423 419 1583 452 existi-met
1602 431 1651 452 me
1670 425 1774 464 supra

215 471 247 504 id
268 470 354 516 quod
376 470 465 504 viciat
484 472 519 504 in
540 483 602 512 me,
633 476 690 504 aut
711 471 802 504 audit
832 470 959 516 aliquid
986 483 1024 504 ex
1056 483 1115 505 me.
1140 471 1217 505 Alio
1239 470 1333 504 modo
1361 470 1487 516 aliquis
1513 481 1575 516 per
1599 472 1709 505 verba
1734 482 1773 506 se

215 523 365 565 extollit,
387 523 539 569 loquens
562 523 605 558 de
628 535 664 558 se
692 535 797 570 supra
823 524 858 557 id
885 523 980 569 quod
1008 525 1043 557 in
1070 535 1107 557 56
1134 531 1187 557 est
1212 523 1411 557 secundum
1433 523 1485 557 rei
1505 523 1713 567 veritatem3
1740 532 1775 558 et

215 577 296 622 quia
319 577 434 622 magis
457 585 510 610 est
531 576 663 623 aliquid
685 577 930 622 judicandum,
953 577 1152 611 secundum
1175 576 1271 622 quod
1298 577 1334 610 in
1361 587 1397 610 56
1426 585 1489 619 est,
1516 588 1625 622 quam
1651 589 1776 612 secun-

215 630 300 663 dum
312 630 407 675 quod
420 630 516 664 estin
528 630 699 676 opinione
716 630 880 672 aliorum,
896 630 978 664 inde
994 637 1046 664 est
1057 630 1153 675 quod
1169 630 1285 675 magis
1299 629 1441 675 proprie
1456 630 1774 675 diciturjactantia,

215 683 359 728 quando
382 683 509 729 aliquis
532 682 633 717 effert
653 695 691 718 56
714 695 819 729 supra
834 684 868 717 id
883 684 979 729 quod
993 683 1029 716 in
1044 683 1122 729 ipso
1139 691 1202 725 est,
1217 694 1325 729 quam
1342 683 1485 729 quando
1502 682 1603 717 effert
1615 695 1654 718 56
1668 695 1775 730 supra

215 737 250 770 id
272 737 368 782 quod
391 745 443 771 est
463 737 499 770 in
522 737 692 782 opinione
712 737 885 779 aliorum3
902 737 1065 783 quamvis
1081 745 1233 783 utroque
1249 737 1360 771 modo
1375 737 1546 782 jactantia
1560 737 1631 771 dici
1644 738 1774 783 possit;

217 798 250 824 et
271 790 353 824 ideo
374 790 546 835 jactantia
567 790 710 836 proprie
733 791 826 824 dicta
851 790 1045 836 opponitur
1065 790 1207 824 veritati
1228 801 1290 836 per
1311 790 1463 824 modum
1485 801 1661 825 excessus.

287 843 346 877 AD
368 853 517 878 PRIMUM
544 854 630 889 ergo
659 843 865 886 dicendum,
887 843 983 889 quod
1005 843 1095 878 ratio
1118 843 1179 877 illa
1200 843 1363 888 procedit
1389 843 1432 878 de
1452 843 1633 889 jactantia,
1651 854 1775 878 secun-

216 897 302 931 dum
324 897 421 944 quod
443 897 581 931 excedit
607 897 829 944 opinionem.

287 951 347 985 AD
369 961 576 985 SECUNDUM
603 951 808 993 dicendum,
836 951 933 997 quod
959 950 1151 996 jactantiae
1184 958 1376 996 peccatum
1412 950 1632 985 considerari
1657 958 1776 996 potest

215 1004 409 1050 dupliciter:
432 1015 496 1038 uno
517 1003 613 1038 modo
636 1004 835 1038 secundum
863 1004 1023 1050 speciem
1051 1012 1167 1045 actus3
1196 1011 1230 1037 et
1263 1004 1313 1037 sic
1345 1004 1539 1050 opponitur
1559 1003 1710 1046 veritati,
1737 1011 1776 1037 ut

216 1058 352 1091 dictum
375 1065 427 1091 est
450 1057 497 1101 (in
519 1063 607 1103 corp.
629 1063 659 1091 et
680 1069 708 1102 q.
731 1069 800 1092 ΠΟ.
824 1062 886 1091 art.
909 1058 981 1101 2.).·
1004 1057 1069 1091 alio
1092 1056 1186 1090 modo
1209 1057 1408 1090 secundum
1430 1068 1577 1091 causam
1597 1068 1713 1099 suam,
1732 1068 1776 1091 ex

215 1122 285 1157 qua
307 1111 374 1144 etsi
393 1121 468 1144 non
489 1121 642 1156 semper,
665 1119 788 1144 tamen
814 1110 1034 1156 frequentius
1061 1110 1209 1144 accidit:
1238 1118 1272 1144 et
1298 1110 1348 1144 sic
1375 1110 1539 1156 procedit
1560 1110 1706 1156 quidem
1733 1121 1776 1144 ex

215 1164 393 1210 superbia,
414 1163 508 1197 sicut
533 1175 574 1198 ex
602 1175 709 1198 causa
736 1163 884 1198 interius
911 1165 1059 1205 motiva,
1087 1171 1121 1197 et
1142 1162 1361 1209 impellente,
1389 1174 1431 1197 ex
1456 1163 1528 1197 hoc
1556 1163 1653 1197 enim
1679 1163 1776 1209 quod

217 1217 344 1263 aliquis
365 1217 514 1251 interius
536 1228 598 1263 per
620 1217 865 1262 arrogantiam
884 1229 990 1264 supra
1007 1217 1166 1262 seipsum
1185 1216 1355 1259 elevatur,
1375 1217 1535 1263 sequitur
1551 1216 1776 1263 plerumque,

216 1270 312 1317 quod
336 1271 488 1304 exterius
511 1271 650 1315 majora
672 1270 852 1316 quaedam
879 1270 921 1305 de
944 1282 980 1304 se
1001 1271 1131 1315 jactet:
1159 1270 1243 1304 licet
1269 1271 1485 1316 quandoque
1512 1281 1587 1304 non
1614 1282 1656 1304 ex
1683 1281 1777 1304 arro-

216 1325 347 1369 gantia,
369 1323 431 1357 sed
455 1335 496 1358 ex
518 1323 674 1369 quadam
695 1323 852 1357 vanitate
874 1323 1001 1369 aliquis
1024 1323 1067 1356 ad
1089 1324 1297 1368 jactantiam
1319 1323 1502 1369 procedat,
1522 1331 1556 1358 et
1572 1324 1609 1357 in
1626 1323 1699 1358 hoc
1719 1324 1777 1358 de-

216 1377 378 1418 lectetur,
399 1377 482 1422 quia
503 1376 583 1410 talis
605 1385 657 1410 est
679 1377 877 1410 secundum
898 1377 1079 1418 habitum3
1102 1384 1136 1410 et
1154 1376 1235 1410 ideo
1259 1377 1475 1422 arrogantia,
1496 1377 1559 1422 per
1580 1388 1689 1423 quam
1717 1377 1777 1411 ali-

216 1431 294 1477 quis
317 1442 422 1476 supra
449 1431 607 1476 seipsum
635 1430 827 1472 extollitur,
862 1439 913 1464 est
942 1432 1080 1476 species
1111 1430 1317 1476 superbiae:
1350 1441 1424 1465 non
1452 1438 1575 1465 tamen
1601 1439 1654 1465 est
1678 1431 1776 1465 idem

216 1484 418 1530 jactantiae,
440 1484 501 1518 sed
528 1492 567 1518 ut
591 1483 811 1530 frequentius
839 1485 913 1529 ejus
941 1495 1068 1525 causa3
1095 1491 1129 1517 et
1158 1491 1304 1529 propter
1331 1484 1403 1518 hoc
1435 1484 1544 1530 Greg.
1566 1485 1776 1529 jactantiam

217 1538 319 1584 ponit
338 1538 430 1571 inter
451 1537 638 1583 superbiae
661 1538 797 1582 species
814 1550 820 1572 z
843 1538 957 1571 tendit
979 1545 1098 1571 autem
1117 1538 1270 1582 jactator
1287 1537 1500 1584 plerumque
1519 1538 1562 1572 ad
1580 1538 1664 1581 hoc,
1679 1538 1775 1584 quod

217 1591 371 1637 gloriam
394 1599 635 1637 consequatur
661 1602 723 1636 per
755 1602 857 1625 suam
884 1591 1113 1636 jactantiam3
1141 1598 1175 1625 et
1206 1590 1290 1625 ideo
1316 1592 1516 1625 secundum
1551 1591 1703 1638 Gregor.
1733 1603 1775 1626 ex

217 1645 314 1679 inani
337 1644 452 1691 gloria
473 1644 586 1678 oritur
607 1644 806 1678 secundum
827 1646 1006 1678 rationem
1027 1643 1118 1678 finis.

288 1699 346 1733 AD
377 1708 547 1732 TERTIUM
574 1698 776 1742 dicendum,
805 1699 901 1744 quod
929 1697 1113 1743 opulentia
1146 1698 1255 1732 etiam
1280 1698 1490 1743 jactantiam
1525 1706 1648 1733 causat
1673 1698 1776 1745 dupli-

216 1754 317 1787 citer:
339 1764 403 1786 uno
426 1751 519 1787 mocio
543 1751 830 1794 occasionaliter,
858 1751 1071 1797 inquantum
1099 1751 1142 1785 de
1169 1751 1299 1785 divitiis
1321 1751 1448 1798 aliquis
1474 1752 1654 1798 superbit;
1680 1752 1775 1787 unde

216 1814 251 1840 et
271 1806 464 1852 signanter,
485 1805 592 1839 Prov.
616 1804 658 1847 8.,
682 1816 769 1851 opes
792 1805 957 1839 dicuntur
978 1805 1171 1850 superbae:
1202 1805 1268 1840 alio
1294 1805 1389 1839 modo
1415 1816 1478 1852 per
1502 1805 1655 1840 modum
1675 1805 1774 1840 finis:

216 1860 309 1905 quia,
331 1867 370 1892 ut
391 1858 519 1892 dicitur
540 1859 575 1891 in
597 1868 629 1900 4.
652 1858 768 1892 Ethic.
793 1858 880 1904 (cap.
897 1859 957 1904 7.),
978 1857 1086 1904 aliqui
1102 1860 1238 1904 seipsos
1256 1859 1390 1904 jactant
1403 1870 1478 1893 non
1492 1858 1612 1893 solum
1630 1867 1776 1906 propter

216 1912 382 1957 gloriam,
405 1911 465 1946 sed
489 1912 597 1945 etiam
619 1919 765 1957 propter
785 1912 938 1954 lucrum,
961 1912 1021 1958 qui
1043 1912 1086 1945 de
1113 1912 1238 1958 seipsis
1259 1912 1399 1958 fingunt
1424 1923 1477 1954 ea,
1505 1924 1546 1947 ex
1573 1912 1700 1959 quibus
1726 1912 1774 1947 lu-

217 1967 306 2000 crari
328 1973 497 2011 possunt3
516 1972 601 2011 puta
623 1966 719 2010 quod
741 1965 811 1999 sint
832 1965 975 2007 medici,
1001 1965 1059 2000 vel
1078 1966 1267 2011 sapientes,
1289 1965 1348 2000 vel
1369 1965 1489 2000 divini.

769 2088 1113 2133 ARTICULUS
1143 2089 1198 2131 H.
1709 2100 1769 2145 581

471 2196 623 2226 UTRUM
649 2196 896 2237 JACTANTIA
929 2197 996 2226 SIT
1030 2196 1265 2225 PECCATUM
1298 2196 1518 2233 MORTALE.

288 2286 347 2319 AD
369 2295 574 2320 SECUNDUM
596 2285 645 2319 sic
665 2285 880 2331 proceditur.
903 2284 1065 2326 Videtur,
1088 2284 1183 2330 quod
1206 2283 1375 2328 jactantia
1398 2285 1442 2317 sit
1463 2290 1653 2328 peccatum
1679 2293 1774 2316 mor-

216 2338 305 2373 tale:
329 2339 457 2373 dicitur
479 2339 586 2381 enim,
602 2338 708 2373 Prov.
726 2339 799 2373 28:
824 2339 894 2382 Qui
914 2350 943 2372 se
961 2340 1078 2384 jactat,
1098 2343 1126 2372 <et
1143 2338 1273 2380 dilatat,
1292 2338 1408 2382 jurgia
1426 2337 1587 2371 concitat:
1606 2335 1669 2370 sed
1688 2346 1772 2370 con-

217 2393 326 2427 citare
347 2393 461 2438 jurgia
484 2400 536 2426 est
553 2400 743 2438 peccatum
767 2391 937 2426 mortale:
962 2391 1155 2426 detestatur
1178 2391 1276 2425 enim
1299 2391 1397 2424 Deus
1420 2401 1493 2431 eos,
1515 2389 1575 2435 qui
1593 2389 1773 2423 seminant

217 2446 425 2487 discordias,
447 2454 485 2479 ut
504 2445 654 2479 habetur
675 2445 781 2479 Prov.
810 2456 856 2489 5.;
880 2456 966 2490 ergo
988 2445 1159 2490 jactantia
1181 2452 1233 2478 est
1254 2452 1443 2490 peccatum
1465 2441 1630 2477 mortale.

288 2509 318 2533 2.
341 2499 576 2534 PRAETEREA.
602 2499 724 2533 Omne
752 2499 847 2544 quod
874 2498 1084 2544 prohibetur
1110 2498 1146 2531 in
1173 2497 1253 2543 lege
1279 2497 1359 2538 Dei,
1387 2505 1439 2530 est
1464 2504 1654 2542 peccatum
1680 2506 1774 2529 mor-

216 2552 304 2587 tale:
327 2552 388 2586 sed
411 2564 516 2598 super
537 2551 625 2586 illud
646 2551 756 2585 Eccli.
780 2550 810 2585 6.
828 2563 834 2584 :
858 2552 933 2586 Non
956 2557 983 2586 tc
1005 2552 1139 2586 attollas
1160 2553 1194 2585 in
1216 2552 1413 2596 cogitatione
1434 2551 1565 2584 animae
1583 2554 1668 2591 tuae,
1688 2549 1773 2583 dicit

217 2605 337 2640 Gloss.
360 2617 388 2650 5.
415 2606 578 2651 (intarl.):
602 2605 857 2651 «jactantiam,
881 2612 914 2639 et
937 2605 1142 2651 superbiam
1170 2604 1336 2651 prohibet
1351 2616 1391 2646 »3
1419 2614 1505 2649 ergo
1523 2602 1694 2648 jactantia
1721 2611 1773 2637 est

215 2668 404 2705 peccatum
426 2659 590 2693 mortale.

289 2724 317 2759 3.
345 2713 580 2747 PRAETERffl.
603 2712 780 2758 Jactantia
803 2719 855 2745 est
876 2712 1106 2745 mendacium
1130 2711 1335 2757 quoddam:
1359 2722 1432 2745 non
1455 2717 1508 2744 est
1529 2717 1648 2744 autern
1676 2720 1773 2743 men-

216 2766 360 2800 dacium
371 2765 587 2808 officiosum,
603 2765 660 2800 vel
681 2767 868 2811 jocosum3
888 2765 983 2810 quod
999 2773 1095 2810 patet
1111 2777 1153 2799 ex
1172 2765 1241 2798 fine
1257 2764 1455 2806 mendacii3
1475 2764 1569 2809 quia,
1584 2770 1622 2797 ut
1635 2761 1770 2797 Philos.

216 2819 301 2853 dicit
322 2819 357 2852 in
378 2829 410 2862 4.
433 2819 549 2853 Ethic.
573 2819 660 2866 (cap.
684 2819 745 2864 7.),
771 2819 954 2863 «jactator
981 2817 1083 2861 fingit
1105 2818 1147 2852 de
1174 2829 1211 2852 se
1239 2819 1379 2863 majora
1402 2816 1642 2858 existentibus,
1665 2827 1773 2861 quan-

216 2873 333 2917 doque
355 2871 486 2907 nullius
506 2872 630 2919 gratia,
646 2872 860 2918 quandoque
876 2871 989 2917 gratia
1004 2871 1152 2917 gloriae,
1167 2871 1224 2905 vel
1243 2871 1404 2912 honoris,
1419 2869 1634 2916 quandoque
1650 2877 1770 2904 autem
