1859 3122
203 134 285 176 812
627 146 844 181 QUAEsT1o
879 147 996 176 cxix.
1027 147 1271 176 ARTICULUS
1304 148 1331 177 1.

780 332 1123 376 ARTICULUS
1151 333 1183 375 I.
1683 344 1751 388 604

446 451 600 480 UTRUM
624 451 945 482 PRODIGALITAS
974 452 1234 483 OPPONATUR
1259 452 1505 482 AVARITIAE·

471 549 588 595 (Schr.
610 561 640 595 q.
662 551 730 585 118.
753 555 815 584 art.
834 562 863 596 3.
885 550 926 584 ad
944 562 971 596 3.
993 556 1023 585 et
1042 551 1121 596 infr.
1144 555 1206 585 art.
1228 562 1259 585 2.
1281 555 1310 585 et
1326 561 1354 596 3.
1373 552 1492 596 corp).

272 647 332 682 AD
354 658 503 682 PRIMUM
517 649 567 683 sic
582 649 797 694 proceditur.
819 649 979 691 Videtur,
1002 650 1099 695 quod
1120 649 1352 696 prodigalitas
1367 660 1441 683 non
1455 657 1657 694 opponatur
1675 660 1753 683 ava—

203 700 321 734 ritiae:
345 701 510 747 opposita
532 702 629 736 enim
649 714 724 736 non
745 711 895 748 possunt
915 703 1023 737 simul
1041 715 1117 737 esse
1134 703 1169 736 in
1185 703 1332 737 eodem:
1348 702 1410 737 sed
1425 701 1536 748 aliqui
1548 710 1630 736 sunt
1645 701 1753 737 simul

204 753 354 799 prodigi,
377 761 411 788 et
433 755 549 797 avari3
572 766 658 800 ergo
680 756 913 801 prodigalitas
934 768 1008 790 non
1030 757 1224 802 opponitur
1247 755 1426 790 avaritiae.

274 816 305 840 2.
327 807 562 842 PRAETEREA.
579 808 757 854 Opposita
772 817 854 843 sunt
868 810 962 843 circa
976 810 1090 844 idern:
1114 810 1175 843 sed
1191 809 1350 850 avaritia,
1364 808 1564 842 secundum
1581 807 1679 854 quod
1696 818 1755 854 op-

203 861 346 905 ponitur
366 859 580 902 liberalitati,
603 870 655 895 est
676 862 769 895 circa
783 864 967 907 passiones
982 862 1166 908 quasdam,
1190 862 1315 907 quibus
1333 861 1448 895 homo
1466 860 1616 895 afficitur
1634 861 1679 895 ad
1696 871 1753 906 pe-

203 913 365 946 cuniam:
388 913 622 959 prodigalitas
645 923 765 948 autem
786 926 860 949 non
875 915 1014 949 videtur
1029 926 1106 949 esse
1129 915 1223 948 circa
1239 914 1375 960 aliquas
1395 914 1536 948 animae
1557 914 1755 960 passiones:

203 977 276 999 non
299 967 395 999 enim
410 965 563 1001 afficitur
577 967 672 1001 circa
686 968 868 1013 pecunias,
883 980 950 1002 nec
965 969 1059 1002 circa
1074 967 1207 1014 aliquid
1226 967 1322 1001 aliud
1340 967 1565 1012 hujusmodi;
1578 978 1654 1001 non
1668 977 1755 1011 ergo

203 1018 434 1064 prodigalitas
456 1020 651 1066 opponitur
670 1021 850 1055 avaritiae.

276 1083 305 1117 3.
331 1072 566 1107 PRAETEREA.
593 1073 790 1108 Peccatum
815 1073 1057 1120 principaliter
1091 1073 1217 1119 recipit
1242 1073 1400 1119 speciem
1435 1085 1454 1107 a
1480 1072 1561 1114 fine,
1587 1080 1626 1106 ut
1650 1083 1756 1118 supra

203 1124 366 1158 habiturn
388 1134 441 1159 est
462 1126 556 1170 (1-2.
571 1138 600 1171 q.
624 1138 675 1172 72.
697 1132 761 1161 art.
779 1127 826 1173 3.)
841 1140 851 1161 :
874 1127 935 1161 sed
957 1126 1191 1173 prodigalitas
1213 1138 1355 1172 semper
1375 1127 1515 1160 videtur
1536 1125 1695 1159 ordinari
1713 1125 1755 1158 ad

204 1176 362 1223 aliquem
376 1177 485 1212 finem
500 1179 677 1221 illicitum,
692 1188 836 1226 propter
850 1191 958 1225 quem
974 1191 1038 1213 sua
1052 1180 1147 1213 bona
1162 1180 1348 1225 expendat,
1363 1188 1397 1213 et
1411 1179 1600 1224 praecipue
1614 1185 1758 1223 propter

204 1229 423 1276 voluptate33
446 1231 540 1266 unde
563 1240 597 1265 et
618 1232 704 1266 Luc.
732 1243 782 1277 15.
806 1233 932 1266 dicitur
954 1233 997 1266 de
1019 1232 1094 1266 filio
1123 1233 1288 1277 prodigo,
1310 1232 1406 1278 quod
1428 1232 1597 1277 dissipavit
1616 1232 1760 1265 substa-n-

205 1285 286 1317 tiam
306 1296 399 1318 sicam
421 1285 583 1319 luxoriose
599 1285 740 1319 vivendo
748 1298 760 1325 ;
785 1297 870 1331 ergo
890 1285 1038 1327 videtur,
1059 1285 1154 1331 quod
1168 1285 1400 1331 prodigalitas
1420 1285 1535 1330 magis
1554 1291 1758 1330 opponatur

204 1337 474 1382 temperantiae,
497 1346 531 1371 et
551 1337 825 1379 insensibilitati,
848 1350 957 1384 quam
980 1338 1160 1380 avaritiae,
1183 1346 1217 1372 et
1237 1337 1451 1372 liberalitati.

276 1389 350 1423 SED
377 1401 531 1425 CONTRA
559 1398 621 1432 est,
643 1391 740 1436 quod
767 1391 858 1425 Phil.
885 1392 922 1424 in
944 1402 974 1425 2.
997 1391 1077 1425 Eth.
1106 1392 1193 1437 (cap.
1222 1392 1283 1437 7.),
1307 1400 1341 1425 et
1360 1392 1397 1425 in
1422 1402 1454 1433 4.
1477 1392 1565 1437 (cap.
1585 1391 1630 1436 1.)
1657 1390 1759 1437 ponit

204 1442 494 1488 prodigalitatem
521 1443 725 1489 oppositam
751 1444 964 1486 liberalitati,
992 1452 1027 1478 et
1051 1443 1293 1485 illiberalitati,
1319 1455 1428 1489 quam
1453 1454 1549 1478 nunc
1575 1444 1756 1478 avaritiam

205 1496 369 1530 dicimus.

275 1549 502 1584 Rrspoxmzo
529 1550 734 1592 dicendum,
761 1550 856 1596 quod
883 1551 919 1584 in
945 1550 1142 1584 moralibus
1170 1550 1361 1584 attenditur
1382 1549 1562 1596 oppositio
1587 1548 1758 1583 vitiorum

206 1601 249 1635 ad
270 1602 438 1644 invicem,
461 1611 495 1637 et
517 1603 561 1637 ad
578 1604 749 1638 virtutem
769 1604 969 1637 secundum
991 1603 1367 1648 superabundantiam,
1390 1611 1424 1636 et
1444 1602 1642 1643 defectum3
1664 1600 1760 1635 diffe-

205 1664 286 1690 runt
307 1665 428 1691 autern
443 1657 602 1699 avaritia,
625 1666 659 1692 et
676 1657 909 1703 prodigalitas
925 1658 1122 1691 secundum
1142 1657 1516 1702 superabundantiam,
1531 1664 1566 1690 et
1577 1654 1759 1690 defectum

205 1709 465 1744 diversimode:
488 1721 573 1744 nam
595 1711 632 1744 in
655 1710 845 1744 affectione
868 1710 1074 1744 divitiarum
1097 1722 1223 1744 avarus
1241 1709 1519 1756 superabundat,
1539 1708 1618 1755 plus
1639 1707 1759 1742 debito

206 1774 265 1796 eas
287 1762 456 1808 diligens:
479 1763 651 1809 prodigus
674 1771 796 1797 autem
818 1763 948 1804 deficit,
971 1763 1089 1796 minus
1117 1763 1236 1796 debito
1259 1774 1382 1796 earum
1416 1761 1683 1796 solicitudinem
1705 1771 1762 1806 ge-

205 1827 304 1850 rens:
333 1816 428 1849 circa
459 1816 635 1850 exteriora
664 1827 750 1850 vero
783 1816 826 1849 ad
856 1816 1146 1862 prodigalitatem
1177 1816 1329 1861 pertinet
1351 1816 1522 1849 excedere
1553 1814 1698 1860 quidem
1724 1813 1759 1847 in

207 1869 337 1910 dando,
361 1869 511 1903 deficere
535 1878 655 1903 autern
677 1870 712 1902 in
734 1869 920 1903 retinendo
953 1877 987 1903 et
1009 1869 1246 1914 acquirendo:
1270 1869 1312 1902 ad
1336 1868 1521 1901 avaritiam
1545 1875 1664 1900 autern
1686 1877 1761 1912 per-

206 1922 295 1955 tinet
315 1933 333 1955 e
357 1922 537 1956 contrario
569 1922 720 1956 deficere
751 1923 896 1968 quidem
923 1922 959 1956 in
990 1922 1120 1963 dando,
1149 1921 1437 1968 superabundare
1459 1928 1580 1954 autem
1604 1920 1641 1953 in
1671 1919 1761 1953 acci-

207 1975 350 2020 piendo,
379 1982 412 2009 et
433 1975 639 2017 retinend03
662 1975 755 2009 unde
782 1984 889 2021 patet,
916 1975 1012 2021 quod
1039 1975 1272 2020 prodigalitas
1295 1974 1463 2008 avaritiae
1487 1973 1689 2019 opponitur.

278 2028 338 2061 AD
359 2038 507 2062 PRIMUM
530 2039 617 2073 ergo
641 2028 844 2069 dicendum,
872 2028 967 2074 quod
994 2027 1084 2061 nihil
1110 2027 1286 2074 prohibet,
1314 2027 1430 2061 eidem
1451 2026 1568 2060 inesse
1595 2024 1759 2071 opposita

208 2081 407 2114 secundum
435 2081 592 2116 diversa:
629 2081 670 2114 ab
698 2081 760 2114 illo
788 2090 909 2114 tamen
944 2081 1076 2126 aliquid
1110 2081 1224 2125 magis
1259 2080 1521 2121 denominatur,
1548 2078 1644 2125 quod
1669 2078 1761 2112 inest

208 2133 457 2180 principalius:
481 2134 573 2167 sicut
595 2142 715 2168 autem
741 2134 777 2167 in
805 2134 1027 2176 liberalitate,
1053 2145 1143 2179 quae
1171 2133 1332 2167 medium
1358 2141 1467 2174 tenet,
1493 2132 1682 2178 praecipua
1709 2138 1762 2165 est

210 2187 319 2228 datio,
343 2187 385 2220 ad
405 2198 514 2232 quam
537 2187 712 2232 acceptio,
732 2195 767 2221 et
788 2187 939 2221 retentio
963 2187 1189 2228 ordinantur,
1212 2187 1259 2220 ita
1281 2186 1389 2220 etiam
1413 2185 1570 2226 avaritia,
1592 2193 1627 2218 et
1647 2184 1762 2230 prodi—

209 2239 338 2285 galitas
360 2240 550 2285 praecipue
571 2240 798 2273 attenduntur
812 2241 1010 2274 secundum
1025 2240 1228 2281 dationem,
1244 2240 1337 2272 unde
1351 2238 1410 2272 ille
1425 2238 1484 2284 qui
1499 2237 1762 2284 superabundat

208 2294 244 2326 in
268 2293 398 2334 dando,
412 2301 563 2326 vocatur
573 2292 754 2338 prodigus:
778 2293 837 2338 qui
859 2301 980 2326 autem
999 2292 1117 2326 deficit
1138 2293 1173 2326 in
1192 2292 1323 2334 dando,
1343 2299 1494 2325 vocatur
1511 2302 1644 2325 avarus.
1667 2290 1763 2324 Con-

210 2347 316 2392 tingit
337 2354 457 2379 autem
480 2346 707 2391 quandoque,
726 2345 822 2390 quod
843 2344 969 2390 aliquis
992 2345 1111 2379 deficit
1131 2345 1167 2378 in
1182 2345 1312 2386 dando,
1328 2345 1388 2390 qui
1402 2353 1522 2378 tamen
1536 2355 1610 2377 non
1624 2343 1762 2377 excedit

210 2400 245 2433 in
269 2399 490 2444 accipiendo,
513 2406 550 2432 ut
571 2398 706 2432 Philos.
727 2398 811 2431 dicit
832 2398 867 2431 in
882 2407 914 2440 4.
937 2398 1052 2431 Ethic.
1075 2398 1246 2444 (cap.1.).·
1263 2397 1426 2431 similiter
1447 2397 1555 2430 etiarn
1574 2396 1761 2442 contingit,

210 2453 305 2498 quod
329 2451 455 2497 aliquis
484 2451 632 2485 excedat
656 2451 692 2484 in
719 2451 853 2493 dando,
879 2459 914 2484 et
940 2463 981 2485 ex
1002 2451 1072 2484 hoc
1102 2460 1154 2484 est
1179 2450 1370 2496 prodigus;
1393 2458 1427 2484 et
1447 2449 1555 2483 simul
1581 2460 1665 2483 cum
1690 2449 1761 2482 hoc

211 2505 359 2539 excedat
380 2505 414 2538 in
438 2504 664 2549 accipiendo:
683 2504 735 2538 val
765 2516 805 2537 ex
835 2504 991 2549 quadarn
1016 2504 1249 2538 necessitate:
1275 2505 1357 2548 quia
1384 2503 1470 2536 dum
1499 2501 1763 2548 superabundat

210 2560 245 2592 in
268 2558 398 2600 dando,
421 2557 590 2591 deficiunt
612 2558 644 2591 ei
670 2557 813 2602 propria
834 2557 948 2599 bona3
976 2557 1069 2590 unde
1097 2557 1238 2601 cogitur
1263 2556 1418 2590 indebite
1443 2556 1639 2601 acquirere,
1666 2554 1761 2601 quod

212 2612 365 2657 pertinet
387 2611 429 2644 ad
461 2611 666 2651 avaritiam3
688 2610 739 2644 vel
762 2610 870 2644 etiam
904 2618 1048 2655 propter
1071 2609 1182 2642 animi
1205 2609 1528 2650 inordinatione1n3
1558 2608 1644 2641 dum
1666 2608 1761 2641 enim
1817 2602 1821 2604 ἡ

213 2676 286 2698 non
308 2665 367 2698 dat
388 2672 532 2710 propter
555 2664 702 2705 bonurn,
725 2662 824 2708 quasi
847 2671 1053 2708 contempta
1076 2663 1216 2703 virtute,
1235 2673 1307 2695 non
1331 2669 1430 2694 curat
1451 2662 1712 2706 undecumque,
1728 2668 1762 2694 et

214 2718 523 2764 qualitercumque
547 2717 719 2762 accipiat;
742 2724 776 2749 et
796 2716 846 2749 sic
870 2726 943 2748 non
965 2716 1162 2749 secundum
1186 2715 1281 2748 idem
1302 2722 1354 2748 est
1371 2714 1554 2759 prodigus,
1577 2720 1610 2747 et
1624 2723 1760 2747 avarus.

282 2772 342 2805 AD
373 2781 579 2805 SECUNDUM
605 2769 809 2810 dicendum,
836 2768 931 2814 quod
967 2768 1198 2814 prodigalitas
1232 2768 1423 2801 attenditur
1457 2767 1552 2800 circa
1578 2766 1762 2812 passiones

212 2824 397 2870 pecuniae,
419 2835 492 2858 non
515 2824 605 2857 sicut
627 2822 918 2868 superabundans
941 2821 976 2855 in
999 2821 1060 2862 eis,
1083 2822 1143 2855 sed
1166 2821 1258 2855 sicut
1276 2820 1455 2854 deficiens.
