1859 3122
203 161 288 214 576
591 171 811 206 QUAESTIO
845 171 1005 201 Lxxxn.
1038 171 1281 201 ARTicULUS
1314 172 1358 201 11.

272 252 332 285 AD
355 261 526 286 TERTIUM
548 251 752 294 dicendum,
767 252 864 298 quod
886 252 1044 294 devotio,
1058 264 1149 298 quae
1170 252 1322 287 habetur
1341 252 1384 286 ad
1400 252 1553 287 Sanctos
1573 252 1644 287 Dei
1665 264 1758 288 mor-

201 313 293 346 tuos,
311 304 369 338 vel
382 305 496 346 vivos,
511 316 585 339 non
606 305 820 339 terminatur
842 305 885 339 ad
906 305 1015 352 ipsos,
1031 306 1093 340 sed
1115 307 1242 340 transit
1262 306 1299 339 in
1320 306 1453 348 Deum,
1467 305 1682 352 inquantum
1695 307 1759 341 sci-

202 358 286 391 licet
299 358 334 391 in
350 358 520 392 ministris
534 358 604 392 Dei
618 358 739 392 Deum
753 370 968 393 veneramur
983 372 990 393 :
1011 359 1156 394 devotio
1175 367 1307 401 autem,
1323 371 1431 405 quam
1446 360 1577 394 subditi
1593 360 1758 394 dicuntur

201 411 334 444 habere
361 411 405 444 ad
426 411 595 445 dominos
616 411 847 457 temporales,
870 412 1014 446 alterius
1049 421 1102 447 est
1134 413 1300 455 rationis,
1323 413 1415 447 sicut
1440 421 1475 447 et
1499 413 1758 460 temporalibus

203 464 359 498 dominis
381 464 549 499 famulari
571 464 686 499 differt
708 477 727 499 a
748 465 923 500 famulatu
946 466 1080 500 divino.

747 605 1092 650 ARTICULUS
1131 606 1209 649 ΠΙ.
1689 615 1758 664 436

232 711 386 742 UTRUM
413 713 773 753 CONTEMPLATIO,
802 715 881 743 SEU
909 714 1158 744 MEDITATIO
1187 715 1254 744 SIT
1281 714 1552 744 DEVOTIONIS
1580 713 1733 743 CAUSA.

449 800 549 847 (Infr.
572 807 636 836 art.
658 812 690 846 4.
711 809 799 848 corp.
823 807 850 837 et
871 814 902 847 4.
923 804 1010 838 Dist.
1032 815 1075 849 15.
1098 815 1127 849 q.
1146 815 1179 847 4.
1198 809 1262 838 art.
1281 815 1309 850 3.
1328 815 1358 849 q.
1379 815 1412 838 2.
1432 808 1523 849 corp.

715 860 742 890 et
764 856 848 890 Mal.
871 868 900 902 q.
923 869 969 892 Η.
991 862 1055 892 art.
1078 869 1109 892 2.
1132 857 1173 891 acl
1194 858 1253 903 7.).

274 943 334 977 AD
354 952 524 978 TERTIUM
551 943 601 977 sic
629 944 846 989 proceditur.
874 945 1036 987 Videtur,
1063 945 1159 991 quod
1187 944 1458 991 contemplatio,
1485 955 1547 978 seu
1574 944 1760 979 meditatio

203 1007 277 1030 non
303 996 348 1030 sit
374 996 576 1031 devotionis
604 1008 731 1032 causa:
762 997 861 1032 nulla
896 998 992 1032 enim
1024 1010 1131 1033 causa
1156 998 1308 1045 impedit
1333 1010 1438 1032 suurn
1472 997 1664 1032 effectum:
1698 998 1760 1032 sed

203 1049 348 1084 subtiles
370 1050 623 1085 meditationes
649 1051 930 1097 intelligibilium
957 1052 1141 1087 multoties
1168 1052 1402 1086 devotionem
1428 1051 1646 1098 impediunt;
1673 1062 1760 1097 ergo

203 1102 473 1149 contemplatio,
496 1115 558 1137 seu
581 1105 769 1138 meditatio
791 1116 865 1139 non
890 1114 943 1140 est
964 1105 1169 1140 devotionis
1191 1117 1310 1140 causa.

274 1166 305 1191 2.
327 1156 562 1191 PRAETEREA.
587 1157 625 1191 Si
647 1158 906 1204 contemplatio
929 1167 1022 1193 esset
1047 1160 1202 1205 propria,
1222 1167 1256 1193 et
1276 1171 1339 1205 per
1360 1170 1397 1193 se
1420 1158 1623 1193 devotionis
1641 1169 1760 1200 causa,

203 1217 397 1256 oporteret,
431 1210 528 1255 quod
551 1221 592 1244 ea
614 1222 705 1256 quae
733 1220 815 1245 sunt
842 1211 977 1246 altioris
1014 1212 1342 1258 contemplationis,
1376 1214 1494 1258 magis
1528 1211 1760 1246 devotionem

203 1263 416 1305 excitarent3
437 1263 542 1307 hujus
565 1272 686 1298 autem
709 1266 931 1299 contrarium
953 1274 1118 1311 apparet:
1142 1265 1344 1311 frequenter
1366 1265 1462 1299 enim
1481 1266 1598 1310 major
1616 1264 1760 1299 devotio

203 1317 377 1350 excitatur
398 1328 440 1350 ex
459 1317 748 1351 consideratione
768 1319 944 1364 passionis
962 1319 1108 1361 Christi,
1125 1327 1159 1353 et
1178 1330 1220 1353 ex
1238 1318 1315 1352 aliis
1333 1318 1512 1364 mysteriis
1526 1317 1761 1352 humanitatis

202 1370 324 1416 ipsius,
347 1382 455 1415 quarn
474 1382 515 1404 ex
535 1371 822 1405 consideratione
843 1372 985 1406 divinae
1003 1372 1280 1418 magnitudinis3
1303 1383 1389 1418 ergo
1409 1371 1669 1418 contemplatio
1687 1381 1761 1405 non

205 1432 257 1458 est
279 1424 421 1469 propria
444 1424 648 1458 devotionis
671 1436 791 1459 causa.

278 1489 306 1523 3.
329 1477 564 1512 PRAETEREA.
589 1477 627 1511 Si
649 1478 908 1525 contemplatio
932 1486 1024 1513 esset
1044 1479 1188 1525 propria
1207 1490 1315 1513 causa
1333 1478 1548 1520 devotionis,
1568 1485 1760 1524 oporteret,

204 1531 301 1576 quod
322 1530 372 1564 illi
394 1531 454 1576 qui
476 1539 557 1565 sunt
578 1532 694 1577 magis
722 1532 794 1578 apti
814 1532 857 1566 ad
880 1532 1239 1578 contemplationem,
1267 1540 1386 1566 essent
1412 1532 1521 1566 etiam
1547 1531 1663 1577 magis
1689 1530 1762 1577 apti

205 1584 248 1618 ad
270 1584 520 1618 devotionem:
545 1585 645 1629 cujus
673 1586 894 1619 contrarium
920 1586 1107 1628 videmus3
1135 1586 1218 1632 quia
1244 1585 1389 1620 devotio
1415 1584 1619 1631 frequenter
1645 1583 1761 1629 magis

203 1638 380 1672 invenitur
398 1638 434 1671 in
456 1638 669 1684 quibusdam
691 1639 911 1685 simplicibus
932 1639 1028 1680 viris,
1051 1647 1085 1673 et
1104 1639 1140 1672 in
1162 1639 1345 1673 foemineo
1368 1649 1471 1681 sexu3
1498 1638 1534 1671 in
1561 1638 1687 1684 quibus
1713 1637 1762 1670 in-

203 1692 343 1725 venitur
365 1691 682 1738 contemplationis
704 1692 881 1735 defectus;
905 1704 990 1739 ergo
1019 1692 1278 1739 contemplatio
1304 1703 1379 1727 non
1406 1700 1459 1727 est
1483 1691 1627 1738 propria
1655 1702 1762 1726 causa

204 1744 418 1779 devotionis.
653 1746 656 1748 ’

276 1797 349 1832 SED
380 1809 534 1833 CONTRA
557 1807 620 1841 est,
645 1799 741 1845 quod
778 1800 813 1834 in
846 1800 904 1834 Ps.
936 1800 988 1846 38.
1011 1800 1156 1835 dicitur:
1187 1800 1227 1834 In
1251 1799 1458 1835 meditatione
1483 1810 1556 1834 mea
1581 1797 1763 1833 exardescet

203 1852 308 1897 ignis:
329 1852 390 1886 sed
412 1852 504 1898 ignis
526 1853 719 1898 spiritualis
743 1862 866 1888 causat
887 1854 1140 1897 devotionem3
1168 1865 1254 1900 ergo
1276 1853 1462 1888 meditatio
1486 1860 1538 1888 est
1559 1851 1762 1887 devotionis

205 1916 323 1939 causa.

274 1958 503 1993 RESPONDEO
538 1959 743 2002 dicendum,
771 1961 868 2006 quod
895 1972 1003 1995 causa
1030 1961 1232 1995 devotionis
1260 1961 1469 2004 extrinseca,
1497 1968 1531 1995 et
1556 1957 1762 2006 principalis

204 2011 304 2045 Deus
327 2020 397 2054 est3
420 2012 463 2046 de
485 2024 556 2058 quo
579 2013 665 2047 dicit
686 2014 855 2048 Ambros.
883 2025 989 2060 super
1011 2014 1097 2048 Luc.
1125 2016 1212 2060 (cap.
1235 2026 1266 2060 9.
1288 2021 1382 2060 super
1404 2014 1504 2048 illud.-
1526 2014 1569 2048 Et
1590 2023 1762 2048 conversus

204 2066 400 2111 increpavit,
423 2066 497 2109 etc.)
520 2067 616 2111 quod
641 2067 784 2108 «Deus,
807 2078 897 2113 quos
919 2068 1095 2113 dignatur,
1118 2075 1242 2102 vocat:
1265 2075 1299 2102 et
1317 2079 1424 2113 quem
1446 2066 1533 2109 vult,
1551 2066 1761 2112 religiosum

204 2116 305 2151 facit:
330 2126 364 2152 et
378 2118 407 2152 si
419 2118 602 2161 voluisset,
620 2119 868 2154 Samaritanos
884 2131 926 2154 ex
940 2121 1118 2154 indevotis
1133 2120 1283 2154 devotos
1297 2120 1441 2155 fecisset
1458 2132 1495 2154 »ε
1516 2131 1623 2155 causa
1641 2128 1761 2155 autem

206 2171 399 2205 intrinseca
426 2182 467 2205 ex
494 2180 592 2217 parte
626 2181 749 2207 nostra
782 2181 925 2219 oportet
958 2174 1055 2219 quod
1085 2173 1130 2207 sit
1162 2174 1360 2215 meditatio,
1388 2185 1452 2208 seu
1482 2173 1760 2219 contemplatio:

206 2223 342 2258 dictum
366 2232 418 2258 est
438 2225 535 2258 enim
559 2225 637 2269 (art.
662 2236 691 2260 Ι.
718 2227 787 2271 huj.
814 2228 873 2272 q.),
901 2227 997 2272 quod
1024 2227 1169 2261 devotio
1197 2235 1249 2261 est
1275 2227 1421 2273 quidam
1442 2227 1638 2261 voluntatis
1661 2235 1759 2261 actus

209 2277 252 2310 ad
273 2277 357 2319 hoc,
380 2278 476 2323 quod
497 2278 612 2312 homo
634 2288 800 2325 prompte
821 2291 858 2314 se
879 2280 995 2314 tradat
1010 2280 1053 2313 ad
1068 2281 1229 2314 divinum
1246 2281 1479 2326 obsequium:
1501 2281 1619 2315 omnis
1641 2288 1761 2314 autem

206 2338 306 2364 actus
319 2330 514 2365 voluntatis
529 2343 571 2365 ex
586 2331 704 2377 aliqua
720 2333 1007 2367 consideratione
1022 2334 1202 2378 procedit;
1219 2345 1262 2367 eo
1278 2334 1373 2379 quod
1387 2334 1524 2367 bonum
1539 2333 1762 2368 intellectum
1798 2370 1801 2373 ,

205 2392 258 2417 θεῖ
279 2384 462 2429 objectum
483 2384 697 2427 voluntati33
732 2386 824 2419 unde
848 2393 882 2420 et
903 2386 1055 2431 August.
1086 2387 1171 2420 dicit
1201 2388 1237 2420 in
1265 2386 1324 2420 lib.
1351 2396 1402 2429 14.
1425 2387 1467 2420 de
1490 2386 1590 2420 Trin.
1620 2386 1707 2433 (cap.
1729 2387 1760 2421 8.

204 2442 234 2471 et
255 2437 310 2471 lib.
333 2450 383 2472 10.
407 2444 479 2484 cap.
502 2439 560 2483 L),
585 2439 681 2484 quod
708 2439 860 2473 voluntas
882 2441 989 2474 oritur
1014 2451 1053 2474 ex
1081 2440 1291 2485 intelligentia
1302 2452 1314 2479 ‚·
1346 2448 1381 2474 et
1410 2440 1492 2474 ideo
1522 2451 1668 2474 necesse
1698 2447 1761 2481 est,

206 2490 301 2535 quod
321 2491 507 2524 meditatio
530 2491 574 2525 sit
596 2492 797 2525 devotionis
828 2503 953 2533 causa3
988 2493 1201 2538 inquantum
1231 2493 1368 2526 scilicet
1397 2493 1511 2526 homo
1534 2504 1596 2539 per
1617 2492 1763 2527 niedita-

203 2543 342 2577 tionem
364 2544 532 2590 concipit,
560 2544 656 2590 quod
679 2555 716 2578 se
738 2545 853 2578 tradat
878 2545 999 2579 divino
1030 2546 1224 2591 obsequi0;
1259 2546 1302 2579 ad
1330 2547 1427 2591 quod
1453 2546 1598 2591 quidem
1627 2545 1764 2580 inducit

204 2596 320 2642 duplex
343 2597 603 2631 consideratio:
626 2609 693 2632 una
716 2598 873 2644 quidem,
896 2610 986 2644 quae
1013 2607 1066 2633 est
1087 2611 1129 2633 ex
1151 2608 1250 2644 parte
1277 2599 1418 2633 divinae
1445 2599 1624 2641 bonitatis,
1647 2607 1682 2634 et
1707 2599 1763 2633 be-

204 2649 417 2684 neficiorum
446 2651 567 2696 ipsius,
590 2652 788 2685 secundum
817 2650 904 2684 illud
927 2651 983 2684 Ps.
1008 2662 1082 2696 72.2
1112 2653 1198 2686 Mihi·
1228 2651 1402 2686 adhaerere
1423 2653 1494 2686 Deo
1518 2653 1638 2686 bonum
1659 2657 1714 2694 est,
1735 2656 1763 2686 et

204 2705 373 2749 ponerem
396 2704 542 2738 Domino
565 2705 636 2738 Deo
658 2710 745 2750 spem
768 2716 900 2738 meam:
924 2712 959 2738 et
979 2705 1069 2738 haec
1093 2705 1334 2739 consideratio
1363 2705 1494 2739 excitat
1519 2705 1762 2746 dilectionem,

206 2767 296 2800 quae
320 2764 372 2790 est
393 2757 557 2802 proxima
579 2757 782 2791 devotionis
806 2768 930 2791 causa:
951 2757 1019 2790 alia
1041 2769 1127 2791 vero
1155 2766 1208 2792 cst
1229 2769 1272 2792 ex
1294 2766 1391 2802 parte
1418 2758 1577 2792 hominis
1605 2758 1763 2792 conside-

206 2809 315 2843 rantis
342 2820 426 2843 suos
452 2809 623 2851 defectus,
660 2821 701 2844 ex
735 2810 861 2856 quibus
887 2810 1024 2855 indiget
1057 2818 1094 2844 ut
1127 2811 1207 2844 Deo
1234 2811 1415 2852 innitatur,
1442 2811 1642 2845 secundum
1674 2810 1761 2844 illud

208 2862 262 2895 Ps.
298 2871 390 2896 12o.:
420 2863 546 2896 Levavi
573 2863 682 2898 oculos
708 2874 791 2897 vncos
818 2864 851 2896 in
879 2868 1010 2904 montes,
1040 2863 1120 2897 wide
1146 2865 1254 2898 veniat
1279 2864 1441 2898 auxilium
1471 2864 1569 2899 mihi.-
1597 2864 1761 2898 auxilium
