1859 3122
199 172 282 227 468
608 183 826 218 QAUESTIO
860 183 977 213 ani.
1006 183 1248 213 ARTICULus
1280 184 1322 213 11.

199 266 242 299 ad
264 266 400 299 bonum
423 275 635 307 commune3
659 272 693 298 et
714 264 764 299 sic
787 265 815 298 si
836 264 1058 311 dignioribus
1080 264 1334 311 praeferantur,
1353 273 1405 299 est
1422 273 1612 311 peccatum
1633 277 1752 311 perso-

198 330 325 352 narum
349 317 567 363 acceptionis
588 317 624 351 in
646 317 911 363 dispensatione
933 317 1191 364 spiritualium3
1214 329 1368 364 quorum
1389 318 1566 364 praelatus
1586 318 1753 353 ecclesia-

198 372 306 405 sticus
327 382 400 404 non
423 379 475 404 est
496 371 677 412 dominus,
701 378 738 404 ut
759 371 871 416 possit
892 382 933 404 ea
955 371 1038 405 dare
1061 382 1124 416 pro
1147 371 1260 412 libito,
1282 371 1343 405 sed
1366 372 1600 417 dispensator,
1629 383 1752 406 secun-

198 425 283 458 dum
304 424 391 458 illud
418 435 444 458 1.
468 424 511 457 ad
534 424 619 458 Cor.
642 434 692 466 4:
719 424 772 458 Sic
794 436 850 458 nos
871 425 1028 458 eximimur}
1055 425 1148 458 homo
1171 430 1206 459 ut
1228 426 1393 458 ministros
1416 425 1550 467 Christi,
1573 429 1602 460 et
1627 425 1751 470 dispen-

197 483 317 512 satores
342 479 571 523 mysteriorum
600 478 685 511 Dii.-
713 477 904 523 quandoque
933 488 1019 511 vero
1055 477 1315 522 consanguinei
1341 478 1491 523 praelati
1519 477 1752 512 ecclesiastici

197 540 279 565 sunt
300 542 412 576 aeque
436 530 544 576 digni,
567 539 603 564 ut
626 530 703 565 alii:
727 539 761 564 et
782 531 830 564 sic
854 530 949 565 licite
976 539 1095 576 potest
1122 531 1254 576 absque
1280 542 1517 576 personarum
1543 531 1752 577 acceptione

198 585 487 629 consanguineos
517 595 600 617 suos
632 583 830 629 praeferre3
857 584 938 629 quia
966 583 1093 618 saltem
1128 584 1164 617 in
1197 584 1267 617 hoc
1302 584 1559 629 praeeminent,
1587 584 1682 630 quod
1710 585 1752 618 de

197 637 282 683 ipsis
304 637 419 682 magis
439 636 618 670 confidere
638 644 766 682 potest,
786 645 822 670 ut
840 637 1056 670 unanimiter
1075 648 1198 670 secum
1217 637 1363 682 negotia
1381 637 1565 671 Ecclesiae
1583 645 1750 671 tractent:

198 699 291 725 esset
311 698 432 724 tamen
448 690 517 723 hoc
533 698 677 735 propter
699 689 908 723 scandalum
931 690 1195 732 dimittendum,
1218 690 1247 724 si
1269 702 1311 724 ex
1331 691 1402 724 hoc
1426 690 1534 736 aliqui
1549 690 1751 736 exemplum

198 752 392 784 sumerent,
415 743 524 777 etiam
547 751 686 788 praeter
707 742 930 788 dignitatem,
952 744 1046 777 bona
1069 743 1251 777 Ecclesiae
1274 744 1551 788 consanguineis
1573 744 1690 777 dandi.

269 797 328 830 AD
351 806 556 830 SECUNDUM
584 796 788 837 dicendum,
811 797 906 841 quod
930 796 1149 842 dispensatio
1169 797 1391 830 matrimonii
1411 797 1647 838 contrahendi
1664 797 1754 843 prin-

199 850 358 896 cipaliter
379 849 454 883 fieri
477 849 663 883 consuevit
684 857 829 895 propter
843 849 969 883 foedus
988 850 1084 895 pacis
1105 849 1338 883 firmandum:
1359 850 1455 895 quod
1474 850 1619 895 quidem
1637 850 1753 896 magis

199 912 250 937 est
272 903 515 937 necessarium
538 903 725 936 communi
746 902 889 937 utilitati
917 903 1010 936 circa
1033 914 1204 948 personas
1233 902 1467 944 excellentes;
1499 910 1533 937 et
1561 903 1643 937 ideo
1670 914 1753 937 cum

199 957 248 991 eis
270 956 409 990 facilius
433 956 655 1002 dispensatur
677 956 809 1001 absque
832 965 981 1001 peccato
1010 956 1229 1002 acceptionis
1251 967 1499 1002 personarum.

269 1010 328 1044 AD
348 1020 518 1044 TERTmM
541 1009 745 1051 dicendum,
768 1010 863 1055 quod
891 1017 1064 1055 quantum
1099 1010 1142 1043 ad
1176 1010 1247 1043 hoc
1274 1010 1370 1055 quod
1397 1009 1524 1044 electio
1551 1009 1754 1055 impugnari

198 1075 271 1098 non
294 1063 406 1109 possit
423 1063 459 1096 in
480 1062 559 1096 foro
582 1062 752 1107 judiciali,
774 1062 904 1096 sufficit
925 1062 1057 1108 eligere
1078 1063 1227 1104 bonum,
1254 1074 1320 1097 nec
1351 1071 1493 1108 oportet
1526 1062 1657 1109 eligere
1682 1074 1756 1097 me-

198 1117 348 1158 liorem;
371 1116 454 1162 quia
475 1116 524 1150 sic
548 1115 667 1150 omnis
689 1115 817 1149 electio
841 1124 961 1162 posset
987 1117 1118 1150 habere
1149 1115 1387 1150 calumniam:
1418 1116 1479 1150 sed
1510 1124 1684 1162 quantum
1710 1115 1754 1150 ad

199 1170 458 1204 conscientiam
481 1168 656 1213 eligentis,
678 1180 824 1203 necesse
847 1177 899 1203 est
920 1169 1052 1215 eligere
1082 1169 1284 1210 meliorem,
1306 1169 1364 1204 Vel
1392 1169 1614 1215 simpliciter,
1635 1168 1694 1203 vel
1718 1169 1755 1202 in

200 1223 472 1269 comparatione
507 1223 550 1255 ad
584 1222 720 1255 bonum
755 1233 972 1256 commune:
1008 1223 1089 1268 quia
1125 1223 1153 1256 si
1186 1230 1303 1268 potest
1327 1223 1451 1257 haberi
1479 1221 1606 1268 aliquis
1639 1221 1754 1267 magis

198 1278 349 1311 idoneus
377 1287 461 1321 erga
489 1275 647 1321 aliquam
674 1275 897 1321 dignitatem,
920 1283 954 1309 et
976 1275 1065 1309 alius
1087 1275 1316 1321 praeferatur,
1340 1283 1483 1321 oportet
1503 1275 1599 1321 quod
1621 1275 1692 1309 hoc
1711 1275 1756 1309 sit

199 1339 344 1376 propter
366 1329 523 1375 aliquam
546 1340 709 1362 causam:
734 1340 824 1374 quae
855 1328 999 1374 quidem
1030 1329 1058 1362 si
1086 1329 1260 1374 pertineat
1286 1329 1328 1362 ad
1354 1329 1553 1374 negotium,
1581 1336 1752 1374 quantum

200 1384 243 1417 ad
265 1383 335 1417 hoc
360 1382 425 1416 erit
445 1381 505 1416 ille
527 1381 587 1427 qui
609 1381 761 1426 eligitur,
790 1382 905 1427 magis
927 1381 1094 1416 idoneus:
1115 1382 1143 1415 si
1164 1393 1249 1415 vero
1276 1393 1350 1416 non
1377 1383 1551 1427 pertineat
1578 1381 1621 1415 ad
1647 1392 1756 1427 nego-

201 1437 291 1470 tium
314 1436 348 1469 id
371 1435 464 1481 quod
490 1434 737 1468 consideratur
758 1443 795 1468 ut
819 1446 937 1476 causa,
960 1435 1026 1468 erit
1047 1434 1234 1468 manifeste
1257 1435 1418 1480 acceptio
1440 1445 1626 1480 personae.

273 1490 332 1524 AD
352 1499 538 1528 QUARTUM
561 1487 766 1529 dicendum,
789 1488 884 1533 quod
907 1487 966 1521 ille
989 1488 1049 1533 qui
1071 1488 1113 1521 de
1136 1488 1274 1533 gremio
1290 1487 1472 1521 Ecclesiae
1496 1487 1699 1530 assumitur,
1718 1495 1756 1521 ut

200 1544 234 1577 in
258 1543 416 1589 pluribus
444 1541 631 1576 consuevit
652 1552 728 1575 esse
750 1541 881 1583 utilior,
901 1549 1075 1586 quantum
1094 1541 1136 1574 ad
1155 1541 1291 1574 bonum
1311 1552 1517 1582 commune,
1539 1540 1622 1586 quia
1640 1540 1755 1586 magis

200 1597 314 1642 diligit
329 1596 542 1636 Ecclesiam,
556 1595 591 1628 in
608 1606 677 1640 qua
692 1603 743 1629 est
757 1595 928 1636 nutritus;
944 1602 978 1628 et
996 1602 1140 1640 propter
1153 1594 1223 1628 hoc
1241 1594 1348 1628 etiam
1364 1594 1553 1628 mandatur
1566 1594 1672 1628 Deut.
1691 1605 1754 1640 17.:

200 1651 277 1686 Non
294 1651 417 1697 parterii·
443 1650 577 1685 alterius
601 1651 703 1695 gantis
728 1649 894 1682 hominem
906 1648 1020 1694 fircera
1045 1659 1164 1693 regem,
1186 1648 1243 1693 qui
1264 1659 1328 1682 non
1352 1649 1396 1683 sit
1408 1648 1519 1694 frater
1540 1652 1622 1682 tuus.

743 1801 1084 1846 ARTICULUS
1121 1802 1198 1844 ΠΙ.
1690 1822 1755 1858 354

201 1917 351 1946 UsRUM
380 1917 422 1946 IN
450 1916 733 1945 EXHIBITIONE
762 1916 967 1955 HONORIS,
995 1917 1050 1944 ET
1078 1915 1374 1945 REVERENTIAE
1408 1915 1556 1944 LOCUM
1584 1914 1754 1944 HABEAT

536 1981 770 2011 PECCATUM
797 1981 1087 2011 ACCEP'HONIS
1114 1981 1414 2010 PERSONARUM.

774 2079 914 2124 (chocll.
941 2092 991 2115 10.
1015 2084 1078 2114 art.
1105 2079 1185 2123 12.).

272 2182 331 2216 Ao
355 2192 524 2216 TERTIUM
546 2182 595 2215 sic
618 2181 833 2227 proceditur.
857 2180 1016 2222 Videtur,
1045 2180 1141 2226 quod
1168 2180 1202 2213 in
1226 2180 1444 2214 exhibitione
1465 2179 1627 2221 honoris,
1651 2187 1684 2214 et
1706 2190 1757 2214 re-

201 2235 380 2270 verentiae
401 2246 473 2269 non
499 2235 627 2268 habeat
648 2234 771 2268 locum
790 2242 977 2280 peccatum
998 2233 1217 2279 acceptionis
1236 2244 1490 2278 personarum:
1514 2233 1632 2267 honor
1659 2232 1755 2266 enim

202 2288 292 2323 nihil
314 2288 408 2322 aliud
431 2299 507 2322 esse
530 2288 678 2329 videtur,
701 2299 809 2333 quam
833 2288 1032 2321 reverentia
1054 2287 1230 2332 quaedam
1247 2287 1353 2320 alicui
1369 2287 1523 2320 exhibita
1542 2286 1577 2320 in
1598 2286 1757 2320 testimo-

202 2343 302 2376 nium
324 2342 473 2382 virtutis,
497 2349 533 2374 ut
555 2349 650 2386 patet
672 2353 733 2386 per
752 2340 887 2374 Philos.
907 2341 941 2374 in
966 2351 991 2373 1.
1015 2340 1130 2373 Ethic.
1153 2341 1243 2386 (cap.
1262 2353 1290 2385 5.
1312 2346 1341 2374 ut
1361 2340 1448 2381 12.):
1471 2340 1531 2374 sed
1554 2339 1703 2385 praelati
1722 2347 1757 2374 et

202 2395 378 2441 principes
401 2402 481 2429 sunt
503 2394 718 2435 honorandi,
742 2394 881 2427 etiamsi
903 2394 972 2427 sint
994 2393 1099 2434 mali,
1122 2393 1212 2426 sicut
1235 2393 1343 2427 etiam
1365 2401 1540 2439 parentes,
1563 2393 1606 2427 de
1629 2393 1755 2438 quibus

203 2448 392 2482 mandatur
414 2447 524 2481 Exod.
548 2457 619 2481 20.:
643 2448 781 2480 Honora
800 2452 929 2492 patrem
952 2451 1055 2486 tuum,
1076 2452 1105 2480 et
1132 2451 1267 2480 ›nult-em
1292 2451 1402 2480 mum:
1426 2454 1460 2480 et
1482 2446 1590 2480 etiam
1617 2445 1755 2479 domini

202 2510 284 2535 sunt
306 2513 323 2534 a
347 2503 456 2535 servis
477 2500 692 2539 honorandi,
716 2499 855 2533 etiamsi
870 2500 939 2532 sint
955 2499 1050 2540 mali,
1067 2500 1264 2532 secundum
1282 2499 1366 2533 illud
1391 2510 1417 2532 1.
1439 2499 1481 2533 ad
1499 2498 1687 2533 Thimoth.
1703 2498 1755 2533 6.:

205 2557 409 2599 Quicumque
430 2559 504 2588 sunl
524 2555 579 2587 sul)
596 2556 674 2598 jugo
696 2554 794 2593 scr-vi,
815 2552 960 2585 dontinus
978 2564 1049 2586 mos
1075 2553 1194 2586 lwnoru
1217 2553 1328 2596 dignus
1354 2553 1576 2592 111¹l‘1'lt·e}z!211';
1602 2563 1687 2596 ergo
1709 2551 1757 2584 vi-

203 2609 314 2649 detur,
338 2608 433 2653 quod
457 2607 618 2651 acceptio
642 2617 815 2651 personae
839 2617 910 2638 non
934 2605 976 2638 sit
1000 2614 1191 2650 peccutum
1214 2606 1248 2638 in
1273 2605 1491 2639 exhibitione
1514 2605 1673 2638 honoris.

273 2671 303 2693 2.
327 2661 560 2694 l’uAiiriznizr-x.
584 2659 696 2693 Levit.
725 2670 774 2703 it).
803 2658 1035 2704 praecipitur:
1060 2658 1184 2692 (λη-ΛΜ
1211 2671 1291 2692 sium
1323 2660 1426 2704 capite
1453 2670 1619 2702 consurge,
1647 2663 1674 2692 el
1700 2658 1758 2691 ho-

203 2725 283 2747 nom!
303 2721 475 2759 personant
498 2715 600 2747 summ:
628 2712 689 2746 sed
712 2712 781 2745 hoc
806 2711 943 2744 videtur
967 2712 1008 2744 ad
1033 2712 1281 2757 acceptionem
1304 2723 1539 2757 personarum
1559 2711 1755 2757 pertinere3

202 2768 284 2813 quia
307 2767 521 2812 quandoque
544 2778 646 2799 senes
668 2777 740 2799 non
763 2773 843 2799 sunt
864 2765 1024 2805 virtuosi,
1048 2765 1246 2798 secundum
1280 2765 1366 2798 illud
1395 2766 1487 2798 Dan.
1522 2776 1591 2810 13.:
1619 2765 1756 2809 Egressa

203 2825 244 2854 est
272 2821 426 2864 iniquita><
447 2831 465 2852 a
491 2820 668 2853 semoribus
684 2819 826 2864 populf‚·
847 2829 933 2862 ergo
956 2818 1118 2864 acceptio
1141 2829 1376 2863 personarum
1398 2829 1471 2852 non
1494 2825 1546 2852 cst
1567 2825 1755 2863 peccatum

203 2873 238 2906 in
262 2873 477 2907 exhibitione
500 2872 659 2907 honoris.
