1859 3122
191 153 274 196 940
576 150 796 185 QUAESTIO
831 150 974 179 CXLIV.
1008 149 1252 179 ARTICULUS
1286 150 1343 179 IV.

259 233 319 267 AD
350 241 521 266 TERTIUM
542 230 748 272 dicendum,
770 230 866 276 quod
895 230 1161 273 infamationes,
1192 238 1227 265 et
1255 230 1448 276 opprobria
1481 232 1672 275 virtuosus,
1706 240 1745 267 ut

188 285 324 319 dictum
344 292 396 318 est
416 285 496 328 (art.
519 295 549 318 2.
573 283 640 329 huj.
657 295 686 328 q.
702 283 744 317 acl
763 284 820 329 L),
845 283 1056 325 contemnit,
1078 284 1180 330 quasi
1201 294 1243 318 ea
1265 284 1393 329 quibus
1414 284 1490 331 ipse
1516 297 1590 320 non
1617 293 1670 320 est
1696 281 1757 319 di-'

189 350 299 384 gnus3
322 345 356 371 et
375 337 457 370 ideo
474 336 583 370 etiam
601 348 668 370 nec
684 336 726 370 de
741 336 796 370 his
811 336 967 370 multum
980 337 1258 371 verecundatur:
1280 344 1332 371 est
1346 345 1467 372 tamen
1484 338 1609 384 aliquis
1624 346 1743 373 motus

187 390 425 425 verecundiae
447 390 661 435 proveniens
684 390 874 432 rationem,
896 390 987 424 sicut
1011 398 1044 424 et
1071 398 1294 424 caeterarum
1315 391 1536 436 passionum.
1713 388 1716 392 ’

259 445 318 478 AD
341 454 529 483 QUARTUM
543 443 747 485 dicendum,
762 444 858 489 quod
872 443 1088 478 verecundia
1104 455 1177 478 non
1193 451 1245 478 est
1259 455 1339 489 pars
1353 445 1625 490 temperantiae,
1641 444 1744 490 quasi

187 498 323 532 intrans
340 496 534 531 essentiam
549 497 635 541 ejus,
651 496 712 531 sed
729 497 830 542 quasi
844 496 1051 543 dispositive
1064 508 1101 531 se
1116 497 1252 531 habens
1264 497 1307 531 ad
1317 497 1449 543 ipsam:
1465 498 1558 532 unde
1574 498 1744 532 Ambros.

189 550 274 584 dicit
295 551 330 584 in
352 550 410 584 lib.
438 561 465 584 Ι.
489 551 532 584 de
556 549 662 585 Offic.
681 550 769 596 (cap.
783 550 862 596 43),
887 550 983 595 quod
1005 550 1221 584 verecundia
1242 550 1327 596 jacit
1344 550 1460 596 prima
1485 551 1744 597 temperantiae

188 603 434 646 fundamenta,
455 604 670 650 inquantum
692 603 829 638 scilicet
850 604 975 638 incutit
996 604 1187 639 horrorem
1207 605 1446 651 turpitudinis.

672 873 1026 934 QUAESTIO
1070 872 1272 920 CXLV.

362 997 425 1027 DE
451 996 747 1035 HONESTATE,
778 997 829 1027 IN
855 996 1083 1036 QUATUOR
1109 995 1370 1027 ARTICULOS
1396 995 1570 1026 DIVISA.

261 1135 402 1171 Deinde
424 1136 729 1171 considerandum
751 1144 803 1171 est
825 1136 867 1171 de
889 1136 1089 1170 honestate.

656 1227 700 1260 Et
720 1227 810 1260 circa
831 1226 888 1260 hoc
910 1230 1114 1271 quaeruntur
1134 1229 1284 1271 quatuor.

262 1296 396 1330 Primo.
422 1296 623 1337 Quomodo
645 1296 841 1331 honestum
864 1307 901 1330 se
923 1296 1054 1330 habeat
1077 1295 1119 1329 ad
1142 1295 1320 1329 virtutem.

264 1349 445 1384 Secundo.
470 1349 672 1390 Quomodo
694 1361 731 1383 se
753 1349 885 1383 habeat
906 1350 949 1383 ad
972 1349 1157 1383 decorum.

264 1402 401 1437 Tertio.
426 1403 628 1443 Quomodo
651 1414 688 1437 se
710 1403 841 1437 habeat
863 1403 906 1436 ad
928 1402 1026 1444 utile,
1049 1410 1083 1436 et
1104 1400 1326 1436 delectabile.

265 1456 418 1497 Quarto.
442 1457 573 1491 Utrum
592 1457 764 1491 honestas
782 1456 826 1491 sit
846 1467 928 1502 pars
949 1455 1221 1502 temperantiae.

763 1597 1105 1642 ARTICULUS
1141 1598 1174 1639 Ι.
1683 1618 1750 1653 700

536 1706 689 1737 UTRUM
715 1706 958 1736 HONESTUM
984 1706 1051 1735 SIT
1080 1705 1190 1734 IDEM
1214 1705 1409 1734 VIRTUTI.

590 1795 694 1841 (Infr.
710 1800 773 1829 art.
788 1806 819 1830 2.
835 1801 923 1841 corp.
940 1799 968 1829 ct
982 1794 1023 1829 ad
1033 1807 1060 1840 3.
1077 1799 1104 1829 et
1118 1798 1219 1840 maj.
1236 1793 1356 1840 corp).

263 1884 323 1919 AD
350 1895 499 1919 PRIMUM
526 1884 575 1918 sic
598 1884 813 1930 proceditur.
832 1883 993 1925 Videtur,
1013 1885 1109 1929 quod
1127 1883 1322 1917 honestum
1340 1893 1414 1916 non
1433 1882 1477 1916 sit
1493 1882 1591 1917 idem
1609 1881 1749 1916 virtuti:

193 1937 278 1972 dicit
301 1938 397 1972 enim
421 1938 563 1972 Tullius
592 1938 628 1971 in
655 1949 718 1972 sua
748 1937 896 1971 Rhetor.
925 1938 998 1982 (lib.
1021 1949 1051 1972 2.
1080 1937 1116 1971 da
1146 1937 1303 1981 Inveni),
1326 1936 1521 1971 honestum
1544 1947 1632 1978 esse,
1654 1935 1751 1982 quod

193 2000 339 2037 propter
357 2003 393 2026 se
414 1992 605 2038 appetitur:
625 1991 736 2025 virtus
756 1999 876 2025 autem
894 2002 968 2025 non
987 1990 1163 2036 appetitur
1180 1998 1325 2036 propter
1343 1990 1511 2036 seipsam,
1526 1989 1587 2024 sed
1606 1997 1752 2036 propter

192 2044 421 2080 felicitatem:
446 2045 531 2079 dicit
553 2045 649 2079 enim
670 2044 807 2078 Philos.
830 2045 866 2078 in
893 2055 919 2079 1.
943 2044 1057 2078 Ethic.
1081 2044 1169 2090 (cap.
1191 2044 1257 2089 9.),
1286 2043 1382 2089 quod
1409 2042 1560 2078 felicitas
1582 2050 1635 2077 est
1655 2054 1752 2089 prae-

193 2099 308 2132 mium
329 2099 479 2140 virtutis,
502 2106 537 2132 et
557 2098 653 2141 finis;
677 2110 763 2143 ergo
786 2098 981 2132 honestum
1003 2109 1077 2132 non
1100 2105 1152 2132 est
1173 2097 1268 2131 idem
1291 2097 1423 2131 virtuti.

267 2163 297 2187 2.
320 2152 555 2187 PRAETEREA.
584 2152 793 2185 Secundum
816 2151 942 2185 Isidor.
965 2152 1038 2195 (lib.
1060 2164 1111 2186 10.
1138 2151 1281 2196 Etymol.
1304 2150 1346 2185 ad
1370 2150 1417 2184 lit.
1444 2151 1511 2193 H):
1530 2151 1690 2185 Honestas
1707 2150 1753 2185 di-

194 2207 294 2248 citur,
316 2207 410 2251 qztasi
431 2206 565 2240 honoris
585 2210 703 2239 slatus:
727 2205 787 2239 sed
808 2204 928 2239 multis
952 2204 1030 2238 aliis
1052 2205 1200 2238 debetur
1221 2204 1351 2246 honor,
1374 2215 1483 2249 quam
1504 2203 1644 2239 virtuti:
1665 2215 1751 2238 nam

194 2260 314 2294 virtuti
331 2261 470 2306 proprie:
491 2259 622 2293 (labatur
643 2259 725 2300 lans,
753 2266 790 2292 ut
817 2258 945 2292 dicitur
970 2258 1006 2291 in
1039 2268 1065 2291 1.
1093 2257 1208 2291 Ethic.
1239 2258 1325 2303 (cap.
1352 2259 1442 2302 12.);
1471 2268 1558 2303 ergo
1580 2257 1752 2292 honestas

195 2323 269 2347 non
292 2321 344 2347 est
365 2313 461 2347 idern
483 2311 615 2347 virtuti.

270 2378 296 2411 3.
319 2366 555 2401 PRAETEREA.
578 2364 780 2410 Principale
795 2364 932 2398 virtutis
949 2364 1111 2398 consistit
1125 2364 1159 2397 in
1176 2363 1337 2398 interiori
1359 2362 1549 2406 electione,
1566 2372 1603 2398 ut
1618 2363 1751 2399 Philos.

196 2419 282 2454 dicit
302 2420 338 2454 in
361 2420 392 2454 8.
415 2419 574 2453 Ethicor.
604 2419 691 2465 (cap.
714 2418 789 2464 13.).·
812 2418 983 2451 honestas
1013 2425 1133 2451 autem
1161 2417 1276 2463 magis
1302 2417 1442 2451 videtur
1469 2418 1511 2451 ad
1539 2419 1752 2452 exteriorem

197 2473 512 2508 conversationem
534 2472 723 2519 pertinere,
746 2472 945 2505 secundum
971 2470 1057 2504 illud
1084 2482 1111 2504 1.
1135 2471 1178 2504 ad
1202 2470 1286 2504 Cor.
1313 2481 1384 2513 14.:
1415 2471 1540 2506 Omnia
1566 2471 1703 2514 honeste,
1725 2476 1754 2506 et

195 2527 369 2562 secundum
388 2527 535 2561 ordinem
554 2527 644 2572 fiant
666 2527 699 2560 in
720 2526 833 2565 vobim
858 2536 943 2570 ergo
966 2525 1138 2559 honestas
1160 2536 1234 2558 non
1256 2532 1308 2558 est
1329 2524 1426 2558 idem
1448 2525 1579 2558 virtuti.

267 2591 298 2623 ,4.
318 2580 554 2615 PRAETEREA.
578 2579 759 2613 Honestas
781 2578 921 2612 videtur
944 2579 1138 2612 consistere
1160 2578 1196 2611 in
1219 2578 1451 2612 exterioribus
1470 2578 1611 2620 divitiis,
1631 2589 1754 2612 secun-

197 2634 282 2668 dum
303 2633 391 2668 illud
413 2633 522 2668 Eccli.
550 2644 619 2667 11.:
642 2634 748 2674 Bona,
771 2637 799 2666 ει
822 2632 922 2673 Μαῖα,
945 2633 1028 2673 vita,
1045 2637 1073 2666 ut
1096 2644 1195 2674 mors,
1214 2636 1407 2678 paupertas,
1426 2636 1455 2666 et
1473 2631 1629 2674 honestas,
1646 2643 1666 2666 α
1681 2632 1752 2666 Deo

194 2693 287 2722 sunt:
309 2687 371 2722 sed
390 2687 425 2720 in
448 2686 682 2721 exterioribus
705 2685 834 2719 divitiis
856 2696 930 2719 non
953 2685 1114 2719 consistit
1132 2685 1261 2726 virtus3
1290 2695 1376 2730 ergo
1402 2684 1573 2719 honestas
1599 2695 1673 2718 non
1700 2693 1753 2719 est

194 2740 292 2775 idem
314 2740 446 2774 virtuti.

269 2794 343 2828 SED
371 2803 525 2828 CONTRA
553 2800 615 2834 est,
639 2791 734 2838 quod
758 2790 899 2826 Tullius
921 2791 1006 2825 dicit
1026 2791 1062 2824 in
1089 2802 1116 2825 1.
1137 2791 1178 2825 de
1200 2789 1307 2826 Offic.
1325 2790 1374 2834 (in
1391 2791 1438 2825 tit.
1454 2790 1489 2824 cle
1505 2791 1662 2835 Quattuor
1681 2791 1752 2825 Vir-

197 2847 347 2893 tutibus),
371 2855 405 2881 ct
427 2846 461 2879 in
485 2856 514 2880 2.
538 2846 686 2880 Rhetor.
714 2843 790 2889 (loc.
812 2846 864 2879 cit.
886 2845 921 2878 in
943 2856 1012 2891 arg.
1040 2844 1097 2889 1.)‚
1126 2844 1286 2878 dividens
1316 2844 1511 2878 honestum
1538 2843 1574 2878 in
1600 2851 1753 2890 quatuor
