1859 3122
212 162 297 215 564
581 169 802 205 QUAESTIO
837 170 966 199 LXXX.
1001 170 1244 200 ARTICULUS
1277 170 1453 200 UNICUS.

211 264 301 299 quae
324 251 567 286 communiter
589 258 672 285 sunt
693 250 930 292 observanda,
949 251 1093 296 ponitur
1115 251 1354 297 legispositiva;
1378 262 1480 297 quae,
1507 259 1546 286 ut
1569 251 1645 298 ipse
1672 252 1768 294 dicit,

211 314 264 340 est
277 305 424 339 scientia
440 304 770 338 commutationum
786 304 1015 350 politicarum
1039 304 1082 338 ad
1105 305 1406 338 communitatem
1427 304 1639 339 relatarum:
1662 317 1769 351 quan-

210 355 286 393 tum
300 370 386 392 vero
403 358 446 392 ad
461 369 513 399 ea,
528 369 619 403 quae
634 358 851 404 quandoque
866 357 1128 403 particulariter
1143 358 1281 403 agenda
1297 366 1502 400 occurrunt,
1520 366 1660 404 praeter
1673 370 1771 393 com—

210 424 337 446 munes
358 411 468 458 leges,
490 412 634 457 ponitur
655 423 900 456 eugnomosyne,
920 411 1022 457 quasi
1043 413 1129 445 bona
1144 423 1272 457 gnoma,
1296 422 1387 457 quae
1407 419 1459 445 est
1476 412 1511 445 in
1533 411 1661 446 talibus
1683 412 1770 447 dire-

213 466 318 507 ctiva,
340 473 376 499 ut
398 476 505 511 supra
527 465 691 499 habitum
714 473 766 498 est
790 464 834 510 (q.
853 475 905 510 51.
928 470 993 499 art.
1015 465 1079 510 4.),
1101 465 1137 498 in
1158 472 1310 498 tractatu
1333 464 1376 498 de
1403 465 1611 510 prudentia;
1633 473 1667 499 et
1687 465 1769 500 ideo

210 519 296 552 dicit
316 518 359 552 de
381 530 435 560 ea,
462 518 559 564 quod
586 526 639 552 est
663 518 860 552 voluntaria
882 519 1090 563 justificatio,
1117 518 1199 564 quia
1221 518 1357 552 scilicet
1380 529 1423 552 ex
1443 518 1589 564 proprio
1613 518 1770 560 arbitrio,

211 573 245 606 id
268 572 363 618 quod
382 573 516 617 justum
539 579 602 612 est,
624 571 738 605 homo
761 571 962 604 secundum
985 583 1065 605 eam
1088 579 1216 612 servat,
1240 582 1313 604 non
1335 572 1534 605 secundum
1548 570 1669 617 legem
1690 572 1772 606 scri-

210 633 327 671 ptam:
357 625 592 660 attribuuntur
621 632 741 658 autem
767 624 857 658 haec
888 624 959 658 duo
987 624 1195 670 prudentiae
1223 624 1421 658 secundum
1444 624 1700 667 directionem;
1722 626 1772 670 ju-

211 680 306 714 stitia
331 691 416 714 vero
443 679 643 713 secundum
669 678 939 713 executionem:
966 680 1093 712 eusebia
1118 689 1205 712 vero
1232 678 1371 720 dicitur,
1399 679 1501 724 quasi
1522 679 1623 713 bonus
1643 679 1768 720 cultus;

213 733 307 767 unde
330 740 383 767 est
402 733 500 767 idem
521 733 617 778 quod
644 732 776 777 religi&
800 732 882 765 ideo
902 732 945 765 de
967 743 1010 765 ea
1031 732 1127 773 dicit,
1150 732 1246 778 quod
1268 737 1310 766 est
1330 733 1465 766 scientia
1486 733 1552 766 Dei
1565 732 1772 778 famulatus:

214 795 248 821 et
262 787 421 832 loquitur
435 787 635 820 secundum
650 787 813 827 modum,
829 797 900 831 quo
918 785 1086 819 Socrates
1101 786 1252 827 dicebat,
1268 797 1396 820 omnes
1410 786 1558 820 virtutes
1573 797 1650 820 esse
1660 785 1771 819 scien-

213 842 297 882 tias;
320 849 354 874 et
375 841 418 874 ad
440 840 538 874 idem
560 840 740 873 reducitur
761 840 926 881 sanctitas,
950 847 987 873 ut
1013 847 1139 885 postea
1166 840 1302 874 dicetur
1328 840 1376 885 (q.
1398 851 1460 885 seq.
1483 844 1546 873 art.
1568 840 1638 883 8).-
1661 839 1774 874 eucha-

214 896 308 929 ristia
330 901 451 928 autem
473 901 526 928 est
546 893 642 927 idern
665 893 760 939 quod
784 894 868 927 bona
888 894 1012 938 gratia,
1034 904 1144 939 quam
1167 892 1309 926 Tullius
1330 893 1432 938 ponit
1452 893 1544 928 sicut
1565 901 1599 927 et
1618 892 1774 926 vindica-

213 948 345 982 tivam:
365 949 544 993 benignitas
559 956 681 981 autem
697 946 834 980 videtur
851 958 928 980 esse
943 947 1039 980 idem
1055 958 1139 980 cum
1154 946 1296 988 affectu,
1311 958 1419 992 quem
1434 947 1536 992 ponit
1549 947 1772 988 Macrobius;

215 1002 309 1035 unde
326 1009 360 1035 et
377 1001 459 1035 Isid.
483 1001 567 1034 dicit
588 1001 624 1033 in
645 1000 705 1034 lib.
726 1011 777 1034 10.
794 999 951 1046 Etymol.
969 1000 1026 1042 (ad
1048 1000 1095 1034 lit.
1118 1000 1161 1044 B)
1185 1000 1281 1046 quod
1299 1001 1452 1046 benignus
1473 1006 1517 1035 est
1533 1001 1589 1034 vir
1605 1005 1715 1047 sponte
1732 999 1775 1034 ad

217 1056 292 1089 bene
307 1054 501 1100 faciundum
517 1059 670 1100 paratus,
693 1058 720 1088 ct
742 1053 842 1088 dulcis
864 1054 1008 1099 alloquio
1019 1066 1031 1094 ‚·
1056 1062 1088 1087 et
1110 1055 1185 1099 ipse
1207 1053 1438 1087 Andronicus
1457 1053 1553 1095 dicit,
1574 1054 1670 1099 quod
1692 1054 1776 1088 beni-

213 1109 320 1154 gnitas
341 1116 393 1142 θεῖ
414 1107 556 1141 habitus
578 1107 782 1141 volontarie
804 1106 1065 1141 benefactivus:
1089 1107 1270 1141 liberalitas
1285 1112 1406 1141 autern
1424 1107 1563 1141 videtur
1585 1106 1629 1140 ad
1650 1106 1775 1140 huma-

214 1162 364 1196 nitatem
385 1161 572 1207 pertinere.

288 1215 347 1249 AD
370 1224 549 1253 QUINTUM
573 1213 776 1255 dicendum,
799 1212 895 1259 quod
914 1213 1058 1259 epicheja
1073 1224 1147 1247 non
1162 1213 1366 1259 adjungitur
1383 1213 1537 1258 justitiae
1558 1212 1775 1258 particulari,

217 1268 278 1302 sed
297 1267 422 1314 legali3
445 1275 479 1302 et
499 1267 639 1302 videtur
661 1278 738 1301 esse
760 1267 858 1300 idem
880 1278 962 1301 cum
985 1277 1038 1308 ea,
1060 1277 1151 1312 quae
1173 1267 1268 1301 dicta
1290 1275 1343 1301 est
1364 1278 1608 1313 etcgnomosyne.

682 1534 1036 1595 QUAESTIO
1078 1533 1313 1580 LXXXI.

448 1661 512 1691 DE
538 1658 813 1697 RELIGIONE,
844 1658 895 1688 IN
923 1657 1044 1688 OCTO
1072 1656 1334 1688 ARTICULOS
1360 1657 1535 1688 DIVISA.

289 1800 429 1835 Deinde
457 1799 761 1834 considerandum
788 1806 840 1832 est
867 1798 909 1832 de
939 1797 1089 1843 singulis
1116 1797 1273 1842 partibus
1301 1796 1568 1842 praedictarum
1593 1796 1777 1840 virtutum,

218 1863 393 1901 quantum
415 1854 458 1887 ad
480 1861 707 1900 praesentem
721 1852 959 1886 intentionem
975 1851 1145 1897 pertinet:
1170 1858 1204 1884 et
1218 1852 1331 1896 primo
1348 1850 1650 1884 considerandum
1665 1858 1719 1884 est
1736 1850 1778 1884 de

218 1909 409 1954 religione:
430 1907 567 1942 secundo
587 1907 630 1940 de
651 1906 801 1952 pietate:
826 1906 920 1940 turtio
948 1904 991 1938 de
1019 1904 1265 1938 observantia:
1293 1909 1411 1949 quarto
1439 1903 1482 1937 de
1509 1903 1638 1949 gratia:
1666 1905 1778 1949 quinto

221 1963 264 1996 de
285 1961 460 1995 vindicta:
482 1965 567 1995 sexto
591 1959 633 1993 de
646 1959 813 1993 veritate:
835 1960 968 2005 septimo
989 1957 1031 1991 de
1055 1957 1231 1991 amicitia:
1254 1962 1369 1990 octavo
1385 1957 1427 1990 de
1442 1956 1673 1991 liberalitate:
1692 1968 1778 1991 nono

221 2016 264 2050 de
287 2015 460 2061 epicheja.
482 2015 538 2047 De
561 2013 638 2047 aliis
661 2021 782 2046 autem
803 2013 861 2046 hic
885 2011 1103 2046 enumeratis
1125 2021 1231 2055 supra
1257 2010 1393 2044 dictum
1421 2018 1483 2051 est,
1506 2010 1636 2055 partim
1657 2011 1693 2044 in
1713 2017 1780 2044 tra-

223 2077 317 2104 ctatu
340 2069 382 2102 de
406 2068 589 2108 charitate,
605 2066 742 2101 scilicet
768 2066 810 2100 de
828 2065 1034 2106 concordia,
1054 2072 1088 2098 et
1103 2063 1179 2098 aliis
1194 2063 1423 2108 hujusmodi3
1446 2071 1480 2097 et
1501 2064 1631 2109 partim
1653 2063 1689 2097 in
1707 2064 1780 2098 hoc

220 2130 371 2157 tractatu
391 2122 434 2155 de
455 2121 600 2166 justitia,
622 2122 713 2154 sicut
735 2120 777 2154 de
798 2120 894 2153 bona
913 2117 1212 2158 commutatione,
1233 2124 1266 2151 et
1285 2117 1507 2151 innocentia:
1531 2117 1574 2152 de
1595 2116 1780 2162 legisposi-

220 2177 293 2211 tiva
313 2184 434 2210 autem
454 2175 491 2208 in
512 2182 664 2208 tractatu
687 2173 729 2207 de
752 2172 951 2219 prudentia.

507 2257 609 2292 Circa
628 2257 815 2302 religionem
843 2267 922 2290 vcro
945 2256 1012 2289 tria
1030 2254 1266 2290 consideranda
1288 2259 1477 2289 occurrunt.

293 2326 407 2360 Primo
423 2323 568 2370 quidem
583 2323 625 2356 de
640 2322 717 2368 ipsa
732 2321 908 2367 religione
924 2320 1124 2355 secundum
1139 2331 1192 2355 se:
1207 2320 1344 2355 secundo
1359 2321 1401 2355 de
1421 2319 1557 2354 actibus
1572 2319 1665 2365 ejus:
1685 2319 1778 2354 tertio

224 2379 267 2414 de
287 2379 381 2413 vitiis
404 2376 589 2424 oppositis.

705 2433 806 2468 Circa
823 2435 974 2480 primum
998 2438 1202 2479 quaeruntur
1224 2438 1304 2467 octo.

295 2502 430 2536 Primo.
454 2500 586 2535 Utrum
607 2498 734 2545 religio
757 2498 927 2533 consistat
949 2505 1089 2532 tantum
1112 2499 1146 2531 in
1169 2497 1293 2532 ordine
1315 2496 1359 2531 ad
1381 2497 1517 2531 Deum.

296 2554 476 2590 Secundo.
500 2554 632 2588 Utrum
653 2552 779 2598 religio
802 2552 846 2585 sit
866 2551 989 2585 virtus.

297 2608 434 2643 Tertio.
458 2608 590 2642 Utrum
610 2606 738 2651 religio
760 2605 803 2639 sit
825 2616 895 2638 una
917 2605 1038 2638 virtus.

299 2661 452 2702 Quarto.
476 2661 607 2694 Utrum
634 2659 760 2704 religio
783 2658 828 2691 sit
849 2657 1012 2703 specialis
1034 2657 1158 2690 virtus.

299 2715 449 2755 Quinto.
469 2714 600 2747 Utrum
622 2712 747 2757 religio
775 2711 819 2745 sit
839 2711 949 2744 virtus
971 2711 1191 2755 theologica.

299 2769 418 2802 Sexto.
443 2767 573 2801 Utrum
595 2765 721 2811 religio
744 2765 788 2798 sit
808 2763 1039 2810 praeferenda
1062 2764 1138 2797 aliis
1160 2763 1347 2797 virtutibus
1370 2762 1578 2797 moralibus.

299 2822 473 2867 SeptimO.
498 2821 626 2854 Utrum
649 2819 774 2863 religio
798 2818 926 2851 habeat
948 2817 1143 2851 exteriores
1166 2825 1276 2852 actus.

301 2876 456 2910 Octavo.
481 2874 610 2908 Utrum
637 2872 762 2917 religio
785 2872 829 2905 sit
850 2871 976 2905 cadem
998 2870 1187 2905 sanctitati.
