1859 3122
201 207 309 249 1252
563 205 782 241 QUAESTIO
815 204 1052 234 CLXXXVIII.
1084 205 1329 234 ARTICULUS
1361 205 1390 234 Ι.

194 289 275 329 mia,
302 287 338 321 de
356 287 513 332 religiosis
530 286 666 331 domib.)
678 297 692 331 ,·
719 297 806 332 ergo
827 285 979 328 videtur,
1002 286 1099 332 quod
1125 297 1200 320 non
1219 285 1373 320 debeant
1393 297 1471 321 esse
1493 286 1654 321 diversae
1679 285 1758 321 reli-

195 341 334 386 giones.

268 393 342 427 SED
370 403 525 427 CONTRA
545 400 608 433 est,
631 393 726 438 quod
749 393 786 426 in
808 392 866 427 Ps.
886 402 938 435 14.
953 392 1119 427 scribitur
1142 393 1186 427 ad
1209 401 1378 427 ornatum
1399 394 1545 440 reginae
1565 394 1755 440 pertinere,

195 446 291 492 quod
312 447 354 480 sit
370 447 623 480 circumamicta
644 447 816 480 varietate.

262 499 492 534 RESPONDEO
515 499 720 541 dicendum,
743 499 852 545 quod,
873 501 966 534 sicut
991 510 1033 533 ex
1059 511 1167 545 supra
1193 499 1296 534 dictis
1317 508 1413 545 patet
1437 499 1483 545 (q.
1500 505 1615 546 praec.
1638 504 1702 533 art.
1724 511 1756 534 2.

194 558 224 587 et
244 565 274 598 q.
295 552 370 588 186.
393 557 457 586 art.
480 563 509 598 7.
509 552 542 596 ),
565 560 677 586 status
698 552 883 598 religionis
905 560 958 586 est
980 553 1163 598 quoddam
1180 553 1403 594 exercitium,
1418 564 1490 598 quo
1513 552 1640 598 aliquis
1660 563 1759 586 exer-

195 614 294 640 cetur
317 605 358 639 ad
381 604 642 651 perfectionem
664 605 865 640 charitatis:
881 614 963 640 sunt
984 614 1105 640 autem
1129 606 1269 640 diversa
1292 606 1475 640 charitatis
1497 617 1619 652 opera,
1630 605 1758 652 quibus

193 660 309 694 homo
324 671 454 693 vacare
476 668 613 705 potest:
630 668 712 694 sunt
733 662 843 693 etiam
865 660 1108 694 diversimodi
1131 660 1382 694 exercitiorum
1398 671 1408 704 ·‚
1423 668 1457 693 et
1468 660 1551 693 ideo
1566 659 1760 705 religiones

194 714 365 759 distingui
387 721 537 759 possunt
557 713 732 759 dupliciter
747 726 756 747 :
774 725 840 747 uno
858 713 954 747 modo
973 712 1174 747 secundum
1190 713 1435 747 diversitatem
1451 724 1591 754 eorum,
1608 713 1650 746 ad
1665 723 1758 758 quae

195 767 424 808 ordinantur3
447 767 539 800 sicut
559 768 589 800 si
610 778 681 800 una
703 766 831 812 religio
859 766 1045 800 ordinetur
1067 766 1111 799 ad
1132 766 1344 812 peregrinos
1377 766 1538 812 hospitio
1565 765 1760 811 suscipien-

195 820 272 862 dos,
303 828 338 854 et
361 819 431 853 alia
453 819 495 853 ad
517 819 727 861 visitandos,
749 819 807 854 vel
842 819 1072 853 redimendos
1107 820 1291 865 captivos:
1319 820 1384 853 alio
1415 819 1510 854 modo
1537 827 1656 864 potest
1681 829 1759 853 esse

195 873 381 908 diversitas
411 872 630 919 religionum
663 873 865 907 secundum
899 873 1143 907 diversitatem
1185 873 1460 908 exercitiorum:
1488 881 1573 919 puta
1600 872 1696 918 quod
1722 872 1759 905 in

195 938 266 961 una
288 926 463 972 religione
494 928 688 972 castigatur
710 937 841 972 corpus
862 938 926 972 per
948 926 1181 960 abstinentias
1209 926 1374 960 ciborum
1395 926 1432 959 in
1455 925 1525 960 alia
1544 937 1608 972 per
1628 925 1760 960 exerci-

194 980 286 1015 tium
309 991 459 1026 operum
482 979 787 1022 manualium‚vel
802 991 865 1026 per
885 980 1097 1022 nuditatem,
1113 987 1173 1014 aut
1190 991 1253 1026 per
1263 979 1398 1025 aliquid
1417 979 1513 1013 aliud
1526 979 1734 1025 hujusmodi
1750 991 1758 1014 z

195 1033 257 1068 sed
279 1033 361 1079 quia
383 1033 462 1066 finis
481 1041 533 1067 est
551 1033 781 1079 potissimum
798 1033 834 1066 in
856 1044 1089 1079 unoquoque,
1108 1033 1225 1078 major
1247 1041 1300 1067 est
1318 1032 1540 1079 religionum
1561 1032 1760 1075 diversitas,

195 1098 288 1133 quae
327 1087 520 1120 attenditur
553 1086 752 1120 secundum
787 1087 946 1120 diversos
976 1086 1076 1127 fines,
1111 1087 1153 1120 ad
1191 1097 1281 1132 quos
1308 1085 1503 1132 religiones
1537 1085 1760 1128 ordinantur,

195 1151 305 1186 quam
327 1151 419 1185 quae
442 1139 635 1173 attenditur
655 1140 856 1173 secundum
876 1139 1015 1173 diversa
1037 1139 1216 1173 exercitia.

267 1193 328 1227 AD
349 1203 498 1227 PRIMUM
521 1204 608 1239 ergo
631 1193 836 1234 dicendum,
859 1192 955 1238 quod
976 1192 1048 1226 hoc
1077 1200 1131 1226 est
1157 1203 1353 1226 commune
1379 1192 1416 1226 in
1443 1192 1545 1226 omni
1571 1191 1759 1238 religione,

196 1246 295 1293 quod
318 1246 446 1292 aliquis
467 1246 626 1280 totaliter
652 1257 690 1280 se
717 1246 821 1280 debet
846 1246 1018 1292 praebere
1046 1245 1090 1279 ad
1117 1246 1346 1280 serviendum
1372 1246 1475 1287 Deo;
1501 1245 1596 1279 unde
1623 1256 1666 1280 ex
1690 1245 1760 1280 hac

195 1308 295 1346 parte
315 1311 389 1333 non
413 1308 465 1333 est
486 1299 671 1333 diversitas
692 1299 785 1333 inter
806 1299 1021 1344 religiones;
1043 1307 1081 1333 ut
1107 1298 1243 1333 scilicet
1269 1298 1305 1332 in
1332 1310 1404 1332 una
1429 1297 1605 1343 religione
1633 1298 1760 1344 aliquis

195 1354 348 1387 retineat
369 1353 503 1398 aliquid
526 1353 591 1394 sui,
614 1360 649 1386 et
669 1352 706 1386 in
729 1352 798 1385 alia
820 1352 935 1386 aliud:
959 1360 1012 1386 est
1034 1360 1156 1386 autem
1178 1352 1364 1386 diversitas
1386 1352 1586 1386 secundum
1607 1351 1760 1394 diversa,

197 1407 233 1440 in
255 1406 383 1452 quibus
405 1406 520 1439 homo
542 1406 624 1439 Deo
647 1405 780 1439 servire
795 1413 925 1450 potest,
941 1413 976 1438 et
989 1405 1189 1438 secundum
1206 1405 1302 1450 quod
1318 1405 1361 1438 ad
1374 1404 1446 1438 hoc
1460 1405 1576 1438 homo
1590 1415 1628 1438 se
1641 1412 1761 1450 potest

197 1459 439 1493 diversimode
467 1459 668 1504 disponere.

269 1512 328 1546 AD
345 1522 551 1546 SECUNDUM
574 1511 780 1553 dicendum,
803 1511 899 1557 quod
914 1511 981 1545 tria
1000 1510 1205 1546 essentialia
1221 1519 1306 1545 vota
1320 1510 1506 1556 religionis
1520 1511 1700 1557 pertinent
1716 1511 1762 1545 ad

201 1566 411 1600 exercitium
433 1565 629 1611 religionis,
656 1565 747 1599 sicut
774 1565 953 1610 quaedam
979 1565 1201 1611 principalia,
1230 1564 1273 1598 ad
1302 1575 1393 1610 quae
1421 1564 1546 1598 omnia
1571 1563 1640 1598 alia
1661 1564 1762 1598 redu-

198 1627 337 1661 cuntur,
360 1627 397 1652 ut
419 1630 525 1664 supra
547 1618 683 1652 dictum
706 1626 758 1652 est
780 1618 824 1663 (q.
847 1618 922 1653 186.
945 1623 1009 1652 art.
1031 1629 1060 1664 7.
1084 1624 1173 1664 corp.
1201 1622 1228 1652 et
1254 1617 1296 1651 ad
1322 1617 1372 1661 2.)
1385 1628 1395 1650 .·
1423 1617 1467 1651 ad
1491 1617 1761 1664 pbservandum

197 1680 318 1706 autem
339 1672 625 1717 unumquodque
647 1683 776 1705 eorum
803 1671 1045 1705 diversimode
1073 1671 1201 1717 aliquis
1229 1682 1266 1705 se
1294 1671 1484 1716 disponere
1511 1679 1649 1717 potest:
1675 1679 1761 1717 puta

197 1726 241 1760 ad
262 1735 390 1760 votum
413 1725 657 1759 continentiae
680 1725 897 1759 servandum
924 1736 961 1759 se
989 1725 1145 1771 disponit
1172 1724 1300 1770 aliquis
1327 1736 1390 1771 per
1415 1724 1489 1758 loci
1515 1723 1760 1767 solitudinem,

196 1790 258 1825 per
280 1779 544 1820 abstinentiam,
565 1790 628 1824 per
649 1785 814 1812 mutuam
835 1778 1060 1820 societatem,
1087 1786 1123 1812 et
1147 1789 1209 1823 per
1235 1778 1350 1811 multa
1377 1777 1446 1811 alia
1472 1777 1700 1823 hujusmodi3
1727 1785 1762 1812 et

196 1832 398 1867 secundum
417 1832 488 1866 hoc
511 1839 619 1877 patet,
642 1831 738 1877 quod
762 1831 1006 1865 communitas
1029 1830 1276 1865 essentialium
1296 1840 1466 1865 votorum
1482 1831 1700 1877 compatitur
1713 1831 1762 1864 di-

195 1886 403 1920 versitatem
426 1885 632 1930 religionis3
654 1893 731 1918 turn
753 1893 900 1930 propter
921 1885 1080 1919 diversas
1103 1884 1379 1930 dispositione33
1400 1892 1478 1918 tum
1493 1885 1602 1918 etiam
1615 1892 1761 1930 propter

197 1939 358 1974 diversos
379 1939 479 1980 fines,
504 1947 539 1972 ut
562 1949 605 1972 ex
626 1949 733 1984 supra
755 1938 858 1972 dictis
880 1946 979 1982 patet
1001 1938 1054 1983 (in
1076 1944 1166 1984 corp.
1189 1942 1217 1972 et
1238 1949 1268 1983 q.
1290 1937 1365 1972 186.
1388 1942 1453 1972 art.
1477 1948 1507 1983 7.
1530 1937 1572 1972 ad
1590 1938 1652 1982 2.).

267 1994 326 2027 AD
350 2002 521 2027 TERTIUM
543 1991 748 2033 dicendum,
772 1991 868 2037 quod
890 1991 926 2024 in
947 1991 1003 2025 his
1026 2002 1117 2036 quae
1140 1990 1183 2024 ad
1203 1990 1464 2036 perfectionem
1483 1991 1672 2036 pertinent,
1691 1990 1761 2037 epi-

197 2057 329 2092 scopus
348 2057 385 2079 se
407 2045 515 2079 habet
532 2056 595 2091 per
617 2045 768 2079 modum
789 2044 941 2090 agentis,
963 2043 1124 2090 religiosi
1147 2052 1267 2077 autem
1286 2055 1348 2089 per
1362 2043 1514 2078 modum
1528 2043 1706 2090 patientis,
1722 2052 1761 2078 ut

197 2110 303 2146 supra
327 2099 463 2132 dictum
483 2106 535 2132 est
556 2099 604 2144 (q.
626 2099 700 2142 184.
723 2102 788 2132 art.
810 2098 856 2143 7.)
869 2110 878 2131 :
899 2108 1010 2143 agens
1033 2105 1166 2138 autem,
1189 2097 1299 2130 etiam
1318 2098 1353 2131 in
1373 2096 1606 2139 naturalibus,
1625 2104 1760 2143 quanto

199 2161 252 2187 est
270 2152 444 2198 superius,
467 2160 566 2185 tanto
590 2159 643 2185 est
663 2151 781 2196 magis
808 2162 942 2192 unum3
969 2161 1012 2184 ea
1037 2161 1124 2184 vero
1152 2161 1244 2196 quae
1270 2151 1464 2196 patiuntur,
1491 2158 1574 2184 sunt
1599 2150 1760 2193 diversa;

198 2205 293 2240 unde
316 2204 576 2239 rationabiliter
598 2212 651 2238 est
672 2215 762 2238 unus
783 2203 999 2249 episcopalis
1022 2211 1145 2245 status,
1167 2202 1362 2249 religiones
1382 2214 1468 2237 vero
1491 2203 1664 2238 diversae.

194 2252 204 2264 '²
269 2259 329 2293 AD
357 2268 546 2297 QUARTUM
569 2257 774 2300 dicendum,
797 2257 894 2303 quod
918 2256 1082 2290 confusio
1105 2257 1300 2303 opponitur
1321 2256 1554 2299 distinctioni,
1576 2265 1610 2291 et
1623 2257 1759 2301 ordini;

199 2314 248 2347 sic
272 2323 358 2358 ergo
382 2323 424 2345 ex
438 2311 667 2345 multitudine
682 2310 902 2356 religionum
916 2310 1145 2344 induceretur
1161 2309 1337 2352 confusio,
1353 2310 1382 2344 si
1396 2310 1439 2344 ad
1453 2310 1561 2352 idem,
1578 2319 1612 2345 et
1629 2311 1760 2345 eodem

198 2366 310 2400 modo
334 2366 495 2400 diversae
518 2365 712 2411 religiones
735 2372 855 2398 essent
877 2363 1010 2409 absque
1032 2364 1257 2405 necessitate,
1280 2371 1314 2397 et
1330 2363 1501 2406 utilitate;
1516 2363 1621 2406 unde,
1636 2372 1675 2398 ut
1686 2364 1759 2398 hoc

197 2431 271 2454 non
300 2419 370 2460 fiat,
398 2419 586 2453 salubriter
612 2418 816 2452 institutum
843 2425 906 2458 est,
933 2428 978 2450 ne
1005 2428 1101 2450 nova
1128 2416 1267 2463 religio,
1293 2417 1362 2451 nisi
1387 2417 1600 2451 auctoritate
1626 2416 1760 2452 summi

198 2472 397 2514 Pontificis,
418 2471 635 2506 instituatur.

755 2587 1100 2633 ARTICULUS
1137 2589 1194 2631 Π.
1690 2610 1754 2646 901

198 2687 353 2717 UTRUM
372 2686 538 2721 ALIQUA
560 2685 738 2715 RELIGIO
760 2684 955 2715 INSTITUI
978 2684 1149 2714 DEBEAT
1167 2684 1226 2713 AD
1247 2683 1388 2714 OPERA
1404 2683 1536 2713 VITAE
1554 2684 1757 2714 ACTlVAE.

716 2761 857 2806 (Opusc.
879 2772 934 2807 29.
957 2766 1028 2807 cap.
1051 2770 1079 2794 Ι.
1096 2761 1238 2806 princ).

271 2844 331 2878 AD
354 2854 560 2879 SECUNDUM
582 2844 632 2878 sic
654 2844 870 2890 proceditur.
893 2843 1054 2885 Videtur,
1077 2843 1173 2889 quod
1195 2842 1294 2876 nulla
1315 2842 1443 2888 religio
1470 2842 1607 2877 institui
1631 2842 1758 2876 debeat

201 2897 245 2931 ad
267 2908 377 2943 opera
399 2898 493 2931 vitae
517 2897 672 2931 activae:
695 2897 814 2931 omnis
837 2897 935 2931 enim
956 2896 1084 2942 religio
1111 2896 1264 2942 pertinet
1291 2896 1333 2930 ad
1360 2895 1591 2942 perfectionis
1612 2902 1758 2937 statum,
