1859 3122
0 2895 2 2981 ι

0 2983 3 3071 1

438 188 659 223 QUAESTIO
693 188 900 218 LXXXVIII.
934 189 1178 219 ARTICULUS
1212 189 1271 218 XI.
1549 178 1631 231 637

144 268 203 303 AD
226 279 414 308 QUARTUM
433 269 638 312 dicendum,
657 270 753 316 quod
776 269 978 315 religiosus,
1001 270 1062 316 qui
1083 269 1121 304 fit
1143 271 1345 316 episcopus,
1371 270 1462 304 sicut
1483 281 1557 304 non
1580 270 1637 303 ab·

73 321 223 356 solvitur
238 334 256 356 a
271 331 357 356 voto
374 323 628 365 continentiae,
648 324 694 357 ita
710 335 775 357 nec
796 335 815 357 a
830 333 915 358 voto
932 324 1166 370 paupertatis3
1183 324 1265 370 quia
1280 323 1369 357 nihil
1384 323 1488 358 debet
1504 323 1635 357 habere

75 383 261 421 tamquam
285 377 481 422 proprium,
497 378 557 411 sed
580 378 670 412 sicut
693 378 919 423 dispensator
942 379 1194 412 communium
1221 378 1401 411 bonorum
1429 377 1631 411 Ecclesiae:

73 429 236 463 similiter
246 431 353 464 etiam
368 442 442 464 non
458 431 652 465 absolvitur
668 443 687 465 a
701 440 788 466 voto
804 432 1041 473 obedieutiae,
1057 433 1118 466 sed
1135 444 1198 478 per
1214 432 1382 466 accidens
1399 432 1544 465 obedire
1561 442 1635 465 non

74 490 225 525 tenetur,
247 484 276 517 si
298 484 522 530 superiorem
544 497 617 519 non
645 486 796 519 habeat:
824 486 916 520 sicut
940 497 1006 519 nec
1035 485 1142 519 abbas
1170 486 1398 528 monasterii3
1426 485 1486 531 qui
1513 492 1636 518 tamen

72 547 146 570 non
166 545 218 571 est
239 537 281 571 ab
305 537 531 572 obedientiae
547 547 633 573 voto
653 538 848 573 absolutus.
872 539 1081 573 Auctoritas
1104 550 1189 572 vero
1212 538 1469 580 Ecclesiastici,
1491 549 1582 584 quae
1601 538 1637 571 in

72 590 295 624 contrarium
318 591 496 636 objicitur,
519 592 752 637 intelligenda
775 600 828 626 est
849 600 1023 638 quantum
1046 593 1089 626 ad
1105 592 1189 634 hoc,
1209 592 1305 638 quod
1324 603 1389 626 nec
1412 591 1638 626 foecunditas

74 643 202 685 carnis,
224 655 290 678 nec
314 644 460 691 aliquod
484 644 672 691 corporale
700 638 836 679 bonum
866 654 917 679 est
944 646 1231 691 comparandum
1258 646 1354 680 bono
1383 645 1637 687 continentiae,

72 707 163 742 quae
186 697 277 731 inter
302 697 398 732 bona
426 698 568 732 animae
595 706 836 744 computatur,
863 706 901 732 ut
927 699 1020 740 Aug.
1053 698 1138 733 dicit
1163 699 1201 732 in
1227 698 1286 732 lib.
1314 699 1357 733 de
1389 699 1510 733 Sanct.
1541 698 1636 744 Virg.

71 751 160 796 (cap.
181 761 209 796 7.
232 756 260 785 ct
281 751 312 786 S.
334 756 364 786 et
390 751 445 786 lib.
468 751 504 786 de
524 753 615 786 Bono
641 751 781 797 Conjug.
805 758 877 798 cap.
905 754 993 797 21.);
1023 752 1115 786 unde
1142 752 1326 798 signanter
1353 752 1481 787 dicitur
1507 753 1637 787 animae

73 805 278 847 continentis,
301 816 392 841 non:
410 807 520 840 carnis
538 807 739 840 continuum.

612 933 956 979 ARTICULUS
985 935 1086 978 XII.
1564 948 1632 990 481

142 1040 295 1070 UTRUM
341 1042 399 1071 AD
450 1041 860 1082 COMMUTATIONEM,
909 1043 991 1071 VEL
1038 1043 1419 1073 DISPENSATIONEM
1464 1043 1574 1073 VOTI

424 1107 705 1143 REQUIRATUR
740 1107 953 1137 PRAELATI
986 1108 1280 1149 AUCTORITAS.

201 1193 314 1240 (Supr.
332 1199 397 1229 art.
412 1206 440 1229 Ι.
455 1195 534 1242 ad3.
550 1200 578 1230 et
595 1206 628 1240 4.
642 1196 731 1230 Dii-t.
751 1196 798 1240 38.
818 1207 848 1242 q.
863 1208 890 1231 Ι,
907 1201 970 1231 art.
986 1208 1012 1231 I.
1032 1201 1062 1230 et
1075 1201 1140 1230 art.
1157 1206 1191 1240 4.
1205 1201 1236 1230 et
1253 1208 1282 1241 q.
1297 1206 1330 1240 4.
1345 1201 1408 1242 per
1422 1195 1509 1240 tot).

144 1283 204 1317 AD
230 1293 490 1318 DUODECIMUM
516 1284 566 1318 sic
594 1285 811 1331 proceditur.
833 1284 995 1328 Videtur,
1017 1285 1115 1332 quod
1143 1285 1186 1320 ad
1209 1286 1550 1328 commutationem,
1576 1286 1639 1321 vel

74 1337 381 1383 dispensationem
402 1338 478 1372 voti
499 1350 573 1372 non
595 1339 795 1385 requiratur
821 1339 971 1385 praelati
993 1339 1211 1374 auctoritas:
1240 1339 1367 1385 aliquis
1395 1340 1492 1374 enim
1518 1348 1637 1386 potest

72 1390 204 1424 intrare
226 1390 440 1436 religionem
460 1391 593 1438 absque
616 1392 829 1427 auctoritate
852 1392 1002 1438 alicujus
1024 1393 1218 1439 superioris
1240 1392 1486 1439 praelati38ed
1508 1405 1572 1439 per
1590 1395 1639 1427 in-

71 1443 221 1477 troitum
246 1443 431 1490 religionis
459 1444 656 1480 absolvitur
681 1445 796 1480 homo
825 1458 843 1480 a
870 1446 963 1481 votis
989 1446 1026 1480 in
1052 1445 1199 1480 saeculo
1225 1445 1340 1488 factis,
1368 1447 1477 1480 etiarn
1505 1458 1524 1480 a
1550 1455 1637 1481 voto

71 1505 187 1531 terrae
208 1505 377 1540 sanctae3
400 1509 486 1544 ergo
502 1500 578 1533 voti
597 1500 848 1543 commutatio,
866 1499 924 1534 vel
946 1500 1165 1546 dispensatio
1187 1508 1306 1546 potest
1327 1511 1405 1534 esse
1428 1501 1560 1547 absque
1580 1512 1639 1534 au-

74 1552 239 1585 ctoritate
260 1552 454 1597 superioris
476 1552 636 1598 praelati.

148 1614 179 1637 2.
201 1604 438 1639 PRAETEREA.
461 1605 692 1652 Dispensatio
714 1606 789 1640 voti
810 1606 845 1639 in
867 1606 939 1640 hoc
963 1606 1160 1640 consistere
1181 1606 1332 1649 videtur,
1355 1607 1451 1652 quod
1474 1607 1638 1641 determi-

72 1666 177 1691 natur
197 1658 234 1692 in
256 1669 328 1704 quo
351 1669 436 1692 casu
458 1667 584 1693 votum
606 1671 680 1693 non
702 1660 747 1694 sit
768 1660 1053 1695 observandum:
1076 1661 1137 1694 sed
1159 1660 1188 1694 si
1209 1659 1388 1706 praelatus
1411 1660 1506 1695 male
1527 1661 1640 1695 deter-

75 1711 198 1753 minet,
220 1723 294 1745 non
316 1712 456 1746 videtur
472 1723 548 1746 esse
562 1723 698 1747 vovens
719 1713 902 1748 absolutus
923 1725 941 1746 a
956 1722 1063 1756 voto;
1086 1714 1170 1759 quia
1188 1713 1307 1748 nullus
1326 1713 1505 1760 praelatus
1521 1722 1639 1760 potest

73 1764 280 1811 dispensare
309 1773 435 1799 contra
468 1774 702 1812 praeceptum
737 1767 898 1800 divinum
933 1767 976 1801 de
1007 1767 1193 1813 implendo
1223 1775 1324 1809 voto,
1358 1775 1396 1801 ut
1417 1768 1553 1801 dictum
1587 1776 1640 1802 est

73 1818 154 1862 (art.
176 1831 227 1854 10.
250 1819 318 1864 huj.
335 1831 364 1864 q.
388 1818 429 1852 ad
450 1831 480 1853 2.
497 1824 524 1853 et
542 1824 606 1854 art.
625 1820 781 1866 praec.):
804 1820 969 1854 similiter
991 1820 1101 1854 etiarn
1123 1821 1152 1854 si
1174 1820 1301 1866 aliquis
1324 1821 1467 1867 propria
1490 1821 1641 1855 auctori-

72 1879 144 1905 tate
163 1879 260 1906 recte
282 1872 508 1914 determinet,
535 1872 572 1906 in
598 1884 670 1918 quo
694 1885 780 1907 casu
801 1881 928 1907 votum
954 1885 1028 1908 non
1062 1874 1106 1908 sit
1131 1873 1370 1919 implendum,
1397 1885 1471 1908 non
1498 1875 1638 1909 videtur

72 1933 160 1959 voto
181 1925 313 1968 teneri3
337 1925 419 1971 quia
433 1934 560 1959 votum
581 1937 656 1960 non
671 1926 807 1972 obligat
827 1927 864 1960 in
887 1938 983 1969 casu,
1002 1928 1039 1960 in
1059 1938 1130 1972 quo
1149 1927 1259 1961 habet
1277 1928 1439 1973 pejorem
1459 1936 1639 1970 eventum,

74 1986 111 2012 ut
132 1978 270 2012 dictum
292 1986 345 2012 est
366 1979 447 2023 (art.
470 1990 500 2013 2.
524 1979 593 2024 huj.
616 1979 687 2025 q.);
717 1991 805 2025 ergo
828 1980 1049 2026 dispensatio
1071 1981 1148 2014 voti
1176 1992 1252 2014 non
1272 1981 1421 2026 requirit
1451 1982 1640 2015 auctorita-

73 2040 147 2066 tem
170 2031 319 2077 alicujus
340 2031 501 2076 praelati.

148 2096 177 2131 3.
196 2085 433 2119 PRAETEREA.
458 2084 497 2118 Si
518 2084 724 2130 dispensare
745 2085 782 2119 in
799 2093 886 2119 voto
902 2086 1055 2131 pertinet
1077 2086 1120 2120 ad
1142 2094 1361 2132 potestatem
1382 2085 1639 2131 praelatorum,

73 2139 150 2183 pari
170 2138 310 2172 ratione
333 2138 487 2184 pertinet
509 2138 552 2171 ad
575 2150 720 2173 omnes:
740 2139 801 2173 sed
823 2150 898 2173 non
919 2140 1075 2185 pertinet
1097 2140 1140 2173 ad
1168 2151 1295 2174 omnes
1323 2140 1529 2185 dispensare
1551 2151 1640 2186 quo-

73 2191 159 2226 libet
178 2199 286 2233 voto;
309 2203 395 2237 ergo
419 2203 493 2225 non
514 2192 667 2237 pertinet
689 2193 731 2226 ad
753 2201 971 2238 potestatem
986 2193 1244 2239 praelatorum,
1264 2193 1483 2239 dispensatio
1504 2193 1592 2227 voti.

145 2244 219 2278 SED
243 2254 409 2279 CONTRA.
433 2244 534 2279 Sicut
554 2244 610 2279 lex
633 2245 769 2290 obligat
803 2247 846 2279 ad
870 2246 1003 2292 aliquid
1024 2246 1245 2288 faciendum,
1268 2247 1317 2280 ita
1344 2255 1378 2280 et
1404 2255 1548 2281 votum:
1576 2246 1637 2280 sed

75 2297 119 2331 ad
141 2297 421 2343 dispensandum
443 2298 479 2331 in
494 2307 686 2344 praecepto
709 2298 799 2344 legis
821 2300 1012 2345 requiritur
1034 2300 1229 2346 superioris
1245 2300 1452 2341 auctoritas,
1475 2308 1513 2333 ut
1533 2310 1639 2345 supra

75 2351 211 2384 dictum
233 2359 285 2385 est
306 2351 388 2395 (1-2.
411 2363 440 2396 q.
464 2362 517 2396 97.
541 2357 603 2385 art.
626 2352 700 2396 4.),·
721 2363 808 2398 ergo
824 2353 900 2398 pari
922 2353 1062 2387 ratione
1081 2353 1190 2387 etiam
1213 2355 1248 2387 in
1271 2353 1537 2399 dispensatione
1552 2352 1638 2386 voti.

144 2404 374 2438 Ri—:sPONDEo
402 2403 607 2446 dicendum,
630 2405 738 2451 quod,
761 2406 853 2439 sicut
875 2418 981 2451 supra
1008 2406 1144 2440 dictum
1167 2415 1220 2440 est
1241 2407 1322 2451 (art.
1343 2419 1370 2440 r.
1393 2411 1420 2441 et
1438 2418 1468 2441 2.
1488 2406 1555 2450 huj.
1578 2405 1638 2451 q),

74 2465 201 2491 votum
223 2466 275 2492 est
296 2457 489 2503 promissio
511 2457 592 2491 Deo
614 2457 708 2492 facta
727 2459 769 2492 de
792 2459 925 2504 aliquo,
949 2460 1046 2505 quod
1073 2461 1118 2494 sit
1143 2460 1224 2493 Deo
1248 2467 1456 2505 acceptum:
1484 2459 1569 2504 quid
1596 2459 1640 2492 sit

76 2518 196 2544 autem
223 2511 259 2544 in
283 2510 401 2556 aliqua
432 2511 673 2556 promissione
697 2520 886 2558 acceptum
915 2513 957 2554 ei,
987 2513 1044 2546 cui
1074 2513 1305 2559 promittitur,
1337 2524 1378 2546 ex
1401 2514 1477 2557 ejus
1508 2512 1639 2557 pendet

77 2564 240 2598 arbitrio:
264 2563 443 2609 praelatus
466 2572 586 2597 autem
608 2564 645 2597 in
666 2564 829 2599 Ecclesia
852 2566 943 2610 gerit
964 2566 1082 2600 vicem
1104 2567 1194 2608 Dei,
1219 2575 1254 2600 et
1274 2566 1357 2599 ideo
1386 2567 1420 2599 in
1441 2573 1641 2598 commuta-

77 2617 186 2659 tione,
208 2616 266 2651 vel
281 2617 547 2662 dispensatione
565 2625 736 2651 votorum
754 2619 946 2664 requiritur
960 2619 1109 2665 praelati
1133 2619 1339 2660 auctoritas,
1359 2619 1419 2664 qui
1437 2618 1472 2651 in
1487 2629 1640 2663 persona

77 2670 147 2703 Dei
168 2671 394 2712 determinat,
416 2671 500 2716 quid
522 2672 568 2704 sit
588 2671 668 2704 Deo
689 2680 889 2718 acceptum,
916 2673 1118 2706 secundum
1147 2672 1232 2706 illud
1257 2682 1287 2705 2.
1312 2671 1398 2705 Cor.
1426 2681 1474 2705 2.:
1496 2672 1586 2705 Nam
1613 2676 1641 2705 et

79 2735 132 2769 ego
155 2724 239 2769 quod
253 2724 387 2766 donavi,
400 2726 429 2758 si
450 2723 528 2769 quid
542 2723 677 2766 donavi,
697 2730 836 2771 propter
849 2737 907 2759 vos
922 2727 954 2759 in
968 2733 1107 2772 persona
1130 2725 1279 2760 Christi:
1300 2733 1333 2758 et
1348 2725 1530 2770 signanter
1545 2725 1639 2766 dicit,

73 2782 212 2823 propter
228 2789 299 2820 vos,
322 2778 404 2822 quia
427 2777 545 2811 omnis
568 2777 786 2823 dispensatio
808 2779 918 2824 petita
940 2790 960 2812 a
981 2779 1142 2824 praelato
1166 2779 1271 2812 debet
1292 2777 1369 2811 fieri
1391 2778 1434 2811 ad
1456 2778 1636 2811 honorem

82 2829 229 2872 Christi,
251 2830 287 2864 in
310 2832 410 2876 cujus
432 2841 586 2877 persona
607 2830 798 2877 dispensat,
820 2831 879 2866 vel
900 2832 943 2866 ad
958 2831 1148 2866 utilitatem
1164 2830 1360 2873 Ecclesiae,
1384 2842 1475 2877 quae
1498 2839 1550 2865 est
1564 2832 1639 2876 ejus

82 2893 222 2929 corpus.
