1859 3122
182 148 264 203 842
569 160 790 195 QUAESTIO
824 159 973 189 CXXIII.
1007 160 1250 191 ARTICULUS
1282 160 1339 190 XI.

737 345 1080 391 ARTICULUS
1114 346 1192 389 XI.
1666 360 1733 404 627

442 464 594 494 UTRL'M
626 465 884 495 FORTITUDO
919 466 985 495 SIT
1017 466 1173 496 VIRTUS
1202 467 1474 497 CARDINALIS.

527 562 625 606 (Infr.
648 575 677 609 q.
698 574 767 608 141.
791 569 852 598 art.
873 574 902 610 7.
921 569 951 599 et
970 575 1031 599 1-2.
1053 575 1083 610 q,
1105 564 1155 599 61.
1178 569 1242 599 art.
1264 575 1295 599 2.
1317 569 1347 599 et
1366 577 1394 611 3.

331 619 359 650 εἰ
384 626 413 661 q.
436 615 492 650 66.
515 622 580 651 art.
607 628 637 651 2.
660 622 688 651 et
711 628 744 661 4.
767 623 858 664 corp.
881 623 910 652 et
930 630 958 664 3.
980 618 1067 652 Dist.
1090 629 1133 663 33.
1157 629 1186 663 q.
1209 629 1239 652 2.
1267 623 1331 652 art.
1358 631 1385 653 1.
1408 630 1437 664 q.
1456 630 1484 664 3.
1506 623 1534 654 et
1554 629 1586 663 4.

487 674 515 703 et
539 670 624 705 Virt.
643 682 672 716 q.
690 683 717 706 1.
740 676 802 705 art.
824 683 874 706 12.
894 670 936 705 ad
953 683 1000 717 25.
1023 675 1052 706 et
1071 671 1127 706 26.
1150 676 1179 706 et
1200 682 1269 718 q.5.
1285 677 1349 706 art.
1369 671 1430 716 2.).

251 769 311 804 AD
333 780 565 805 UNDECIMUM
579 771 630 805 sic
645 771 860 817 proceditur.
875 771 1037 814 Videtur,
1053 771 1149 818 quod
1164 771 1336 806 fortitudo
1355 783 1429 806 non
1444 773 1489 807 sit
1501 772 1611 807 virtus
1629 772 1739 807 cardi-

179 822 293 865 nalis3
319 823 371 856 ira
398 823 506 866 enirn,
529 832 567 858 ut
588 825 723 859 dictum
751 834 804 859 est
829 826 907 871 (art.
929 826 1073 871 praga),
1101 825 1299 859 maximam
1325 825 1535 860 affinitatem
1560 826 1669 861 habet
1694 826 1738 862 ad

181 875 446 912 fortitudinem:
469 877 531 912 sed
551 878 604 911 ira
625 889 700 913 non
720 879 864 925 ponitur
881 879 1000 925 passio
1015 878 1233 925 principalis,
1254 890 1321 913 nec
1344 879 1452 914 etiam
1472 879 1631 922 audacia,
1647 891 1738 927 quae

183 929 225 963 ad
248 928 494 965 fortitudinem
516 931 687 977 pertinet;
710 944 797 978 ergo
819 943 884 966 nec
906 931 1079 967 fortitudo
1099 932 1204 967 debet
1225 933 1312 979 poni
1331 933 1442 968 virtus
1466 933 1667 969 cardinalis.

254 993 284 1017 2.
307 983 541 1019 PRAETEREA.
564 984 686 1020 Virtus
708 986 894 1020 ordinatur
915 986 959 1020 ad
980 986 1137 1021 bonum:
1160 987 1221 1020 sed
1241 985 1414 1021 fortitudo
1435 998 1510 1021 non
1532 988 1664 1023 directe
1687 999 1741 1022 or-

183 1036 324 1070 dinatur
342 1037 385 1071 ad
404 1038 552 1080 bonum,
575 1039 636 1073 sed
658 1040 774 1085 magis
797 1039 840 1073 ad
862 1039 1012 1081 malum,
1034 1039 1171 1074 scilicet
1192 1040 1236 1074 ad
1257 1040 1504 1075 sustinendum
1521 1041 1692 1088 pericula,
1706 1049 1741 1077 et

181 1089 334 1133 labores,
356 1098 394 1125 ut
416 1090 557 1126 Tullius
579 1092 664 1127 dicit
686 1092 758 1137 (lib.
781 1104 811 1128 2.
834 1093 870 1128 da
892 1093 1051 1139 Invent.),·
1072 1104 1158 1139 ergo
1180 1092 1352 1128 fortitudo
1370 1105 1445 1129 non
1466 1102 1520 1129 est
1536 1095 1647 1130 virtus
1669 1106 1741 1130 car·

181 1143 320 1179 dinalis.

257 1209 286 1244 3.
306 1197 541 1233 PRAETEREA.
558 1198 679 1233 Virtus
699 1199 888 1234 cardinalis
912 1208 964 1234 est
985 1200 1081 1234 circa
1097 1211 1149 1241 ea,
1171 1200 1207 1234 in
1229 1200 1356 1246 quibus
1374 1201 1566 1248 praecipue
1579 1209 1742 1237 versatur

183 1251 256 1285 vita
269 1251 448 1295 humana3
464 1252 555 1286 sicut
577 1253 711 1286 ostium
733 1254 767 1286 in
791 1253 934 1287 cardine
951 1254 1117 1288 vertitur:
1140 1253 1203 1288 sed
1220 1253 1392 1288 fortitudo
1408 1262 1460 1289 est
1474 1255 1569 1290 circa
1583 1255 1741 1302 pericula

184 1305 322 1347 mortis,
341 1316 433 1350 quae
454 1317 534 1339 raro
558 1314 753 1340 occurrunt
773 1306 809 1339 in
830 1306 903 1340 vita
925 1307 1102 1349 humana3
1125 1318 1211 1352 ergo
1232 1306 1404 1342 fortitudo
1432 1319 1506 1343 non
1528 1309 1633 1344 debet
1653 1309 1740 1356 poni

184 1358 295 1392 virtus
318 1358 519 1397 cardinalis,
541 1360 615 1393 sive
637 1359 854 1405 principalis.

256 1412 330 1446 SED
358 1422 512 1446 CONTRA
540 1420 602 1454 est,
630 1413 725 1458 quod
754 1413 907 1458 Gregor.
942 1423 996 1447 22.
1023 1413 1151 1447 Moral.
1181 1413 1265 1460 (cap.
1292 1415 1351 1459 1.),
1375 1422 1409 1449 et
1438 1415 1607 1450 Ambros.
1635 1427 1742 1463 super

189 1465 276 1499 Luc.
299 1465 387 1512 (cap.
408 1466 439 1500 6.
463 1472 559 1512 super
584 1466 677 1500 illud:
699 1467 793 1501 Beati
809 1467 999 1513 pauperes),
1016 1475 1051 1501 et
1070 1467 1224 1512 August.
1245 1467 1283 1501 in
1303 1467 1364 1504 lib.
1391 1468 1434 1502 de
1455 1468 1583 1503 Morib.
1606 1469 1742 1505 Eccles.

187 1519 275 1566 (cap.
293 1520 571 1565 1;.),numerant
591 1519 838 1554 fortitudinem
868 1520 960 1555 inter
981 1528 1134 1567 quatuor
1154 1522 1301 1555 virtutes
1324 1521 1534 1564 cardinales,
1556 1522 1631 1557 sive
1652 1523 1744 1569 prin·

186 1572 330 1620 cipales.

256 1627 485 1661 RESPONDEO
508 1626 713 1669 dicendum,
728 1628 835 1673 quod,
851 1627 942 1661 sicut
962 1638 1069 1673 supra
1091 1627 1227 1661 dictum
1249 1635 1301 1662 est
1320 1627 1395 1672 (1-2.
1411 1639 1439 1674 q.
1456 1628 1506 1664 61.
1522 1634 1584 1665 art.
1595 1641 1623 1676 3.
1638 1634 1666 1664 et
1678 1629 1742 1674 4.),

186 1681 334 1715 virtutes
364 1679 574 1722 cardinales,
601 1680 674 1714 sive
701 1680 915 1727 principales
938 1681 1114 1722 dicuntur,
1142 1692 1232 1726 quae
1259 1683 1449 1728 praecipue
1475 1682 1541 1716 sibi
1561 1682 1745 1717 vindicant

185 1734 233 1776 id,
254 1733 350 1780 quod
372 1734 526 1779 pertinet
547 1734 788 1768 communiter
812 1734 855 1767 ad
876 1734 1042 1768 virtutes:
1066 1735 1158 1768 inter
1184 1733 1271 1768 alias
1294 1742 1415 1769 autem
1437 1746 1652 1770 communes
1677 1736 1745 1770 vir-

185 1788 269 1822 tutis
292 1787 517 1822 conditiones
539 1799 609 1821 una
630 1787 775 1834 ponitur
789 1788 937 1834 firmiter
958 1789 1102 1834 operari,
1125 1795 1163 1821 ut
1189 1796 1287 1833 patet
1312 1788 1348 1821 in
1370 1798 1401 1822 2.
1423 1788 1540 1823 Ethic.
1565 1789 1654 1836 (cap.
1675 1790 1740 1835 4.).

186 1841 331 1876 laudem
354 1849 475 1875 autem
496 1840 672 1875 firmitatis
694 1841 880 1886 potissime
902 1841 968 1875 sibi
988 1841 1146 1875 vindicat
1164 1840 1356 1875 fortitudo:
1386 1849 1486 1876 tanto
1509 1842 1606 1876 enirn
1628 1843 1744 1889 magis

186 1895 362 1936 laudatur,
378 1895 439 1940 qui
460 1893 609 1928 firmiter
630 1902 708 1936 stat,
728 1902 862 1940 quanto
884 1894 992 1928 habet
1013 1894 1155 1939 gravius
1177 1894 1368 1940 impellens
1390 1895 1434 1928 ad
1456 1895 1669 1938 cadendum,
1687 1895 1746 1930 vel

191 1949 233 1983 ad
255 1948 573 1983 retrocedendum:
603 1947 757 1994 impellit
788 1955 909 1982 autern
930 1948 1120 1982 hominem
1147 1948 1191 1981 ad
1218 1948 1475 1982 discedendum
1505 1949 1547 1983 ab
1571 1960 1626 1992 eo,
1648 1949 1744 1996 quod

188 2009 240 2036 cst
266 2000 465 2035 secundum
486 2001 676 2043 rationem,
703 2009 737 2035 et
761 2002 899 2035 bonum
920 2001 1116 2043 delectans,
1147 2010 1181 2035 et
1214 2001 1352 2035 malum
1382 2001 1563 2048 affligens:
1586 2003 1647 2037 sed
1670 2014 1744 2049 gra-

188 2056 266 2089 vius
287 2053 441 2100 impellit
463 2053 566 2088 dolor
589 2055 762 2100 corporis,
785 2066 894 2101 quarn
912 2055 1093 2101 voluptas:
1118 2055 1203 2089 dicit
1224 2055 1320 2089 enim
1336 2055 1488 2101 August.
1503 2055 1562 2090 lib.
1579 2056 1634 2102 83.
1656 2056 1744 2098 QQ.

188 2109 236 2155 (q.
257 2108 339 2154 36).-
366 2120 383 2139 «
404 2107 524 2141 Nemo
547 2116 611 2149 est,
633 2108 694 2154 qui
719 2119 793 2142 non
815 2108 930 2154 magis
952 2108 1065 2154 fugiat
1091 2108 1267 2150 dolorem,
1290 2120 1399 2154 quarn
1423 2117 1566 2155 appetat
1585 2109 1746 2156 volupta-
1803 2114 1807 2119 “

186 2171 278 2196 tem:
300 2172 456 2206 namque
478 2161 654 2203 videmus,
685 2162 792 2196 etiam
820 2162 1101 2196 immanissimas
1123 2162 1253 2196 bestias
1276 2173 1295 2196 a
1314 2162 1480 2197 maximis
1502 2162 1745 2209 voluptatibus

190 2215 379 2250 absterreri
405 2214 573 2248 dolorum
599 2223 697 2249 metu
719 2228 761 2257 »3
785 2223 818 2249 et
838 2216 930 2250 inter
960 2215 1103 2250 dolores
1132 2215 1254 2257 animi,
1285 2223 1319 2250 et
1345 2215 1502 2262 pericula
1530 2217 1686 2251 maxime
1707 2217 1746 2251 ti-

189 2276 332 2303 mentur
353 2279 405 2309 ea,
433 2279 523 2314 quae
551 2268 685 2302 ducunt
707 2268 750 2302 ad
772 2277 940 2312 mortem,
963 2277 1087 2303 contra
1115 2280 1205 2315 quae
1232 2268 1381 2303 firmiter
1410 2276 1479 2304 stat
1507 2269 1628 2312 fortis;
1651 2269 1744 2304 unde

186 2321 358 2357 fortitudo
381 2328 434 2355 est
454 2321 565 2355 virtus
587 2321 787 2356 cardinalis.

258 2376 318 2410 AD
345 2385 493 2409 PRlMUM
516 2386 601 2421 ergo
625 2375 829 2417 dicendum,
852 2376 947 2421 quod
971 2376 1131 2417 audacia,
1159 2383 1193 2410 et
1218 2375 1270 2409 ira
1291 2386 1365 2409 non
1389 2384 1630 2421 cooperantur
1649 2375 1745 2411 forti-

187 2429 302 2463 tudini
323 2429 365 2462 ad
391 2436 511 2462 actum
533 2429 619 2473 ejus,
642 2429 702 2474 qui
724 2437 776 2462 est
797 2431 986 2471 sustinere,
1009 2429 1044 2463 in
1071 2441 1142 2476 quo
1170 2428 1360 2475 praecipue
1388 2429 1664 2464 commendatur
1689 2429 1746 2464 fir-

188 2483 293 2516 mitas
307 2483 399 2527 ejus:
416 2493 477 2528 per
490 2482 585 2516 hunc
606 2482 702 2516 enim
723 2490 843 2516 actum
861 2482 961 2517 fortis
984 2483 1128 2517 cohibet
1149 2482 1338 2525 timorem3
1361 2483 1422 2528 qui
1444 2491 1496 2518 est
1516 2484 1636 2529 passio
1654 2483 1746 2530 prin-

189 2536 324 2582 cipalis,
346 2543 383 2570 ut
405 2547 511 2582 supra
533 2536 668 2570 dictum
691 2543 743 2569 est
764 2536 842 2580 (1-2.
865 2548 893 2581 q.
916 2548 962 2581 25.
986 2542 1049 2571 art.
1072 2538 1133 2582 4.).

257 2590 316 2624 AD
339 2600 545 2624 SECUNDUM
567 2589 771 2630 dicendum,
795 2589 890 2634 quod
912 2590 1022 2624 virtus
1046 2590 1230 2624 ordinatur
1246 2589 1288 2623 ad
1307 2589 1445 2623 bonum
1467 2589 1628 2632 rationis,
1647 2590 1745 2636 quod

188 2643 395 2676 conservari
417 2651 558 2688 oportet
581 2650 705 2677 contra
731 2642 907 2688 impulsus
930 2642 1130 2677 malorum:
1153 2642 1325 2677 fortitudo
1349 2651 1470 2677 autem
1492 2643 1676 2678 ordinatur
1701 2643 1745 2678 ad

186 2696 283 2730 mala
298 2696 513 2742 corporalia,
531 2696 624 2731 sicut
638 2697 681 2730 ad
696 2696 886 2737 contraria,
901 2696 1028 2742 quibus
1050 2697 1201 2739 resistit;
1224 2696 1268 2730 acl
1290 2697 1427 2730 bonum
1442 2704 1561 2731 autem
1584 2696 1744 2739 rationis,

186 2750 277 2783 sicut
298 2750 341 2783 ad
364 2749 484 2791 finem,
507 2761 615 2796 quem
636 2750 788 2784 intendit
809 2760 1035 2784 conservare.

256 2803 315 2837 AD
339 2813 509 2838 TERTIUM
531 2803 736 2845 dicendum,
767 2803 863 2849 quod
890 2802 1054 2848 quamvis
1076 2802 1234 2848 pericula
1261 2803 1387 2837 mortis
1413 2813 1494 2836 raro
1516 2802 1743 2844 immineant,

185 2864 305 2890 tamen
334 2857 546 2892 occasiones
573 2857 719 2892 illorum
754 2856 998 2903 periculorum
1032 2855 1236 2902 frequenter
1269 2864 1472 2898 occurrunt,
1495 2856 1580 2890 dum
1607 2855 1744 2890 scilicet
