1859 3122
196 140 280 193 664
608 146 829 183 QUAESTIO
861 146 982 176 xcm.
1016 146 1260 176 ARTICULUS
1292 146 1336 175 11.

191 232 246 266 nis
266 228 578 276 concupiscentiae
599 227 824 262 inordinatae
846 226 1103 269 refraenentur,
1126 234 1186 261 aut
1207 226 1316 261 etiam
1337 226 1367 260 si
1387 226 1432 261 sit
1456 234 1595 273 praeter
1615 225 1697 269 Dei,
1716 234 1751 262 et

193 283 376 318 Ecclesiae
395 281 670 323 institutionem,
691 280 750 315 vel
769 288 894 315 contra
916 280 1214 314 consuetudinem
1242 291 1490 321 communem,
1515 291 1606 325 quae
1628 291 1751 314 secun-

194 338 280 371 dum
302 337 396 381 Aug.
422 335 525 381 (epist.
553 335 610 370 36.
635 341 759 380 parum
781 345 801 368 α
825 334 954 380 princ.)
977 345 1041 378 pro
1068 333 1148 379 lege
1177 333 1344 367 habenda
1375 341 1438 374 est,
1459 340 1577 366 toturn
1603 333 1674 366 hoc
1701 343 1752 367 re-

194 389 393 436 putandum
428 395 481 422 est
511 387 745 434 superfluum,
780 395 814 421 et
841 387 1149 433 superstitiosum:
1184 386 1266 432 quia
1293 387 1328 419 in
1362 385 1599 420 exterioribus
1631 385 1751 419 solum

195 443 408 483 consistens,
439 441 481 475 ad
508 441 719 475 interiorem
752 440 825 474 Dei
851 439 988 474 cultum
1009 451 1082 474 non
1109 440 1281 485 pertinet;
1307 439 1401 473 unde
1428 438 1522 484 Aug.
1555 438 1591 472 in
1623 438 1683 473 lib.
1709 438 1752 472 de

193 497 290 530 Vera
307 494 422 540 Relig.
446 494 533 541 (cap.
552 506 580 540 3.
604 505 624 527 a
639 493 735 536 med.)
757 493 904 534 inducit,
931 492 1028 539 quod
1055 493 1183 527 dicitur
1205 492 1292 527 Luc.
1319 502 1382 537 17.:
1405 493 1552 537 Regnum
1575 492 1641 526 Dei
1662 492 1754 526 intra

192 561 250 583 vos
271 553 324 589 est,
347 555 473 582 contra
494 547 776 593 superstitiosos,
799 546 859 592 qui
873 545 1010 580 scilicet
1031 545 1265 580 exterioribus
1286 544 1523 591 principalem
1546 555 1670 579 curam
1690 544 1754 578 im-

195 602 366 648 pendunt

268 655 327 689 AD
349 664 497 689 PRIMUM
524 665 610 699 ergo
639 652 830 687 dicendum
859 652 967 698 quod,
994 652 1030 686 in
1057 652 1133 698 ipsa
1158 651 1228 685 Dei
1250 650 1512 696 glorificatione
1538 651 1753 697 implicatur,

195 708 291 754 quod
313 707 347 741 id
367 707 463 753 quod
485 706 533 749 fit,
548 706 723 752 pertineat
746 705 789 739 ad
804 705 874 739 Dei
892 705 1058 751 gloriam,
1084 717 1146 751 per
1164 705 1260 750 quod
1277 703 1475 738 excluditur
1492 703 1753 750 superstitionis

195 761 430 808 superfluitas.

267 814 326 848 AD
355 823 560 848 SECUNDUM
591 812 796 853 dicendum,
825 812 921 858 quod
955 823 1017 857 per
1042 811 1163 853 fidem,
1196 822 1310 857 spem,
1341 818 1374 844 et
1397 811 1609 844 charitatem
1633 810 1753 844 anima

196 867 380 912 subjicitur
402 867 503 907 Deo;
522 866 615 899 unde
638 866 673 898 in
696 865 746 899 eis
767 876 841 898 non
868 872 986 910 potest
1005 876 1081 899 esse
1102 864 1234 910 aliquid
1257 864 1500 910 superfluum3
1523 863 1617 897 aliud
1634 871 1754 898 autem

197 928 250 955 est
271 920 313 954 de
337 919 569 953 exterioribus
591 919 740 959 actibus,
763 918 821 964 qui
845 919 1062 964 quandoque
1083 918 1125 951 ad
1152 918 1242 951 haec
1261 929 1334 951 non
1353 917 1540 963 pertinent.

268 974 328 1007 AD
351 983 520 1007 TERTIUM
544 972 749 1014 dicendum,
776 971 872 1017 quod
906 971 997 1005 ratio
1019 971 1081 1004 illa
1103 971 1266 1016 procedit
1298 971 1341 1005 de
1373 969 1553 1016 superfluo
1581 977 1755 1016 quantum

200 1027 243 1061 ad
266 1026 502 1072 quantitatem
530 1025 743 1059 absolutam.

693 1255 1046 1317 QUAESTIO
1087 1255 1268 1302 XCIV.

354 1382 417 1412 DE
443 1380 779 1419 1DOLOLATR1A,
810 1380 859 1410 IN
887 1378 1114 1419 QUATUOR
1140 1378 1400 1410 ARTICULOS
1426 1379 1599 1410 DIVISA.

274 1502 414 1536 Deinde
437 1500 740 1536 considerandum
763 1508 815 1534 est
836 1500 879 1534 de
906 1499 1121 1534 idololatria.

667 1590 712 1624 Et
732 1590 821 1624 circa
843 1589 900 1623 hoc
923 1593 1126 1634 quaeruntur
1146 1593 1298 1633 quatuor.

274 1662 409 1696 Primo.
433 1661 564 1695 Utrum
586 1660 793 1694 idololatria
815 1660 859 1694 sit·
880 1659 1017 1706 species
1039 1659 1310 1705 superstitionis.

278 1715 457 1750 Secundo.
482 1715 612 1748 Utrum
635 1714 680 1748 sit
700 1721 902 1760 peccatum.

277 1769 414 1803 Tertio.
437 1768 568 1802 Utrum
591 1767 635 1801 sit
657 1767 910 1813 gravissimum
933 1773 1177 1812 peccatorum.

278 1822 431 1863 Quarto.
452 1822 508 1855 De
531 1832 638 1855 causa
658 1821 764 1865 hujus
786 1820 936 1866 peccati.

277 1876 409 1910 Utrum
432 1882 552 1908 autem
575 1885 658 1908 cum
673 1872 873 1907 idololatris
890 1873 934 1906 sit
949 1872 1309 1914 communicandum,
1329 1871 1464 1906 dictum
1479 1879 1532 1905 est
1546 1882 1663 1917 supra,
1678 1882 1761 1906 cum

206 1930 248 1963 de
270 1928 478 1963 infidelitate
502 1935 667 1974 ageretur
691 1926 735 1972 (q.
754 1938 805 1962 10.
828 1931 892 1960 art.
916 1937 945 1971 7.
967 1931 997 1960 et
1013 1927 1094 1970 10.).

775 2064 1117 2108 ARTICULUS
1153 2064 1185 2105 Ι.
1698 2086 1757 2121 501

246 2175 399 2204 UTRUM
427 2173 731 2202 IDOLOLATRIA
759 2172 898 2201 RECTE
930 2171 1135 2201 PONATUR
1160 2172 1330 2201 SPECIES
1359 2172 1724 2203 SUPERSTITIONIS.

374 2260 416 2305 (3.
436 2260 520 2293 Disc.
543 2271 573 2304 9.
601 2270 630 2303 q.
658 2271 683 2293 Ι.
707 2264 769 2292 art.
794 2270 820 2292 Ι.
841 2269 869 2303 q.
889 2270 918 2303 3.
940 2257 981 2292 ad
998 2270 1026 2304 3.
1046 2263 1076 2292 et
1096 2258 1150 2292 lib.
1167 2270 1195 2304 3.
1218 2258 1331 2293 Contr.
1352 2270 1382 2304 g.
1402 2265 1473 2304 cap.
1495 2259 1597 2304 120.)-

278 2349 337 2383 ΑΙ)
361 2358 510 2383 PRIMUM
533 2347 582 2381 sic
605 2346 821 2392 proceditur.
845 2345 1006 2387 Videtur,
1034 2347 1129 2391 quod
1157 2345 1362 2380 idololatria
1387 2357 1461 2380 non
1487 2354 1641 2392 ponatur
1667 2354 1762 2381 recte

207 2403 346 2450 species
368 2400 645 2448 superstitionis:
670 2399 760 2433 sicut
788 2399 883 2433 enim
910 2399 1083 2432 haeretici
1104 2407 1185 2432 sunt
1210 2399 1383 2441 infideles,
1404 2399 1453 2433 ita
1475 2407 1509 2433 et
1529 2398 1760 2434 idololatrae:

207 2457 268 2490 sed
290 2454 449 2489 haeresis
472 2461 524 2488 est
545 2453 683 2499 species
705 2451 934 2493 infidelitatis,
958 2460 995 2485 ut
1016 2463 1122 2497 supra
1140 2452 1302 2485 habitum
1319 2461 1371 2486 est
1386 2452 1430 2498 (q.
1446 2464 1490 2487 rr.
1510 2457 1572 2486 art.
1588 2453 1654 2497 1.),·
1674 2463 1761 2498 ergo

209 2517 244 2543 et
265 2507 483 2549 idololatria,
505 2517 578 2540 non
601 2513 721 2539 autem
748 2505 1019 2550 superstitionis.

282 2571 312 2594 2.
336 2561 572 2595 PRAETEREA.
596 2558 716 2592 Latria
743 2558 894 2602 pertinet
922 2558 964 2591 ad
991 2558 1160 2592 virtutem
1187 2557 1383 2603 religionis,
1410 2558 1467 2592 cui
1494 2558 1685 2604 opponitur
1710 2569 1763 2593 su-

207 2614 387 2661 perstitio:
411 2613 471 2647 sed
495 2611 700 2646 idololatria
721 2611 860 2645 videtur
883 2611 1036 2645 univoce
1059 2612 1128 2645 dici
1151 2612 1252 2645 latria
1275 2623 1357 2645 cum
1380 2622 1432 2653 ea,
1455 2623 1545 2657 quae
1567 2612 1611 2646 ad
1637 2623 1762 2646 veram

209 2668 423 2712 religionem
434 2666 604 2712 pertinet:
619 2665 711 2699 sicut
726 2665 820 2698 enim
836 2664 1011 2709 appetitus
1027 2663 1134 2698 falsae
1145 2665 1371 2698 beatitudinis
1388 2676 1470 2698 cum
1486 2665 1643 2710 appetitu
1657 2676 1762 2698 verae

207 2720 435 2754 beatitudinis
459 2719 612 2752 univoce
635 2718 781 2758 dicitur;
804 2717 852 2750 ita
875 2716 990 2750 cultus
1012 2716 1185 2750 salsorum
1212 2718 1387 2759 Deorum,
1415 2717 1474 2763 qui
1501 2718 1629 2752 dicitur
1650 2717 1763 2751 idolo-

207 2774 321 2815 latria,
344 2773 497 2806 univoce
518 2772 658 2805 videtur
679 2770 749 2804 dici
772 2781 853 2804 cum
877 2769 973 2803 cultu
994 2770 1070 2803 veri
1084 2771 1164 2812 Dei,
1180 2770 1239 2816 qui
1255 2779 1305 2805 est
1320 2770 1422 2805 latria
1437 2782 1543 2805 verae
1559 2770 1760 2816 religioni53

211 2837 296 2872 ergo
320 2825 524 2860 idololatria
546 2836 619 2858 non
643 2832 695 2858 est
717 2823 853 2869 species
875 2823 1148 2868 superstitionis.
