1859 3122
459 147 674 183 QUAESTIO
706 147 810 177 XVII.
845 147 1087 178 ARTICULUS
1120 147 1208 177 VIII.
1539 149 1613 190 143

66 240 145 275 spes
168 229 358 263 introducit
381 228 423 262 ad
447 229 671 269 charitatem,
693 229 905 274 inquantum
929 229 1055 274 aliquis
1078 240 1224 274 sperans
1252 228 1473 262 remunerari
1496 239 1514 261 a
1536 229 1618 262 Deo

66 282 272 316 accenditur
294 282 336 315 ad
359 282 555 316 amandum
578 282 709 325 Deum,
731 290 765 316 et
786 282 1002 316 servandum
1021 290 1210 328 praccepta
1226 283 1319 327 ejus:
1343 282 1403 316 sed
1420 281 1618 316 secundnm

65 336 229 369 ordinem
252 335 479 380 perfectionis
503 335 657 369 charitas
679 335 775 381 prior
797 343 850 369 est
870 335 1097 378 naturaliter3
1125 344 1158 369 et
1180 335 1273 378 ideo,
1300 335 1511 369 adveniente
1539 335 1620 368 cha-

65 390 178 429 ritate,
208 400 288 433 spes
315 388 505 434 perfectior
535 389 710 430 redditur3
732 390 815 434 quia
842 388 884 422 de
912 389 1037 422 amicis
1066 389 1223 423 maxime
1251 400 1455 435 speramus3
1483 396 1517 422 et
1546 388 1617 422 hoc

65 442 175 476 modo
199 442 282 475 dicit
304 442 473 476 Ambros.
496 442 574 487 (loc.
597 443 651 476 cit.
676 443 707 476 in
729 454 800 488 arg.
823 442 868 487 I.)
890 442 986 488 quod
1009 453 1088 488 spes
1111 450 1164 476 est
1185 454 1226 476 cx
1249 443 1432 476 charitate.

136 495 240 529 Unde
263 504 358 541 patet
380 496 566 540 responsio
587 506 638 530 AD
660 506 820 530 PRIMUM.

134 549 193 583 AD
209 560 415 584 SECUNDUM
431 550 634 592 dicendum,
650 550 745 595 quod
768 561 859 595 spCS,
876 558 909 584 et
924 550 1042 584 omnis
1064 558 1184 584 motus
1200 550 1414 595 appetitivus
1437 562 1478 584 ex
1493 561 1618 584 amore

63 603 227 648 provenit
249 602 381 648 aliquo,
403 614 474 649 quo
494 602 632 637 scilicet
651 603 778 648 aliquis
798 612 895 637 amat
909 603 1046 637 bonum
1062 612 1288 650 expectatum
1304 615 1311 637 ε
1335 604 1395 638 sed
1410 615 1484 637 non
1500 604 1617 638 omnis

63 666 143 702 spes
164 656 329 701 provenit
350 667 369 689 a
391 657 575 697 charitate,
598 655 660 690 sed
675 656 795 690 solum
810 665 929 691 motus
945 658 1020 702 spei
1039 656 1228 699 formatae,
1247 668 1317 703 qua
1335 656 1472 692 scilicet
1490 657 1617 703 aliquis

63 708 181 756 spera't
201 709 337 744 bonum
361 721 379 743 a
397 710 477 744 Deo
500 718 538 744 ut
559 710 690 744 amico.

134 763 193 797 AD
216 773 384 798 TERTIUM
407 763 611 805 dicendum,
633 763 729 809 quod
751 763 923 809 Magister
941 763 1099 810 loquitur
1119 764 1162 798 de
1177 775 1239 810 spe
1255 763 1421 806 formata,
1436 775 1544 810 quarn
1559 775 1618 798 na-

62 816 222 851 turaliter
240 817 422 862 praecedit
444 817 610 860 charitas,
633 825 667 851 et
688 817 814 851 merita
834 828 875 851 ex
898 818 1071 852 charitate
1099 826 1254 852 causata.

552 1086 906 1148 QUAESTIO
947 1087 1125 1133 Xvffl.

197 1210 259 1240 DE
286 1209 514 1251 SUBJECTO
540 1210 653 1250 SPEI,
680 1210 731 1241 IN
758 1209 985 1250 QUATUOR
1012 1209 1274 1241 ARTICULOS
1300 1209 1475 1240 DIVISA.

131 1348 272 1384 Deinde
294 1349 597 1384 considerandum
619 1358 672 1384 est
693 1350 736 1384 de
758 1349 919 1396 subJecto
942 1349 1028 1396 spei.

519 1441 562 1474 Et
583 1441 671 1474 circa
693 1440 751 1474 hoc
773 1445 979 1485 quaeruntur
999 1445 1152 1486 quatuor.

134 1510 269 1545 Primo.
292 1510 423 1545 Utrum
444 1512 554 1545 virtus
576 1511 651 1556 spei
673 1511 717 1545 sit
738 1511 773 1544 in
794 1510 980 1545 voluntate
1002 1511 1094 1545 sicut
1115 1512 1151 1545 in
1173 1511 1344 1557 subjecto.

135 1563 315 1598 Secundo.
338 1564 470 1598 Utrum
492 1564 536 1598 sit
556 1564 592 1597 in
613 1564 737 1598 beatis.

136 1616 272 1651 Tertio.
295 1617 426 1651 Utrum
444 1617 488 1651 sit
509 1617 544 1651 in
567 1617 756 1651 damnatis.

137 1669 289 1711 Quarto.
312 1670 443 1705 Utrum
464 1670 499 1704 in
521 1670 717 1705 viatoribus
738 1670 869 1705 habeat
891 1670 1151 1705 certitudinem.

633 1811 977 1857 ARTICULUS
1010 1812 1042 1854 I.
1569 1834 1615 1870 90

207 1918 358 1948 UTRUM
391 1919 487 1947 SPES
521 1919 588 1948 SIT
622 1919 668 1950 IN
699 1919 967 1953 VOLUNTATE
1001 1919 1129 1950 SICUT
1157 1919 1201 1950 IN
1235 1919 1465 1961 SUBJECTO.

241 2004 317 2050 (1-2.
332 2017 361 2051 q.
376 2016 432 2050 40.
447 2011 513 2041 art.
529 2017 559 2041 2.
574 2011 641 2053 et3.
657 2007 744 2041 Dist.
760 2007 814 2042 25.
832 2019 861 2053 q.
877 2019 904 2042 r.
923 2012 988 2042 art.
1004 2018 1031 2053 5.
1047 2012 1075 2042 et
1097 2007 1182 2042 Veri.
1198 2018 1228 2053 q.
1242 2017 1275 2052 4.
1291 2011 1354 2042 art.
1372 2007 1432 2053 2.).

131 2092 191 2127 AD
212 2103 358 2128 PRIMUM
380 2094 430 2128 sic
453 2094 668 2139 proceditur.
687 2095 849 2138 Videtur,
871 2096 967 2142 quod
989 2107 1070 2142 spes
1091 2107 1166 2130 non
1187 2096 1232 2131 sit
1253 2096 1289 2130 in
1310 2096 1496 2131 voluntate
1522 2096 1614 2130 sicut

61 2145 98 2180 in
118 2146 297 2192 subjecto:
326 2147 402 2193 spei
432 2148 528 2182 enim
560 2148 742 2194 objectum
773 2157 825 2183 est
849 2149 987 2183 bonum
1013 2149 1176 2191 arduum,
1203 2157 1240 2184 ut
1266 2161 1372 2195 supra
1399 2150 1534 2184 dictu'm
1562 2157 1614 2183 est

64 2199 108 2244 (q.
124 2205 236 2246 praec.
256 2205 320 2235 art.
343 2213 369 2235 Ι.
392 2205 422 2235 et
441 2213 507 2236 1-2.
530 2213 559 2247 q.
581 2213 638 2246 40.
661 2207 724 2236 art.
746 2203 810 2247 1.):
831 2202 983 2236 arduum
1012 2211 1131 2236 autem
1162 2214 1235 2236 non
1263 2211 1316 2237 est
1342 2203 1524 2249 objectum
1550 2214 1612 2236 vo-

61 2251 218 2294 luntatis,
240 2253 300 2286 sed
324 2253 529 2296 irascibili33
552 2266 639 2299 ergo
662 2266 741 2301 spes
763 2266 836 2289 non
860 2263 913 2289 est
933 2256 969 2288 in
990 2255 1187 2297 voluntate,
1210 2256 1271 2290 sed
1293 2256 1328 2290 in
1351 2256 1531 2290 irascibili.

133 2315 164 2339 2.
190 2305 426 2342 PRAETEREA.
448 2307 500 2349 Ei,
524 2307 566 2341 ad
589 2309 685 2354 quod
708 2320 820 2342 unum
842 2308 982 2351 sufficit,
1005 2309 1182 2354 superflue
1205 2310 1396 2355 apponitur
1418 2309 1531 2343 aliud:
1552 2309 1612 2343 sed

63 2357 105 2391 ad
127 2358 384 2403 perficiendum
406 2362 605 2406 potentiam
627 2361 822 2395 voluntatis
845 2361 975 2396 sufficit
997 2362 1164 2422 charitas,
1183 2374 1274 2408 quae
1290 2371 1341 2397 est
1355 2362 1613 2408 perfectissima

61 2411 250 2454 virtutum3
272 2423 358 2458 ergo
381 2424 460 2459 spes
481 2425 555 2448 non
577 2422 630 2448 est
649 2415 685 2448 in
707 2414 902 2449 voluntate.

134 2476 162 2510 3.
185 2465 420 2500 PRAETEREA.
444 2467 525 2500 Una
548 2467 707 2513 potentia
721 2479 794 2502 non
810 2476 927 2514 potest
949 2468 1057 2503 simul
1079 2480 1154 2503 esse
1176 2469 1212 2502 in
1234 2469 1373 2504 duobus
1396 2469 1550 2510 actibu53
1573 2469 1614 2502 si-

62 2525 119 2551 cut
140 2518 343 2553 intellectus
361 2530 434 2553 non
456 2528 574 2565 potest
595 2520 703 2554 simul
725 2521 838 2555 multa
865 2522 1083 2567 intelligere:
1112 2522 1173 2556 sed
1201 2531 1299 2556 actus
1328 2522 1403 2567 spei
1424 2521 1533 2555 simul
1553 2533 1614 2567 po-

60 2577 128 2605 test
149 2582 227 2605 esse
249 2583 333 2605 cum
355 2580 436 2606 actu
459 2573 661 2615 charitati33
684 2585 770 2619 ergo
793 2586 877 2608 cum
901 2583 1000 2609 actus
1023 2575 1204 2609 charitatis
1227 2575 1413 2609 manifeste
1438 2575 1613 2620 pertineat

62 2623 105 2657 ad
125 2623 362 2667 voluntatem,
385 2633 484 2660 actus
505 2627 581 2672 spei
600 2638 675 2660 non
701 2628 854 2673 pertinet
876 2628 919 2662 ad
938 2630 1072 2674 ipsam3
1102 2628 1152 2662 sic
1181 2640 1266 2674 ergo
1294 2639 1372 2673 spes
1398 2638 1471 2662 non
1498 2636 1551 2662 est
1575 2628 1611 2661 in

61 2676 255 2711 voluntate.

133 2730 206 2764 SED
230 2741 395 2766 CONTRA.
418 2732 551 2766 Anima
572 2744 645 2766 non
668 2741 720 2768 est
742 2745 853 2780 capax
875 2734 945 2768 Dei
966 2734 1034 2769 nisi
1056 2734 1253 2768 secundum
1280 2741 1452 2775 mentem,
1479 2734 1514 2767 in
1542 2745 1611 2780 qua

62 2789 115 2816 est
134 2784 322 2825 memoria,
344 2783 591 2829 intelligentia,
614 2793 648 2819 et
668 2786 846 2828 voluntas,
868 2795 905 2821 ut
926 2795 1023 2833 patet
1043 2798 1106 2833 per
1127 2786 1317 2831 Augustin.
1340 2786 1377 2819 in
1403 2786 1462 2821 lib.
1489 2796 1539 2829 14.
1568 2788 1610 2821 de

63 2833 163 2869 Trin.
183 2835 270 2882 (cap.
289 2848 316 2883 3.
339 2842 366 2871 et
388 2837 438 2882 6.)
450 2850 460 2872 .·
479 2837 540 2872 sed
563 2849 643 2884 spes
662 2847 714 2873 est
727 2839 837 2874 virtus
851 2839 1060 2886 theologica
1075 2840 1209 2873 habens
1228 2839 1348 2873 Deum
1367 2850 1431 2885 pro
1448 2839 1609 2886 object03
