1859 3122
225 205 332 236 1202
568 200 788 238 QUAESTIO
823 199 1028 230 CLXXXIV.
1060 191 1304 229 ARTICULUS
1336 197 1426 228 VIII.

219 286 373 322 scilicet:
395 289 527 326 statum,
551 283 713 325 ordinem,
728 290 763 316 et
783 282 938 328 officium:
962 280 1005 315 ad
1025 285 1147 315 statum
1167 279 1332 326 pertinet,
1354 278 1450 325 quod
1469 277 1671 313 saeculares
1688 277 1776 313 sint:

219 340 262 374 ad
289 339 450 380 ordinem,
479 336 575 384 quod
597 336 668 371 sint
688 335 906 377 sacerdotes,
927 333 986 368 vel
1007 333 1168 368 diaconi:
1200 333 1244 367 ad
1266 333 1419 379 officium,
1443 332 1540 378 quod
1561 343 1686 366 curam
1708 331 1780 366 ani-

218 404 359 428 marum
381 392 539 426 habeant
557 390 623 424 sibi
645 389 899 424 commissam:
923 388 953 422 si
974 399 1060 434 ergo
1080 398 1121 421 ex
1145 386 1213 421 alia
1231 394 1331 433 parte
1349 396 1528 433 ponamus
1550 392 1682 420 statum
1703 384 1781 420 reli-

218 447 373 493 giosum,
397 445 521 479 ordine
549 444 756 485 diaconum,
777 442 836 477 vel
857 442 1096 483 sacerdotem,
1119 440 1240 475 officio
1264 451 1389 474 curam
1415 439 1619 473 animarum
1647 438 1781 473 haben-

217 509 302 542 tem,
321 499 411 534 sicut
429 498 589 545 plerique
611 497 796 539 monachi,
818 504 852 531 et
871 495 1038 530 canonici
1060 494 1243 540 regulares
1264 494 1418 536 habent3
1436 493 1473 527 in
1493 493 1612 540 primo
1633 492 1780 539 quidem

218 553 372 595 excellit,
394 553 431 586 in
451 552 527 586 aliis
550 559 671 586 autem
693 562 757 598 par
779 550 861 584 erit:
885 550 914 584 si
937 558 1058 584 autem
1081 547 1220 582 differat
1241 547 1419 582 secundus
1441 558 1461 581 a
1481 546 1599 593 primo
1620 553 1726 588 statu,
1745 553 1780 581 et

218 606 352 648 officio,
374 606 571 640 conveniat
590 613 711 639 autem
730 605 866 646 orssine,
888 604 980 638 sicut
1000 611 1082 638 sunt
1095 602 1255 648 religiosi
1269 602 1487 643 sacerdotes,
1503 609 1538 635 et
1557 600 1703 635 diaconi
1720 611 1778 635 cu-

217 672 295 694 ram
315 660 519 694 animarum
537 671 612 693 non
629 659 815 700 habentes,
829 657 1062 691 manifestum
1078 664 1142 698 est,
1157 655 1254 702 quod
1270 655 1448 689 secundus
1467 654 1585 700 primo
1605 654 1671 689 erit
1687 661 1782 688 statu

219 715 364 761 quidem
387 713 632 754 excellentior,
648 711 770 746 officio
793 720 914 746 autem
936 711 1067 752 minor,
1083 710 1208 744 ordine
1226 720 1312 743 vero
1333 708 1512 755 aequalis;
1527 715 1581 743 est
1594 719 1682 754 ergo
1700 718 1784 742 con·

218 768 462 809 siderandum,
489 778 581 813 quae
608 765 893 812 praeeminentia
920 765 1040 811 potior
1066 764 1120 806 sit,
1148 772 1269 798 utrum
1295 771 1418 805 status,
1443 762 1503 797 vel
1528 761 1660 797 officii:
1687 762 1783 796 circa

219 822 316 868 quod
349 822 411 856 duo
439 821 657 855 attendenda
678 820 863 861 videntur;
889 819 1048 853 scilicet:
1076 818 1230 859 bonitas,
1257 825 1292 851 et
1318 816 1525 859 difficultas;
1553 816 1583 851 si
1608 827 1695 862 ergo
1721 815 1784 850 fiat

220 876 445 922 comparatio
468 874 667 909 secundum
689 874 901 915 bonitatem,
921 873 971 907 sic
994 871 1190 918 praefertur
1212 879 1322 905 status
1348 870 1547 916 religionis,
1566 869 1687 904 officio
1709 880 1785 915 pre-

220 930 352 976 sbyteri
387 930 509 970 curati,
531 927 589 962 vel
611 927 877 968 archidiaconi;
909 926 991 972 quia
1018 925 1208 971 religiosus
1235 931 1351 959 totam
1371 924 1484 958 vitam
1513 935 1617 958 suam
1647 922 1785 969 obligat

220 984 263 1018 ad
286 982 516 1030 perfectionis
549 982 726 1016 studium:
750 981 935 1027 presbyter
969 988 1090 1013 autem
1125 986 1280 1020 curatus,
1306 977 1365 1012 vel
1400 977 1676 1012 archidiaconus
1709 988 1784 1011 non

220 1037 357 1083 obligat
377 1045 493 1071 totam
513 1036 625 1070 vitam
647 1046 751 1070 suam
774 1034 817 1068 ad
841 1045 965 1068 curam
996 1033 1212 1073 animarum,
1234 1032 1327 1066 sicut
1352 1031 1564 1077 Episcopus,
1585 1042 1653 1065 nec
1674 1030 1784 1065 etiam

220 1092 252 1126 ei
274 1091 448 1137 competit
466 1089 703 1137 principalem
726 1100 850 1123 curam
869 1088 1095 1122 subditorum
1114 1087 1258 1128 habere,
1274 1086 1365 1120 sicut
1379 1085 1582 1132 Episcopo,
1600 1084 1663 1119 sed
1681 1095 1786 1131 quae-

220 1146 303 1179 dam
326 1145 556 1192 particularia
578 1144 673 1177 circa
696 1154 820 1177 curam
847 1142 1052 1176 animarum
1083 1151 1211 1175 eorum
1237 1139 1358 1173 officio
1379 1139 1665 1181 committuntur,
1683 1145 1723 1173 ut
1743 1149 1785 1173 ex

221 1200 322 1234 dictis
347 1207 443 1244 patet
467 1199 544 1242 (art.
573 1198 605 1232 6.
628 1198 696 1242 huj.
720 1209 749 1242 q.
769 1196 811 1230 ad
832 1197 894 1240 2.);
915 1203 950 1230 et
968 1195 1049 1229 ideo
1073 1194 1300 1240 comparatio
1322 1201 1433 1227 status
1452 1192 1641 1239 religionis
1663 1192 1708 1226 ad
1729 1203 1787 1226 eo-

220 1265 300 1287 rum
319 1252 481 1287 officium
504 1259 558 1286 est
575 1251 667 1286 sicut
687 1249 898 1284 universalis
918 1249 960 1283 ad
982 1247 1208 1295 particulare,
1231 1255 1266 1282 et
1284 1248 1377 1281 sicut
1393 1246 1601 1281 holocausti
1619 1246 1663 1280 ad
1681 1245 1786 1280 sacri-

222 1307 357 1348 ficium,
380 1306 476 1352 quod
503 1314 556 1340 est
588 1306 708 1338 minus
733 1303 964 1344 holocausto,
998 1310 1036 1336 ut
1067 1309 1165 1348 patet
1196 1313 1260 1347 per
1282 1300 1505 1346 Gregorium
1523 1311 1630 1346 super
1655 1299 1785 1335 Ezech.

224 1361 329 1406 (hom.
352 1361 440 1405 20.),·
461 1359 555 1393 unde
579 1366 614 1392 et
639 1369 690 1403 19.
706 1369 737 1404 q.
759 1369 785 1391 1.
802 1369 879 1403 cap.
899 1368 926 1390 Ι.
942 1356 1085 1389 dicitur:
1112 1368 1129 1387 t(
1149 1354 1314 1397 Clericis,
1336 1355 1397 1401 qui
1417 1354 1687 1388 monachorum
1707 1364 1787 1400 pro-

221 1415 380 1461 positum
404 1421 586 1460 appetunt,
609 1411 692 1458 quia
713 1411 904 1445 meliorem
926 1411 1038 1444 vitam
1060 1409 1161 1455 sequi
1182 1409 1340 1455 cupiunt,
1361 1408 1494 1442 liberos
1513 1408 1563 1442 eis
1586 1408 1627 1442 ab
1641 1407 1787 1453 Episco-

221 1468 274 1515 pis
290 1468 325 1501 in
341 1466 570 1502 monasteriis
586 1473 729 1512 oportet
742 1464 864 1511 largiri
877 1464 1059 1510 ingressus
1073 1476 1090 1495 »
1105 1475 1113 1505 ;
1130 1462 1190 1497 sed
1206 1462 1297 1496 haec
1313 1461 1537 1508 comparatio
1553 1460 1786 1508 intelligenda

223 1530 275 1556 est
296 1521 498 1556 secundum
525 1531 638 1566 genus
661 1519 795 1565 operis:
818 1529 905 1552 nam
927 1517 1126 1552 secundum
1154 1516 1367 1550 charitatem
1401 1516 1583 1562 operantis
1610 1515 1787 1562 contingit

221 1575 452 1622 quandoque,
474 1574 570 1620 quod
593 1585 683 1620 opus
706 1584 747 1606 ex
770 1583 902 1618 genere
936 1582 1002 1606 suo
1024 1571 1143 1604 minus
1166 1570 1319 1604 existens
1341 1570 1458 1616 magis
1479 1569 1524 1604 sit
1544 1569 1784 1612 meritorium,

221 1629 358 1664 scilicet
380 1629 409 1663 si
431 1640 472 1663 ex
496 1627 626 1673 majori
649 1627 822 1660 charitate
844 1625 914 1660 fiat.
936 1625 974 1659 Si
988 1636 1074 1659 vero
1095 1624 1296 1658 attendatur
1318 1622 1507 1657 difficultas
1528 1623 1619 1657 bene
1642 1634 1788 1657 conver-

222 1683 324 1718 sandi
344 1683 380 1716 in
402 1681 589 1728 religione,
612 1681 700 1715 etin
727 1679 848 1714 officio
870 1679 1036 1714 habentis
1064 1689 1189 1712 curam
1211 1677 1426 1720 animarum,
1448 1677 1499 1711 sic
1526 1676 1706 1711 difficilius
1733 1684 1787 1711 est

220 1738 311 1772 bene
335 1736 541 1771 conversari
567 1747 650 1769 cum
686 1746 771 1768 cura
805 1734 1009 1768 animarum
1036 1740 1182 1779 propter
1208 1731 1384 1766 exteriora
1417 1730 1596 1777 pericula:
1619 1729 1785 1776 quamvis

224 1791 452 1826 conversatio
475 1789 661 1835 religionis
683 1789 729 1823 sit
750 1787 930 1827 difficilior
952 1795 1126 1833 quantum
1150 1785 1192 1819 ad
1213 1785 1333 1831 ipsum
1356 1796 1468 1831 genus
1490 1785 1620 1830 operis,
1641 1791 1787 1830 propter

224 1846 478 1880 arctitudinem
505 1843 755 1878 observantiae
789 1841 982 1887 regularis:
1005 1841 1034 1875 si
1052 1851 1138 1874 vero
1160 1839 1350 1885 religiosus
1373 1838 1482 1873 etiam
1504 1838 1630 1872 ordine
1657 1845 1788 1880 careat,

223 1900 317 1934 sicut
343 1907 440 1946 patet
462 1899 505 1932 de
528 1897 712 1932 conversis
733 1896 964 1942 religionum,
991 1895 1042 1928 sic
1069 1893 1303 1928 manifestum
1337 1900 1388 1927 est
1422 1891 1597 1927 excellere
1619 1890 1791 1938 praeemi-

222 1953 383 1987 nentiam
406 1952 540 1986 ordinis
561 1959 736 1997 quantum
756 1950 798 1983 ad
818 1949 1043 1995 dignitatem,
1062 1948 1145 1994 quia
1164 1959 1225 1993 per
1247 1958 1390 1980 sacrum
1410 1946 1575 1980 ordinem
1591 1945 1718 1991 aliquis
1733 1944 1790 1979 de-

223 2016 366 2054 putatur
388 2007 430 2041 ad
454 2006 666 2052 dignissima
688 2004 897 2045 ministeria,
913 2003 1040 2048 quibus
1060 2002 1145 2048 ipsis
1165 2001 1311 2035 Christo
1334 1999 1485 2034 servitur
1502 1999 1538 2032 in
1560 2006 1789 2033 sacramento

225 2061 378 2103 Altaris3
399 2061 442 2094 ad
466 2060 561 2106 quod
584 2059 774 2105 requiritur
797 2058 915 2102 major
933 2056 1103 2090 sanctitas
1126 2055 1284 2095 interior,
1304 2065 1414 2100 quarn
1431 2054 1589 2099 requirat
1610 2052 1718 2086 etiam
1740 2063 1791 2086 re-

224 2115 369 2161 ligionis
390 2122 518 2156 status;
542 2113 636 2159 quia,
659 2113 751 2146 sicut
765 2110 964 2156 Dionysius
986 2110 1071 2143 dicit
1089 2108 1120 2143 6.
1139 2120 1214 2154 cap.
1231 2107 1326 2142 Eccl.
1344 2107 1441 2141 Hier.
1459 2107 1534 2151 (cir.
1550 2106 1663 2148 mad.):
1682 2118 1700 2138 (t
1716 2116 1791 2140 mo-

224 2169 382 2203 nasticus
406 2168 495 2202 ordo
519 2167 623 2200 debet
644 2165 745 2211 sequi
767 2163 1010 2199 sacerdotales
1034 2163 1190 2203 ordines,
1210 2170 1244 2196 et
1266 2162 1309 2195 ad
1332 2172 1459 2195 eorum
1480 2160 1723 2195 imitationem
1745 2159 1789 2193 ad

226 2223 347 2266 divina
370 2221 563 2256 ascendere
582 2232 623 2261 »ς
646 2219 741 2252 unde
764 2218 906 2264 gravius
929 2225 1066 2262 peccat,
1090 2216 1239 2251 caeteris
1262 2215 1416 2261 paribus,
1444 2214 1596 2248 clericus
1621 2214 1658 2248 in
1679 2213 1790 2248 sacris

226 2276 410 2310 ordinibus
433 2274 658 2316 constitutus,
681 2273 711 2307 si
733 2271 864 2318 aliquid
887 2271 1108 2305 contrarium
1131 2269 1312 2304 sanctitati
1327 2276 1420 2315 agat,
1435 2280 1545 2315 quarn
1564 2268 1692 2315 aliquis
1713 2267 1791 2303 reli-

227 2330 360 2376 giosus,
383 2329 444 2375 qui
469 2339 544 2362 non
571 2327 680 2361 habet
702 2326 866 2360 ordinem
893 2336 1052 2359 sacrum:
1076 2323 1241 2370 quamvis
1270 2323 1384 2357 laicus
1411 2322 1602 2368 religiosus
1627 2329 1791 2356 teneatur

228 2384 271 2418 ad
294 2382 540 2417 observantias
564 2379 759 2426 regulares,
788 2379 831 2413 ad
858 2389 946 2424 quas
973 2378 1024 2412 illi
1051 2377 1110 2424 qui
1137 2385 1219 2412 sunt
1240 2377 1275 2410 in
1303 2376 1413 2411 sacris
1440 2376 1623 2411 ordinibus
1649 2386 1724 2410 non
1744 2382 1793 2410 te-

226 2445 365 2471 nentur.

297 2491 356 2525 ΑΒ
383 2500 531 2524 PRIMUM
554 2499 641 2535 ergo
669 2487 874 2528 dicendum,
897 2485 1058 2532 quod’ad
1082 2484 1160 2519 illas
1183 2484 1413 2519 auctoritates
1437 2483 1694 2530 Chrysostomi
1713 2483 1792 2517 bre-

225 2545 315 2578 viter
335 2543 546 2589 responderi
568 2549 699 2588 posset,
727 2541 823 2587 quod
850 2551 923 2574 non
950 2539 1109 2585 loquitur
1131 2539 1173 2573 de
1196 2539 1383 2573 sacerdote
1411 2546 1534 2572 curato
1561 2537 1711 2571 minoris
1738 2547 1792 2571 or-

227 2599 329 2639 dinis,
353 2598 412 2631 sed
436 2597 478 2631 de
503 2597 695 2641 Episcopo,
718 2595 778 2641 qui
801 2594 928 2628 dicitur
950 2605 1114 2627 summus
1138 2593 1327 2634 Sacerdos,
1348 2601 1382 2627 et
1399 2592 1470 2626 hoc
1490 2591 1660 2625 convenit
1681 2591 1792 2625 inten-

223 2652 312 2686 tioni
326 2651 418 2685 illius
430 2651 520 2691 libri,
537 2652 570 2683 in
587 2661 657 2696 quo
668 2647 876 2682 consolatur
891 2659 940 2688 se,
952 2656 985 2681 et
998 2647 1169 2681 Rasiliuni
1182 2647 1225 2680 de
1236 2647 1307 2681 hoc
1323 2646 1420 2692 quod
1431 2655 1532 2680 erant
1542 2645 1578 2678 in
1589 2644 1789 2691 Episcopos

228 2705 348 2739 electi:
372 2705 444 2746 sed,
466 2705 537 2737 hoc
560 2702 828 2749 praetermisso,
851 2701 1043 2735 dicendum
1068 2709 1131 2743 est,
1154 2700 1250 2746 quod
1272 2700 1430 2745 loquitur
1452 2707 1624 2745 quantum
1645 2699 1686 2732 ad
1706 2697 1793 2732 diffi-

228 2758 417 2792 cultatem:
445 2757 640 2803 praemittit
663 2756 759 2790 enim
783 2755 869 2801 (cup.
893 2752 969 2801 6.).·
996 2754 1125 2787 «Cum
1148 2753 1250 2787 fucrit
1274 2754 1493 2799 gubernator
1519 2752 1554 2786 in
1577 2751 1705 2786 mediis
1727 2751 1791 2785 flu-

229 2812 353 2852 ctibus,
377 2820 410 2845 et
437 2812 478 2844 de
505 2818 717 2856 tempestate
748 2820 878 2842 navem
905 2807 1054 2841 liberare
1083 2807 1248 2853 potuerit,
1274 2815 1358 2841 tunc
1387 2806 1514 2840 merito
1541 2805 1790 2839 testimonium

229 2864 375 2910 perfecti
399 2864 648 2909 gubernatoris
672 2863 712 2896 ab
736 2862 903 2896 omnibus
926 2869 1179 2907 promeretur»
1194 2873 1201 2902 ;
1218 2869 1253 2894 et
1267 2868 1346 2906 post
1362 2858 1555 2900 concludit,
1571 2858 1666 2904 quod
1685 2869 1791 2904 supra

230 2918 387 2964 positum
411 2918 704 2962 est(inargu1n.)
736 2916 779 2950 de
808 2915 1005 2956 monacho,
1035 2914 1129 2960 «qui
1158 2925 1232 2948 non
1262 2912 1528 2959 comparandus
1557 2919 1609 2946 est
1641 2910 1705 2953 illi,
1731 2912 1790 2958 qui

1854 1650 1857 1661 ⁴
1849 1248 1857 1631 .-.i1«<³-s⁴.-.ae÷-a.-—.--.-n
1852 1210 1854 1217 .
1853 1170 1854 1177 ᾼ
