1859 3122
213 224 323 267 1114
605 221 826 257 QUAESTIO
862 222 1023 251 CLXXII.
1056 221 1301 252 ARTICULUS
1336 222 1365 252 1.

206 315 286 338 rum
307 302 542 337 naturalium:
566 309 601 336 et
622 301 739 336 adhuc
766 301 883 348 magis
910 301 1057 348 adjuvat
1075 301 1266 337 hominem
1288 301 1410 336 divina
1427 302 1542 348 gratia
1561 302 1770 350 prophetias

207 357 396 402 inspirans.

276 410 336 444 AD
359 419 548 448 QUARTUM
569 408 774 450 dicendum,
798 407 895 454 quod
916 407 1041 443 lumen
1071 408 1325 455 propheticum
1351 420 1389 444 se
1417 409 1574 444 extendit
1595 409 1705 444 etiam
1725 411 1770 445 ad

208 462 422 497 directiones
444 462 691 496 humanorum
714 469 877 504 actuum3
901 470 936 495 et
956 462 1158 496 secundum
1178 462 1251 496 hoc
1278 462 1468 509 prophetia
1488 464 1692 498 necessaria
1718 472 1772 499 est

208 516 251 550 ad
278 515 404 562 populi
430 515 750 561 gubernationem3
781 523 816 549 et
844 515 1037 561 praecipue
1067 517 1103 550 in
1131 515 1257 550 ordine
1288 515 1331 550 ad
1361 515 1499 550 cultum
1531 516 1705 560 divinum,
1727 516 1771 552 ad

208 580 317 615 quem
338 577 465 603 natura
491 580 566 603 non
587 567 730 610 sufficit,
756 568 819 602 sed
840 568 1032 614 requiritur
1053 569 1180 615 gratia.

779 709 1125 755 ARTICULUS
1154 710 1210 753 Π.
1703 723 1771 771 819

390 819 542 849 UTRUM
570 818 850 848 PROPHETICA
876 819 1122 848 REVELATIO
1152 818 1252 848 FIAT
1280 819 1359 849 PER
1386 818 1601 849 ANGELOS.

312 907 421 951 (Part.
440 920 466 942 I.
489 918 598 952 q.111.
618 911 683 941 art.
703 919 730 942 I.
746 912 775 941 ct
793 907 848 941 lilv.
867 918 895 952 3.
921 907 1036 942 Contr.
1053 918 1082 952 g.
1106 912 1177 952 cap.
1198 917 1265 952 154.
1281 911 1311 941 et
1335 907 1420 942 Veri.
1439 919 1470 953 q.
1489 919 1540 942 12.
1562 911 1625 943 arf.
1635 908 1667 943 8.

620 965 649 995 et
666 961 783 995 Matth.
805 972 835 995 2.
855 960 922 995 lect.
941 972 968 1007 3.
988 965 1015 994 et
1031 971 1064 1004 4.
1087 965 1117 996 et
1136 973 1163 995 1.
1189 960 1267 995 Cor.
1289 960 1370 1006 14).

279 1049 340 1083 AD
367 1059 574 1083 SECUNDUM
589 1048 639 1082 sic
663 1049 880 1094 proceditur.
899 1048 1058 1091 Videtur,
1074 1049 1170 1095 quod
1185 1049 1398 1095 prophetica
1419 1049 1592 1084 revelatio
1614 1060 1689 1084 non
1709 1049 1772 1085 fiat

209 1113 271 1148 per
287 1102 453 1148 angelos:
477 1102 606 1136 dicitur
620 1102 717 1136 enim
734 1102 817 1147 Sap.
841 1112 872 1147 7.
888 1103 985 1147 quod
1001 1103 1162 1148 sapientia
1180 1103 1258 1144 Dei,
1274 1104 1310 1136 in
1328 1104 1458 1137 animas
1477 1108 1606 1137 sanctas
1621 1115 1652 1138 se
1673 1108 1776 1138 trans-

201 1157 285 1202 fert,
305 1161 333 1190 ct
351 1158 473 1190 amicos
488 1157 566 1198 Dei,
582 1156 797 1202 etproplmtas
816 1157 982 1190 constituit
993 1168 1003 1190 .·
1026 1156 1087 1190 sed
1104 1156 1243 1190 amicos
1256 1156 1327 1189 Dei
1342 1156 1527 1190 constituit
1544 1156 1774 1199 immediate;

209 1220 295 1255 ergo
319 1209 427 1243 etiam
450 1209 650 1255 Prophetas
671 1208 758 1242 facit
779 1208 1000 1250 immediate,
1022 1220 1096 1242 non
1118 1209 1358 1243 mediantibus
1378 1209 1526 1255 angelis.
1591 1204 1592 1207 ¹

280 1272 311 1296 2.
339 1262 575 1296 PRAETEREA.
606 1262 803 1307 Prophetia
835 1262 980 1307 ponitur
998 1262 1089 1296 inter
1120 1262 1252 1307 gratias
1282 1262 1390 1308 gratis
1410 1263 1528 1298 datas:
1551 1262 1612 1297 sed
1639 1263 1775 1309 gratiae

210 1316 319 1361 gratis
349 1316 452 1349 d'atae
472 1323 554 1349 sunt
584 1326 602 1348 a
631 1315 764 1361 Spiritu
788 1315 935 1357 Sancto,
958 1315 1159 1349 secundum
1184 1315 1270 1349 illud
1295 1316 1336 1359 (r.
1361 1315 1439 1349 Cor.
1466 1317 1556 1361 12.)‚·
1583 1317 1776 1351 Divisiones

207 1371 397 1415 gratiarum
412 1374 494 1411 sunl,
512 1369 596 1403 >idem
608 1370 880 1414 antamspiritzcs‚·
897 1380 971 1402 non
987 1380 1073 1414 ergo
1093 1369 1304 1414 prophetica
1318 1369 1491 1403 revelatio
1512 1369 1552 1404 fit
1562 1369 1692 1415 angelo
1704 1381 1776 1403 me-

211 1423 343 1457 diante.

285 1487 312 1521 3.
341 1475 576 1510 PRAETEREA.
601 1475 766 1509 Cassiod.
788 1475 839 1519 (iaz
860 1475 948 1521 prol.
966 1481 1063 1522 super
1088 1475 1175 1509 Psal.
1203 1481 1273 1521 cap.
1293 1475 1337 1518 Ι.)
1359 1474 1455 1516 dicit,
1478 1475 1574 1521 quod
1594 1476 1774 1522 Prophetia

207 1534 251 1563 est
269 1529 385 1563 divina
403 1530 577 1563 revelatio:
601 1529 629 1562 si
652 1536 773 1563 autem
795 1528 895 1562 fieret
916 1540 978 1575 per
1001 1528 1163 1574 angelos,
1183 1528 1362 1562 diceretur
1391 1528 1555 1574 angelica
1582 1528 1774 1572 revelati03

211 1595 285 1618 non
313 1595 399 1628 ergo
422 1583 611 1629 prophetia
634 1582 671 1616 fit
693 1594 755 1628 per
775 1582 936 1628 angelos.

285 1637 359 1671 SED
383 1647 538 1671 CONTRA
561 1645 624 1678 est,
652 1637 749 1682 quod
775 1636 886 1670 Dion.
909 1636 996 1670 dicit
1015 1645 1047 1678 4.
1076 1647 1153 1682 cap.
1182 1635 1287 1670 Coel.
1316 1636 1413 1670 Hier.
1442 1636 1578 1682 (parum
1604 1648 1624 1671 a
1648 1636 1772 1681 med.):

211 1691 360 1725 Divinas
389 1691 528 1724 visiones
552 1690 686 1735 gloriosi
708 1695 821 1736 patras
846 1691 950 1724 nostri
976 1689 1085 1735 adepti
1113 1694 1189 1724 sunt
1210 1696 1273 1736 par
1298 1689 1421 1724 medias
1446 1690 1586 1724 coelestes
1610 1691 1768 1724 virtutes:

210 1743 368 1790 loquitur
391 1752 512 1777 autem
539 1743 588 1777 ibi
617 1743 660 1777 de
689 1743 887 1778 visionibus
916 1743 1154 1790 propheticis;
1183 1754 1269 1789 ergo
1296 1742 1471 1777 revelatio
1497 1743 1710 1790 prophetica
1737 1742 1777 1778 fit

211 1797 348 1843 angelis
371 1797 622 1831 mediantibus.

282 1851 511 1886 RESPONDEO
535 1850 739 1892 dicendum,
762 1850 870 1896 quod,
893 1850 983 1884 sicut
1010 1850 1138 1896 Apost.
1161 1849 1247 1884 dicit
1276 1850 1320 1884 ad
1341 1849 1449 1884 Rom.
1475 1860 1526 1895 13.
1553 1861 1635 1895 quae
1656 1860 1675 1884 a
1701 1850 1775 1884 Deo

209 1910 296 1947 sunt,
319 1905 474 1939 ordinatu
494 1910 590 1939 sunt:
614 1904 723 1938 habet
741 1912 863 1938 autem
884 1904 956 1938 hoc
979 1903 1174 1938 divinitatis
1196 1903 1298 1945 ordo,
1314 1903 1406 1937 sicut
1418 1903 1571 1949 Dionys.
1594 1903 1680 1937 dicit
1699 1903 1776 1947 (loc.

212 1960 265 1995 cit.
292 1965 321 1994 et
343 1966 415 2005 cap.
439 1971 466 2004 5.
490 1958 578 1993 Eccl.
599 1958 694 1992 Hiar.
720 1959 962 2004 intui-princ),
993 1965 1031 1991 ut
1059 1957 1184 1991 infima
1213 1968 1276 2002 per
1302 1957 1422 1991 media
1449 1956 1632 2002 disponat:
1656 1956 1777 2002 angeli

211 2020 331 2046 autem
353 2012 465 2046 medii
482 2019 565 2045 sunt
591 2012 681 2045 inter
703 2011 836 2052 Deum,
860 2019 894 2045 et
915 2010 1095 2052 homines,
1115 2018 1239 2056 utpote
1261 2009 1340 2056 plus
1360 2010 1614 2056 participantes
1636 2009 1679 2043 de
1701 2020 1777 2055 per-

208 2064 365 2099 fectione
388 2065 529 2098 divinae
551 2064 732 2105 bonitatis,
761 2075 869 2109 quam
892 2064 1079 2105 homines,
1103 2072 1137 2097 et
1162 2063 1246 2097 ideo
1272 2063 1568 2105 illuminationes,
1584 2071 1618 2097 et
1643 2062 1776 2097 revela-

208 2119 326 2153 tiones
349 2119 490 2152 divinae
514 2129 533 2151 a
554 2118 635 2151 Deo
658 2117 701 2150 ad
723 2117 891 2151 homines
913 2129 975 2162 per
998 2116 1147 2161 angelos
1169 2115 1393 2150 deferuntur:
1420 2116 1633 2162 prophetica
1654 2123 1775 2150 autem

211 2172 372 2217 cognitio
394 2171 432 2205 fit
458 2183 520 2217 per
546 2171 864 2212 illuminationem,
885 2179 918 2205 et
940 2170 1202 2205 revelationem
1228 2170 1407 2212 divinam3
1428 2170 1522 2204 unde
1543 2169 1775 2204 manifestum

213 2233 276 2267 est,
299 2225 395 2271 quod
418 2224 479 2259 fiat
504 2236 566 2270 per
590 2224 750 2269 angelos.

281 2280 341 2313 AD
368 2289 517 2313 PRIMUM
540 2289 626 2323 ergo
659 2277 864 2318 dicendum,
900 2277 996 2323 quod
1029 2277 1197 2319 charitas,
1220 2277 1420 2311 secundum
1451 2288 1559 2323 quam
1591 2276 1631 2311 fit
1659 2276 1774 2311 homo

212 2332 350 2366 amicus
372 2332 452 2373 Dei,
480 2339 533 2366 est
559 2330 730 2376 perfectio
753 2330 960 2372 voluntatis,
976 2332 1010 2364 in
1033 2342 1143 2376 quam
1166 2330 1263 2364 solus
1286 2331 1386 2364 Deus
1407 2330 1615 2376 imprimere
1637 2338 1772 2376 potest:

210 2385 271 2419 sed
294 2385 484 2431 prophetia
508 2392 560 2418 est
581 2383 753 2429 perfectio
775 2383 991 2426 intellectus,
1014 2384 1049 2417 in
1073 2394 1181 2429 quem
1204 2383 1312 2418 etiam
1335 2383 1483 2428 angelus
1510 2391 1628 2428 potest
1656 2383 1776 2429 impri-

211 2450 320 2480 mere,
343 2447 381 2472 ut
406 2439 442 2472 in
474 2449 501 2472 1.
524 2437 660 2472 dictum
687 2445 739 2471 est
763 2437 807 2482 (q.
831 2450 894 2472 III.
924 2443 987 2472 art.
1017 2438 1084 2482 I.);
1109 2445 1143 2471 et
1167 2437 1250 2471 ideo
1276 2448 1350 2471 non
1379 2444 1432 2471 est
1459 2436 1585 2471 similis
1612 2436 1704 2470 ratio
1731 2436 1775 2471 de

211 2500 374 2537 utroque.

281 2546 340 2579 AD
359 2555 566 2580 SECUNDUM
589 2543 794 2585 dicendum,
814 2544 908 2589 quod
937 2544 1072 2587 gratiae
1095 2545 1204 2589 gratis
1231 2543 1333 2578 datae
1361 2543 1600 2577 attribuuntur
1628 2542 1776 2589 Spiritui

213 2598 359 2640 Sancto,
378 2599 469 2633 sicut
491 2598 607 2644 primo
627 2597 825 2643 principi03
849 2597 909 2642 qui
930 2605 1052 2630 tamen
1074 2605 1243 2643 operatur
1268 2597 1480 2642 hujusmodi
1501 2596 1633 2642 gratias
1653 2596 1689 2629 in
1711 2596 1776 2630 ho-

210 2652 365 2685 minibus
388 2652 567 2685 mediante
590 2650 789 2684 ministerio
813 2649 1039 2695 angelorum.

282 2706 341 2738 AD
369 2715 540 2739 TERTHJM
566 2704 771 2745 dicendum,
799 2703 895 2748 quod
917 2703 1080 2748 operatio
1103 2703 1331 2737 instrumenti
1357 2702 1557 2737 attribuitur
1583 2701 1772 2748 principali

212 2758 344 2801 agenti,
371 2759 405 2791 in
429 2759 530 2803 cujus
551 2757 681 2791 virtute
702 2757 981 2790 instrumentum
1004 2757 1096 2801 agit;
1120 2764 1154 2790 et
1172 2757 1255 2802 quia
1278 2755 1441 2790 minister
1462 2762 1515 2790 est
1535 2755 1629 2790 sicut
1647 2755 1776 2789 instru—

211 2818 386 2852 mentum,
408 2811 544 2844 idcirco
567 2810 780 2856 prophetica
798 2809 983 2851 revelatio,
1006 2820 1097 2855 quae
1119 2809 1157 2844 fit
1178 2809 1378 2844 ministerio
1401 2809 1627 2855 angelorum,
1646 2807 1775 2842 dicitur

211 2873 286 2896 csse
310 2864 440 2897 divina.
1172 2862 1175 2866 ’
