1859 3122
478 149 699 186 QUAESTIO
734 149 864 180 CXLII.
899 148 1143 180 ARTICULUS
1176 149 1219 178 11.
1452 165 1455 168 >
1553 149 1635 192 929

75 243 215 279 spensa,
250 239 355 278 atque
394 231 439 265 ibi
468 231 547 273 fixa,
581 239 616 266 et
641 239 822 274 manente,
854 231 1124 266 consuetudinis
1159 230 1295 274 (scilicet
1321 231 1466 265 carnalis
1487 232 1639 277 concupi-

72 286 224 331 scentiae)
247 285 414 331 impetus,
433 284 618 329 frangitur,
635 293 669 320 et
684 285 857 331 paulatim
872 296 1055 330 repressus
1068 284 1296 330 extinguitur,
1310 285 1425 330 major
1442 284 1539 319 enim
1552 292 1638 327 erat,

76 350 159 373 cum
182 350 265 373 eum
293 350 546 384 sequeremur3
569 350 642 372 non
666 339 816 372 omnino
839 338 970 380 nullus,
989 339 1050 372 sed
1074 346 1168 372 certe
1197 338 1327 380 minor,
1355 349 1437 372 cum
1464 337 1642 372 refraena-

76 403 156 426 mus
183 405 223 434 »;
250 400 285 426 et
312 392 393 425 ideo
422 391 556 425 Philos.
585 393 670 426 dicit
692 392 726 425 in
754 404 780 437 3.
797 392 1017 438 Ethic.(cap.
1034 392 1120 436 ult),
1142 392 1237 437 quod
1263 404 1280 423 «
1307 391 1640 437 quaemadmodum

75 456 227 492 puerum
267 453 410 490 oportet
437 446 635 479 secundum
663 454 896 492 praeceptum
931 445 1137 491 paedagogi
1162 445 1294 487 vivere,
1322 445 1384 486 sic,
1412 453 1446 479 et
1473 444 1642 491 concupi-

75 498 239 533 scibilem
267 509 469 532 consonare
498 499 627 533 rationi
655 512 686 532 ³).

147 552 206 585 AD
232 562 381 586 PRIMUM
415 563 502 597 ergo
530 552 735 594 dicendum,
763 552 858 598 quod
896 552 988 586 ratio
1015 551 1075 586 illa
1103 551 1265 597 procedit
1299 551 1499 586 secundum
1537 550 1640 585 illum

77 605 241 647 modum,
268 616 339 651 quo
368 605 503 650 puerile
531 605 659 639 dicitur
685 605 731 647 id,
759 605 855 652 quod
897 606 933 638 in
959 605 1078 651 pueris
1106 605 1302 639 invenitur:
1340 606 1389 639 sic
1418 613 1538 639 autem
1566 615 1640 638 non

76 658 204 692 dicitur
240 667 430 704 peccatum
466 659 763 705 intemperantiae
794 658 941 705 puerile,
969 659 1030 693 sed
1057 658 1256 693 secundum
1291 657 1576 700 similitudinem,
1604 665 1642 692 ut

77 712 212 746 dictum
235 720 288 745 est
315 711 364 756 (1'11
388 718 476 758 corp.
500 714 594 756 art).

148 765 207 799 AD
236 776 442 800 SECUNDUM
470 765 675 807 dicendum,
703 765 799 811 quod
827 765 1121 811 concupiscentia
1157 764 1276 810 aliqua
1302 773 1419 811 potest
1446 764 1516 798 dici
1543 772 1643 799 natu-

77 817 197 853 raliter
218 818 412 865 dupliciter:
433 830 496 852 uno
520 818 613 852 modo
629 818 827 853 secundum
855 829 968 863 genus
991 829 1112 860 suum3
1136 826 1170 852 et
1195 818 1244 852 sic
1267 818 1516 863 temperantia,
1533 826 1567 852 et
1592 818 1643 851 in-

77 872 315 917 temperantia
338 880 419 906 sunt
438 872 531 906 circa
555 871 867 918 concupiscentias
889 871 1090 913 naturales;
1123 879 1207 904 sunt
1228 871 1325 904 enim
1353 871 1448 904 circa
1475 870 1643 916 concupi-

77 925 232 960 scentias
252 925 427 967 ciborum,
443 933 476 959 et
490 936 740 966 venei-eorum,
753 936 844 970 quae
860 924 1071 958 ordinantur
1086 924 1129 958 ad
1145 924 1459 958 conservationem
1475 933 1641 958 naturae:

77 979 144 1014 alio
162 978 257 1013 modo
274 986 392 1024 potest
413 979 483 1012 dici
505 978 797 1023 concupiscentia
818 977 990 1011 naturalis
1006 985 1181 1023 quantum
1197 977 1239 1010 ad
1255 977 1413 1023 speciem
1437 978 1522 1022 ejus,
1545 977 1642 1023 quod

78 1040 205 1066 natura
228 1032 271 1065 ad
292 1032 348 1065 sui
370 1031 685 1066 conservationem
707 1031 872 1076 requirit3
893 1038 926 1064 et
947 1031 997 1064 sic
1020 1041 1095 1064 non
1121 1029 1276 1064 multum
1300 1031 1476 1076 contingit
1493 1042 1643 1077 peccare

80 1086 176 1120 circa
192 1084 374 1119 naturales
396 1084 725 1130 concupiscentias:
760 1094 887 1118 natura
914 1084 1011 1118 enim
1033 1095 1107 1117 non
1135 1084 1293 1130 requirit,
1316 1084 1383 1118 nisi
1405 1085 1439 1118 id
1462 1096 1524 1130 per
1546 1084 1643 1130 quod

79 1139 287 1174 subvenitur
306 1138 511 1172 necessitati
543 1144 711 1179 naturae,
733 1137 769 1170 in
792 1138 892 1182 cujus
915 1137 1091 1172 desiderio
1114 1149 1188 1172 non
1212 1138 1389 1184 contingit
1423 1149 1500 1172 esse
1521 1149 1646 1184 pecca-

79 1201 168 1234 tum,
190 1192 257 1226 nisi
278 1190 398 1225 solum
432 1190 630 1225 secundum
653 1191 861 1236 quantitatis
884 1202 1095 1233 excessum3
1119 1199 1153 1225 et
1190 1191 1389 1225 secundum
1423 1191 1493 1225 hoc
1524 1191 1645 1225 solum

80 1253 250 1292 peccatur
261 1245 356 1278 circa
370 1244 573 1278 naturalem
585 1244 981 1290 concupiscentiam,ut
990 1244 1126 1278 Philos.
1139 1245 1224 1278 dicit
1237 1245 1273 1278 in
1293 1244 1446 1291 3.Etliic.
1463 1245 1645 1291 (cap.11.):

81 1299 151 1333 alia
171 1309 269 1339 vero,
292 1298 387 1331 circa
406 1309 496 1344 quae
518 1297 715 1343 plurimum
737 1306 918 1344 peccatur,
946 1306 1028 1332 sunt
1053 1298 1232 1344 quaedam
1255 1298 1572 1344 concupiscentiae
1595 1299 1644 1332 in-

85 1353 291 1393 citamenta,
311 1362 402 1397 quae
424 1351 617 1384 hominum
641 1351 828 1385 curiositas
852 1351 1051 1393 adinvenit3
1066 1351 1158 1385 sicut
1177 1351 1319 1386 curiose
1341 1352 1542 1398 praeparati
1565 1352 1646 1393 cibi,

83 1414 117 1440 et
143 1405 312 1439 mulieres
339 1412 505 1446 ornatae;
533 1412 568 1438 et
594 1404 759 1450 quamvis
790 1405 855 1438 ista
883 1415 957 1438 non
979 1404 1135 1438 multum
1168 1405 1351 1450 requirant
1377 1405 1488 1450 pueri,
1515 1405 1644 1439 nihilo-

83 1459 202 1494 minus
227 1467 351 1493 tamen
373 1457 649 1503 intemperantia
671 1457 799 1491 dicitur
824 1457 960 1503 puerile
982 1465 1184 1503 peccatum,
1211 1458 1350 1492 ratione
1376 1458 1565 1503 jamdicta
1593 1458 1645 1503 (in

84 1519 172 1559 corp.
196 1513 288 1556 art).

155 1566 215 1600 AD
238 1575 410 1599 TERTIUM
432 1564 637 1606 dicendum,
660 1564 755 1609 quod
777 1564 824 1606 id,
847 1564 943 1610 quod
963 1564 1005 1597 ad
1021 1572 1187 1598 naturam
1208 1564 1372 1610 pertinet,
1399 1564 1435 1598 in
1456 1566 1574 1611 pueris
1593 1573 1647 1599 est

86 1618 408 1664 augmentandum,
431 1625 466 1651 et
486 1617 701 1651 fovendum:
725 1617 822 1663 quod
845 1625 964 1651 autem
987 1617 1139 1663 pertinet
1161 1617 1203 1651 ad
1226 1617 1407 1652 defectum
1433 1618 1582 1653 rationis
1608 1618 1645 1652 in

87 1673 148 1714 eis,
167 1683 241 1706 non
260 1679 315 1706 est
334 1670 546 1712 fovendum,
568 1670 630 1705 sed
652 1670 931 1712 emendandum,
950 1678 988 1704 ut
1006 1671 1143 1705 dictum
1166 1678 1220 1706 est
1240 1671 1293 1716 (in
1311 1677 1402 1718 corp.
1424 1672 1519 1717 art).

649 1814 992 1859 ARTICULUS
1021 1814 1100 1856 ΠΙ.
1579 1825 1644 1873 693

142 1922 296 1953 UTRUM
328 1922 556 1952 TIMIDITAS
590 1922 657 1951 SIT
690 1922 821 1964 MAJUS
854 1922 1024 1961 VITIUM,
1059 1922 1186 1957 QUAM
1217 1922 1586 1953 INTEMPERANTIA.

661 2009 751 2053 (Lib.
766 2021 796 2044 2.
811 2010 919 2044 Ethic.
935 2009 1004 2044 lect.
1020 2009 1080 2054 2.).

160 2099 220 2133 AD
237 2109 408 2134 TERTIUM
423 2099 472 2133 sic
488 2097 703 2144 proceditur.
718 2098 879 2140 Videtur,
895 2098 990 2144 quod
1004 2098 1176 2132 timiditas
1191 2098 1236 2133 sit
1254 2099 1370 2144 majus
1384 2098 1523 2140 vitium,
1539 2110 1648 2144 quam

89 2152 365 2198 intemperantia
384 2164 391 2186 :
414 2163 455 2185 ex
477 2152 548 2185 hoc
571 2151 668 2185 enim
690 2151 835 2198 aliquod
856 2152 983 2186 vitium
1006 2160 1184 2198 operatur,
1206 2152 1303 2198 quod
1331 2152 1525 2198 opponitur
1551 2152 1647 2186 bono

89 2205 246 2240 virtutis:
275 2205 336 2239 sed
362 2204 534 2239 timiditas
561 2205 754 2250 opponitur
781 2204 990 2247 fortitudini,
1018 2216 1108 2251 quae
1131 2213 1183 2239 est
1208 2205 1365 2239 nobilior
1390 2206 1512 2246 virtus,
1540 2216 1648 2251 quam

90 2258 340 2305 temperantia,
363 2260 418 2292 cui
441 2259 634 2304 opponitur
654 2258 944 2304 intemperantia,
967 2266 1003 2292 ut
1023 2270 1066 2292 ex
1087 2259 1297 2305 supradictis
1318 2266 1416 2305 patet
1435 2259 1513 2302 (art.
1534 2265 1648 2304 praec.

91 2318 122 2348 et
141 2324 171 2358 q.
185 2319 300 2359 praec.
323 2316 386 2345 art.
409 2312 479 2356 8.);
501 2322 587 2357 ergo
609 2311 780 2345 timiditas
802 2319 855 2345 est
876 2312 992 2357 majus
1012 2311 1152 2353 vitium,
1171 2323 1280 2358 quam
1302 2311 1589 2358 intemperantia.

163 2376 193 2400 2.
216 2365 452 2400 PRAETEREA.
477 2364 626 2405 Quanto
649 2363 774 2410 aliquis
797 2364 917 2398 deficit
936 2365 973 2398 in
987 2376 1043 2406 eo,
1058 2365 1153 2411 quod
1177 2364 1355 2399 difficilius
1369 2365 1534 2406 vincitur,
1548 2372 1649 2399 tanto

92 2419 211 2452 minus
233 2418 472 2463 vituperatur3
494 2417 588 2451 unde
609 2417 746 2452 Philos.
768 2417 853 2451 dicit
874 2417 910 2451 in
933 2429 963 2463 7.
986 2418 1103 2452 Ethic.
1128 2417 1216 2464 (cap.
1236 2419 1297 2464 7.),
1319 2418 1415 2463 quod
1434 2430 1451 2448 ‹<
1473 2417 1503 2451 si
1523 2418 1602 2464 quis
1629 2428 1650 2451 a

91 2472 253 2514 fortibus,
276 2479 311 2505 et
332 2470 695 2517 superexcellentibus
717 2471 1015 2505 delectationibus
1036 2472 1200 2513 vincitur,
1226 2471 1284 2505 vel
1309 2471 1471 2512 tristitiis,
1497 2481 1572 2505 non
1598 2478 1651 2506 est

93 2524 315 2567 admirabile,
337 2524 398 2558 sed
421 2523 661 2558 condonabile
687 2535 726 2557 »t
750 2524 811 2558 sed
838 2523 1016 2558 difficilius
1042 2525 1182 2558 videtur
1207 2524 1352 2557 vincere
1379 2523 1650 2566 delectationes,

93 2590 203 2625 quarn
226 2578 313 2612 alias
335 2577 539 2623 passiones;
561 2577 656 2611 unde
679 2578 714 2611 in
733 2587 764 2611 2.
779 2577 894 2611 Ethic.
916 2579 1005 2624 (cap.
1030 2579 1072 2623 3.)
1089 2577 1228 2621 dicitur,
1251 2577 1347 2622 quod
1369 2575 1580 2611 «difficilius
1599 2585 1652 2612 est

95 2640 220 2666 contra
245 2630 471 2676 voluptatem
497 2641 668 2676 pugnare,
692 2642 800 2676 quam
823 2639 947 2664 contra
970 2631 1061 2664 iram
1082 2644 1115 2672 »,
1137 2641 1228 2676 quae
1250 2630 1390 2663 videtur
1412 2640 1488 2663 esse
1510 2629 1651 2671 fortior,

95 2696 203 2731 quam
224 2685 354 2726 tim0r;
377 2695 462 2729 ergo
485 2683 769 2730 intemperantia,
792 2695 883 2730 quae
901 2684 1055 2718 vincitur
1076 2695 1094 2717 a
1118 2683 1368 2723 delectatione,
1387 2682 1506 2716 minus
1528 2694 1652 2729 pecca-

94 2747 172 2773 tum
194 2745 257 2779 est,
280 2748 389 2783 quam
406 2736 590 2778 timiditas,
613 2747 704 2782 quae
725 2737 878 2771 vincitur
898 2749 916 2770 a
938 2737 1080 2770 timore.

171 2803 199 2837 3.
227 2791 462 2825 PRAETEREA.
489 2790 545 2824 De
572 2790 710 2824 ratione
737 2790 876 2836 peccati
901 2798 965 2832 est,
991 2789 1087 2836 quod
1115 2789 1158 2823 sit
1183 2788 1446 2823 voluntarium:
1474 2789 1535 2823 sed
1561 2789 1653 2823 timi-

97 2845 188 2880 ditas
210 2852 263 2879 est
283 2843 399 2889 magis
420 2842 635 2885 voluntaria,
657 2854 765 2889 quarn
787 2843 1082 2889 intemperantia:
1102 2842 1222 2876 nullus
1245 2843 1340 2876 enim
1363 2842 1586 2888 concupiscit
1602 2842 1652 2876 in-
