1859 3122
535 147 754 184 QUAESTIO
790 146 857 176 CL.
890 144 1134 175 ARTICULUS
1168 143 1227 173 111.
1567 140 1646 182 973

97 231 308 266 lectationes
336 230 589 264 connaturales
615 229 719 263 nobis
741 236 841 269 sunt;
864 235 900 262 et
926 226 1127 261 ‘secundum
1154 225 1225 258 hoc
1253 223 1418 257 dicuntur
1444 220 1653 266 hujusmodi

97 294 245 330 peccata
267 294 343 318 esse
372 284 529 316 maxima
558 284 675 316 amica
697 282 856 322 diabolo,
883 292 956 314 non
979 280 1061 325 quia
1089 279 1159 312 sint
1185 278 1262 311 aliis
1286 277 1463 321 graviora,
1485 275 1547 309 sed
1570 274 1652 320 quia

97 345 178 371 sunt
201 337 291 383 apud
319 337 477 370 hominis
501 336 754 381 frequentiora.

168 391 227 424 AD
250 400 455 424 SECUNDUM
480 390 685 430 dicendum,
708 388 803 434 quod
827 389 964 421 bonum
988 386 1135 419 rationis
1159 384 1351 429 impeditur
1373 382 1569 428 ‹luplz'rilter:
1589 392 1653 414 nno

97 444 191 477 ruodo
214 455 275 488 per
297 444 330 476 id
354 443 449 488 quod
473 451 526 476 est
547 443 767 476 contrarium
792 441 940 474 rationi:
964 440 1028 473 alio
1045 439 1138 472 modo
1158 449 1218 483 per
1241 437 1274 470 id
1298 437 1393 482 quod
1414 435 1527 469 aufert
1550 445 1653 468 usum

98 497 263 531 rationis:
288 496 365 542 plus
389 505 510 530 autem
533 496 640 529 habet
655 495 697 528 de
715 495 851 528 ratione
868 493 953 527 mali
969 493 1002 526 id
1022 492 1118 537 quod
1135 490 1371 525 contrariatur
1387 489 1527 529 rationi,
1546 498 1655 533 quam

98 551 194 596 quod
215 550 258 583 ad
281 550 410 583 horam
427 561 531 582 usum
547 549 694 582 rationis
711 547 842 582 aufert:
862 558 965 581 usum
982 546 1076 579 enirn
1094 544 1242 578 rationis
1258 551 1374 589 potest
1388 553 1464 575 esse
1480 550 1514 575 et
1527 541 1655 582 bonus,

99 611 133 638 et
155 602 282 642 malus,
305 603 365 648 qui
386 602 522 636 tollitur
545 614 605 647 per
629 602 856 635 ebrietatem:
884 599 946 634 sed
969 599 1063 632 bona
1085 598 1268 639 virtutum,
1288 608 1379 642 quae
1397 595 1572 629 tolluntur
1594 604 1656 639 per

99 668 140 690 ca
162 668 253 702 quae
277 656 540 689 contrariantur
562 655 703 696 rationi,
725 662 808 688 sunt
828 664 970 699 semper
991 652 1097 686 bona.

171 710 229 743 AD
250 719 422 743 TERTIUM
445 708 651 750 dicendum,
674 707 770 753 quod
797 706 947 741 servitus
978 714 1031 739 est
1062 712 1257 739 consecuta
1287 714 1329 737 ex
1360 702 1529 736 ebrietate
1553 710 1657 734 occa-

100 762 296 801 sionaliter,
318 762 533 807 inquantum
556 761 676 795 Cham
703 759 999 794 maledictionem
1025 757 1203 792 servitutis
1225 757 1260 790 in
1282 767 1346 790 sua
1368 754 1576 802 posteritate
1603 764 1658 787 ac-

100 817 195 862 cepit
216 823 360 862 propter
382 816 466 856 hoc,
488 816 585 861 quod
612 815 720 849 irrisit
746 822 882 860 patrem
912 812 1146 847 inebriatum:
1174 822 1248 845 non
1276 817 1397 844 autem
1419 808 1570 843 servitus
1592 805 1658 841 fuit

101 870 233 904 directe
256 880 374 915 poena
396 868 587 903 ebrietatis.

661 982 1005 1028 ARTICULUS
1035 982 1111 1024 IV.
1593 999 1659 1034 727

418 1082 569 1111 UTRUM
601 1080 808 1110 EBRIETAS
841 1079 1039 1108 EXCUSET
1073 1078 1099 1106 A
1132 1076 1350 1106 PECCATO.

259 1154 340 1198 (1-2.
363 1166 392 1200 q.
416 1155 469 1200 76.
492 1160 557 1188 art.
579 1165 611 1198 4.
635 1154 676 1188 ad
697 1165 728 1188 2.
751 1158 779 1187 et
796 1164 828 1197 4.
851 1157 878 1186 et
904 1164 934 1186 2.
958 1153 1046 1185 Dist.
1069 1162 1122 1185 22.
1145 1163 1174 1196 q.
1197 1162 1228 1184 2.
1251 1154 1314 1183 art.
1337 1161 1367 1183 2.
1387 1148 1429 1182 ad
1450 1149 1511 1193 2.).

174 1237 234 1271 AD
261 1247 448 1276 QUARTUM
470 1237 520 1271 sic
543 1236 759 1283 proceditur.
786 1236 950 1276 Videtur,
973 1234 1069 1280 quod
1092 1233 1244 1267 ebrietas
1265 1243 1339 1266 non
1363 1238 1512 1266 excuset
1538 1241 1557 1264 a
1578 1240 1659 1276 pec-

105 1299 206 1325 cato:
229 1290 314 1324 dicit
335 1291 433 1324 enim
459 1290 596 1324 Philos.
626 1290 662 1324 in
694 1301 722 1335 3.
750 1289 866 1323 Ethic.
893 1290 979 1334 (cap.
1003 1289 1063 1334 5.)‚
1095 1286 1192 1333 quod
1221 1286 1338 1320 ebrius
1368 1292 1527 1318 meretur
1553 1282 1665 1329 dupli-

105 1355 165 1378 ces
186 1343 461 1385 mulctationes;
484 1355 571 1389 ergo
606 1343 757 1377 ebrietas
784 1342 900 1387 magis
932 1349 1105 1387 aggravat
1133 1347 1335 1386 peccatum,
1364 1349 1473 1384 quam
1508 1343 1664 1371 excuset.

175 1408 205 1432 2.
225 1398 461 1431 PRAETEREA.
477 1397 561 1430 Non
577 1405 766 1431 excusatur
781 1403 973 1441 peccatum
989 1405 1050 1440 per
1065 1401 1267 1439 peccatum,
1283 1391 1345 1426 sed
1361 1390 1478 1436 magis
1494 1397 1664 1435 augetur3

105 1451 257 1485 ebrietas
280 1458 401 1484 autem
428 1458 481 1484 est
498 1458 706 1496 peccatum3
730 1460 817 1495 ergo
839 1460 913 1482 non
936 1455 1082 1482 excusat
1104 1458 1123 1480 a
1145 1453 1307 1492 peccato.

180 1515 208 1550 3.
231 1503 467 1538 PRAETEREA.
490 1503 627 1537 Philos.
650 1502 735 1536 dicit
756 1502 793 1536 in
815 1500 846 1535 6.
862 1501 980 1535 Ethic.
998 1500 1159 1547 (cap.5.)‚
1179 1499 1276 1545 quod
1294 1498 1386 1532 sicut
1398 1497 1490 1531 ratio
1504 1495 1665 1531 hominis
1695 1508 1698 1511 ⁴

107 1557 238 1603 ligatur
261 1568 322 1602 per
345 1557 566 1598 ebrietatem,
588 1556 637 1590 ita
658 1555 789 1601 ligatur
815 1566 878 1601 per
905 1553 1258 1599 concupiscentiam:
1287 1551 1347 1586 sed
1371 1549 1665 1596 concupiscentia

105 1622 179 1645 non
202 1617 348 1644 excusat
367 1621 386 1643 a
407 1617 575 1656 peccat03
599 1620 686 1655 ergo
709 1609 818 1643 etiam
838 1618 956 1653 neque
978 1607 1141 1641 ebrietas.

179 1663 252 1697 SED
275 1673 430 1697 CONTRA
450 1671 512 1704 est,
536 1662 631 1708 quod
654 1662 749 1695 Loth
773 1669 963 1695 excusatur
986 1660 1027 1693 ab
1050 1660 1189 1693 incestu
1210 1666 1357 1705 propter
1379 1656 1601 1697 ebrietatem,
1629 1663 1666 1689 ut

108 1718 202 1762 Aug.
223 1716 309 1750 dicit
330 1724 455 1750 contra
476 1715 646 1749 Faustum
669 1714 746 1760 (lili.
769 1726 822 1750 22.
849 1720 919 1759 cap.
942 1715 1027 1758 44).

178 1770 409 1804 RESPONDEO
432 1769 637 1809 dicendum,
669 1768 765 1814 quod
795 1768 830 1800 in
854 1767 1035 1807 ebrietate,
1062 1766 1125 1800 duo
1149 1765 1389 1805 attenduntur,
1412 1763 1504 1797 sicut
1530 1762 1666 1796 dictum

107 1832 160 1858 est
176 1823 264 1870 (cap.
289 1833 319 1857 Ι.
337 1823 405 1868 huj.
421 1822 490 1868 q.);
508 1821 662 1855 scilicet:
686 1821 822 1866 &sertus
842 1831 1079 1865 consequens,
1096 1828 1129 1853 et
1143 1825 1233 1853 izi-tus
1253 1817 1488 1864 praecedens:
1506 1828 1548 1850 ex
1568 1823 1666 1861 parte

109 1885 230 1910 autem
251 1875 410 1910 defectus
427 1875 691 1920 consequentis,
710 1875 746 1907 in
761 1885 832 1919 quo
852 1873 984 1918 ligatur
999 1883 1082 1905 usus
1099 1872 1260 1913 rationis,
1276 1871 1427 1905 ebrietas
1442 1869 1550 1902 habet
1565 1879 1668 1902 excu-

108 1940 186 1964 sare
213 1940 233 1962 a
266 1936 428 1974 peccato,
454 1928 668 1973 inquantum
696 1936 819 1961 causat
845 1926 1131 1960 involuntarium
1158 1937 1222 1970 per
1247 1923 1511 1970 ignorantiam:
1538 1921 1600 1956 sed
1627 1932 1669 1955 ex

110 1990 209 2028 parte
225 1990 324 2016 actus
339 1981 586 2027 praecedentis
600 1981 740 2015 videtur
757 1992 833 2015 esse
849 1979 1164 2025 distinguendum:
1184 1978 1267 2024 quia
1282 1979 1309 2011 si
1330 1989 1372 2011 ex
1394 1985 1475 2010 actu
1494 1975 1557 2009 illo
1573 1986 1671 2020 prae-

111 2035 260 2070 cedente
282 2035 473 2069 subsecuta
495 2043 547 2068 est
569 2034 720 2068 ebrietas
740 2034 816 2068 sine
838 2041 1001 2079 peccato,
1020 2040 1104 2066 tunc
1120 2040 1315 2078 peccatum
1336 2041 1490 2076 sequens
1512 2027 1670 2063 totaliter

112 2096 299 2122 excusatur
322 2099 341 2121 a
363 2087 486 2133 culpa:
515 2089 607 2121 sicut
628 2087 720 2121 forte
749 2087 879 2121 accidit
905 2086 948 2120 de
975 2086 1091 2119 Loth:
1119 2085 1149 2119 si
1176 2093 1297 2119 autem
1325 2092 1425 2118 actus
1451 2082 1670 2129 praecedens

113 2141 178 2176 fuit
198 2141 396 2186 culpabilis,
418 2141 468 2175 sic
490 2152 564 2174 non
586 2140 744 2174 totaliter
771 2139 898 2186 aliquis
926 2147 1116 2173 excusatur
1139 2150 1158 2172 a
1185 2146 1337 2184 peccato
1364 2136 1546 2182 sequenti3
1574 2134 1670 2180 quod

113 2195 251 2229 scilicet
272 2194 429 2228 redditur
449 2193 694 2227 voluntarium
717 2205 759 2227 ex
780 2193 966 2227 voluntate
983 2193 1228 2238 praecedentis
1245 2199 1356 2232 actus,
1373 2191 1586 2235 inquantum
1609 2188 1673 2221 sci-

113 2248 198 2282 licet
219 2247 346 2292 aliquis
369 2247 456 2280 dans
472 2258 621 2292 operam
643 2247 694 2280 rei
712 2246 856 2280 illicitae
875 2246 999 2279 incidit
1021 2246 1213 2291 insequens
1234 2252 1442 2290 peccatum:
1463 2242 1672 2275 diminuitur

113 2310 236 2335 tamen
254 2309 444 2347 peccatum
465 2311 629 2345 sequens,
652 2300 743 2334 sicut
765 2307 799 2333 et
821 2299 1033 2333 diminuitur
1054 2299 1145 2332 ratio
1168 2297 1380 2338 voluntarii3
1403 2296 1496 2330 unde
1518 2295 1671 2339 August.

115 2354 201 2388 dicit
223 2362 347 2387 contra
369 2353 540 2386 Faustum
555 2353 633 2397 (loc.
647 2359 718 2399 sup.
739 2353 824 2397 cit),
848 2352 944 2398 quod
967 2352 1096 2385 «Loth
1119 2350 1316 2397 culpandus
1334 2358 1396 2391 est,
1411 2360 1485 2382 non
1499 2355 1672 2393 quantum

114 2406 174 2441 ille
194 2407 364 2447 incestus,
386 2406 447 2440 sed
469 2414 643 2451 quantum
666 2406 816 2439 ebrietas
839 2405 1015 2439 meruit».

187 2460 247 2494 AD
268 2470 417 2494 PRIMUM
439 2470 525 2504 ergo
545 2459 749 2500 dicendum,
772 2459 868 2504 quod
890 2458 1026 2492 Philos.
1054 2469 1128 2491 non
1150 2457 1247 2498 dicit,
1270 2456 1366 2502 quod
1393 2462 1573 2489 mereatur
1599 2465 1676 2499 gra-

115 2513 256 2547 viorem
266 2512 542 2546 mulctationem
554 2512 681 2553 ebrius,
693 2512 754 2545 sed
766 2512 862 2557 quod
875 2519 1053 2545 mereatur
1070 2511 1229 2556 duplicem
1245 2509 1520 2543 mulctationem
1531 2515 1676 2553 propter

117 2566 235 2612 duplex
256 2573 465 2610 peccatum:
487 2564 545 2598 vel
566 2573 684 2610 potest
705 2565 787 2606 dici,
810 2565 906 2610 quod
928 2564 1086 2610 loquitur
1108 2563 1310 2597 secundum
1340 2561 1459 2607 legem
1487 2561 1674 2606 cujusdam

117 2619 257 2660 Pittaci,
280 2619 350 2664 qui,
373 2627 410 2652 ut
431 2618 560 2651 dicitur
581 2618 616 2651 in
639 2628 669 2651 2.
692 2618 877 2652 Politicor.
901 2619 1033 2659 statuit,
1056 2617 1152 2662 quod
1175 2616 1273 2657 ebrii,
1292 2615 1321 2649 si
1342 2621 1579 2660 percuterent,
1598 2613 1676 2659 plus

119 2672 340 2718 punirentur,
362 2683 471 2716 quam
489 2671 622 2713 sobrii;
644 2671 726 2716 quia
748 2671 880 2716 pluries
902 2671 1125 2716 injuriantur,
1153 2670 1189 2702 in
1211 2680 1294 2714 quo,
1314 2676 1352 2702 ut
1372 2668 1521 2701 Aristot.
1540 2666 1676 2700 ibidem

120 2725 216 2766 dicit,
238 2725 376 2758 videtur
397 2724 513 2769 magis
532 2724 727 2769 respexisse
751 2724 793 2757 ad
816 2723 1018 2765 utilitatem,
1040 2722 1177 2757 scilicet
1196 2729 1232 2755 ut
1251 2721 1501 2755 cohiberentur
1527 2720 1677 2765 injuriae

122 2777 186 2823 [al.
204 2776 387 2821 injustia&
409 2788 519 2823 quam
545 2777 589 2811 ad
614 2777 771 2819 veniam,
793 2788 902 2823 quarn
925 2784 1069 2823 oportet
1090 2775 1222 2809 habere
1237 2775 1280 2808 de
1297 2774 1413 2815 ebriis,
1432 2780 1576 2819 propter
1593 2772 1676 2814 hoc,

123 2830 220 2877 quod
241 2841 315 2865 non
336 2837 417 2865 sunt
438 2830 493 2864 sui
515 2838 714 2875 compotes.
