1859 3122
462 171 684 216 QUAESTIO
720 180 834 209 inv.
867 179 1111 210 ARTICULUS
1144 180 1188 210 11.
1524 181 1606 222 473

38 271 117 297 tent
138 263 232 297 inter
261 262 390 304 bonos,
422 261 481 296 vel
503 263 586 308 quia
613 262 748 296 habent
775 261 910 296 multos
936 273 1122 308 sequaces,
1149 263 1197 296 ita
1219 262 1315 308 quod
1334 262 1410 296 sine
1431 262 1613 296 bonorum

40 316 204 362 periculo
220 315 372 350 interfici
386 326 462 349 non
477 323 647 362 possunt3
665 323 702 349 ut
720 315 813 360 Aug.
830 315 915 349 dicit
929 323 1054 349 contra
1069 315 1298 350 Parmenian.
1314 317 1389 361 (lib.
1405 328 1433 362 3.
1457 322 1531 362 cap.
1545 316 1611 360 2.);

42 369 138 403 unde
161 369 345 403 Dominus
367 370 486 410 docet,
511 369 627 414 magis
649 380 726 403 esse
751 369 943 403 sinendum
964 368 1080 403 malos
1103 369 1235 411 vivere,
1247 377 1288 403 stt
1310 369 1487 404 ultionem
1505 380 1614 403 reser-

45 423 202 456 vandam
226 434 338 468 usque
369 423 412 456 ad
437 430 639 457 extremum
662 422 850 468 judicium,
873 433 981 468 quam
1005 423 1102 468 quod
1134 423 1221 456 boni
1251 423 1360 456 simul
1383 423 1612 464 occidantur3

44 477 189 523 quando
212 487 299 510 vero
319 487 361 510 ex
386 476 572 511 occisione
596 475 779 510 malorum
802 487 874 509 non
895 476 1061 509 imminet
1082 475 1285 522 periculum
1311 476 1426 518 bonis,
1454 477 1515 510 sed
1542 487 1614 509 rna-

47 531 100 577 gis
121 530 244 572 tutela,
267 538 300 564 et
323 529 430 572 salus,
452 537 538 563 tunc
561 529 658 563 licite
681 538 830 575 possunt
850 529 937 562 mali
958 529 1086 563 occidi.

118 585 176 618 AD
196 594 405 618 SECUNDUM
427 583 636 624 dicendum,
659 582 756 628 quod
778 582 877 616 Deus
900 583 1098 616 secundum
1122 583 1287 617 ordinem
1310 595 1396 618 suae
1418 583 1613 629 sapientiae

44 638 262 683 quandoque
290 637 410 671 statim
438 643 650 683 peccatores
673 635 805 669 occidit
829 636 871 669 ad
893 634 1146 670 liberationem
1168 635 1367 678 bonorum;
1392 636 1612 682 quandoque

42 700 163 725 autem
186 693 235 725 eis
257 691 466 737 poenitendi
487 699 630 736 tempus
653 689 832 730 concedit,
855 689 1055 722 secundum
1074 689 1171 734 quod
1193 689 1269 735 ipse
1284 689 1384 723 novit
1399 690 1471 723 suis
1489 689 1612 723 electis

41 744 226 790 expedire3
250 752 284 779 et
304 744 375 778 hoc
399 744 509 778 etiam
530 744 691 777 humana
713 741 846 786 justitia
868 741 1028 775 imitatur
1049 753 1113 788 pro
1136 753 1257 787 posse:
1290 742 1370 776 illos
1407 742 1517 784 enim,
1551 742 1612 788 qui

41 806 125 832 sunt
145 798 338 844 perniciosi
360 798 395 831 in
418 797 508 831 alios
532 796 684 837 occidit;
708 806 770 829 eos
792 805 890 836 vem,
913 795 974 840 qui
991 804 1154 841 peccant,
1178 795 1255 830 aliis
1278 796 1435 842 graviter
1457 807 1532 830 non
1551 807 1613 830 no-

42 860 176 893 centes,
199 851 242 885 ad
264 851 526 897 poenitentiam
548 857 715 884 reservat.

114 905 173 938 AD
201 915 373 939 TERTIUM
395 904 602 944 dicendum,
624 903 720 949 quod
743 902 857 936 homo
880 902 1066 948 peccando
1090 902 1132 936 ab
1155 903 1281 937 ordine
1296 903 1444 937 rationis
1458 901 1609 944 recedit;

43 967 78 992 et
98 958 181 992 ideo
203 958 336 992 decidit
357 969 376 991 a
398 957 571 1004 dignitate
594 957 767 997 humana,
790 964 896 1000 prout
917 955 1055 989 scilicet
1074 956 1189 990 homo
1213 964 1267 990 est
1286 955 1496 990 naturaliter
1511 955 1609 997 liber,

43 1021 79 1046 et
99 1020 245 1057 propter
266 1011 425 1057 seipsum
447 1011 618 1052 existen53
641 1018 676 1044 et
697 1009 822 1043 incidit
836 1009 1111 1054 quodammodo
1126 1009 1162 1043 in
1176 1010 1387 1044 servitutem
1402 1009 1610 1050 bestiarum,

43 1073 82 1098 ut
102 1064 240 1099 scilicet
262 1065 304 1098 de
324 1065 403 1110 ipso
426 1064 622 1104 ordinetur,
646 1062 846 1097 secundum
869 1063 966 1108 quod
989 1071 1041 1096 est
1062 1062 1147 1097 utile
1171 1062 1260 1105 aliis,
1290 1063 1491 1097 secundum
1521 1061 1610 1096 illud

44 1118 101 1152 Ps.
124 1118 200 1160 48.:
224 1118 346 1158 Homo,
371 1130 445 1152 cum
473 1119 506 1151 in
534 1118 654 1151 honora
676 1121 764 1158 esset,
788 1128 851 1149 non
884 1116 1062 1156 intellexi&
1094 1122 1304 1162 comparatus
1325 1121 1367 1150 est
1384 1117 1544 1161 jumentis
1566 1117 1612 1149 in-

41 1172 245 1217 sipiantibus,
269 1177 298 1206 et
317 1172 434 1206 similis
446 1172 560 1217 factus
581 1176 624 1205 est
646 1170 728 1210 illis‚·
753 1177 786 1203 et
807 1169 977 1203 Proverb.
1006 1180 1056 1203 11.
1079 1169 1226 1204 dicitur:
1251 1171 1321 1214 Qui
1337 1171 1454 1204 stultus
1475 1174 1528 1210 est,
1550 1182 1612 1204 ser-

42 1226 109 1258 viet
127 1226 288 1270 sapienti;
312 1233 347 1259 et
368 1225 449 1259 ideo
472 1225 637 1271 quamvis
659 1223 849 1257 hominem
871 1223 907 1256 in
929 1234 992 1257 sua
1020 1223 1193 1269 dignitate
1214 1231 1424 1257 manentem
1446 1223 1611 1257 occidere

44 1278 90 1312 sit
110 1278 309 1312 secundum
331 1289 368 1312 se
390 1278 550 1320 malum;
572 1286 695 1312 tamen
717 1277 907 1310 hominem
937 1285 1169 1322 peccatorem
1204 1276 1371 1310 occidere
1394 1284 1512 1321 potest
1533 1287 1611 1310 esse

42 1331 193 1372 bonum,
215 1331 307 1365 sicut
328 1332 494 1366 occidere
515 1332 685 1366 bestiam:
717 1331 818 1376 pejor
840 1329 937 1363 enim
960 1338 1013 1364 est
1033 1329 1150 1364 malus
1183 1330 1311 1371 homo,
1344 1341 1453 1375 quam
1486 1330 1611 1372 bestia,

43 1392 80 1419 et
101 1384 179 1431 plus
201 1393 321 1427 nocet,
344 1394 381 1419 ut
402 1385 538 1420 Philos.
563 1385 649 1419 dicit
669 1385 705 1418 in
733 1395 760 1418 1.
782 1383 924 1418 Politic.
948 1385 1035 1430 (rap.
1059 1384 1108 1428 2.)
1128 1392 1162 1418 et
1183 1383 1219 1417 in
1241 1394 1272 1429 7.
1295 1383 1411 1417 Ethic.
1437 1383 1525 1430 (cap.
1549 1383 1610 1427 6.).

614 1515 960 1560 ARTICULUS
996 1515 1075 1557 HI.
1547 1525 1611 1571 358

327 1624 483 1654 UTRUM
516 1624 738 1653 OCCIDERE
770 1624 978 1652 HOMINEM
1010 1623 1303 1652 PECCATOREM

493 1689 652 1719 LICEAT
685 1689 900 1718 PRIVATAE
932 1688 1169 1717 PERSONAE.

233 1776 332 1823 (Jnsr.
355 1789 385 1822 q.
405 1777 455 1823 65.
477 1782 543 1812 art.
565 1790 591 1812 r.
615 1783 706 1823 corp.
729 1781 756 1810 et
778 1776 819 1810 ad
840 1788 870 1810 2.
893 1781 922 1810 et
941 1787 974 1819 4.
998 1776 1085 1809 Dist.
1105 1787 1155 1821 37.
1178 1787 1208 1820 q.
1229 1787 1260 1810 2.
1284 1780 1346 1810 art.
1369 1776 1425 1821 L).

119 1866 178 1900 AD
201 1875 372 1900 TERTIUM
395 1865 444 1899 sic
467 1864 683 1911 proceditur.
706 1863 870 1905 Videtur,
886 1863 981 1908 quod
998 1862 1164 1896 occidere
1177 1862 1368 1896 hominem
1382 1871 1612 1909 peccatorem

46 1920 155 1954 liceat
175 1919 334 1964 privatae
356 1929 549 1964 personae:
573 1918 609 1951 in
635 1917 716 1962 lege
739 1917 836 1951 enim
861 1917 981 1950 divina
1002 1915 1093 1949 nihil
1121 1915 1288 1950 illicitum
1315 1916 1524 1950 mandatur:
1548 1916 1610 1950 sed

48 1972 162 2007 Exodi
186 1982 237 2018 32.
261 1972 444 2018 praecepit
464 1972 629 2017 Moyses:
656 1970 796 2006 Occidczt
817 1971 1034 2014 unzzsquz'5qzte
1053 1969 1199 2015 fratrem.
1216 1981 1323 2010 suum,
1351 1975 1380 2003 et
1405 1971 1562 2010 amicum,
1583 1974 1613 2004 et

43 2028 237 2072 proximum
257 2038 352 2059 suum
373 2036 438 2071 pro
460 2033 611 2071 peccato
632 2023 735 2058 vituli
766 2022 976 2065 conflatili53
1008 2034 1094 2068 ergo
1130 2022 1239 2056 etiam
1272 2022 1416 2069 privatis
1450 2022 1612 2069 personis

48 2078 133 2113 licet
152 2087 383 2125 peccatorem
405 2078 582 2113 occidere.

120 2143 151 2166 2.
174 2133 410 2166 PRAETERfia.
433 2132 556 2165 Homo
579 2138 726 2177 propter
744 2137 933 2176 peccatum
955 2137 1186 2174 comparatur
1202 2128 1336 2171 bestiis,
1351 2136 1388 2162 ut
1403 2129 1540 2163 dictum
1561 2136 1614 2162 est

53 2185 130 2228 (art.
148 2191 262 2232 praec.
285 2185 326 2219 ad
343 2186 403 2231 3.),
429 2184 491 2218 sed
514 2183 680 2218 occidere
704 2183 856 2217 bestiam
879 2182 1104 2228 sylvestrem,
1126 2182 1285 2216 maxime
1314 2190 1520 2223 nocentem,
1544 2182 1614 2216 cui-

49 2237 135 2272 libet
155 2239 315 2284 privatae
336 2248 513 2283 personae
535 2237 635 2278 licet3
659 2248 745 2282 ergo
769 2245 803 2270 et
825 2236 901 2282 pari
924 2236 1063 2269 ratione
1086 2235 1252 2269 occidere
1273 2235 1463 2269 hominem
1489 2246 1614 2281 pecca-

50 2299 180 2326 torem.

125 2356 152 2390 3.
174 2345 410 2379 PRAETEREA.
434 2342 630 2377 Laudabile
653 2351 716 2384 est,
739 2342 835 2388 quod
864 2342 992 2383 homo,
1027 2341 1168 2376 etiamsi
1201 2343 1245 2376 sit
1277 2342 1414 2388 privata
1447 2352 1612 2387 persona,

53 2405 217 2443 operetur
238 2397 334 2443 quod
357 2405 410 2431 est
430 2397 515 2430 utile
536 2397 634 2430 bono
659 2396 864 2430 communi:
887 2396 948 2429 sed
972 2395 1107 2429 occisio
1131 2395 1408 2429 malefactorum
1441 2402 1492 2428 est
1518 2393 1612 2427 utilis

52 2449 148 2484 bono
171 2450 370 2492 communi,
392 2458 431 2483 ut
452 2450 589 2483 dictum
611 2457 664 2483 est
687 2449 757 2492 (art
776 2450 920 2494 praec.);
957 2460 1044 2494 ergo
1078 2448 1257 2482 laudabile
1280 2457 1343 2490 est,
1365 2448 1394 2482 si
1417 2448 1525 2481 etiam
1548 2446 1615 2492 pri-

53 2511 156 2537 vatae
178 2515 353 2549 personae
376 2502 628 2537 malefactores
651 2502 829 2536 occidant.

126 2556 200 2590 SED
229 2567 383 2591 CONTRA
407 2564 469 2597 est,
493 2556 588 2601 quod
616 2556 768 2601 August.
804 2555 890 2588 dicit
915 2555 951 2588 in
982 2566 1008 2589 1.
1037 2555 1079 2589 de
1108 2555 1187 2589 Civ.
1215 2555 1284 2589 Dei
1311 2555 1398 2600 (rap.
1426 2554 1481 2588 26.
1509 2558 1538 2587 et
1563 2565 1612 2587 21.

54 2613 84 2642 et
103 2609 177 2643 hab.
199 2616 334 2655 express.
359 2610 458 2644 Cam.
478 2621 524 2655 23.
547 2621 576 2654 q.
599 2609 664 2653 8.).·
691 2621 707 2640 t<
725 2608 799 2649 Qui
820 2609 896 2642 sine
920 2608 1036 2654 aliqua
1056 2608 1200 2654 publica
1215 2607 1524 2641 administratione
1542 2617 1615 2639 ma-

54 2659 198 2695 leficum
220 2662 403 2704 occiderit,
424 2661 522 2696 velut
543 2662 728 2695 homicida
750 2661 983 2706 judicabitur3
1007 2670 1040 2695 et
1061 2669 1161 2695 tanto
1186 2660 1349 2706 amplius,
1384 2667 1518 2705 quanto
1548 2659 1614 2693 sibi

55 2721 269 2759 potestatem
292 2727 310 2748 a
332 2716 413 2749 Deo
435 2726 509 2749 non
531 2726 745 2749 concessam
768 2726 939 2760 usurpare
962 2725 1035 2748 non
1056 2714 1177 2748 timuit
1197 2728 1229 2746 )).

124 2767 352 2802 RESPONDEO
375 2767 581 2808 dicendum,
604 2767 712 2813 quod,
735 2769 825 2801 sicut
846 2768 980 2800 dictum
1006 2775 1057 2800 est
1081 2767 1160 2810 (art.
1178 2766 1322 2812 praeta),
1346 2765 1512 2799 occidere
1543 2775 1616 2798 ma-

55 2818 264 2853 lefactorem
286 2820 423 2853 licitum
447 2828 509 2861 est,
530 2820 743 2865 inquantum
767 2820 951 2854 ordinatur
969 2820 1011 2853 ad
1031 2819 1185 2853 salutem
1199 2819 1307 2852 totius
1324 2818 1614 2859 communitatis3

57 2879 91 2905 et
111 2871 192 2906 ideo
216 2873 258 2906 ad
281 2872 383 2906 illum
405 2872 524 2907 solum
554 2874 717 2918 pertinet,
752 2874 809 2906 cui
843 2873 1080 2906 committitur
1114 2883 1198 2905 cura
1232 2871 1502 2906 communitatis
1533 2882 1616 2905 con-
