1859 3122
484 139 705 175 QUAESTIO
740 138 860 167 XXIII.
894 137 1138 167 ARTICULUS
1172 137 1214 166 ΙΙ.
1546 137 1624 179 177

67 221 215 268 singulis
238 221 342 255 rebus
363 221 490 255 indidit
511 220 658 262 formas,
678 231 741 266 per
763 231 850 265 quas
872 218 1090 252 inclinantur
1105 218 1148 252 ad
1168 217 1256 251 fines
1275 217 1341 251 sibi
1362 218 1591 263 praestitutos
1607 229 1626 251 a

66 275 166 309 Deo:
189 283 223 309 et
245 275 444 308 secundum
466 274 537 308 hoc
560 273 705 320 disponit
719 274 830 306 omnia
845 274 1003 314 suaviter,
1024 280 1060 305 ut
1076 272 1203 306 dicitur
1219 271 1302 316 Sap.
1319 271 1369 304 S.:
1393 270 1625 305 manifestum

67 336 120 362 est
141 336 274 369 autem,
301 327 397 373 quod
425 335 524 361 actus
552 326 735 360 charitatis
762 325 902 359 excedit
929 334 1094 359 naturam
1118 325 1299 370 potentiae
1322 324 1535 366 voluntatis3
1558 325 1626 358 nisi

66 392 153 427 ergo
177 381 294 427 aliqua
317 380 433 414 forma
460 379 757 426 superadderetur
783 378 937 412 naturali
960 379 1154 423 potentiae,
1177 390 1239 424 per
1261 389 1371 424 quarn
1393 377 1626 411 inclinaretur

68 435 111 468 ad
121 434 324 469 dilectionis
337 442 468 475 actum,
484 442 577 468 esset
588 441 688 467 actus
702 433 767 466 iste
782 431 1027 478 imperfectior
1038 431 1174 465 actibus
1190 431 1424 473 naturalibus,
1440 439 1474 465 et
1489 431 1626 465 actibus

67 487 218 521 aliarum
240 488 432 530 virtutum3
456 498 520 521 nec
545 494 639 521 esset
661 485 787 527 facilis,
811 493 844 519 et
871 484 1105 526 delectabilis,
1129 484 1225 530 quod
1252 492 1349 529 patet
1375 495 1453 518 esse
1475 483 1624 518 falsum:

66 541 149 587 quia
169 540 267 574 nulla
289 541 400 574 virtus
421 541 531 574 habet
544 548 680 574 tantam
697 538 971 573 inclinationem
995 538 1038 571 ad
1061 549 1167 572 suum
1187 546 1319 579 actum,
1343 538 1434 571 sicut
1450 537 1623 580 charitas;

65 605 131 628 nec
161 594 279 639 aliqua
309 595 357 628 ita
385 593 646 628 delectabiliter
673 601 858 639 operatur;
887 592 980 625 unde
1008 591 1166 625 maxime
1194 602 1341 625 necesse
1370 599 1433 633 est,
1461 591 1557 637 quod
1585 591 1629 625 ad

67 655 187 681 actum
207 647 388 681 charitatis
403 648 439 680 in
454 647 557 680 nobis
572 647 699 680 existat
714 645 831 692 aliqua
846 644 1040 681 habitualis
1058 644 1178 678 forma
1195 644 1424 689 superaddita
1443 644 1625 690 potentiae

66 700 231 741 naturali,
253 700 431 734 inclinans
453 700 570 746 ipsum
593 699 636 733 ad
659 699 842 734 charitatis
867 706 1000 739 actum,
1021 706 1054 732 et
1074 697 1210 732 faciens
1231 708 1311 731 eam
1326 705 1504 743 prompte,
1525 705 1558 732 et
1573 697 1630 732 de-

66 753 278 788 lectabiliter
300 753 451 798 operari.

137 806 197 841 AD
218 817 367 841 PRIMUM
390 818 476 852 ergo
498 806 704 847 dicendum,
728 805 823 851 quod
846 805 922 851 ipsa
949 805 1103 839 essentia
1125 804 1246 837 divina
1269 804 1424 837 charitas
1449 812 1512 845 est,
1535 804 1627 852 sicut

67 867 101 894 et
121 860 296 906 sapientia
326 868 390 902 cst,
412 868 447 894 et
466 859 607 894 bonitas
630 867 699 901 est3
731 859 825 893 unde
853 859 944 893 sicut
971 859 1125 892 dicimur
1151 858 1238 891 boni
1259 857 1431 899 bonitate,
1459 868 1551 903 quae
1574 865 1627 891 est

66 913 178 955 Deus,
200 921 235 948 et
260 913 438 960 sapientes
466 913 652 959 sapientia,
682 924 773 959 quae
804 920 855 946 est
884 913 984 946 Deus
1019 911 1119 957 (quia
1147 911 1301 952 bonitas,
1331 922 1400 956 qua
1430 910 1630 945 formaliter

67 966 154 1000 boni
175 978 310 1008 sumus,
333 975 385 1001 est
406 966 630 1012 participatio
653 966 830 1012 quaedam
854 966 996 999 divinae
1018 965 1205 1006 bonitatis3
1225 972 1259 998 et
1277 964 1464 1010 sapientia,
1480 975 1549 1010 qua
1563 963 1631 997 for-

67 1019 209 1054 maliter
222 1020 400 1066 sapientes
416 1031 551 1061 sumus,
564 1027 616 1054 est
624 1019 850 1066 participatio
866 1019 1045 1065 quaedam
1060 1018 1201 1052 divinae
1217 1017 1428 1063 sapientiae)
1442 1018 1509 1059 ;ita
1521 1017 1630 1051 etiam

68 1073 234 1115 charitas,
256 1085 324 1119 qua
338 1072 539 1107 formaliter
553 1072 735 1118 diligimus
750 1073 968 1118 proximum,
985 1080 1038 1106 est
1051 1071 1230 1117 quaedam
1246 1071 1471 1116 participatio
1487 1069 1628 1104 divinae

69 1126 270 1161 charitatis:
292 1127 351 1160 hic
374 1126 470 1160 enim
493 1126 624 1160 modus
645 1125 819 1171 loquendi
841 1133 1034 1160 consuetus
1058 1133 1110 1159 est
1125 1124 1217 1171 apud
1236 1124 1459 1165 Platonicos,
1475 1135 1629 1169 quorum

68 1180 238 1214 doctrinis
259 1180 417 1213 imbutus
438 1179 504 1213 fuit
524 1179 768 1224 Augustinus3
791 1179 887 1225 quod
915 1178 1062 1225 quidam
1084 1189 1158 1212 non
1188 1178 1426 1219 advertentes,
1450 1189 1491 1211 ex
1512 1177 1629 1211 verbis

69 1233 144 1278 ejus
166 1241 395 1278 sumpserunt
416 1233 651 1267 occasionem
674 1233 826 1266 errandi.

141 1287 201 1320 AD
223 1296 430 1321 SECUNDUM
453 1286 658 1327 dicendum,
681 1286 776 1331 quod
798 1286 897 1319 Deus
922 1293 975 1319 est
994 1285 1067 1319 vita
1083 1283 1246 1319 effective
1263 1293 1297 1318 et
1316 1284 1458 1318 animae
1473 1295 1536 1329 per
1551 1284 1632 1317 cha-

69 1339 222 1381 ritatem,
244 1347 278 1374 et
299 1339 460 1384 corporis
480 1350 542 1384 per
561 1339 740 1372 animam:
756 1339 816 1373 sed
832 1338 1031 1372 formaliter
1046 1338 1201 1372 charitas
1218 1346 1270 1372 est
1283 1338 1355 1371 vita
1371 1337 1525 1379 animae,
1540 1337 1632 1371 sicut

71 1401 105 1427 et
126 1393 246 1426 anima
268 1394 448 1438 corporis;
471 1392 565 1427 unde
587 1404 650 1438 per
670 1393 741 1426 hoc
765 1400 882 1438 potest
905 1391 1085 1433 concludi,
1109 1391 1205 1437 quod
1236 1391 1329 1425 sicut
1357 1390 1478 1424 anima
1507 1390 1632 1424 imme-

70 1445 164 1479 diate
186 1446 306 1479 unitur
329 1445 484 1491 corpori,
506 1445 554 1479 ita
577 1445 732 1479 charitas
756 1446 910 1478 animae.

141 1499 201 1533 AD
224 1509 394 1533 TERTicrr
414 1499 617 1540 dicendum,
633 1499 730 1544 quod
749 1499 903 1532 charitas
919 1506 1086 1543 operatur
1100 1497 1317 1532 formaliter:
1335 1496 1495 1531 efficacia
1509 1498 1630 1532 autern

70 1550 210 1585 formae
233 1560 285 1585 est
305 1551 503 1585 secundum
525 1552 695 1585 virtutem
718 1551 866 1597 agentis,
889 1552 949 1596 qui
976 1552 1112 1585 inducit
1142 1550 1316 1592 formam;
1348 1559 1382 1584 et
1411 1551 1493 1584 ideo
1524 1559 1630 1596 patet,

72 1604 168 1650 quod
192 1604 344 1639 charitas
362 1615 437 1638 non
461 1613 514 1638 est
534 1605 685 1646 vanitas,
706 1616 773 1638 nec
797 1612 849 1638 est
870 1604 1026 1637 infinita:
1050 1604 1111 1638 sed
1135 1604 1231 1649 quod
1253 1603 1339 1637 facit
1362 1602 1531 1637 effectum
1558 1603 1632 1637 infi-

71 1658 198 1699 nitum,
221 1657 307 1691 dum
329 1657 516 1702 conjungit
538 1658 697 1691 animam
719 1658 812 1699 Deo,
834 1657 1061 1703 justificando
1084 1657 1212 1703 ipsam,
1235 1657 1306 1691 hoc
1334 1656 1558 1692 demonstrat
1583 1658 1632 1691 in-

72 1710 247 1745 finitatem
269 1711 407 1744 virtutis
426 1711 578 1753 divinae,
601 1723 692 1757 quae
715 1719 767 1745 est
789 1711 972 1745 charitatis
992 1718 1127 1744 auctor.

611 1851 954 1896 ARTICULUS
991 1852 1070 1894 ΙΠ.
1567 1864 1630 1898 118

497 1958 651 1988 UTRUM
685 1958 898 1988 CHARITAS
934 1959 1000 1988 srr
1032 1959 1204 1989 marus,

190 2045 230 2091 (3.
253 2047 343 2080 Dist.
365 2057 417 2092 27.
440 2057 469 2092 q.
488 2058 518 2081 2.
542 2051 605 2080 art.
627 2058 658 2081 2.
680 2051 709 2081 et
737 2047 822 2080 Veri.
845 2059 874 2092 q.
897 2059 923 2081 I.
947 2051 1010 2080 art.
1030 2058 1058 2092 5.
1081 2046 1124 2080 ad
1146 2058 1175 2092 7.
1198 2051 1226 2080 et
1246 2058 1276 2092 q.
1299 2058 1330 2081 2.
1353 2051 1418 2081 art.
1440 2047 1500 2091 2.).

142 2134 202 2168 AD
225 2144 395 2168 TERTIUM
417 2134 467 2168 sic
489 2135 707 2180 proceditur.
729 2134 891 2176 Videtur,
914 2134 1010 2180 quod
1039 2134 1194 2168 charitas
1222 2145 1296 2168 non
1324 2134 1368 2168 sit
1393 2134 1520 2168 virtus:
1550 2134 1631 2168 cha-

72 2187 156 2221 ritas
183 2187 279 2221 enim
306 2187 464 2221 amicitia
495 2196 547 2222 est
578 2189 774 2233 quaedam:
807 2188 868 2221 sed
898 2187 1055 2221 amicitia
1085 2199 1104 2221 a
1133 2187 1359 2233 philosophis
1388 2199 1461 2221 non
1489 2187 1632 2233 ponitur

71 2240 193 2282 virtus,
208 2241 294 2274 utin
317 2241 347 2274 8.
367 2240 425 2274 lib.
447 2241 562 2275 Ethic.
585 2241 673 2287 (cap.
695 2241 742 2285 Ι.)
765 2249 878 2287 patet:
902 2252 1018 2287 neque
1038 2241 1134 2275 enim
1155 2248 1437 2275 connumeratur
1456 2242 1547 2275 inter
1567 2241 1634 2274 vir-

71 2300 163 2327 tutes
190 2293 356 2335 morales,
383 2305 499 2340 neque
527 2294 635 2328 etiam
660 2295 753 2328 inter
778 2293 1058 2336 intellectua1e53
1087 2305 1173 2340 ergo
1202 2294 1311 2328 etiam
1337 2306 1454 2340 neque
1478 2294 1632 2328 charitas

73 2354 126 2380 est
145 2355 266 2381 virtus.

144 2409 174 2432 2.
196 2399 431 2434 PRAETEREA.
461 2400 573 2434 Virtus
593 2405 637 2435 est
656 2401 808 2434 ultimum
824 2403 1002 2447 potentiae,
1026 2410 1064 2435 ut
1085 2401 1213 2435 dicitur
1233 2401 1269 2434 in
1291 2401 1350 2434 lib.
1378 2412 1405 2434 1.
1430 2401 1472 2434 de
1501 2399 1630 2441 Coelo,

73 2459 108 2486 et
124 2452 260 2486 Mundo
282 2453 360 2497 (tex.
383 2453 492 2499 1169:
514 2453 576 2487 sed
599 2453 753 2487 charitas
774 2465 847 2487 non
871 2463 923 2488 est
944 2454 1125 2496 ultimum,
1151 2454 1213 2488 sed
1243 2455 1359 2499 magis
1387 2453 1570 2499 gaudium,
1598 2460 1632 2486 et

73 2516 158 2550 pax3
179 2516 266 2551 ergo
287 2506 437 2548 videtur,
460 2506 555 2551 quod
579 2506 733 2540 charitas
754 2519 827 2540 non
850 2508 894 2541 sit
915 2507 1040 2549 virtus,
1063 2507 1124 2541 sed
1147 2507 1264 2553 magis
1291 2507 1463 2552 gaudium
1492 2515 1526 2540 et
1551 2517 1631 2552 pax.

146 2570 175 2604 3.
196 2559 430 2593 PRAETEREA.
460 2559 592 2593 Omnis
618 2559 728 2593 virtus
756 2568 810 2594 est
836 2560 983 2606 quidam
1009 2560 1153 2594 habitus
1181 2559 1435 2594 accidentalis:
1463 2559 1523 2593 sed
1552 2559 1634 2592 cha·

72 2610 156 2645 ritas
177 2623 250 2645 non
273 2619 326 2646 est
345 2612 487 2646 habitus
503 2612 745 2654 accidentalis,
761 2624 845 2646 cum
860 2614 903 2647 sit
916 2613 1073 2647 nobilior
1096 2613 1173 2659 ipsa
1196 2613 1334 2646 anima:
1356 2611 1496 2645 nullum
1511 2620 1631 2646 autem

75 2663 241 2698 accidens
263 2673 315 2698 est
336 2664 491 2699 nobilius
513 2665 692 2711 subjecto,
712 2677 799 2712 ergo
823 2666 976 2700 charitas
998 2677 1074 2699 non
1097 2674 1150 2699 est
1170 2666 1294 2699 virtus.

146 2717 219 2751 SED
242 2728 396 2752 CONTRA
416 2725 478 2759 est,
494 2718 590 2763 quod
611 2718 764 2764 August.
788 2719 873 2753 dicit
891 2721 925 2753 in
944 2719 1003 2752 lib.
1019 2719 1062 2753 de
1078 2719 1169 2752 Mor.
1189 2717 1286 2752 Eccl.
1304 2719 1488 2763 (cap.11.).·
1507 2730 1524 2748 κ
1539 2717 1633 2751 Cha-

73 2769 157 2804 ritas
180 2777 231 2804 est
251 2770 373 2812 virtus,
393 2781 495 2816 quae,
515 2781 600 2804 cum
620 2779 743 2806 nostra
765 2771 907 2806 affectio
931 2780 984 2806 est
1005 2771 1217 2812 rectissima,
1241 2770 1428 2816 conjungit
1449 2781 1515 2804 nos
1537 2771 1630 2812 Deo,

75 2834 144 2869 qua
166 2834 250 2858 eum
272 2823 454 2869 diligimus
475 2837 507 2857 >›.
