<?xml version="1.0" encoding="UTF-8"?>
<!DOCTYPE html PUBLIC "-//W3C//DTD XHTML 1.0 Transitional//EN"
    "http://www.w3.org/TR/xhtml1/DTD/xhtml1-transitional.dtd">
<html xmlns="http://www.w3.org/1999/xhtml" xml:lang="en" lang="en">
 <head>
  <title>
</title>
<meta http-equiv="Content-Type" content="text/html;charset=utf-8" />
  <meta name='ocr-system' content='tesseract 3.04.00' />
  <meta name='ocr-capabilities' content='ocr_page ocr_carea ocr_par ocr_line ocrx_word'/>
</head>
<body>
  <div class='ocr_page' id='page_1' title='image "./divithomaeaquina03thomuoft_1272.png"; bbox 0 0 1859 3122; ppageno 0'>
   <div class='ocr_carea' id='block_1_1' title="bbox 167 170 1380 224">
    <p class='ocr_par' dir='ltr' id='par_1_1' title="bbox 167 170 1380 224">
     <span class='ocr_line' id='line_1_1' title="bbox 167 170 1380 224; baseline 0.002 -14"><span class='ocrx_word' id='word_1_1' title='bbox 167 170 277 224; x_wconf 85' lang='lat'>1264</span> <span class='ocrx_word' id='word_1_2' title='bbox 505 181 727 215; x_wconf 87' lang='lat' dir='ltr'><strong>QUAESTIO</strong></span> <span class='ocrx_word' id='word_1_3' title='bbox 762 181 998 211; x_wconf 83' lang='lat' dir='ltr'>CLXXXVIII.</span> <span class='ocrx_word' id='word_1_4' title='bbox 1032 182 1276 212; x_wconf 84' lang='lat' dir='ltr'>ARTICULUS</span> <span class='ocrx_word' id='word_1_5' title='bbox 1307 183 1380 213; x_wconf 77' lang='lat' dir='ltr'><strong>vn.</strong></span> 
     </span>
    </p>
   </div>
   <div class='ocr_carea' id='block_1_2' title="bbox 156 261 1722 2913">
    <p class='ocr_par' dir='ltr' id='par_1_2' title="bbox 158 261 1720 998">
     <span class='ocr_line' id='line_1_2' title="bbox 161 261 1716 310; baseline 0.001 -14"><span class='ocrx_word' id='word_1_6' title='bbox 161 262 288 303; x_wconf 87' lang='lat' dir='ltr'>obstat,</span> <span class='ocrx_word' id='word_1_7' title='bbox 311 262 407 307; x_wconf 88' lang='lat' dir='ltr'><strong>quod</strong></span> <span class='ocrx_word' id='word_1_8' title='bbox 431 261 578 295; x_wconf 86' lang='lat' dir='ltr'><strong>Hieron.</strong></span> <span class='ocrx_word' id='word_1_9' title='bbox 607 261 693 296; x_wconf 87' lang='lat' dir='ltr'><strong>dicit</strong></span> <span class='ocrx_word' id='word_1_10' title='bbox 713 273 818 308; x_wconf 89' lang='lat' dir='ltr'><strong>super</strong></span> <span class='ocrx_word' id='word_1_11' title='bbox 845 262 973 296; x_wconf 87' lang='lat' dir='ltr'><strong>Matth.</strong></span> <span class='ocrx_word' id='word_1_12' title='bbox 998 262 1047 306; x_wconf 84' lang='lat' dir='ltr'><strong>(in.</strong></span> <span class='ocrx_word' id='word_1_13' title='bbox 1073 263 1129 303; x_wconf 82' lang='lat' dir='ltr'><strong>fin.</strong></span> <span class='ocrx_word' id='word_1_14' title='bbox 1156 268 1326 298; x_wconf 68' lang='lat' dir='ltr'><strong>comment.</strong></span> <span class='ocrx_word' id='word_1_15' title='bbox 1353 263 1394 298; x_wconf 85' lang='lat' dir='ltr'><strong>ad</strong></span> <span class='ocrx_word' id='word_1_16' title='bbox 1419 270 1492 310; x_wconf 79' lang='lat' dir='ltr'><strong>cap.</strong></span> <span class='ocrx_word' id='word_1_17' title='bbox 1513 264 1595 309; x_wconf 71' lang='lat'><strong>16),</strong></span> <span class='ocrx_word' id='word_1_18' title='bbox 1619 264 1716 310; x_wconf 90' lang='lat' dir='ltr'><strong>quod</strong></span> 
     </span>
     <span class='ocr_line' id='line_1_3' title="bbox 163 313 1716 364; baseline 0.004 -18"><span class='ocrx_word' id='word_1_19' title='bbox 163 327 181 346; x_wconf 84' lang='lat'>«</span> <span class='ocrx_word' id='word_1_20' title='bbox 200 314 229 348; x_wconf 87' lang='lat' dir='ltr'><strong>si</strong></span> <span class='ocrx_word' id='word_1_21' title='bbox 262 314 339 359; x_wconf 87' lang='lat' dir='ltr'><strong>quis</strong></span> <span class='ocrx_word' id='word_1_22' title='bbox 375 314 531 359; x_wconf 85' lang='lat' dir='ltr'><strong>objicere</strong></span> <span class='ocrx_word' id='word_1_23' title='bbox 562 313 728 356; x_wconf 88' lang='lat' dir='ltr'><strong>voluerit,</strong></span> <span class='ocrx_word' id='word_1_24' title='bbox 757 315 943 360; x_wconf 90' lang='lat' dir='ltr'><strong>quomodo</strong></span> <span class='ocrx_word' id='word_1_25' title='bbox 969 315 1078 360; x_wconf 88' lang='lat' dir='ltr'><strong>Judas</strong></span> <span class='ocrx_word' id='word_1_26' title='bbox 1099 316 1292 361; x_wconf 88' lang='lat' dir='ltr'><strong>pecuniam</strong></span> <span class='ocrx_word' id='word_1_27' title='bbox 1319 316 1356 350; x_wconf 90' lang='lat' dir='ltr'><strong>in</strong></span> <span class='ocrx_word' id='word_1_28' title='bbox 1385 316 1513 352; x_wconf 84' lang='lat' dir='ltr'><strong>loculis</strong></span> <span class='ocrx_word' id='word_1_29' title='bbox 1541 318 1716 364; x_wconf 87' lang='lat' dir='ltr'><strong>portabat,</strong></span> 
     </span>
     <span class='ocr_line' id='line_1_4' title="bbox 160 367 1713 416; baseline 0.003 -16"><span class='ocrx_word' id='word_1_30' title='bbox 160 367 434 412; x_wconf 80' lang='lat' dir='ltr'><strong>respondemus,</strong></span> <span class='ocrx_word' id='word_1_31' title='bbox 456 367 553 412; x_wconf 92' lang='lat' dir='ltr'><strong>quod</strong></span> <span class='ocrx_word' id='word_1_32' title='bbox 575 379 652 402; x_wconf 91' lang='lat' dir='ltr'><strong>rem</strong></span> <span class='ocrx_word' id='word_1_33' title='bbox 675 379 874 414; x_wconf 87' lang='lat' dir='ltr'><strong>pauperum</strong></span> <span class='ocrx_word' id='word_1_34' title='bbox 900 368 936 402; x_wconf 90' lang='lat' dir='ltr'><strong>in</strong></span> <span class='ocrx_word' id='word_1_35' title='bbox 962 380 1046 403; x_wconf 91' lang='lat' dir='ltr'><strong>usus</strong></span> <span class='ocrx_word' id='word_1_36' title='bbox 1067 380 1151 403; x_wconf 90' lang='lat' dir='ltr'><strong>suos</strong></span> <span class='ocrx_word' id='word_1_37' title='bbox 1173 377 1384 404; x_wconf 86' lang='lat' dir='ltr'><strong>convertere</strong></span> <span class='ocrx_word' id='word_1_38' title='bbox 1399 369 1499 404; x_wconf 91' lang='lat' dir='ltr'><strong>nefas</strong></span> <span class='ocrx_word' id='word_1_39' title='bbox 1519 371 1656 416; x_wconf 89' lang='lat' dir='ltr'><strong>putavit</strong></span> <span class='ocrx_word' id='word_1_40' title='bbox 1670 383 1713 413; x_wconf 80' lang='lat'><strong>»3</strong></span> 
     </span>
     <span class='ocr_line' id='line_1_5' title="bbox 160 419 1715 469; baseline 0.003 -16"><span class='ocrx_word' id='word_1_41' title='bbox 160 419 298 454; x_wconf 88' lang='lat' dir='ltr'><strong>scilicet</strong></span> <span class='ocrx_word' id='word_1_42' title='bbox 327 419 503 454; x_wconf 79' lang='lat' dir='ltr'><strong>solvendo</strong></span> <span class='ocrx_word' id='word_1_43' title='bbox 534 420 726 454; x_wconf 88' lang='lat' dir='ltr'><strong>tributum:</strong></span> <span class='ocrx_word' id='word_1_44' title='bbox 757 423 840 467; x_wconf 85' lang='lat' dir='ltr'><strong>quia</strong></span> <span class='ocrx_word' id='word_1_45' title='bbox 866 421 958 455; x_wconf 89' lang='lat' dir='ltr'><strong>inter</strong></span> <span class='ocrx_word' id='word_1_46' title='bbox 986 421 1068 456; x_wconf 88' lang='lat' dir='ltr'><strong>illos</strong></span> <span class='ocrx_word' id='word_1_47' title='bbox 1097 433 1272 468; x_wconf 85' lang='lat' dir='ltr'>pauperes</span> <span class='ocrx_word' id='word_1_48' title='bbox 1300 422 1491 468; x_wconf 88' lang='lat' dir='ltr'>praecipue</span> <span class='ocrx_word' id='word_1_49' title='bbox 1520 431 1621 457; x_wconf 88' lang='lat' dir='ltr'><strong>erant</strong></span> <span class='ocrx_word' id='word_1_50' title='bbox 1641 425 1715 469; x_wconf 87' lang='lat' dir='ltr'><strong>ejus</strong></span> 
     </span>
     <span class='ocr_line' id='line_1_6' title="bbox 160 472 1717 522; baseline 0.003 -17"><span class='ocrx_word' id='word_1_51' title='bbox 160 472 336 518; x_wconf 83' lang='lat' dir='ltr'><strong>discipuli,</strong></span> <span class='ocrx_word' id='word_1_52' title='bbox 365 472 402 506; x_wconf 91' lang='lat' dir='ltr'><strong>in</strong></span> <span class='ocrx_word' id='word_1_53' title='bbox 425 484 581 518; x_wconf 87' lang='lat' dir='ltr'><strong>quorum</strong></span> <span class='ocrx_word' id='word_1_54' title='bbox 606 474 837 508; x_wconf 83' lang='lat' dir='ltr'><strong>necessitates</strong></span> <span class='ocrx_word' id='word_1_55' title='bbox 863 475 1016 520; x_wconf 87' lang='lat' dir='ltr'><strong>pecunia</strong></span> <span class='ocrx_word' id='word_1_56' title='bbox 1042 474 1247 509; x_wconf 82' lang='lat' dir='ltr'><strong>loculorum</strong></span> <span class='ocrx_word' id='word_1_57' title='bbox 1276 475 1410 510; x_wconf 84' lang='lat' dir='ltr'>Christi</span> <span class='ocrx_word' id='word_1_58' title='bbox 1437 476 1717 522; x_wconf 80' lang='lat' dir='ltr'><strong>expendebatur:</strong></span> 
     </span>
     <span class='ocr_line' id='line_1_7' title="bbox 159 526 1715 574; baseline 0.004 -15"><span class='ocrx_word' id='word_1_59' title='bbox 159 526 289 559; x_wconf 83' lang='lat' dir='ltr'><strong>dicitur</strong></span> <span class='ocrx_word' id='word_1_60' title='bbox 315 526 411 559; x_wconf 90' lang='lat' dir='ltr'><strong>enim</strong></span> <span class='ocrx_word' id='word_1_61' title='bbox 434 526 537 571; x_wconf 88' lang='lat' dir='ltr'><strong>Joan.</strong></span> <span class='ocrx_word' id='word_1_62' title='bbox 559 536 606 568; x_wconf 76' lang='grc'><strong>4.,</strong></span> <span class='ocrx_word' id='word_1_63' title='bbox 629 527 715 572; x_wconf 79' lang='lat' dir='ltr'><strong>quod</strong></span> <span class='ocrx_word' id='word_1_64' title='bbox 744 527 895 574; x_wconf 75' lang='lat' dir='ltr'><strong>discipuli</strong></span> <span class='ocrx_word' id='word_1_65' title='bbox 923 529 1077 562; x_wconf 72' lang='lat' dir='ltr'><strong>abierunt</strong></span> <span class='ocrx_word' id='word_1_66' title='bbox 1104 530 1139 562; x_wconf 81' lang='lat' dir='ltr'><strong>in</strong></span> <span class='ocrx_word' id='word_1_67' title='bbox 1168 530 1349 571; x_wconf 55' lang='lat' dir='ltr'><strong>civitatem,</strong></span> <span class='ocrx_word' id='word_1_68' title='bbox 1376 534 1411 563; x_wconf 84' lang='lat' dir='ltr'><strong>ut</strong></span> <span class='ocrx_word' id='word_1_69' title='bbox 1437 530 1523 564; x_wconf 83' lang='lat' dir='ltr'><strong>cibos</strong></span> <span class='ocrx_word' id='word_1_70' title='bbox 1554 534 1715 571; x_wconf 62' lang='lat' dir='ltr'><strong>emmim</strong></span> 
     </span>
     <span class='ocr_line' id='line_1_8' title="bbox 159 579 1720 629; baseline 0.003 -16"><span class='ocrx_word' id='word_1_71' title='bbox 159 587 196 613; x_wconf 90' lang='lat' dir='ltr'><strong>et</strong></span> <span class='ocrx_word' id='word_1_72' title='bbox 216 579 318 624; x_wconf 84' lang='lat' dir='ltr'><strong>Joan.</strong></span> <span class='ocrx_word' id='word_1_73' title='bbox 346 590 396 623; x_wconf 84' lang='lat'><strong>13.</strong></span> <span class='ocrx_word' id='word_1_74' title='bbox 420 579 559 621; x_wconf 87' lang='lat' dir='ltr'><strong>dicitur,</strong></span> <span class='ocrx_word' id='word_1_75' title='bbox 587 580 684 626; x_wconf 91' lang='lat' dir='ltr'><strong>quod</strong></span> <span class='ocrx_word' id='word_1_76' title='bbox 713 580 878 626; x_wconf 85' lang='lat' dir='ltr'><strong>discipuli</strong></span> <span class='ocrx_word' id='word_1_77' title='bbox 897 582 1064 627; x_wconf 82' lang='lat' dir='ltr'><strong>putabant</strong></span> <span class='ocrx_word' id='word_1_78' title='bbox 1088 583 1166 627; x_wconf 79' lang='lat' dir='ltr'><strong>quia</strong></span> <span class='ocrx_word' id='word_1_79' title='bbox 1192 582 1311 616; x_wconf 80' lang='lat' dir='ltr'><strong>loculos</strong></span> <span class='ocrx_word' id='word_1_80' title='bbox 1336 583 1474 617; x_wconf 80' lang='lat' dir='ltr'><strong>habebat</strong></span> <span class='ocrx_word' id='word_1_81' title='bbox 1493 582 1608 626; x_wconf 77' lang='lat' dir='ltr'><strong>sudas,</strong></span> <span class='ocrx_word' id='word_1_82' title='bbox 1635 582 1720 629; x_wconf 83' lang='lat' dir='ltr'><strong>quod</strong></span> 
     </span>
     <span class='ocr_line' id='line_1_9' title="bbox 159 632 1720 681; baseline 0.003 -15"><span class='ocrx_word' id='word_1_83' title='bbox 159 632 287 666; x_wconf 76' lang='lat' dir='ltr'><strong>dixisset</strong></span> <span class='ocrx_word' id='word_1_84' title='bbox 307 634 336 666; x_wconf 73' lang='lat' dir='ltr'><strong>ei</strong></span> <span class='ocrx_word' id='word_1_85' title='bbox 352 633 465 676; x_wconf 72' lang='lat' dir='ltr'><strong>Jesus:</strong></span> <span class='ocrx_word' id='word_1_86' title='bbox 492 633 574 667; x_wconf 74' lang='lat' dir='ltr'><strong>Eme</strong></span> <span class='ocrx_word' id='word_1_87' title='bbox 592 645 630 668; x_wconf 78' lang='lat' dir='ltr'><strong>ea</strong></span> <span class='ocrx_word' id='word_1_88' title='bbox 649 645 730 679; x_wconf 77' lang='lat' dir='ltr'><strong>quae</strong></span> <span class='ocrx_word' id='word_1_89' title='bbox 747 640 823 680; x_wconf 74' lang='lat' dir='ltr'><strong>opus</strong></span> <span class='ocrx_word' id='word_1_90' title='bbox 840 639 914 668; x_wconf 80' lang='lat' dir='ltr'><strong>sunt</strong></span> <span class='ocrx_word' id='word_1_91' title='bbox 931 635 1022 668; x_wconf 79' lang='lat' dir='ltr'><strong>nobis</strong></span> <span class='ocrx_word' id='word_1_92' title='bbox 1037 635 1078 669; x_wconf 85' lang='lat' dir='ltr'><strong>ad</strong></span> <span class='ocrx_word' id='word_1_93' title='bbox 1091 635 1176 669; x_wconf 63' lang='lat' dir='ltr'><strong>diem</strong></span> <span class='ocrx_word' id='word_1_94' title='bbox 1189 635 1322 681; x_wconf 71' lang='lat' dir='ltr'><strong>festum,</strong></span> <span class='ocrx_word' id='word_1_95' title='bbox 1341 641 1400 670; x_wconf 84' lang='lat' dir='ltr'><strong>aut</strong></span> <span class='ocrx_word' id='word_1_96' title='bbox 1417 641 1453 670; x_wconf 87' lang='lat' dir='ltr'><strong>ut</strong></span> <span class='ocrx_word' id='word_1_97' title='bbox 1470 637 1572 681; x_wconf 78' lang='lat' dir='ltr'><strong>egenis</strong></span> <span class='ocrx_word' id='word_1_98' title='bbox 1590 635 1720 681; x_wconf 81' lang='lat' dir='ltr'><strong>aliquid</strong></span> 
     </span>
     <span class='ocr_line' id='line_1_10' title="bbox 158 684 1718 734; baseline 0.003 -16"><span class='ocrx_word' id='word_1_99' title='bbox 158 684 272 725; x_wconf 78' lang='lat' dir='ltr'><strong>daret;</strong></span> <span class='ocrx_word' id='word_1_100' title='bbox 297 696 338 718; x_wconf 79' lang='lat' dir='ltr'><strong>ex</strong></span> <span class='ocrx_word' id='word_1_101' title='bbox 359 696 430 731; x_wconf 91' lang='lat' dir='ltr'><strong>quo</strong></span> <span class='ocrx_word' id='word_1_102' title='bbox 458 693 565 732; x_wconf 91' lang='lat' dir='ltr'><strong>patet,</strong></span> <span class='ocrx_word' id='word_1_103' title='bbox 595 686 691 732; x_wconf 85' lang='lat' dir='ltr'><strong>quod</strong></span> <span class='ocrx_word' id='word_1_104' title='bbox 719 697 933 721; x_wconf 81' lang='lat' dir='ltr'><strong>conservare</strong></span> <span class='ocrx_word' id='word_1_105' title='bbox 961 687 1164 732; x_wconf 87' lang='lat' dir='ltr'><strong>pecuniam,</strong></span> <span class='ocrx_word' id='word_1_106' title='bbox 1191 696 1252 721; x_wconf 91' lang='lat' dir='ltr'><strong>aut</strong></span> <span class='ocrx_word' id='word_1_107' title='bbox 1277 699 1523 734; x_wconf 84' lang='lat' dir='ltr'><strong>quascumque</strong></span> <span class='ocrx_word' id='word_1_108' title='bbox 1551 687 1638 722; x_wconf 90' lang='lat' dir='ltr'><strong>alias</strong></span> <span class='ocrx_word' id='word_1_109' title='bbox 1662 699 1718 723; x_wconf 88' lang='lat' dir='ltr'><strong>res</strong></span> 
     </span>
     <span class='ocr_line' id='line_1_11' title="bbox 160 739 1720 787; baseline 0.003 -16"><span class='ocrx_word' id='word_1_110' title='bbox 160 749 375 772; x_wconf 88' lang='lat' dir='ltr'><strong>communes</strong></span> <span class='ocrx_word' id='word_1_111' title='bbox 397 739 441 772; x_wconf 90' lang='lat' dir='ltr'><strong>ad</strong></span> <span class='ocrx_word' id='word_1_112' title='bbox 463 739 763 773; x_wconf 84' lang='lat' dir='ltr'><strong>sustentationem</strong></span> <span class='ocrx_word' id='word_1_113' title='bbox 786 739 1041 786; x_wconf 86' lang='lat' dir='ltr'><strong>religiosorum</strong></span> <span class='ocrx_word' id='word_1_114' title='bbox 1060 741 1354 786; x_wconf 86' lang='lat' dir='ltr'><strong>congregationis</strong></span> <span class='ocrx_word' id='word_1_115' title='bbox 1372 742 1544 787; x_wconf 89' lang='lat' dir='ltr'><strong>ejusdem,</strong></span> <span class='ocrx_word' id='word_1_116' title='bbox 1562 741 1619 776; x_wconf 89' lang='lat' dir='ltr'><strong>vel</strong></span> <span class='ocrx_word' id='word_1_117' title='bbox 1634 751 1720 787; x_wconf 89' lang='lat' dir='ltr'><strong>quo-</strong></span> 
     </span>
     <span class='ocr_line' id='line_1_12' title="bbox 159 791 1718 840; baseline 0.002 -15"><span class='ocrx_word' id='word_1_118' title='bbox 159 803 398 837; x_wconf 87' lang='lat' dir='ltr'><strong>rumcumque</strong></span> <span class='ocrx_word' id='word_1_119' title='bbox 429 791 583 826; x_wconf 89' lang='lat' dir='ltr'><strong>aliorum</strong></span> <span class='ocrx_word' id='word_1_120' title='bbox 616 804 830 839; x_wconf 88' lang='lat' dir='ltr'><strong>pauperum,</strong></span> <span class='ocrx_word' id='word_1_121' title='bbox 862 802 914 828; x_wconf 90' lang='lat' dir='ltr'><strong>est</strong></span> <span class='ocrx_word' id='word_1_122' title='bbox 940 793 1153 839; x_wconf 89' lang='lat' dir='ltr'><strong>perfectioni</strong></span> <span class='ocrx_word' id='word_1_123' title='bbox 1182 793 1382 836; x_wconf 85' lang='lat' dir='ltr'><strong>conforme,</strong></span> <span class='ocrx_word' id='word_1_124' title='bbox 1412 806 1523 840; x_wconf 87' lang='lat' dir='ltr'><strong>quarn</strong></span> <span class='ocrx_word' id='word_1_125' title='bbox 1552 794 1718 829; x_wconf 89' lang='lat' dir='ltr'><strong>Christus</strong></span> 
     </span>
     <span class='ocr_line' id='line_1_13' title="bbox 159 845 1718 894; baseline 0.003 -16"><span class='ocrx_word' id='word_1_126' title='bbox 159 845 282 879; x_wconf 88' lang='lat' dir='ltr'><strong>docuit</strong></span> <span class='ocrx_word' id='word_1_127' title='bbox 308 856 374 879; x_wconf 89' lang='lat' dir='ltr'><strong>suo</strong></span> <span class='ocrx_word' id='word_1_128' title='bbox 402 845 586 892; x_wconf 85' lang='lat' dir='ltr'><strong>exemplo:</strong></span> <span class='ocrx_word' id='word_1_129' title='bbox 615 846 675 880; x_wconf 89' lang='lat' dir='ltr'><strong>sed</strong></span> <span class='ocrx_word' id='word_1_130' title='bbox 703 854 737 880; x_wconf 90' lang='lat' dir='ltr'><strong>et</strong></span> <span class='ocrx_word' id='word_1_131' title='bbox 763 846 929 892; x_wconf 87' lang='lat' dir='ltr'><strong>discipuli</strong></span> <span class='ocrx_word' id='word_1_132' title='bbox 954 855 1036 892; x_wconf 86' lang='lat' dir='ltr'><strong>post</strong></span> <span class='ocrx_word' id='word_1_133' title='bbox 1060 848 1372 889; x_wconf 81' lang='lat' dir='ltr'><strong>resurrectionem,</strong></span> <span class='ocrx_word' id='word_1_134' title='bbox 1399 859 1419 882; x_wconf 87' lang='lat' dir='ltr'><strong>a</strong></span> <span class='ocrx_word' id='word_1_135' title='bbox 1445 848 1572 894; x_wconf 89' lang='lat' dir='ltr'><strong>quibus</strong></span> <span class='ocrx_word' id='word_1_136' title='bbox 1599 847 1718 882; x_wconf 88' lang='lat' dir='ltr'><strong>omnis</strong></span> 
     </span>
     <span class='ocr_line' id='line_1_14' title="bbox 159 898 1718 946; baseline 0.002 -15"><span class='ocrx_word' id='word_1_137' title='bbox 159 898 286 944; x_wconf 84' lang='lat' dir='ltr'><strong>religio</strong></span> <span class='ocrx_word' id='word_1_138' title='bbox 308 898 462 944; x_wconf 83' lang='lat' dir='ltr'><strong>sumpsit</strong></span> <span class='ocrx_word' id='word_1_139' title='bbox 485 899 678 944; x_wconf 78' lang='lat' dir='ltr'><strong>originem,</strong></span> <span class='ocrx_word' id='word_1_140' title='bbox 700 899 813 945; x_wconf 89' lang='lat' dir='ltr'><strong>pretia</strong></span> <span class='ocrx_word' id='word_1_141' title='bbox 834 900 1064 946; x_wconf 87' lang='lat' dir='ltr'><strong>praediorum</strong></span> <span class='ocrx_word' id='word_1_142' title='bbox 1091 901 1362 942; x_wconf 79' lang='lat' dir='ltr'><strong>conservabant,</strong></span> <span class='ocrx_word' id='word_1_143' title='bbox 1390 909 1424 935; x_wconf 86' lang='lat' dir='ltr'><strong>et</strong></span> <span class='ocrx_word' id='word_1_144' title='bbox 1449 901 1718 942; x_wconf 84' lang='lat' dir='ltr'><strong>distribuebant,</strong></span> 
     </span>
     <span class='ocr_line' id='line_1_15' title="bbox 160 951 638 998; baseline 0.002 -13"><span class='ocrx_word' id='word_1_145' title='bbox 160 959 265 997; x_wconf 89' lang='lat' dir='ltr'><strong>prout</strong></span> <span class='ocrx_word' id='word_1_146' title='bbox 288 951 417 997; x_wconf 92' lang='lat' dir='ltr'><strong>cuique</strong></span> <span class='ocrx_word' id='word_1_147' title='bbox 440 963 530 998; x_wconf 89' lang='lat' dir='ltr'><strong>opus</strong></span> <span class='ocrx_word' id='word_1_148' title='bbox 553 960 638 986; x_wconf 86' lang='lat' dir='ltr'><strong>erat.</strong></span> 
     </span>
    </p>

    <p class='ocr_par' dir='ltr' id='par_1_3' title="bbox 157 1004 1722 1849">
     <span class='ocr_line' id='line_1_16' title="bbox 228 1004 1715 1054; baseline 0.001 -16"><span class='ocrx_word' id='word_1_149' title='bbox 228 1004 288 1039; x_wconf 87' lang='lat' dir='ltr'><strong>AD</strong></span> <span class='ocrx_word' id='word_1_150' title='bbox 308 1015 457 1040; x_wconf 80' lang='lat' dir='ltr'>PRIMUM</span> <span class='ocrx_word' id='word_1_151' title='bbox 483 1017 568 1051; x_wconf 86' lang='lat' dir='ltr'><strong>ergo</strong></span> <span class='ocrx_word' id='word_1_152' title='bbox 592 1005 800 1048; x_wconf 90' lang='lat' dir='ltr'><strong>dicendum,</strong></span> <span class='ocrx_word' id='word_1_153' title='bbox 819 1007 927 1052; x_wconf 88' lang='lat' dir='ltr'><strong>quod,</strong></span> <span class='ocrx_word' id='word_1_154' title='bbox 949 1006 1040 1040; x_wconf 89' lang='lat' dir='ltr'><strong>sicut</strong></span> <span class='ocrx_word' id='word_1_155' title='bbox 1061 1007 1198 1040; x_wconf 89' lang='lat' dir='ltr'><strong>dictum</strong></span> <span class='ocrx_word' id='word_1_156' title='bbox 1219 1014 1272 1041; x_wconf 89' lang='lat' dir='ltr'><strong>est</strong></span> <span class='ocrx_word' id='word_1_157' title='bbox 1287 1006 1332 1052; x_wconf 89' lang='lat' dir='ltr'><strong>(q.</strong></span> <span class='ocrx_word' id='word_1_158' title='bbox 1345 1008 1419 1052; x_wconf 83' lang='lat'><strong><em>184.</em></strong></span> <span class='ocrx_word' id='word_1_159' title='bbox 1434 1013 1497 1042; x_wconf 86' lang='lat' dir='ltr'><strong>art.</strong></span> <span class='ocrx_word' id='word_1_160' title='bbox 1520 1019 1548 1054; x_wconf 83' lang='lat'><strong>3.</strong></span> <span class='ocrx_word' id='word_1_161' title='bbox 1570 1009 1606 1041; x_wconf 84' lang='lat' dir='ltr'><strong>in</strong></span> <span class='ocrx_word' id='word_1_162' title='bbox 1627 1013 1715 1053; x_wconf 80' lang='lat' dir='ltr'><strong>corp.</strong></span> 
     </span>
     <span class='ocr_line' id='line_1_17' title="bbox 157 1058 1721 1107; baseline 0.001 -15"><span class='ocrx_word' id='word_1_163' title='bbox 157 1063 186 1092; x_wconf 78' lang='lat' dir='ltr'><strong>et</strong></span> <span class='ocrx_word' id='word_1_164' title='bbox 207 1058 249 1092; x_wconf 81' lang='lat' dir='ltr'><strong>ad</strong></span> <span class='ocrx_word' id='word_1_165' title='bbox 267 1058 323 1102; x_wconf 78' lang='lat' dir='ltr'><strong>L),</strong></span> <span class='ocrx_word' id='word_1_166' title='bbox 346 1069 388 1092; x_wconf 84' lang='lat' dir='ltr'><strong>ex</strong></span> <span class='ocrx_word' id='word_1_167' title='bbox 409 1058 473 1092; x_wconf 82' lang='lat' dir='ltr'><strong>illo</strong></span> <span class='ocrx_word' id='word_1_168' title='bbox 500 1059 611 1093; x_wconf 88' lang='lat' dir='ltr'><strong>verbo</strong></span> <span class='ocrx_word' id='word_1_169' title='bbox 639 1059 792 1093; x_wconf 83' lang='lat' dir='ltr'><strong>Domini</strong></span> <span class='ocrx_word' id='word_1_170' title='bbox 812 1071 886 1093; x_wconf 91' lang='lat' dir='ltr'><strong>non</strong></span> <span class='ocrx_word' id='word_1_171' title='bbox 908 1059 1128 1105; x_wconf 85' lang='lat' dir='ltr'><strong>intelligitur,</strong></span> <span class='ocrx_word' id='word_1_172' title='bbox 1150 1059 1247 1105; x_wconf 85' lang='lat' dir='ltr'><strong>quod</strong></span> <span class='ocrx_word' id='word_1_173' title='bbox 1268 1060 1345 1106; x_wconf 88' lang='lat' dir='ltr'><strong>ipsa</strong></span> <span class='ocrx_word' id='word_1_174' title='bbox 1365 1068 1555 1107; x_wconf 88' lang='lat' dir='ltr'><strong>paupertas</strong></span> <span class='ocrx_word' id='word_1_175' title='bbox 1575 1060 1621 1095; x_wconf 89' lang='lat' dir='ltr'><strong>sit</strong></span> <span class='ocrx_word' id='word_1_176' title='bbox 1645 1071 1721 1106; x_wconf 91' lang='lat' dir='ltr'><strong>per-</strong></span> 
     </span>
     <span class='ocr_line' id='line_1_18' title="bbox 158 1111 1717 1160; baseline 0.003 -15"><span class='ocrx_word' id='word_1_177' title='bbox 158 1111 279 1153; x_wconf 88' lang='lat' dir='ltr'><strong>fectio,</strong></span> <span class='ocrx_word' id='word_1_178' title='bbox 300 1112 363 1146; x_wconf 88' lang='lat' dir='ltr'><strong>sed</strong></span> <span class='ocrx_word' id='word_1_179' title='bbox 385 1111 616 1158; x_wconf 89' lang='lat' dir='ltr'><strong>perfectionis</strong></span> <span class='ocrx_word' id='word_1_180' title='bbox 639 1114 938 1155; x_wconf 81' lang='lat' dir='ltr'><strong>instrumentum3</strong></span> <span class='ocrx_word' id='word_1_181' title='bbox 955 1121 1000 1155; x_wconf 87' lang='lat' dir='ltr'><strong>et,</strong></span> <span class='ocrx_word' id='word_1_182' title='bbox 1019 1115 1110 1147; x_wconf 89' lang='lat' dir='ltr'><strong>sicut</strong></span> <span class='ocrx_word' id='word_1_183' title='bbox 1132 1121 1316 1147; x_wconf 88' lang='lat' dir='ltr'><strong>ostensum</strong></span> <span class='ocrx_word' id='word_1_184' title='bbox 1340 1121 1392 1148; x_wconf 91' lang='lat' dir='ltr'><strong>est</strong></span> <span class='ocrx_word' id='word_1_185' title='bbox 1406 1114 1455 1160; x_wconf 87' lang='lat' dir='ltr'><strong>(q.</strong></span> <span class='ocrx_word' id='word_1_186' title='bbox 1475 1113 1552 1149; x_wconf 84' lang='grc'><em>186.</em></span> <span class='ocrx_word' id='word_1_187' title='bbox 1574 1119 1639 1149; x_wconf 82' lang='lat' dir='ltr'><strong>art.</strong></span> <span class='ocrx_word' id='word_1_188' title='bbox 1656 1114 1717 1159; x_wconf 87' lang='lat'><strong>8.),</strong></span> 
     </span>
     <span class='ocr_line' id='line_1_19' title="bbox 160 1165 1720 1212; baseline 0.001 -14"><span class='ocrx_word' id='word_1_189' title='bbox 160 1165 353 1198; x_wconf 88' lang='lat' dir='ltr'><strong>minimum</strong></span> <span class='ocrx_word' id='word_1_190' title='bbox 375 1173 428 1199; x_wconf 86' lang='lat' dir='ltr'><strong>est</strong></span> <span class='ocrx_word' id='word_1_191' title='bbox 442 1165 534 1199; x_wconf 90' lang='lat' dir='ltr'><strong>inter</strong></span> <span class='ocrx_word' id='word_1_192' title='bbox 556 1167 624 1200; x_wconf 78' lang='lat' dir='ltr'><strong>tria</strong></span> <span class='ocrx_word' id='word_1_193' title='bbox 644 1165 856 1212; x_wconf 87' lang='lat' dir='ltr'><strong>principalia</strong></span> <span class='ocrx_word' id='word_1_194' title='bbox 870 1166 1110 1200; x_wconf 84' lang='lat' dir='ltr'><strong>instrumenta</strong></span> <span class='ocrx_word' id='word_1_195' title='bbox 1131 1165 1381 1211; x_wconf 88' lang='lat' dir='ltr'><strong>perfectionis:</strong></span> <span class='ocrx_word' id='word_1_196' title='bbox 1397 1178 1483 1200; x_wconf 91' lang='lat' dir='ltr'><strong>nam</strong></span> <span class='ocrx_word' id='word_1_197' title='bbox 1499 1175 1626 1201; x_wconf 88' lang='lat' dir='ltr'><strong>votum</strong></span> <span class='ocrx_word' id='word_1_198' title='bbox 1648 1179 1720 1202; x_wconf 84' lang='lat' dir='ltr'><strong>con-</strong></span> 
     </span>
     <span class='ocr_line' id='line_1_20' title="bbox 157 1218 1718 1266; baseline 0.002 -15"><span class='ocrx_word' id='word_1_199' title='bbox 157 1219 313 1252; x_wconf 56' lang='lat' dir='ltr'><strong>tinentiae</strong></span> <span class='ocrx_word' id='word_1_200' title='bbox 333 1218 561 1264; x_wconf 87' lang='lat' dir='ltr'><strong>praeeminet</strong></span> <span class='ocrx_word' id='word_1_201' title='bbox 582 1227 669 1252; x_wconf 84' lang='lat' dir='ltr'><strong>voto</strong></span> <span class='ocrx_word' id='word_1_202' title='bbox 686 1219 955 1265; x_wconf 71' lang='lat' dir='ltr'><strong>paupertatis‚&#39;et</strong></span> <span class='ocrx_word' id='word_1_203' title='bbox 975 1227 1102 1253; x_wconf 85' lang='lat' dir='ltr'><strong>votum</strong></span> <span class='ocrx_word' id='word_1_204' title='bbox 1123 1219 1321 1253; x_wconf 70' lang='lat' dir='ltr'><strong>obedientiae</strong></span> <span class='ocrx_word' id='word_1_205' title='bbox 1341 1219 1540 1265; x_wconf 87' lang='lat' dir='ltr'><strong>praefertur</strong></span> <span class='ocrx_word' id='word_1_206' title='bbox 1557 1220 1718 1266; x_wconf 86' lang='lat' dir='ltr'><strong>utrique:</strong></span> 
     </span>
     <span class='ocr_line' id='line_1_21' title="bbox 157 1271 1719 1318; baseline 0.002 -14"><span class='ocrx_word' id='word_1_207' title='bbox 157 1271 241 1317; x_wconf 89' lang='lat' dir='ltr'><strong>quia</strong></span> <span class='ocrx_word' id='word_1_208' title='bbox 252 1282 337 1305; x_wconf 89' lang='lat' dir='ltr'><strong>vero</strong></span> <span class='ocrx_word' id='word_1_209' title='bbox 356 1271 640 1305; x_wconf 87' lang='lat' dir='ltr'><strong>instrumentum</strong></span> <span class='ocrx_word' id='word_1_210' title='bbox 660 1283 734 1306; x_wconf 91' lang='lat' dir='ltr'><strong>non</strong></span> <span class='ocrx_word' id='word_1_211' title='bbox 750 1280 895 1318; x_wconf 87' lang='lat' dir='ltr'><strong>propter</strong></span> <span class='ocrx_word' id='word_1_212' title='bbox 909 1283 946 1306; x_wconf 91' lang='lat' dir='ltr'><strong>se</strong></span> <span class='ocrx_word' id='word_1_213' title='bbox 961 1272 1152 1318; x_wconf 80' lang='lat' dir='ltr'><strong>quaeritur,</strong></span> <span class='ocrx_word' id='word_1_214' title='bbox 1164 1272 1225 1306; x_wconf 89' lang='lat' dir='ltr'><strong>sed</strong></span> <span class='ocrx_word' id='word_1_215' title='bbox 1240 1280 1385 1318; x_wconf 89' lang='lat' dir='ltr'><strong>propter</strong></span> <span class='ocrx_word' id='word_1_216' title='bbox 1395 1272 1515 1314; x_wconf 89' lang='lat' dir='ltr'><strong>finem,</strong></span> <span class='ocrx_word' id='word_1_217' title='bbox 1534 1284 1608 1307; x_wconf 88' lang='lat' dir='ltr'><strong>non</strong></span> <span class='ocrx_word' id='word_1_218' title='bbox 1618 1281 1719 1307; x_wconf 90' lang='lat' dir='ltr'><strong>tanto</strong></span> 
     </span>
     <span class='ocr_line' id='line_1_22' title="bbox 158 1323 1720 1372; baseline 0.002 -15"><span class='ocrx_word' id='word_1_219' title='bbox 158 1324 293 1370; x_wconf 88' lang='lat' dir='ltr'><strong>aliquid</strong></span> <span class='ocrx_word' id='word_1_220' title='bbox 315 1324 353 1358; x_wconf 84' lang='lat' dir='ltr'><strong>fit</strong></span> <span class='ocrx_word' id='word_1_221' title='bbox 374 1323 514 1367; x_wconf 87' lang='lat' dir='ltr'><strong>melius,</strong></span> <span class='ocrx_word' id='word_1_222' title='bbox 539 1333 674 1370; x_wconf 85' lang='lat' dir='ltr'><strong>quanto</strong></span> <span class='ocrx_word' id='word_1_223' title='bbox 700 1325 816 1370; x_wconf 89' lang='lat' dir='ltr'><strong>magis</strong></span> <span class='ocrx_word' id='word_1_224' title='bbox 839 1333 892 1359; x_wconf 91' lang='lat' dir='ltr'><strong>est</strong></span> <span class='ocrx_word' id='word_1_225' title='bbox 911 1325 1202 1367; x_wconf 87' lang='lat' dir='ltr'><strong>instrumentum,</strong></span> <span class='ocrx_word' id='word_1_226' title='bbox 1217 1326 1279 1359; x_wconf 90' lang='lat' dir='ltr'><strong>sed</strong></span> <span class='ocrx_word' id='word_1_227' title='bbox 1293 1333 1427 1371; x_wconf 85' lang='lat' dir='ltr'><strong>quanto</strong></span> <span class='ocrx_word' id='word_1_228' title='bbox 1447 1334 1500 1360; x_wconf 90' lang='lat' dir='ltr'><strong>est</strong></span> <span class='ocrx_word' id='word_1_229' title='bbox 1520 1326 1636 1372; x_wconf 90' lang='lat' dir='ltr'><strong>magis</strong></span> <span class='ocrx_word' id='word_1_230' title='bbox 1657 1325 1720 1360; x_wconf 90' lang='lat' dir='ltr'><strong>fini</strong></span> 
     </span>
     <span class='ocr_line' id='line_1_23' title="bbox 158 1377 1720 1424; baseline 0.001 -14"><span class='ocrx_word' id='word_1_231' title='bbox 158 1377 494 1423; x_wconf 87' lang='lat' dir='ltr'><strong>proportionatum:</strong></span> <span class='ocrx_word' id='word_1_232' title='bbox 518 1377 611 1411; x_wconf 90' lang='lat' dir='ltr'><strong>sicut</strong></span> <span class='ocrx_word' id='word_1_233' title='bbox 626 1377 789 1411; x_wconf 88' lang='lat' dir='ltr'><strong>medicus</strong></span> <span class='ocrx_word' id='word_1_234' title='bbox 812 1388 886 1411; x_wconf 90' lang='lat' dir='ltr'><strong>non</strong></span> <span class='ocrx_word' id='word_1_235' title='bbox 912 1385 1012 1411; x_wconf 90' lang='lat' dir='ltr'><strong>tanto</strong></span> <span class='ocrx_word' id='word_1_236' title='bbox 1040 1378 1156 1423; x_wconf 89' lang='lat' dir='ltr'><strong>magis</strong></span> <span class='ocrx_word' id='word_1_237' title='bbox 1171 1386 1282 1420; x_wconf 86' lang='lat' dir='ltr'><strong>sanat,</strong></span> <span class='ocrx_word' id='word_1_238' title='bbox 1305 1386 1439 1424; x_wconf 88' lang='lat' dir='ltr'><strong>quanto</strong></span> <span class='ocrx_word' id='word_1_239' title='bbox 1461 1379 1639 1424; x_wconf 76' lang='lat' dir='ltr'><strong>maiorem</strong></span> <span class='ocrx_word' id='word_1_240' title='bbox 1660 1379 1720 1412; x_wconf 89' lang='lat' dir='ltr'><strong>dat</strong></span> 
     </span>
     <span class='ocr_line' id='line_1_24' title="bbox 159 1430 1718 1478; baseline 0.002 -15"><span class='ocrx_word' id='word_1_241' title='bbox 159 1430 391 1471; x_wconf 86' lang='lat' dir='ltr'><strong>medicinam,</strong></span> <span class='ocrx_word' id='word_1_242' title='bbox 413 1430 476 1464; x_wconf 91' lang='lat' dir='ltr'><strong>sed</strong></span> <span class='ocrx_word' id='word_1_243' title='bbox 497 1438 632 1476; x_wconf 86' lang='lat' dir='ltr'><strong>quanto</strong></span> <span class='ocrx_word' id='word_1_244' title='bbox 654 1430 835 1464; x_wconf 84' lang='lat' dir='ltr'><strong>medicina</strong></span> <span class='ocrx_word' id='word_1_245' title='bbox 857 1438 910 1464; x_wconf 88' lang='lat' dir='ltr'><strong>est</strong></span> <span class='ocrx_word' id='word_1_246' title='bbox 932 1431 1048 1475; x_wconf 83' lang='lat' dir='ltr'><strong>magis</strong></span> <span class='ocrx_word' id='word_1_247' title='bbox 1079 1431 1352 1476; x_wconf 87' lang='lat' dir='ltr'><strong>proportionata</strong></span> <span class='ocrx_word' id='word_1_248' title='bbox 1384 1432 1533 1474; x_wconf 92' lang='lat' dir='ltr'><strong>morbo;</strong></span> <span class='ocrx_word' id='word_1_249' title='bbox 1554 1432 1604 1466; x_wconf 92' lang='lat' dir='ltr'><strong>sic</strong></span> <span class='ocrx_word' id='word_1_250' title='bbox 1631 1443 1718 1478; x_wconf 89' lang='lat' dir='ltr'><strong>ergo</strong></span> 
     </span>
     <span class='ocr_line' id='line_1_25' title="bbox 158 1483 1719 1530; baseline 0.001 -14"><span class='ocrx_word' id='word_1_251' title='bbox 158 1494 232 1516; x_wconf 89' lang='lat' dir='ltr'><strong>non</strong></span> <span class='ocrx_word' id='word_1_252' title='bbox 255 1490 398 1528; x_wconf 84' lang='lat' dir='ltr'><strong>oportet</strong></span> <span class='ocrx_word' id='word_1_253' title='bbox 420 1484 517 1528; x_wconf 87' lang='lat' dir='ltr'><strong>quod</strong></span> <span class='ocrx_word' id='word_1_254' title='bbox 540 1483 673 1529; x_wconf 87' lang='lat' dir='ltr'><strong>religio</strong></span> <span class='ocrx_word' id='word_1_255' title='bbox 684 1490 785 1517; x_wconf 86' lang='lat' dir='ltr'><strong>tanto</strong></span> <span class='ocrx_word' id='word_1_256' title='bbox 807 1483 852 1517; x_wconf 87' lang='lat' dir='ltr'><strong>sit</strong></span> <span class='ocrx_word' id='word_1_257' title='bbox 872 1483 1075 1529; x_wconf 83' lang='lat' dir='ltr'><strong>perfectior,</strong></span> <span class='ocrx_word' id='word_1_258' title='bbox 1097 1492 1232 1529; x_wconf 88' lang='lat' dir='ltr'><strong>quanto</strong></span> <span class='ocrx_word' id='word_1_259' title='bbox 1247 1485 1424 1529; x_wconf 82' lang='lat' dir='ltr'><strong>majorem</strong></span> <span class='ocrx_word' id='word_1_260' title='bbox 1444 1484 1552 1518; x_wconf 90' lang='lat' dir='ltr'><strong>habet</strong></span> <span class='ocrx_word' id='word_1_261' title='bbox 1571 1496 1719 1530; x_wconf 90' lang='lat' dir='ltr'><strong>pauper-</strong></span> 
     </span>
     <span class='ocr_line' id='line_1_26' title="bbox 157 1536 1721 1582; baseline 0.001 -12"><span class='ocrx_word' id='word_1_262' title='bbox 157 1544 282 1578; x_wconf 70' lang='lat' dir='ltr'><strong>tatem,</strong></span> <span class='ocrx_word' id='word_1_263' title='bbox 304 1536 366 1570; x_wconf 90' lang='lat' dir='ltr'><strong>sed</strong></span> <span class='ocrx_word' id='word_1_264' title='bbox 389 1544 525 1582; x_wconf 88' lang='lat' dir='ltr'><strong>quanto</strong></span> <span class='ocrx_word' id='word_1_265' title='bbox 548 1537 623 1582; x_wconf 83' lang='lat' dir='ltr'><strong>ejus</strong></span> <span class='ocrx_word' id='word_1_266' title='bbox 645 1544 834 1582; x_wconf 87' lang='lat' dir='ltr'><strong>paupertas</strong></span> <span class='ocrx_word' id='word_1_267' title='bbox 861 1545 915 1570; x_wconf 90' lang='lat' dir='ltr'><strong>est</strong></span> <span class='ocrx_word' id='word_1_268' title='bbox 935 1538 1051 1582; x_wconf 88' lang='lat' dir='ltr'><strong>magis</strong></span> <span class='ocrx_word' id='word_1_269' title='bbox 1085 1537 1355 1582; x_wconf 77' lang='lat' dir='ltr'><strong>proportionata</strong></span> <span class='ocrx_word' id='word_1_270' title='bbox 1377 1536 1439 1570; x_wconf 90' lang='lat' dir='ltr'><strong>fini</strong></span> <span class='ocrx_word' id='word_1_271' title='bbox 1466 1538 1664 1579; x_wconf 90' lang='lat' dir='ltr'><strong>communi,</strong></span> <span class='ocrx_word' id='word_1_272' title='bbox 1686 1545 1721 1571; x_wconf 91' lang='lat' dir='ltr'><strong>et</strong></span> 
     </span>
     <span class='ocr_line' id='line_1_27' title="bbox 157 1588 1720 1637; baseline 0.001 -15"><span class='ocrx_word' id='word_1_273' title='bbox 157 1588 321 1635; x_wconf 83' lang='lat' dir='ltr'><strong>speciali3</strong></span> <span class='ocrx_word' id='word_1_274' title='bbox 349 1597 394 1631; x_wconf 91' lang='lat' dir='ltr'><strong>et,</strong></span> <span class='ocrx_word' id='word_1_275' title='bbox 424 1590 453 1623; x_wconf 87' lang='lat' dir='ltr'><strong>si</strong></span> <span class='ocrx_word' id='word_1_276' title='bbox 486 1589 639 1632; x_wconf 83' lang='lat' dir='ltr'><strong>daretur,</strong></span> <span class='ocrx_word' id='word_1_277' title='bbox 662 1590 758 1635; x_wconf 89' lang='lat' dir='ltr'><strong>quod</strong></span> <span class='ocrx_word' id='word_1_278' title='bbox 785 1600 950 1623; x_wconf 79' lang='lat' dir='ltr'><strong>excessus</strong></span> <span class='ocrx_word' id='word_1_279' title='bbox 972 1590 1190 1636; x_wconf 87' lang='lat' dir='ltr'><strong>paupertatis</strong></span> <span class='ocrx_word' id='word_1_280' title='bbox 1214 1589 1349 1624; x_wconf 87' lang='lat' dir='ltr'><strong>faceret</strong></span> <span class='ocrx_word' id='word_1_281' title='bbox 1373 1590 1588 1636; x_wconf 89' lang='lat' dir='ltr'><strong>religionem</strong></span> <span class='ocrx_word' id='word_1_282' title='bbox 1608 1589 1720 1637; x_wconf 89' lang='lat' dir='ltr'><strong>perfe-</strong></span> 
     </span>
     <span class='ocr_line' id='line_1_28' title="bbox 159 1642 1722 1690; baseline 0.001 -14"><span class='ocrx_word' id='word_1_283' title='bbox 159 1642 311 1676; x_wconf 89' lang='lat' dir='ltr'><strong>ctiorem</strong></span> <span class='ocrx_word' id='word_1_284' title='bbox 333 1642 533 1676; x_wconf 88' lang='lat' dir='ltr'><strong>secundum</strong></span> <span class='ocrx_word' id='word_1_285' title='bbox 553 1642 625 1676; x_wconf 89' lang='lat' dir='ltr'><strong>hoc</strong></span> <span class='ocrx_word' id='word_1_286' title='bbox 643 1643 739 1688; x_wconf 90' lang='lat' dir='ltr'><strong>quod</strong></span> <span class='ocrx_word' id='word_1_287' title='bbox 754 1651 807 1677; x_wconf 87' lang='lat' dir='ltr'><strong>est</strong></span> <span class='ocrx_word' id='word_1_288' title='bbox 827 1643 1030 1689; x_wconf 82' lang='lat' dir='ltr'><strong>pauperior,</strong></span> <span class='ocrx_word' id='word_1_289' title='bbox 1044 1654 1118 1677; x_wconf 89' lang='lat' dir='ltr'><strong>non</strong></span> <span class='ocrx_word' id='word_1_290' title='bbox 1135 1651 1257 1677; x_wconf 83' lang='lat' dir='ltr'><strong>tamen</strong></span> <span class='ocrx_word' id='word_1_291' title='bbox 1278 1643 1413 1678; x_wconf 80' lang='lat' dir='ltr'><strong>faceret</strong></span> <span class='ocrx_word' id='word_1_292' title='bbox 1434 1655 1513 1678; x_wconf 90' lang='lat' dir='ltr'><strong>eam</strong></span> <span class='ocrx_word' id='word_1_293' title='bbox 1536 1643 1722 1690; x_wconf 89' lang='lat' dir='ltr'><strong>perfectio-</strong></span> 
     </span>
     <span class='ocr_line' id='line_1_29' title="bbox 159 1695 1720 1743; baseline 0.001 -13"><span class='ocrx_word' id='word_1_294' title='bbox 159 1707 245 1730; x_wconf 89' lang='lat' dir='ltr'><strong>nem</strong></span> <span class='ocrx_word' id='word_1_295' title='bbox 266 1696 496 1741; x_wconf 85' lang='lat' dir='ltr'><strong>simpliciter:</strong></span> <span class='ocrx_word' id='word_1_296' title='bbox 527 1704 651 1742; x_wconf 85' lang='lat' dir='ltr'><strong>posset</strong></span> <span class='ocrx_word' id='word_1_297' title='bbox 673 1696 770 1730; x_wconf 90' lang='lat' dir='ltr'><strong>enim</strong></span> <span class='ocrx_word' id='word_1_298' title='bbox 794 1707 883 1738; x_wconf 88' lang='lat' dir='ltr'><strong>esse,</strong></span> <span class='ocrx_word' id='word_1_299' title='bbox 906 1696 1002 1742; x_wconf 88' lang='lat' dir='ltr'><strong>quod</strong></span> <span class='ocrx_word' id='word_1_300' title='bbox 1025 1695 1093 1730; x_wconf 81' lang='lat' dir='ltr'><strong>alia</strong></span> <span class='ocrx_word' id='word_1_301' title='bbox 1123 1696 1250 1742; x_wconf 86' lang='lat' dir='ltr'><strong>religio</strong></span> <span class='ocrx_word' id='word_1_302' title='bbox 1273 1697 1461 1731; x_wconf 82' lang='lat' dir='ltr'><strong>excederet</strong></span> <span class='ocrx_word' id='word_1_303' title='bbox 1480 1697 1516 1730; x_wconf 90' lang='lat' dir='ltr'><strong>in</strong></span> <span class='ocrx_word' id='word_1_304' title='bbox 1543 1697 1598 1731; x_wconf 90' lang='lat' dir='ltr'><strong>his</strong></span> <span class='ocrx_word' id='word_1_305' title='bbox 1629 1708 1720 1743; x_wconf 87' lang='lat' dir='ltr'><strong>quae</strong></span> 
     </span>
     <span class='ocr_line' id='line_1_30' title="bbox 158 1749 1720 1797; baseline 0.001 -15"><span class='ocrx_word' id='word_1_306' title='bbox 158 1749 338 1795; x_wconf 87' lang='lat' dir='ltr'><strong>pertinent</strong></span> <span class='ocrx_word' id='word_1_307' title='bbox 359 1749 403 1783; x_wconf 86' lang='lat' dir='ltr'><strong>ad</strong></span> <span class='ocrx_word' id='word_1_308' title='bbox 423 1749 700 1791; x_wconf 88' lang='lat' dir='ltr'><strong>continentiam,</strong></span> <span class='ocrx_word' id='word_1_309' title='bbox 720 1757 753 1783; x_wconf 91' lang='lat' dir='ltr'><strong>et</strong></span> <span class='ocrx_word' id='word_1_310' title='bbox 776 1749 1039 1792; x_wconf 80' lang='lat' dir='ltr'><strong>obedientiam3</strong></span> <span class='ocrx_word' id='word_1_311' title='bbox 1059 1758 1093 1784; x_wconf 90' lang='lat' dir='ltr'><strong>et</strong></span> <span class='ocrx_word' id='word_1_312' title='bbox 1114 1750 1163 1784; x_wconf 85' lang='lat' dir='ltr'><strong>sic</strong></span> <span class='ocrx_word' id='word_1_313' title='bbox 1179 1758 1273 1784; x_wconf 81' lang='lat' dir='ltr'><strong>esset</strong></span> <span class='ocrx_word' id='word_1_314' title='bbox 1289 1750 1499 1797; x_wconf 83' lang='lat' dir='ltr'><strong>simpliciter</strong></span> <span class='ocrx_word' id='word_1_315' title='bbox 1517 1750 1720 1797; x_wconf 88' lang='lat' dir='ltr'><strong>perfectior,</strong></span> 
     </span>
     <span class='ocr_line' id='line_1_31' title="bbox 160 1802 1298 1849; baseline 0.001 -13"><span class='ocrx_word' id='word_1_316' title='bbox 160 1802 243 1848; x_wconf 87' lang='lat' dir='ltr'><strong>quia</strong></span> <span class='ocrx_word' id='word_1_317' title='bbox 266 1802 362 1848; x_wconf 91' lang='lat' dir='ltr'><strong>quod</strong></span> <span class='ocrx_word' id='word_1_318' title='bbox 385 1802 420 1836; x_wconf 88' lang='lat' dir='ltr'><strong>in</strong></span> <span class='ocrx_word' id='word_1_319' title='bbox 443 1802 653 1836; x_wconf 87' lang='lat' dir='ltr'><strong>melioribus</strong></span> <span class='ocrx_word' id='word_1_320' title='bbox 677 1802 827 1844; x_wconf 81' lang='lat' dir='ltr'><strong>excedit,</strong></span> <span class='ocrx_word' id='word_1_321' title='bbox 854 1811 905 1837; x_wconf 81' lang='lat' dir='ltr'><strong>est</strong></span> <span class='ocrx_word' id='word_1_322' title='bbox 926 1802 1138 1849; x_wconf 88' lang='lat' dir='ltr'><strong>simpliciter</strong></span> <span class='ocrx_word' id='word_1_323' title='bbox 1158 1802 1298 1837; x_wconf 88' lang='lat' dir='ltr'><strong>melius.</strong></span> 
     </span>
    </p>

    <p class='ocr_par' dir='ltr' id='par_1_4' title="bbox 156 1855 1721 2913">
     <span class='ocr_line' id='line_1_32' title="bbox 230 1855 1718 1902; baseline 0.001 -12"><span class='ocrx_word' id='word_1_324' title='bbox 230 1855 289 1890; x_wconf 90' lang='lat' dir='ltr'><strong>AD</strong></span> <span class='ocrx_word' id='word_1_325' title='bbox 317 1866 524 1890; x_wconf 80' lang='lat' dir='ltr'>SECUNDUM</span> <span class='ocrx_word' id='word_1_326' title='bbox 546 1855 752 1897; x_wconf 89' lang='lat' dir='ltr'><strong>dicendum,</strong></span> <span class='ocrx_word' id='word_1_327' title='bbox 780 1857 875 1901; x_wconf 90' lang='lat' dir='ltr'><strong>quod</strong></span> <span class='ocrx_word' id='word_1_328' title='bbox 902 1867 965 1902; x_wconf 90' lang='lat' dir='ltr'><strong>per</strong></span> <span class='ocrx_word' id='word_1_329' title='bbox 981 1856 1065 1898; x_wconf 88' lang='lat' dir='ltr'><strong>hoc,</strong></span> <span class='ocrx_word' id='word_1_330' title='bbox 1088 1856 1184 1902; x_wconf 90' lang='lat' dir='ltr'><strong>quod</strong></span> <span class='ocrx_word' id='word_1_331' title='bbox 1205 1856 1386 1891; x_wconf 88' lang='lat' dir='ltr'><strong>Dominus</strong></span> <span class='ocrx_word' id='word_1_332' title='bbox 1413 1857 1498 1891; x_wconf 89' lang='lat' dir='ltr'><strong>dicit</strong></span> <span class='ocrx_word' id='word_1_333' title='bbox 1518 1857 1645 1892; x_wconf 88' lang='lat' dir='ltr'><strong>Matth.</strong></span> <span class='ocrx_word' id='word_1_334' title='bbox 1668 1856 1718 1892; x_wconf 87' lang='lat'><strong>6.:</strong></span> 
     </span>
     <span class='ocr_line' id='line_1_33' title="bbox 158 1909 1718 1955; baseline 0.001 -13"><span class='ocrx_word' id='word_1_335' title='bbox 158 1909 268 1943; x_wconf 81' lang='lat' dir='ltr'><strong>Nolite</strong></span> <span class='ocrx_word' id='word_1_336' title='bbox 288 1909 409 1943; x_wconf 74' lang='lat' dir='ltr'><strong>soliciti</strong></span> <span class='ocrx_word' id='word_1_337' title='bbox 422 1921 482 1943; x_wconf 66' lang='lat' dir='ltr'><strong>essa</strong></span> <span class='ocrx_word' id='word_1_338' title='bbox 499 1910 530 1942; x_wconf 84' lang='lat' dir='ltr'><strong>in</strong></span> <span class='ocrx_word' id='word_1_339' title='bbox 551 1910 744 1950; x_wconf 74' lang='lat' dir='ltr'><strong>crastinam,</strong></span> <span class='ocrx_word' id='word_1_340' title='bbox 756 1920 829 1943; x_wconf 91' lang='lat' dir='ltr'><strong>non</strong></span> <span class='ocrx_word' id='word_1_341' title='bbox 846 1909 1055 1955; x_wconf 84' lang='lat' dir='ltr'><strong>intelligitur</strong></span> <span class='ocrx_word' id='word_1_342' title='bbox 1066 1910 1163 1955; x_wconf 88' lang='lat' dir='ltr'><strong>quod</strong></span> <span class='ocrx_word' id='word_1_343' title='bbox 1177 1909 1267 1943; x_wconf 84' lang='lat' dir='ltr'><strong>nihil</strong></span> <span class='ocrx_word' id='word_1_344' title='bbox 1282 1918 1481 1944; x_wconf 87' lang='lat' dir='ltr'><strong>reservetur</strong></span> <span class='ocrx_word' id='word_1_345' title='bbox 1495 1910 1530 1944; x_wconf 90' lang='lat' dir='ltr'><strong>in</strong></span> <span class='ocrx_word' id='word_1_346' title='bbox 1544 1909 1718 1944; x_wconf 87' lang='lat' dir='ltr'><strong>futurum:</strong></span> 
     </span>
     <span class='ocr_line' id='line_1_34' title="bbox 156 1961 1719 2008; baseline 0.003 -13"><span class='ocrx_word' id='word_1_347' title='bbox 156 1962 228 1996; x_wconf 92' lang='lat' dir='ltr'><strong>hoc</strong></span> <span class='ocrx_word' id='word_1_348' title='bbox 251 1962 348 1996; x_wconf 90' lang='lat' dir='ltr'><strong>enim</strong></span> <span class='ocrx_word' id='word_1_349' title='bbox 370 1961 620 2008; x_wconf 90' lang='lat' dir='ltr'><strong>periculosum</strong></span> <span class='ocrx_word' id='word_1_350' title='bbox 641 1973 719 1996; x_wconf 89' lang='lat' dir='ltr'><strong>esse</strong></span> <span class='ocrx_word' id='word_1_351' title='bbox 743 1962 782 1996; x_wconf 90' lang='lat' dir='ltr'><strong>B.</strong></span> <span class='ocrx_word' id='word_1_352' title='bbox 804 1962 985 1997; x_wconf 85' lang='lat' dir='ltr'><strong>Antonius</strong></span> <span class='ocrx_word' id='word_1_353' title='bbox 1006 1963 1042 1996; x_wconf 88' lang='lat' dir='ltr'><strong>in</strong></span> <span class='ocrx_word' id='word_1_354' title='bbox 1071 1962 1337 1997; x_wconf 86' lang='lat' dir='ltr'><strong>Collationibus</strong></span> <span class='ocrx_word' id='word_1_355' title='bbox 1355 1963 1502 1997; x_wconf 89' lang='lat' dir='ltr'><strong>Patrum</strong></span> <span class='ocrx_word' id='word_1_356' title='bbox 1526 1963 1662 2007; x_wconf 83' lang='lat' dir='ltr'><strong>(Collat.</strong></span> <span class='ocrx_word' id='word_1_357' title='bbox 1687 1976 1719 1999; x_wconf 89' lang='lat'><strong>2.</strong></span> 
     </span>
     <span class='ocr_line' id='line_1_35' title="bbox 160 2015 1721 2062; baseline 0.001 -12"><span class='ocrx_word' id='word_1_358' title='bbox 160 2022 233 2062; x_wconf 77' lang='lat' dir='ltr'><strong>cap.</strong></span> <span class='ocrx_word' id='word_1_359' title='bbox 253 2017 300 2060; x_wconf 89' lang='lat'><strong>2.)</strong></span> <span class='ocrx_word' id='word_1_360' title='bbox 325 2015 492 2057; x_wconf 87' lang='lat' dir='ltr'><strong>ostendit,</strong></span> <span class='ocrx_word' id='word_1_361' title='bbox 516 2015 651 2058; x_wconf 88' lang='lat' dir='ltr'><strong>dicens,</strong></span> <span class='ocrx_word' id='word_1_362' title='bbox 674 2015 771 2061; x_wconf 90' lang='lat' dir='ltr'><strong>quod</strong></span> <span class='ocrx_word' id='word_1_363' title='bbox 798 2029 814 2047; x_wconf 84' lang='lat'><strong><em>«</em></strong></span> <span class='ocrx_word' id='word_1_364' title='bbox 838 2015 1078 2061; x_wconf 85' lang='lat' dir='ltr'><strong>privationem</strong></span> <span class='ocrx_word' id='word_1_365' title='bbox 1097 2018 1263 2050; x_wconf 88' lang='lat' dir='ltr'><strong>omnium</strong></span> <span class='ocrx_word' id='word_1_366' title='bbox 1283 2016 1496 2051; x_wconf 85' lang='lat' dir='ltr'><strong>facultatum</strong></span> <span class='ocrx_word' id='word_1_367' title='bbox 1517 2017 1565 2051; x_wconf 87' lang='lat' dir='ltr'><strong>ita</strong></span> <span class='ocrx_word' id='word_1_368' title='bbox 1586 2025 1721 2052; x_wconf 84' lang='lat' dir='ltr'><strong>sectan-</strong></span> 
     </span>
     <span class='ocr_line' id='line_1_36' title="bbox 157 2068 1721 2114; baseline 0.001 -11"><span class='ocrx_word' id='word_1_369' title='bbox 157 2077 222 2110; x_wconf 88' lang='lat' dir='ltr'><strong>tes,</strong></span> <span class='ocrx_word' id='word_1_370' title='bbox 244 2076 282 2102; x_wconf 92' lang='lat' dir='ltr'><strong>ut</strong></span> <span class='ocrx_word' id='word_1_371' title='bbox 304 2080 345 2102; x_wconf 78' lang='lat' dir='ltr'><strong>ex</strong></span> <span class='ocrx_word' id='word_1_372' title='bbox 367 2068 453 2114; x_wconf 84' lang='lat' dir='ltr'><strong>ipsis</strong></span> <span class='ocrx_word' id='word_1_373' title='bbox 475 2080 542 2102; x_wconf 89' lang='lat' dir='ltr'><strong>nec</strong></span> <span class='ocrx_word' id='word_1_374' title='bbox 567 2069 713 2114; x_wconf 88' lang='lat' dir='ltr'><strong>quidem</strong></span> <span class='ocrx_word' id='word_1_375' title='bbox 735 2069 839 2102; x_wconf 88' lang='lat' dir='ltr'><strong>unius</strong></span> <span class='ocrx_word' id='word_1_376' title='bbox 861 2069 932 2103; x_wconf 83' lang='lat' dir='ltr'><strong>diei</strong></span> <span class='ocrx_word' id='word_1_377' title='bbox 952 2069 1089 2103; x_wconf 85' lang='lat' dir='ltr'><strong>victum</strong></span> <span class='ocrx_word' id='word_1_378' title='bbox 1105 2069 1257 2111; x_wconf 88' lang='lat' dir='ltr'><strong>sibimet,</strong></span> <span class='ocrx_word' id='word_1_379' title='bbox 1279 2081 1436 2104; x_wconf 91' lang='lat' dir='ltr'><strong>unumve</strong></span> <span class='ocrx_word' id='word_1_380' title='bbox 1459 2070 1646 2104; x_wconf 90' lang='lat' dir='ltr'><strong>denarium</strong></span> <span class='ocrx_word' id='word_1_381' title='bbox 1667 2082 1721 2105; x_wconf 91' lang='lat' dir='ltr'><strong>su-</strong></span> 
     </span>
     <span class='ocr_line' id='line_1_37' title="bbox 159 2121 1719 2170; baseline 0.002 -15"><span class='ocrx_word' id='word_1_382' title='bbox 159 2132 301 2168; x_wconf 87' lang='lat' dir='ltr'><strong>peresse</strong></span> <span class='ocrx_word' id='word_1_383' title='bbox 320 2129 539 2167; x_wconf 88' lang='lat' dir='ltr'><strong>paterentur,</strong></span> <span class='ocrx_word' id='word_1_384' title='bbox 556 2130 589 2155; x_wconf 92' lang='lat' dir='ltr'><strong>et</strong></span> <span class='ocrx_word' id='word_1_385' title='bbox 605 2121 674 2156; x_wconf 87' lang='lat' dir='ltr'><strong>alia</strong></span> <span class='ocrx_word' id='word_1_386' title='bbox 692 2122 901 2168; x_wconf 83' lang='lat' dir='ltr'><strong>hujusmodi</strong></span> <span class='ocrx_word' id='word_1_387' title='bbox 922 2121 1105 2164; x_wconf 81' lang='lat' dir='ltr'><strong>facientes,</strong></span> <span class='ocrx_word' id='word_1_388' title='bbox 1128 2122 1175 2157; x_wconf 88' lang='lat' dir='ltr'><strong>ita</strong></span> <span class='ocrx_word' id='word_1_389' title='bbox 1196 2123 1351 2157; x_wconf 87' lang='lat' dir='ltr'><strong>vidimus</strong></span> <span class='ocrx_word' id='word_1_390' title='bbox 1370 2133 1516 2169; x_wconf 87' lang='lat' dir='ltr'><strong>repente</strong></span> <span class='ocrx_word' id='word_1_391' title='bbox 1537 2123 1719 2170; x_wconf 87' lang='lat' dir='ltr'><strong>deceptos,</strong></span> 
     </span>
     <span class='ocr_line' id='line_1_38' title="bbox 158 2175 1719 2223; baseline 0.002 -15"><span class='ocrx_word' id='word_1_392' title='bbox 158 2183 197 2209; x_wconf 89' lang='lat' dir='ltr'><strong>ut</strong></span> <span class='ocrx_word' id='word_1_393' title='bbox 231 2183 413 2221; x_wconf 87' lang='lat' dir='ltr'><strong>arreptum</strong></span> <span class='ocrx_word' id='word_1_394' title='bbox 437 2186 527 2221; x_wconf 90' lang='lat' dir='ltr'><strong>opus</strong></span> <span class='ocrx_word' id='word_1_395' title='bbox 548 2186 623 2209; x_wconf 90' lang='lat' dir='ltr'><strong>non</strong></span> <span class='ocrx_word' id='word_1_396' title='bbox 646 2175 829 2221; x_wconf 85' lang='lat' dir='ltr'><strong>potuerint</strong></span> <span class='ocrx_word' id='word_1_397' title='bbox 850 2186 1013 2221; x_wconf 86' lang='lat' dir='ltr'><strong>congruo</strong></span> <span class='ocrx_word' id='word_1_398' title='bbox 1048 2176 1142 2210; x_wconf 74' lang='lat' dir='ltr'><strong>exitu</strong></span> <span class='ocrx_word' id='word_1_399' title='bbox 1167 2176 1360 2210; x_wconf 88' lang='lat' dir='ltr'><strong>terminare</strong></span> <span class='ocrx_word' id='word_1_400' title='bbox 1383 2189 1415 2219; x_wconf 82' lang='lat'><strong>»3</strong></span> <span class='ocrx_word' id='word_1_401' title='bbox 1442 2184 1486 2219; x_wconf 89' lang='lat' dir='ltr'><strong>et,</strong></span> <span class='ocrx_word' id='word_1_402' title='bbox 1508 2184 1546 2211; x_wconf 87' lang='lat' dir='ltr'><strong>ut</strong></span> <span class='ocrx_word' id='word_1_403' title='bbox 1566 2177 1719 2223; x_wconf 86' lang='lat' dir='ltr'><strong>August.</strong></span> 
     </span>
     <span class='ocr_line' id='line_1_39' title="bbox 159 2228 1719 2275; baseline 0.002 -13"><span class='ocrx_word' id='word_1_404' title='bbox 159 2229 246 2262; x_wconf 90' lang='lat' dir='ltr'><strong>dicit</strong></span> <span class='ocrx_word' id='word_1_405' title='bbox 266 2228 303 2262; x_wconf 91' lang='lat' dir='ltr'><strong>in</strong></span> <span class='ocrx_word' id='word_1_406' title='bbox 324 2228 384 2262; x_wconf 92' lang='lat' dir='ltr'><strong>lib.</strong></span> <span class='ocrx_word' id='word_1_407' title='bbox 416 2228 459 2262; x_wconf 88' lang='lat' dir='ltr'><strong>de</strong></span> <span class='ocrx_word' id='word_1_408' title='bbox 491 2228 603 2274; x_wconf 90' lang='lat' dir='ltr'><strong>Oper.</strong></span> <span class='ocrx_word' id='word_1_409' title='bbox 635 2229 806 2263; x_wconf 89' lang='lat' dir='ltr'><strong>Monach.</strong></span> <span class='ocrx_word' id='word_1_410' title='bbox 831 2229 917 2275; x_wconf 82' lang='lat' dir='ltr'><strong>(cap.</strong></span> <span class='ocrx_word' id='word_1_411' title='bbox 939 2229 1016 2275; x_wconf 71' lang='lat'><strong>23),</strong></span> <span class='ocrx_word' id='word_1_412' title='bbox 1043 2242 1060 2261; x_wconf 84' lang='lat'><strong>&lt;‹</strong></span> <span class='ocrx_word' id='word_1_413' title='bbox 1082 2229 1112 2264; x_wconf 89' lang='lat' dir='ltr'><strong>si</strong></span> <span class='ocrx_word' id='word_1_414' title='bbox 1144 2229 1214 2264; x_wconf 88' lang='lat' dir='ltr'><strong>hoc</strong></span> <span class='ocrx_word' id='word_1_415' title='bbox 1238 2230 1387 2263; x_wconf 89' lang='lat' dir='ltr'><strong>verbum</strong></span> <span class='ocrx_word' id='word_1_416' title='bbox 1412 2229 1586 2264; x_wconf 86' lang='lat' dir='ltr'><strong>Domini:</strong></span> <span class='ocrx_word' id='word_1_417' title='bbox 1609 2231 1719 2265; x_wconf 63' lang='lat' dir='ltr'><strong>Nolite:</strong></span> 
     </span>
     <span class='ocr_line' id='line_1_40' title="bbox 156 2281 1717 2329; baseline 0.001 -14"><span class='ocrx_word' id='word_1_418' title='bbox 156 2282 276 2316; x_wconf 78' lang='lat' dir='ltr'><strong>soliciti</strong></span> <span class='ocrx_word' id='word_1_419' title='bbox 300 2294 360 2316; x_wconf 72' lang='lat' dir='ltr'><strong>esse</strong></span> <span class='ocrx_word' id='word_1_420' title='bbox 386 2283 419 2315; x_wconf 82' lang='lat' dir='ltr'><strong>in</strong></span> <span class='ocrx_word' id='word_1_421' title='bbox 448 2283 642 2323; x_wconf 75' lang='lat' dir='ltr'><strong>crastinmn,</strong></span> <span class='ocrx_word' id='word_1_422' title='bbox 678 2281 765 2316; x_wconf 87' lang='lat' dir='ltr'><strong>item</strong></span> <span class='ocrx_word' id='word_1_423' title='bbox 793 2281 1022 2327; x_wconf 86' lang='lat' dir='ltr'><strong>intelligatur,</strong></span> <span class='ocrx_word' id='word_1_424' title='bbox 1049 2291 1086 2316; x_wconf 92' lang='lat' dir='ltr'><strong>ut</strong></span> <span class='ocrx_word' id='word_1_425' title='bbox 1111 2282 1202 2316; x_wconf 89' lang='lat' dir='ltr'><strong>nihil</strong></span> <span class='ocrx_word' id='word_1_426' title='bbox 1227 2283 1263 2316; x_wconf 92' lang='lat' dir='ltr'><strong>in</strong></span> <span class='ocrx_word' id='word_1_427' title='bbox 1291 2282 1486 2316; x_wconf 88' lang='lat' dir='ltr'><strong>crastinum</strong></span> <span class='ocrx_word' id='word_1_428' title='bbox 1512 2291 1717 2329; x_wconf 87' lang='lat' dir='ltr'><strong>reponatur,</strong></span> 
     </span>
     <span class='ocr_line' id='line_1_41' title="bbox 158 2335 1719 2382; baseline 0.001 -14"><span class='ocrx_word' id='word_1_429' title='bbox 158 2346 232 2369; x_wconf 91' lang='lat' dir='ltr'><strong>non</strong></span> <span class='ocrx_word' id='word_1_430' title='bbox 255 2342 423 2380; x_wconf 89' lang='lat' dir='ltr'><strong>poterunt</strong></span> <span class='ocrx_word' id='word_1_431' title='bbox 444 2335 510 2369; x_wconf 87' lang='lat' dir='ltr'><strong>ista</strong></span> <span class='ocrx_word' id='word_1_432' title='bbox 533 2346 686 2376; x_wconf 80' lang='lat' dir='ltr'><strong>servare,</strong></span> <span class='ocrx_word' id='word_1_433' title='bbox 709 2335 770 2381; x_wconf 85' lang='lat' dir='ltr'><strong>qui</strong></span> <span class='ocrx_word' id='word_1_434' title='bbox 790 2346 828 2369; x_wconf 87' lang='lat' dir='ltr'><strong>se</strong></span> <span class='ocrx_word' id='word_1_435' title='bbox 852 2346 914 2381; x_wconf 91' lang='lat' dir='ltr'><strong>per</strong></span> <span class='ocrx_word' id='word_1_436' title='bbox 935 2335 1068 2370; x_wconf 89' lang='lat' dir='ltr'><strong>multos</strong></span> <span class='ocrx_word' id='word_1_437' title='bbox 1091 2336 1165 2369; x_wconf 89' lang='lat' dir='ltr'><strong>dies</strong></span> <span class='ocrx_word' id='word_1_438' title='bbox 1193 2347 1213 2369; x_wconf 92' lang='lat' dir='ltr'><strong>a</strong></span> <span class='ocrx_word' id='word_1_439' title='bbox 1235 2344 1431 2382; x_wconf 86' lang='lat' dir='ltr'><strong>conspectu</strong></span> <span class='ocrx_word' id='word_1_440' title='bbox 1453 2336 1645 2370; x_wconf 85' lang='lat' dir='ltr'><strong>hominum</strong></span> <span class='ocrx_word' id='word_1_441' title='bbox 1666 2348 1719 2371; x_wconf 91' lang='lat' dir='ltr'><strong>se-</strong></span> 
     </span>
     <span class='ocr_line' id='line_1_42' title="bbox 159 2388 1717 2435; baseline 0.002 -14"><span class='ocrx_word' id='word_1_442' title='bbox 159 2396 303 2434; x_wconf 87' lang='lat' dir='ltr'><strong>paratos</strong></span> <span class='ocrx_word' id='word_1_443' title='bbox 321 2388 521 2429; x_wconf 86' lang='lat' dir='ltr'><strong>includant,</strong></span> <span class='ocrx_word' id='word_1_444' title='bbox 537 2388 698 2422; x_wconf 77' lang='lat' dir='ltr'><strong>viventes</strong></span> <span class='ocrx_word' id='word_1_445' title='bbox 712 2388 749 2421; x_wconf 92' lang='lat' dir='ltr'><strong>in</strong></span> <span class='ocrx_word' id='word_1_446' title='bbox 764 2399 897 2434; x_wconf 87' lang='lat' dir='ltr'><strong>magna</strong></span> <span class='ocrx_word' id='word_1_447' title='bbox 914 2388 1114 2423; x_wconf 88' lang='lat' dir='ltr'><strong>intentione</strong></span> <span class='ocrx_word' id='word_1_448' title='bbox 1128 2389 1335 2424; x_wconf 86' lang='lat' dir='ltr'><strong>orationum</strong></span> <span class='ocrx_word' id='word_1_449' title='bbox 1345 2401 1378 2432; x_wconf 87' lang='grc'><strong>));</strong></span> <span class='ocrx_word' id='word_1_450' title='bbox 1394 2397 1428 2423; x_wconf 90' lang='lat' dir='ltr'><strong>et</strong></span> <span class='ocrx_word' id='word_1_451' title='bbox 1443 2397 1569 2435; x_wconf 89' lang='lat' dir='ltr'><strong>postea</strong></span> <span class='ocrx_word' id='word_1_452' title='bbox 1582 2390 1717 2424; x_wconf 89' lang='lat' dir='ltr'><strong>subdit:</strong></span> 
     </span>
     <span class='ocr_line' id='line_1_43' title="bbox 160 2440 1719 2489; baseline 0.003 -16"><span class='ocrx_word' id='word_1_453' title='bbox 160 2455 179 2473; x_wconf 86' lang='lat'>«</span> <span class='ocrx_word' id='word_1_454' title='bbox 202 2441 259 2475; x_wconf 91' lang='lat' dir='ltr'><strong>An</strong></span> <span class='ocrx_word' id='word_1_455' title='bbox 282 2440 372 2476; x_wconf 88' lang='lat' dir='ltr'><strong>forte</strong></span> <span class='ocrx_word' id='word_1_456' title='bbox 397 2452 468 2487; x_wconf 90' lang='lat' dir='ltr'><strong>quo</strong></span> <span class='ocrx_word' id='word_1_457' title='bbox 492 2449 573 2475; x_wconf 88' lang='lat' dir='ltr'><strong>sunt</strong></span> <span class='ocrx_word' id='word_1_458' title='bbox 594 2441 804 2483; x_wconf 87' lang='lat' dir='ltr'><strong>sanctiores,</strong></span> <span class='ocrx_word' id='word_1_459' title='bbox 823 2452 867 2475; x_wconf 89' lang='lat' dir='ltr'><strong>eo</strong></span> <span class='ocrx_word' id='word_1_460' title='bbox 889 2450 971 2476; x_wconf 87' lang='lat' dir='ltr'><strong>sunt</strong></span> <span class='ocrx_word' id='word_1_461' title='bbox 991 2441 1197 2476; x_wconf 86' lang='lat' dir='ltr'><strong>volucribus</strong></span> <span class='ocrx_word' id='word_1_462' title='bbox 1219 2442 1465 2477; x_wconf 83' lang='lat' dir='ltr'><strong>dissimiliores</strong></span> <span class='ocrx_word' id='word_1_463' title='bbox 1476 2455 1509 2485; x_wconf 89' lang='lat'><strong>»;</strong></span> <span class='ocrx_word' id='word_1_464' title='bbox 1535 2450 1570 2477; x_wconf 92' lang='lat' dir='ltr'><strong>et</strong></span> <span class='ocrx_word' id='word_1_465' title='bbox 1594 2451 1719 2489; x_wconf 87' lang='lat' dir='ltr'><strong>postea</strong></span> 
     </span>
     <span class='ocr_line' id='line_1_44' title="bbox 158 2494 1717 2542; baseline 0.001 -13"><span class='ocrx_word' id='word_1_466' title='bbox 158 2494 278 2529; x_wconf 90' lang='lat' dir='ltr'><strong>subdit</strong></span> <span class='ocrx_word' id='word_1_467' title='bbox 298 2495 386 2540; x_wconf 80' lang='lat' dir='ltr'><strong>(cap.</strong></span> <span class='ocrx_word' id='word_1_468' title='bbox 414 2495 484 2539; x_wconf 85' lang='lat'><em>24.)</em></span> <span class='ocrx_word' id='word_1_469' title='bbox 501 2507 510 2528; x_wconf 91' lang='lat'><em>:</em></span> <span class='ocrx_word' id='word_1_470' title='bbox 535 2508 553 2526; x_wconf 72' lang='lat' dir='ltr'><strong>(t</strong></span> <span class='ocrx_word' id='word_1_471' title='bbox 577 2494 615 2528; x_wconf 88' lang='lat' dir='ltr'><strong>Si</strong></span> <span class='ocrx_word' id='word_1_472' title='bbox 642 2495 741 2528; x_wconf 89' lang='lat' dir='ltr'><strong>enim</strong></span> <span class='ocrx_word' id='word_1_473' title='bbox 762 2503 957 2540; x_wconf 84' lang='lat' dir='ltr'><strong>urgeantur</strong></span> <span class='ocrx_word' id='word_1_474' title='bbox 989 2495 1025 2528; x_wconf 88' lang='lat' dir='ltr'><strong>in</strong></span> <span class='ocrx_word' id='word_1_475' title='bbox 1051 2494 1263 2540; x_wconf 84' lang='lat' dir='ltr'><strong>Evangelio,</strong></span> <span class='ocrx_word' id='word_1_476' title='bbox 1296 2503 1334 2529; x_wconf 90' lang='lat' dir='ltr'><strong>ut</strong></span> <span class='ocrx_word' id='word_1_477' title='bbox 1365 2495 1457 2530; x_wconf 87' lang='lat' dir='ltr'><strong>nihil</strong></span> <span class='ocrx_word' id='word_1_478' title='bbox 1485 2504 1662 2542; x_wconf 87' lang='lat' dir='ltr'><strong>reponant</strong></span> <span class='ocrx_word' id='word_1_479' title='bbox 1682 2496 1717 2530; x_wconf 92' lang='lat' dir='ltr'><strong>in</strong></span> 
     </span>
     <span class='ocr_line' id='line_1_45' title="bbox 158 2547 1717 2594; baseline 0.001 -13"><span class='ocrx_word' id='word_1_480' title='bbox 158 2548 367 2589; x_wconf 88' lang='lat' dir='ltr'><strong>crastinum,</strong></span> <span class='ocrx_word' id='word_1_481' title='bbox 390 2548 590 2581; x_wconf 89' lang='lat' dir='ltr'><strong>rectissime</strong></span> <span class='ocrx_word' id='word_1_482' title='bbox 611 2548 845 2594; x_wconf 87' lang='lat' dir='ltr'><strong>respondent:</strong></span> <span class='ocrx_word' id='word_1_483' title='bbox 865 2547 941 2582; x_wconf 90' lang='lat' dir='ltr'><strong>Cur</strong></span> <span class='ocrx_word' id='word_1_484' title='bbox 959 2559 1045 2593; x_wconf 91' lang='lat' dir='ltr'><strong>ergo</strong></span> <span class='ocrx_word' id='word_1_485' title='bbox 1068 2549 1142 2593; x_wconf 87' lang='lat' dir='ltr'><strong>ipse</strong></span> <span class='ocrx_word' id='word_1_486' title='bbox 1153 2549 1334 2583; x_wconf 88' lang='lat' dir='ltr'><strong>Dominus</strong></span> <span class='ocrx_word' id='word_1_487' title='bbox 1348 2548 1489 2583; x_wconf 87' lang='lat' dir='ltr'><strong>loculos</strong></span> <span class='ocrx_word' id='word_1_488' title='bbox 1509 2549 1644 2592; x_wconf 84' lang='lat' dir='ltr'><strong>habuit,</strong></span> <span class='ocrx_word' id='word_1_489' title='bbox 1657 2550 1717 2584; x_wconf 89' lang='lat' dir='ltr'><strong>ubi</strong></span> 
     </span>
     <span class='ocr_line' id='line_1_46' title="bbox 158 2600 1715 2647; baseline 0.001 -13"><span class='ocrx_word' id='word_1_490' title='bbox 158 2601 350 2647; x_wconf 87' lang='lat' dir='ltr'><strong>pecuniam</strong></span> <span class='ocrx_word' id='word_1_491' title='bbox 366 2600 558 2635; x_wconf 85' lang='lat' dir='ltr'><strong>collectam</strong></span> <span class='ocrx_word' id='word_1_492' title='bbox 581 2601 796 2646; x_wconf 84' lang='lat' dir='ltr'><strong>reponeret?</strong></span> <span class='ocrx_word' id='word_1_493' title='bbox 825 2601 901 2635; x_wconf 89' lang='lat' dir='ltr'><strong>Cur</strong></span> <span class='ocrx_word' id='word_1_494' title='bbox 930 2608 1029 2635; x_wconf 89' lang='lat' dir='ltr'><strong>tanto</strong></span> <span class='ocrx_word' id='word_1_495' title='bbox 1053 2609 1145 2643; x_wconf 85' lang='lat' dir='ltr'><strong>ante,</strong></span> <span class='ocrx_word' id='word_1_496' title='bbox 1180 2601 1275 2636; x_wconf 88' lang='lat' dir='ltr'><strong>fame</strong></span> <span class='ocrx_word' id='word_1_497' title='bbox 1297 2602 1521 2644; x_wconf 86' lang='lat' dir='ltr'><strong>imminente,</strong></span> <span class='ocrx_word' id='word_1_498' title='bbox 1539 2602 1715 2636; x_wconf 85' lang='lat' dir='ltr'><strong>frumenta</strong></span> 
     </span>
     <span class='ocr_line' id='line_1_47' title="bbox 157 2654 1719 2701; baseline 0.001 -13"><span class='ocrx_word' id='word_1_499' title='bbox 157 2654 291 2688; x_wconf 88' lang='lat' dir='ltr'><strong>sanctis</strong></span> <span class='ocrx_word' id='word_1_500' title='bbox 313 2654 476 2688; x_wconf 85' lang='lat' dir='ltr'><strong>Patribus</strong></span> <span class='ocrx_word' id='word_1_501' title='bbox 499 2654 609 2688; x_wconf 85' lang='lat' dir='ltr'><strong>missa</strong></span> <span class='ocrx_word' id='word_1_502' title='bbox 627 2654 732 2688; x_wconf 82' lang='lat' dir='ltr'><strong>sunt?</strong></span> <span class='ocrx_word' id='word_1_503' title='bbox 750 2655 824 2689; x_wconf 91' lang='lat' dir='ltr'><strong>Cur</strong></span> <span class='ocrx_word' id='word_1_504' title='bbox 839 2654 1006 2700; x_wconf 88' lang='lat' dir='ltr'><strong>Apostoli</strong></span> <span class='ocrx_word' id='word_1_505' title='bbox 1030 2655 1114 2699; x_wconf 90' lang='lat' dir='ltr'><strong>(sic)</strong></span> <span class='ocrx_word' id='word_1_506' title='bbox 1129 2655 1347 2701; x_wconf 82' lang='lat' dir='ltr'><strong>indigentiae</strong></span> <span class='ocrx_word' id='word_1_507' title='bbox 1369 2663 1577 2690; x_wconf 88' lang='lat' dir='ltr'><strong>sanctorum</strong></span> <span class='ocrx_word' id='word_1_508' title='bbox 1598 2666 1719 2690; x_wconf 89' lang='lat' dir='ltr'><strong>neces-</strong></span> 
     </span>
     <span class='ocr_line' id='line_1_48' title="bbox 158 2706 1717 2753; baseline 0.001 -12"><span class='ocrx_word' id='word_1_509' title='bbox 158 2706 249 2741; x_wconf 85' lang='lat' dir='ltr'><strong>saria</strong></span> <span class='ocrx_word' id='word_1_510' title='bbox 267 2707 526 2752; x_wconf 87' lang='lat' dir='ltr'><strong>procurarunt?</strong></span> <span class='ocrx_word' id='word_1_511' title='bbox 555 2720 586 2749; x_wconf 82' lang='lat'><strong>»3</strong></span> <span class='ocrx_word' id='word_1_512' title='bbox 611 2708 755 2753; x_wconf 85' lang='lat' dir='ltr'><strong>quando</strong></span> <span class='ocrx_word' id='word_1_513' title='bbox 777 2719 864 2753; x_wconf 90' lang='lat' dir='ltr'><strong>ergo</strong></span> <span class='ocrx_word' id='word_1_514' title='bbox 887 2707 1030 2741; x_wconf 85' lang='lat' dir='ltr'><strong>dicitur:</strong></span> <span class='ocrx_word' id='word_1_515' title='bbox 1054 2708 1163 2742; x_wconf 76' lang='lat' dir='ltr'><strong>Nolite</strong></span> <span class='ocrx_word' id='word_1_516' title='bbox 1183 2708 1303 2742; x_wconf 81' lang='lat' dir='ltr'><strong>soliciti</strong></span> <span class='ocrx_word' id='word_1_517' title='bbox 1323 2720 1382 2742; x_wconf 73' lang='lat' dir='ltr'><strong>esse</strong></span> <span class='ocrx_word' id='word_1_518' title='bbox 1403 2710 1437 2742; x_wconf 82' lang='lat' dir='ltr'><strong>in</strong></span> <span class='ocrx_word' id='word_1_519' title='bbox 1460 2710 1652 2751; x_wconf 85' lang='lat' dir='ltr'><strong>crastinum,</strong></span> <span class='ocrx_word' id='word_1_520' title='bbox 1667 2719 1717 2743; x_wconf 87' lang='lat' dir='ltr'><strong>se-</strong></span> 
     </span>
     <span class='ocr_line' id='line_1_49' title="bbox 159 2760 1716 2808; baseline 0.002 -15"><span class='ocrx_word' id='word_1_521' title='bbox 159 2760 317 2793; x_wconf 89' lang='lat' dir='ltr'><strong>cundum</strong></span> <span class='ocrx_word' id='word_1_522' title='bbox 337 2760 605 2806; x_wconf 85' lang='lat' dir='ltr'><strong>Hieronymum</strong></span> <span class='ocrx_word' id='word_1_523' title='bbox 627 2762 676 2805; x_wconf 81' lang='lat' dir='ltr'><strong>(in</strong></span> <span class='ocrx_word' id='word_1_524' title='bbox 699 2761 783 2796; x_wconf 75' lang='lat' dir='ltr'><strong>hunc</strong></span> <span class='ocrx_word' id='word_1_525' title='bbox 806 2761 881 2805; x_wconf 82' lang='lat' dir='ltr'><strong>loc.)</strong></span> <span class='ocrx_word' id='word_1_526' title='bbox 903 2761 952 2794; x_wconf 89' lang='lat' dir='ltr'><strong>sic</strong></span> <span class='ocrx_word' id='word_1_527' title='bbox 968 2762 1175 2806; x_wconf 81' lang='lat' dir='ltr'><strong>exponitur:</strong></span> <span class='ocrx_word' id='word_1_528' title='bbox 1202 2775 1219 2793; x_wconf 83' lang='lat'>«</span> <span class='ocrx_word' id='word_1_529' title='bbox 1243 2760 1383 2795; x_wconf 81' lang='lat' dir='ltr'><strong>Sufficit</strong></span> <span class='ocrx_word' id='word_1_530' title='bbox 1396 2761 1499 2796; x_wconf 84' lang='lat' dir='ltr'><strong>nobis</strong></span> <span class='ocrx_word' id='word_1_531' title='bbox 1521 2762 1716 2808; x_wconf 87' lang='lat' dir='ltr'><strong>praesentis</strong></span> 
     </span>
     <span class='ocr_line' id='line_1_50' title="bbox 157 2813 1714 2860; baseline 0.001 -13"><span class='ocrx_word' id='word_1_532' title='bbox 157 2814 330 2858; x_wconf 84' lang='lat' dir='ltr'><strong>temporis</strong></span> <span class='ocrx_word' id='word_1_533' title='bbox 353 2814 542 2858; x_wconf 78' lang='lat' dir='ltr'><strong>cogitatio:</strong></span> <span class='ocrx_word' id='word_1_534' title='bbox 566 2813 694 2856; x_wconf 85' lang='lat' dir='ltr'><strong>futura,</strong></span> <span class='ocrx_word' id='word_1_535' title='bbox 717 2825 808 2860; x_wconf 87' lang='lat' dir='ltr'><strong>quae</strong></span> <span class='ocrx_word' id='word_1_536' title='bbox 830 2815 967 2848; x_wconf 89' lang='lat' dir='ltr'><strong>incerta</strong></span> <span class='ocrx_word' id='word_1_537' title='bbox 989 2821 1080 2856; x_wconf 88' lang='lat' dir='ltr'><strong>sunt,</strong></span> <span class='ocrx_word' id='word_1_538' title='bbox 1095 2814 1175 2848; x_wconf 82' lang='lat' dir='ltr'><strong>Deo</strong></span> <span class='ocrx_word' id='word_1_539' title='bbox 1191 2814 1434 2860; x_wconf 86' lang='lat' dir='ltr'><strong>relinquamus</strong></span> <span class='ocrx_word' id='word_1_540' title='bbox 1456 2826 1493 2848; x_wconf 69' lang='lat' dir='ltr'><strong>n:</strong></span> <span class='ocrx_word' id='word_1_541' title='bbox 1517 2815 1714 2849; x_wconf 88' lang='lat' dir='ltr'><strong>secundum</strong></span> 
     </span>
     <span class='ocr_line' id='line_1_51' title="bbox 159 2866 1716 2913; baseline 0.002 -14"><span class='ocrx_word' id='word_1_542' title='bbox 159 2866 464 2911; x_wconf 82' lang='lat' dir='ltr'><strong>Chrysostomum</strong></span> <span class='ocrx_word' id='word_1_543' title='bbox 481 2866 609 2911; x_wconf 81' lang='lat' dir='ltr'><strong>(alium</strong></span> <span class='ocrx_word' id='word_1_544' title='bbox 630 2867 832 2911; x_wconf 82' lang='lat' dir='ltr'><strong>auctorem)</strong></span> <span class='ocrx_word' id='word_1_545' title='bbox 855 2868 957 2912; x_wconf 76' lang='lat' dir='ltr'><strong>(hom.</strong></span> <span class='ocrx_word' id='word_1_546' title='bbox 981 2868 1031 2902; x_wconf 78' lang='lat'><strong>16.</strong></span> <span class='ocrx_word' id='word_1_547' title='bbox 1047 2868 1080 2901; x_wconf 82' lang='lat' dir='ltr'><strong>in</strong></span> <span class='ocrx_word' id='word_1_548' title='bbox 1102 2874 1152 2913; x_wconf 77' lang='lat' dir='ltr'><strong>op.</strong></span> <span class='ocrx_word' id='word_1_549' title='bbox 1172 2867 1320 2913; x_wconf 71' lang='lat' dir='ltr'><strong>imperf.)</strong></span> <span class='ocrx_word' id='word_1_550' title='bbox 1342 2866 1411 2902; x_wconf 89' lang='lat' dir='ltr'><strong>sic:</strong></span> <span class='ocrx_word' id='word_1_551' title='bbox 1430 2866 1600 2902; x_wconf 88' lang='lat' dir='ltr'><strong>«Sufficit</strong></span> <span class='ocrx_word' id='word_1_552' title='bbox 1615 2867 1716 2902; x_wconf 87' lang='lat' dir='ltr'><strong>labor</strong></span> 
     </span>
    </p>
   </div>
   <div class='ocr_carea' id='block_1_3' title="bbox 1792 0 1859 3122">
    <p class='ocr_par' dir='ltr' id='par_1_5' title="bbox 1792 0 1859 3122">
     <span class='ocr_line' id='line_1_52' title="bbox 1792 0 1859 3122; baseline 0 0"><span class='ocrx_word' id='word_1_553' title='bbox 1792 0 1859 3122; x_wconf 95' lang='lat' dir='ltr'><strong> </strong></span> 
     </span>
    </p>
   </div>
  </div>
 </body>
</html>
