1859 3122
497 155 716 192 QUAESTIO
751 154 866 184 XLIX.
901 153 1144 184 ARTICULUS
1177 153 1216 182 V.
1552 152 1632 194 379

149 250 177 285 3.
200 238 434 273 PRAETEREA.
454 237 560 271 Ratio
583 248 656 270 non
679 236 795 271 differt
817 247 878 282 per
900 236 1092 270 essentiam
1114 236 1296 282 potentiae
1316 234 1356 268 ab
1379 233 1576 275 intellectu,
1599 241 1637 267 ut

76 292 172 338 prius
195 292 356 326 habitunt
381 299 432 325 est
462 291 561 337 (part.
585 303 610 325 1.
633 302 662 336 q.
692 301 745 336 79.
767 295 831 324 art.
854 289 926 331 S.),·
956 289 983 323 si
1012 290 1119 334 igitur
1148 288 1352 323 intellectus
1380 287 1525 334 ponitur
1556 297 1637 332 pars

75 345 295 392 prudentiae,
318 344 537 389 superfluum
560 343 625 378 fuit
647 343 776 377 addere
796 343 986 377 rationem.

148 398 221 433 SED
245 409 398 432 CONTRA
418 406 480 439 est,
504 398 599 443 quod
622 397 827 430 Macrobius
844 396 918 439 (lib.
946 406 973 429 1.
998 397 1029 429 in
1046 397 1156 429 Somn.
1175 396 1259 441 Scip.
1284 401 1353 441 rap.
1370 395 1417 439 8.)
1435 393 1634 428 secundum

76 453 290 486 sententiam
315 451 459 492 Plotini,
483 453 643 485 milianum
667 459 833 483 numerat
856 451 946 483 inter
967 458 1085 495 partes
1104 449 1324 495 prudentiae.

147 506 374 539 Rispoxmao
403 505 607 545 dicendum,
629 504 724 549 quod
749 514 838 548 opus
862 503 1044 549 prudentis
1068 511 1120 537 est
1143 514 1219 536 esse
1241 503 1332 536 bene
1356 501 1636 542 consiliativum,

76 567 113 593 ut
135 560 262 593 dicitur
285 560 317 592 in
346 559 377 593 6.
399 559 513 592 lithic.
537 562 624 604 (cap.
644 559 712 603 j.):
742 557 934 590 consilium
957 565 1077 590 autem
1105 565 1157 590 est
1178 556 1363 601 inquisitio
1391 556 1567 601 quaedam
1596 565 1637 587 ex

76 613 289 659 quibusdam
314 613 354 645 ad
376 612 442 646 alia
460 613 676 657 procedens:
696 611 765 643 hoc
787 619 906 644 autem
930 618 982 644 est
1004 622 1093 655 opus
1117 610 1288 650 rationis3
1311 610 1403 642 unde
1424 609 1466 642 ad
1490 608 1639 654 pruden-

76 668 163 700 tiam
185 667 427 701 necessarium
453 674 514 707 est,
543 665 638 711 quod
665 665 778 698 homo
807 664 850 698 sit
876 665 967 698 bene
995 663 1285 703 ratiocinativus3
1308 670 1341 696 et
1369 662 1450 707 quia
1479 673 1519 696 ea
1546 673 1637 707 quae

78 721 265 766 exiguntur
294 721 335 754 ad
359 719 619 766 perfectionem
650 718 871 764 prudentiae,
894 717 1061 751 dicuntur
1084 717 1185 762 quasi
1207 715 1399 761 integrales
1421 723 1538 761 partes
1561 726 1640 761 pru-

77 774 235 808 dentiae:
252 775 334 807 inde
355 782 416 815 est,
440 773 534 819 quod
557 772 647 806 ratio
671 772 762 805 inter
783 779 900 817 partes
922 770 1132 816 prudentiae
1152 769 1405 803 connumerari
1428 769 1542 802 debet.

148 828 208 861 AD
230 838 378 862 PRIMUM
398 837 484 872 ergo
500 825 703 866 dicendum,
726 825 822 870 quod
846 825 932 859 ratio
954 835 1028 858 non
1047 824 1199 858 sumitur
1217 823 1275 857 hic
1297 834 1362 868 pro
1380 823 1457 868 ipsa
1479 821 1638 867 potentia

76 881 236 923 rationis,
256 881 316 915 sed
336 892 400 927 pro
423 881 498 925 ejus
519 880 616 913 bono
639 890 715 912 usu.

148 937 207 970 AD
235 945 440 970 SECUNDUM
463 934 666 975 dicendum,
693 932 789 978 quod
821 932 997 967 certitudo
1025 932 1172 966 rationis
1205 940 1258 966 est
1284 943 1327 965 ex
1352 929 1557 971 intellectu3
1577 928 1638 963 sed

77 989 271 1023 necessitas
294 988 442 1022 rationis
465 995 516 1022 est
539 999 581 1022 ex
603 986 743 1020 defectu
766 986 988 1021 intellectus:
1012 985 1073 1019 illa
1097 987 1205 1027 enim,
1228 985 1263 1018 in
1283 985 1410 1031 quibus
1431 984 1484 1017 vis
1506 982 1641 1017 intelle-

78 1043 171 1077 ctiva
192 1042 350 1089 plenarie
367 1042 475 1087 viget,
497 1041 635 1075 ratione
654 1051 727 1074 non
746 1040 919 1086 indigent,
945 1039 1007 1074 sed
1029 1050 1095 1073 suo
1118 1038 1273 1084 simplici
1295 1038 1424 1072 intuitu
1450 1037 1639 1071 veritatem

78 1096 410 1142 comprehendunt3
444 1095 536 1128 sicut
561 1094 673 1135 Deus,
709 1101 743 1128 et
776 1093 930 1139 Angeli;
957 1093 1184 1139 particularia
1220 1100 1342 1126 autem
1369 1090 1577 1137 operabilia,
1604 1089 1640 1123 in

77 1150 204 1195 quibus
226 1149 412 1195 prudentia
436 1148 566 1193 dirigit,
589 1147 762 1181 recedunt
788 1147 980 1193 praecipue
1008 1159 1027 1181 a
1051 1147 1258 1181 conditione
1285 1145 1583 1191 intelligibiliun13
1607 1152 1641 1177 et

76 1211 176 1237 tanto
196 1204 324 1248 magis,
346 1210 480 1248 quanto
508 1209 590 1236 sunt
611 1201 730 1235 minus
753 1209 862 1243 certa,
885 1212 946 1235 seu
975 1201 1230 1235 determinata:
1254 1211 1295 1234 ea
1323 1200 1419 1233 enim
1441 1210 1532 1245 quae
1559 1206 1641 1232 sunt

79 1256 173 1298 artis,
195 1256 280 1290 licet
300 1256 370 1290 sint
390 1255 595 1301 singularia,
617 1262 739 1288 tamen
766 1263 847 1289 sunt
868 1255 984 1300 magis
1007 1254 1255 1295 determinata,
1278 1262 1312 1287 et
1340 1261 1458 1294 certa;
1485 1252 1578 1286 unde
1604 1251 1640 1285 in

78 1309 237 1356 pluribus
253 1321 379 1343 eorum
401 1321 474 1343 non
494 1316 546 1343 est
567 1308 759 1342 consilium
775 1316 920 1354 propter
934 1308 1197 1349 certitudinem,
1212 1315 1250 1340 ut
1268 1307 1396 1340 dicitur
1418 1306 1453 1339 in
1480 1317 1508 1351 3.
1524 1305 1627 1339 Ethic

81 1363 169 1410 (cap.
196 1363 265 1409 3.);
297 1371 330 1397 et
359 1362 440 1396 ideo
463 1362 627 1408 quamvis
650 1362 686 1395 in
707 1362 921 1408 quibusdam
950 1361 1026 1395 aliis
1048 1361 1237 1395 virtutibus
1264 1359 1569 1394 intellectualibus
1596 1359 1639 1392 sit

81 1417 212 1451 certior
233 1417 335 1458 ratio,
358 1427 465 1462 quam
492 1416 527 1449 in
549 1416 754 1462 prudentia3
777 1424 899 1449 tamen
930 1415 973 1448 ad
1001 1415 1228 1461 prudentiam
1255 1414 1412 1447 maxime
1435 1412 1637 1458 requiritur,

81 1470 177 1515 quod
199 1470 243 1504 sit
263 1470 377 1504 horno
401 1470 490 1503 bene
512 1469 795 1510 ratiocinativus,
819 1477 856 1503 ut
873 1469 985 1514 possit
1003 1469 1093 1502 bene
1117 1467 1296 1514 applicare
1312 1466 1528 1500 universalia
1550 1465 1641 1511 prin-

81 1523 172 1569 cipia
195 1523 238 1556 ad
253 1522 492 1568 particularia,
515 1533 606 1568 quae
628 1530 710 1556 sunt
727 1522 836 1563 varia,
861 1530 894 1555 et
915 1522 1062 1556 incerta,

150 1577 210 1610 AD
233 1586 403 1610 TERTIUM
426 1575 631 1616 dicendum,
659 1576 754 1621 quod
784 1575 849 1609 etsi
875 1574 1090 1615 intellectus,
1113 1583 1147 1608 et
1167 1574 1258 1608 ratio
1285 1585 1358 1607 non
1381 1573 1450 1607 sint
1477 1572 1638 1607 diversae

78 1630 274 1676 potentiae,
295 1638 418 1663 tamen
441 1629 721 1663 denominantur
743 1640 784 1662 ex
807 1628 954 1662 diversis
977 1628 1132 1662 actibus:
1156 1627 1359 1662 intellectus
1382 1627 1479 1660 enim
1501 1637 1638 1659 nomen

79 1683 232 1718 sumitur
255 1683 296 1716 ab
319 1683 445 1716 intima
467 1682 714 1728 penetratione
740 1682 917 1723 veritatis,
944 1693 1078 1715 nomen
1103 1690 1223 1715 autem
1251 1680 1398 1714 rationis
1427 1680 1468 1713 ab
1496 1679 1641 1725 inquisi—

78 1737 189 1778 tione,
217 1744 251 1771 et
284 1736 464 1770 discursu:
493 1744 528 1770 et
552 1736 634 1770 ideo
661 1744 852 1781 utrumque
879 1735 1024 1781 ponitur
1049 1746 1130 1781 pars
1157 1734 1377 1781 prudentiae,
1405 1741 1442 1767 ut
1469 1744 1510 1767 ex
1537 1732 1641 1766 dictis

79 1798 177 1836 patet
201 1790 280 1835 (art.
303 1801 333 1825 2.
356 1790 425 1835 huj.
447 1801 476 1835 q.
500 1794 530 1824 et
550 1801 579 1835 q.
601 1800 656 1835 47.
680 1794 743 1824 art.
766 1791 822 1835 1.).

635 1930 978 1976 ARTICULUS
1020 1930 1096 1974 VI.
1573 1939 1640 1974 280

194 2041 345 2071 UTRUM
376 2040 674 2072 PROVIDENTIA
708 2040 877 2069 DEBEAT
911 2039 1014 2070 PONI
1048 2039 1149 2068 PARS
1184 2037 1525 2068 PROVIDENTIAE.

364 2130 477 2176 (Schr.
499 2141 529 2175 q.
551 2130 607 2174 48.
629 2134 695 2164 art.
717 2130 813 2163 unico
835 2133 864 2163 et
888 2138 951 2163 1-2.
974 2139 1003 2173 q.
1025 2139 1078 2162 22.
1101 2132 1166 2162 art.
1188 2136 1217 2160 Ι.
1233 2126 1353 2172 corp).

152 2219 212 2252 AD
239 2228 390 2252 sEXTUM
417 2218 466 2252 sic
493 2217 708 2263 proceditur.
737 2217 898 2259 Videtur,
925 2216 1022 2262 quod
1049 2214 1274 2262 providentia
1300 2225 1374 2248 non
1402 2212 1529 2247 debeat
1555 2211 1641 2258 poni

82 2283 162 2318 pars
184 2271 411 2318 prudentiae:
433 2270 524 2305 nihil
545 2271 642 2305 enim
657 2280 709 2305 est
730 2282 811 2316 pars
832 2270 888 2304 sui
909 2269 1038 2315 ipsius:
1061 2268 1123 2303 sed
1142 2267 1366 2313 providentia
1384 2266 1523 2300 videtur
1544 2265 1640 2299 idem

82 2337 171 2367 esse,
193 2325 290 2371 quod
312 2324 517 2370 prudentia:
540 2324 634 2370 quia,
649 2332 687 2358 ut
700 2323 782 2358 Isid.
805 2323 891 2357 dicit
905 2325 941 2357 in
963 2323 1021 2356 lib.
1042 2332 1091 2357 10.
1115 2321 1273 2367 Etymol.
1289 2320 1349 2365 (ad
1364 2321 1410 2354 lit.
1434 2319 1499 2364 P).-
1526 2331 1543 2350 <‹
1558 2318 1642 2352 Pru-

82 2379 168 2413 dens
190 2378 318 2412 dicitur
333 2377 433 2423 quasi
444 2389 551 2424 porro
565 2377 690 2411 videns
701 2390 733 2412 »z
751 2384 784 2411 et
796 2388 838 2411 ex
851 2376 921 2410 hoc
938 2376 1046 2409 etiam
1061 2386 1197 2409 nomen
1213 2373 1460 2420 providentiae
1476 2371 1640 2412 sumitur,

82 2440 120 2466 ut
141 2431 287 2465 Boetius
311 2431 396 2464 dicit
416 2431 453 2464 in
473 2430 532 2464 lib.
559 2442 586 2476 5.
610 2431 652 2464 de
676 2430 788 2464 Cons.
811 2432 913 2476 (pros.
933 2429 1006 2474 6.);
1031 2440 1116 2474 ergo
1139 2427 1364 2474 providentia
1385 2437 1459 2459 non
1482 2433 1534 2459 est
1560 2435 1640 2470 pars

82 2485 303 2531 prudentiae.

155 2548 186 2572 2.
207 2538 444 2572 PRAETEREA.
459 2537 653 2571 Prudentia
671 2545 724 2571 est
745 2536 866 2571 solum
888 2536 1060 2582 practica:
1076 2535 1137 2570 sed
1159 2533 1383 2580 providentia
1402 2539 1519 2577 potest
1533 2531 1640 2564 etiam

84 2603 161 2626 esse
184 2590 422 2636 speculativa3
441 2590 523 2636 quia
545 2591 648 2632 visio,
672 2602 712 2624 ex
735 2601 804 2636 qua
827 2589 978 2624 sumitur
999 2600 1134 2623 nomen
1156 2586 1413 2634 providentiae,
1435 2584 1550 2629 magis
1570 2595 1644 2629 per-

82 2644 172 2678 tinet
194 2644 237 2677 ad
259 2643 530 2689 speculativam,
553 2655 661 2689 quam
682 2643 724 2677 ad
748 2643 995 2689 operativam3
1024 2653 1110 2688 ergo
1137 2639 1361 2687 providentia
1388 2649 1461 2672 non
1484 2645 1536 2671 est
1562 2648 1642 2683 pars

83 2697 304 2743 prudentiae.

159 2763 187 2796 3.
218 2751 453 2785 PRAETEREA.
488 2749 699 2795 Principalis
734 2759 833 2784 actus
860 2749 1068 2796 prudentiae
1096 2756 1147 2781 est
1177 2747 1383 2792 praecipu»,-
1411 2744 1642 2778 secundarius

86 2812 206 2838 autern
226 2812 278 2838 est
300 2804 464 2847 judicare,
490 2811 524 2837 et
550 2804 741 2838 consiliari:
763 2804 825 2838 sed
847 2803 936 2836 nihil
963 2803 1095 2835 horum
1123 2800 1261 2833 videtur
1287 2797 1474 2843 importari
1500 2798 1642 2843 proprie

85 2868 148 2902 per
168 2868 302 2891 nomen
325 2857 591 2902 providentiae3
615 2867 700 2902 ergo
722 2856 946 2902 providentia
969 2866 1041 2888 non
1065 2862 1117 2887 est
1138 2864 1218 2898 pars
1240 2851 1460 2898 prudentiae.
