1859 3122
130 146 215 188 402
565 144 785 179 QUAESTIO
819 144 907 174 LIII.
941 144 1185 174 ARTICULUS
1218 145 1258 174 V.

131 235 257 261 contra
280 225 603 271 concupiscentias,
636 226 896 272 perseverantis
933 234 1054 259 autem
1089 233 1214 259 contra
1247 225 1425 261 tristitias:
1459 227 1554 262 unde
1584 228 1696 262 conti-

130 280 263 322 nentia,
286 287 320 313 et
340 279 606 325 perseverantia
627 279 794 313 videntur
815 290 892 313 esse
913 278 1050 324 species
1073 278 1298 312 constantiae
1321 279 1365 313 ad
1386 279 1567 315 rationem
1592 281 1696 327 perti-

129 333 258 375 nentis,
281 332 325 366 ad
348 343 456 378 quam
479 332 590 366 etiam
611 333 765 378 pertinet
785 332 1039 366 inconstantia.

702 473 1048 518 ARTICULUS
1073 474 1150 516 VI.
1625 497 1694 533 300

343 582 496 612 UTRUM
522 582 771 612 PRAEDICTA
797 582 917 611 VITIA
945 582 1168 612 ORIANTUR
1194 582 1251 611 EX
1276 582 1481 612 LUXURIA.

451 669 553 715 (Infr.
575 681 605 715 q.
627 682 686 716 153.
709 675 775 705 art.
797 681 830 714 4.
852 675 880 704 et
897 682 925 716 5.
945 675 974 704 et
995 669 1078 703 Mal.
1102 681 1131 714 q.
1154 680 1197 715 15.
1220 674 1285 704 art.
1305 669 1369 714 4.).

202 758 262 792 AD
285 769 437 793 SEXTUM
464 759 514 793 sic
537 759 753 805 proceditur.
768 759 930 801 Videtur,
947 758 1042 805 quod
1061 758 1244 804 praedicta
1269 758 1356 792 vitia
1377 769 1451 792 non
1473 759 1634 793 oriantur
1652 770 1697 794 ex

131 811 288 854 luxuria3
310 812 553 846 inconstantia
575 813 672 846 enim
695 813 807 846 oritur
828 824 871 846 ex
891 812 1035 853 invidia,
1052 820 1090 845 ut
1108 812 1244 845 dictum
1264 819 1317 846 est
1337 816 1414 856 (art.
1426 817 1541 858 praec.
1563 812 1606 846 ad
1622 813 1694 858 2.):

130 865 192 899 sed
213 865 348 900 invidia
370 873 423 900 est
438 867 565 900 vitium
584 866 792 900 distinctum
812 878 831 899 a
848 866 1005 908 luxuria3
1029 877 1115 911 ergo
1135 865 1317 911 praedicta
1334 865 1421 899 vitia
1438 876 1514 900 non
1532 866 1696 900 oriuntur

131 930 175 953 ex
197 918 345 952 luxuria.

202 982 233 1006 2.
255 972 492 1007 ΡΗΑΕΤΕΗΕΑ.
510 972 637 1017 jacobi
659 983 686 1006 1.
707 972 852 1007 dicitur:
879 973 939 1006 Vir
956 972 1074 1018 duplex
1093 973 1205 1006 animo
1223 973 1411 1006 inconstans
1427 977 1473 1007 est
1489 973 1524 1006 in
1546 973 1696 1008 omnibus

130 1027 196 1060 viis
211 1027 296 1060 suis:
323 1026 386 1060 sed
409 1025 598 1072 duplicitas
619 1037 694 1060 non
715 1026 856 1060 videtur
877 1025 921 1059 ad
942 1025 1121 1059 luxuriam
1142 1025 1333 1071 pertinere,
1355 1025 1417 1059 sed
1435 1027 1552 1072 magis
1571 1026 1615 1060 ad
1635 1026 1695 1060 do-

131 1079 325 1121 lositatem,
345 1091 436 1125 quae
455 1087 508 1113 est
524 1079 597 1112 filia
615 1079 797 1120 avaritiae,
816 1078 1015 1113 secundum
1036 1078 1144 1125 Greg.
1167 1089 1219 1124 31.
1239 1077 1369 1113 Moral.
1388 1079 1477 1125 (cap.
1495 1079 1587 1125 17.);
1607 1090 1694 1129 ergo

130 1133 314 1178 praedicta
334 1133 420 1166 vitia
441 1143 515 1166 non
537 1133 700 1166 oriuntur
723 1143 765 1166 ex
786 1131 936 1165 luxuria.

206 1197 234 1231 3.
256 1185 491 1220 PMETEREA.
514 1185 701 1219 Praedicta
722 1185 807 1219 vitia
836 1186 1015 1231 pertinent
1042 1185 1085 1218 ad
1113 1184 1294 1219 defectum
1323 1185 1491 1219 rationis:
1522 1185 1583 1220 sed
1609 1185 1695 1220 vitia

132 1238 328 1283 spiritualia
351 1239 609 1284 propinquiora
623 1246 705 1272 sunt
722 1238 863 1279 rationi,
883 1249 991 1284 quam
1006 1238 1092 1271 vitia
1107 1237 1284 1280 carnalia3
1306 1249 1394 1283 ergo
1408 1238 1591 1284 praedicta
1608 1238 1695 1272 vitia

133 1292 250 1337 magis
278 1292 442 1325 oriuntur
463 1302 505 1325 ex
525 1291 619 1326 vitiis
642 1291 894 1337 spiritualibus,
917 1302 1026 1336 quam
1049 1302 1090 1324 ex
1115 1291 1210 1325 vitiis
1233 1291 1446 1325 carnalibus.

204 1345 278 1378 SED
301 1355 456 1379 CONTRA
479 1353 542 1385 est,
565 1345 661 1390 quod
685 1344 795 1390 Greg.
819 1355 870 1390 31.
890 1344 1018 1378 Moral.
1042 1345 1119 1389 (loc.
1143 1345 1213 1390 cit.)
1237 1345 1339 1390 ponit
1351 1344 1533 1390 praedicta
1547 1345 1633 1378 vitia
1652 1356 1694 1379 ex

131 1398 270 1431 luxuria
293 1398 389 1431 oriri.

203 1451 433 1485 Respoxmzo
457 1450 662 1492 dicendum,
685 1451 793 1497 quod,
821 1451 912 1484 sicut
945 1450 1081 1484 Philos.
1104 1450 1190 1484 dicit
1215 1451 1252 1484 in
1285 1449 1316 1484 6.
1346 1450 1460 1485 Ethic.
1493 1451 1581 1498 (cap.
1606 1462 1636 1497 5.
1666 1456 1695 1486 et

140 1505 195 1538 Iit.
219 1515 248 1550 7.
269 1510 340 1550 cap.
362 1505 437 1550 IL),
467 1503 658 1537 delectatio
680 1504 838 1538 maxime
862 1504 1061 1549 corrumpit
1083 1503 1374 1537 aestimationem
1402 1503 1632 1550 prudentiae3
1659 1511 1694 1538 et

131 1557 322 1604 praecipue
345 1556 550 1599 delectatio,
572 1568 663 1603 quae
687 1564 738 1591 est
759 1557 795 1590 in
817 1556 992 1598 venereis,
1014 1568 1105 1602 quae
1126 1564 1242 1590 totam
1265 1557 1425 1590 animam
1455 1557 1632 1599 absorbet,
1660 1565 1694 1592 et

129 1611 237 1644 tradit
259 1611 303 1644 ad
325 1610 529 1644 sensibilem
553 1609 851 1645 delectationem:
874 1609 1046 1656 perfectio
1070 1618 1191 1644 autem
1212 1610 1434 1656 prudentiae,
1453 1618 1488 1644 et
1506 1610 1695 1657 cujuslibet

131 1663 384 1698 intellectualis
405 1663 544 1697 virtutis
567 1663 730 1697 consistit
750 1664 787 1696 in
809 1663 1050 1697 abstractione
1073 1675 1091 1696 a
1113 1663 1361 1706 sensibilibus3
1383 1663 1477 1698 unde
1497 1675 1580 1697 cum
1597 1674 1695 1709 prae-

133 1718 226 1751 dicta
247 1717 332 1750 vitia
363 1717 563 1763 pertincant
593 1717 636 1750 ad
667 1716 847 1750 defectum
878 1716 1099 1762 prudentiae,
1134 1724 1169 1750 et
1201 1716 1349 1750 rationis
1381 1716 1572 1762 practicae,
1603 1717 1695 1751 sicut

131 1771 296 1804 habitum
319 1778 372 1804 est
393 1770 474 1814 (art.
494 1781 524 1804 2.
544 1775 572 1804 at
588 1782 615 1815 5.
640 1770 707 1815 huj.
731 1770 790 1815 q.),
815 1770 984 1815 sequitur,
1007 1769 1103 1815 quod
1126 1780 1168 1802 ex
1189 1768 1327 1803 luxuria
1346 1769 1504 1803 maxime
1522 1771 1692 1804 oriantur.

202 1824 260 1857 AD
282 1833 431 1857 PRiMUM
454 1834 539 1868 ergo
562 1823 767 1864 dicendum,
790 1822 886 1868 quod
913 1822 1058 1863 invidia,
1081 1830 1115 1856 et
1141 1823 1192 1855 ira
1220 1830 1368 1856 causant
1393 1823 1700 1864 inconstantiam,-

131 1877 370 1923 pertrahendo
393 1877 575 1910 rationem
598 1876 643 1909 ad
666 1875 780 1910 aliud:
805 1876 866 1910 sed
895 1875 1034 1908 luxuria
1065 1883 1188 1909 causat
1216 1875 1510 1918 inconstantiam,
1532 1875 1693 1910 totaliter

133 1930 375 1975 extinguendo
396 1929 570 1974 judicium
590 1929 759 1971 rationis,
786 1929 879 1962 unde
901 1927 1157 1970 Philosdicit,
1178 1929 1214 1962 in
1237 1939 1267 1974 7.
1290 1928 1370 1962 Eth.
1393 1929 1484 1975 (cap.
1508 1929 1571 1974 6.),
1595 1928 1692 1975 quod

135 1983 395 2016 «incontinens
410 1983 482 2016 irae
497 1982 595 2015 audit
610 1982 755 2028 quidem
770 1982 960 2022 rationem,
975 1981 1036 2015 sed
1051 1993 1124 2015 non
1136 1981 1311 2027 perfecte;
1326 1982 1555 2016 incontinens
1571 1989 1692 2016 autem

132 2036 449 2082 concupiscentiae
471 2035 630 2069 totaliter
652 2046 733 2069 eam
754 2046 828 2069 non
851 2035 994 2068 audit».

204 2091 264 2123 AD
286 2099 493 2124 sncchcM
516 2088 722 2129 dicendum,
744 2089 840 2134 quod
863 2088 972 2121 etiam
995 2086 1185 2132 duplicitas
1205 2087 1316 2120 animi
1338 2096 1390 2122 est
1412 2087 1594 2133 quoddam
1611 2099 1695 2122 con-

133 2154 286 2188 sequens
309 2143 352 2175 ad
374 2142 569 2182 luxuriam3
592 2142 684 2175 sicut
706 2149 740 2175 et
761 2140 1022 2182 inconstantia3
1044 2149 1150 2185 prout
1171 2140 1361 2186 duplicitas
1389 2141 1500 2174 animi
1521 2141 1692 2186 importat

131 2195 400 2230 vertibilitatem
415 2194 526 2228 animi
542 2194 584 2227 ad
607 2195 766 2235 diversa3
786 2193 878 2227 unde
894 2201 928 2228 et
944 2192 1137 2227 Terentius
1152 2193 1188 2226 in
1203 2193 1380 2227 Eunucho
1402 2193 1479 2238 (act.
1494 2206 1522 2228 1.
1536 2205 1631 2228 scena
1644 2193 1691 2239 1.)

133 2249 229 2291 dicit,
251 2249 347 2295 quod
366 2262 382 2279 «
402 2249 437 2281 in
460 2258 584 2281 amore
606 2255 658 2281 est
677 2246 826 2289 bellum,
845 2255 879 2280 et
900 2258 1019 2280 rursus
1040 2257 1119 2292 an,
1142 2254 1176 2280 et
1196 2246 1408 2281 induciae».

205 2303 264 2336 AD
292 2311 463 2336 TERTIUM
490 2300 695 2341 dicendum,
717 2300 813 2345 quod
835 2299 920 2333 vitia
948 2299 1104 2333 carnalia
1131 2299 1309 2333 intantum
1337 2300 1453 2346 magis
1480 2299 1693 2346 extinguunt

132 2355 308 2400 judicium
330 2354 490 2396 rationis,
517 2353 731 2399 inquantum
753 2352 896 2398 longius
919 2352 1099 2386 abducunt
1122 2364 1140 2386 a
1163 2352 1312 2387 ratione.
