1859 3122
174 154 257 208 998
581 165 798 199 QUAESTro
833 165 946 194 cmv.
980 165 1224 195 ARTICULUS
1257 166 1318 195 111.

722 349 1068 394 ARTICULUS
1103 351 1183 393 111.
1664 376 1733 412 744

386 468 540 498 UTRUM
567 469 836 499 FORNICATIO
862 470 929 499 SIT
959 470 1252 500 GRAVISSIMUM
1274 471 1523 501 PECCATUM.

289 569 390 613 (Mal.
409 580 439 614 q.
465 579 494 602 1.
513 573 577 603 art.
604 581 631 604 Ι.
655 569 696 603 ad
711 581 738 615 3.
759 574 786 604 et
807 581 837 615 q.
859 582 889 604 2.
913 575 979 604 art.
1001 582 1051 605 10.
1075 577 1163 616 corp.
1179 575 1208 604 et
1229 582 1257 615 q.
1284 580 1318 616 15
1344 575 1408 605 art.
1435 582 1467 605 2.
1489 570 1531 604 ad
1549 570 1611 616 6.).

242 670 302 704 AD
329 680 501 704 TERTIUM
516 670 566 703 sic
589 670 806 716 proceditur.
822 670 985 712 Videtur,
1000 671 1097 716 quod
1112 670 1301 705 fornicatio
1321 671 1365 705 sit
1382 670 1636 716 gravissimum
1654 680 1734 715 pec-

172 732 311 758 catum:
335 731 435 757 tanto
459 723 558 756 enim
578 723 718 757 videtur
733 732 924 769 peccatum
940 724 1096 769 gravius,
1119 732 1253 770 quanto
1270 736 1311 758 ex
1333 723 1464 769 majori
1484 723 1631 758 libidine
1652 734 1732 770 pro-

172 777 282 812 cedit:
304 776 366 810 sed
388 776 547 810 maxima
568 775 678 810 libido
702 785 755 810 est
783 777 819 810 in
840 776 1099 811 fornicatione:
1122 777 1250 811 dicitur
1272 777 1369 810 enim
1398 777 1435 810 in
1466 776 1585 811 Gloss.
1608 776 1732 821 (interl.

171 830 335 876 implicit„
356 835 385 864 et
394 841 432 864 ex
443 830 577 875 Lyrano
603 836 700 876 super
713 830 795 863 illud
807 843 816 864 .·
837 831 955 864 Melius
971 835 1012 864 est
1030 830 1180 875 nubere),
1208 841 1234 864 1.
1252 830 1295 863 ad
1318 830 1404 864 Cor.
1420 841 1464 875 7.,
1480 830 1576 875 quod
1594 842 1612 861 «
1627 830 1734 863 ardor

171 937 305 971 simum
327 944 529 982 peccatum.

243 1000 274 1023 2.
296 990 532 1024 PRAETEREA.
550 988 671 1024 Tanto
687 989 814 1036 aliquis
833 991 949 1036 magis
964 997 1102 1036 peccat,
1118 997 1253 1036 quanto
1273 989 1309 1022 in
1327 1000 1404 1023 rem
1426 989 1492 1023 sibi
1513 989 1630 1035 magis
1653 999 1736 1023 con-

170 1043 332 1088 junctam
355 1041 547 1088 delinquit:
570 1043 661 1076 sicut
683 1043 826 1088 gravius
848 1051 986 1089 peccat,
1008 1043 1069 1088 qui
1090 1043 1242 1088 percutit
1268 1051 1418 1088 patrem,
1441 1053 1550 1088 quam
1573 1042 1633 1088 qui
1658 1053 1721 1088 per

172 1097 259 1131 cutit
274 1104 504 1130 extraneum:
521 1097 593 1138 sed,
605 1096 698 1129 sicut
711 1096 838 1130 dicitur
853 1107 880 1130 1.
894 1096 980 1130 Cor.
993 1094 1037 1138 6.,
1052 1097 1324 1142 quifornicatzcr,
1336 1097 1371 1129 ‘in
1381 1102 1496 1142 corpus
1505 1107 1598 1130 suum
1606 1099 1731 1142 peccat,

172 1149 267 1195 quod
288 1157 340 1183 est
360 1149 503 1182 homini
521 1149 877 1194 conjunctissimum3
897 1160 984 1195 ergo
1006 1149 1157 1191 videtur,
1180 1149 1276 1195 quod
1297 1148 1502 1190 fornicatio,
1529 1149 1573 1182 sit
1599 1147 1729 1194 gravis-

173 1214 307 1236 simum
329 1211 531 1248 peccatum.

247 1267 274 1301 3.
297 1255 533 1289 PRAETEREA.
560 1254 708 1295 Quanto
733 1255 876 1301 aliquod
900 1255 1036 1288 bonum
1060 1263 1113 1289 est
1134 1257 1263 1301 majus,
1284 1263 1385 1289 tanto
1407 1262 1610 1301 peccatum,
1638 1254 1736 1300 quod

175 1317 301 1342 contra
322 1308 411 1342 illud
435 1309 682 1349 committitur,
709 1309 848 1342 videtur
877 1319 954 1342 esse
985 1309 1147 1353 gravius:
1175 1309 1236 1342 sed
1267 1316 1458 1354 peccatum
1486 1307 1736 1342 fornicationis

171 1362 313 1396 videtur
336 1372 412 1395 esse
435 1370 560 1395 contra
579 1362 716 1394 bonum
739 1361 848 1395 totius
870 1361 1021 1394 humani
1044 1361 1196 1406 generis,
1216 1369 1254 1395 ut
1274 1369 1371 1407 patet
1392 1372 1433 1395 ex
1446 1361 1635 1407 praedictis
1655 1361 1735 1405 (art.

167 1417 322 1462 praec.);
343 1422 396 1448 est
418 1414 528 1448 etiam
552 1423 678 1447 contra
701 1414 901 1455 Christum,
928 1414 1127 1447 secundum
1150 1413 1236 1447 illud
1272 1425 1299 1447 1.
1334 1415 1377 1448 ad
1408 1414 1495 1449 Cor.
1525 1413 1577 1448 6.:
1611 1413 1738 1448 Tollens

170 1469 320 1503 membra
342 1468 479 1509 Christi,
507 1468 632 1511 faciam
658 1468 807 1502 membra
832 1468 1036 1502 meretricis?
1057 1467 1153 1513 Ergo
1180 1466 1371 1501 fornicatio
1402 1475 1455 1501 est
1484 1467 1737 1513 gravissimum

173 1529 377 1567 peccatum.

245 1575 319 1609 SED
348 1584 502 1608 CONTRA
525 1582 588 1616 est,
612 1574 708 1620 quod
732 1574 841 1619 Greg.
869 1573 956 1607 dicit
981 1574 1122 1619 (implic.
1150 1574 1205 1608 lib.
1228 1585 1273 1619 33.
1301 1573 1424 1607 Moral.
1447 1579 1517 1619 cap.
1539 1573 1617 1618 IL),
1641 1572 1737 1618 quod

174 1636 322 1674 peccata
345 1627 504 1661 carnalia
527 1635 609 1661 sunt
630 1627 779 1661 minoris
804 1626 942 1673 culpae,
965 1638 1073 1673 quam
1096 1635 1246 1673 peccata
1268 1626 1476 1672 spiritualia.

246 1682 477 1716 RESPONDEO
495 1681 700 1722 dicendum,
722 1681 819 1726 quod
842 1682 997 1726 gravitas
1018 1680 1168 1726 alicujus
1190 1681 1330 1726 peccati
1343 1688 1462 1727 potest
1483 1680 1617 1714 attendi
1630 1680 1739 1727 dupli-

172 1738 272 1770 citer:
296 1747 360 1769 uno
382 1734 477 1768 modo
500 1734 701 1768 secundum
728 1744 784 1768 se:
810 1734 876 1768 alio
907 1733 1001 1768 modo
1029 1733 1228 1767 secundum
1256 1734 1443 1768 accidens:
1473 1733 1674 1767 secundum
1700 1745 1738 1768 se

175 1789 320 1835 quidem
341 1788 534 1822 attenditur
555 1788 710 1833 gravitas
732 1787 872 1833 peccati
894 1798 936 1820 ex
958 1787 1096 1820 ratione
1119 1798 1203 1821 suae
1226 1787 1370 1832 speciei,
1385 1798 1476 1833 quae
1492 1787 1740 1821 consideratur

173 1842 373 1877 secundum
387 1841 536 1883 bonum,
552 1841 609 1875 cui
622 1848 811 1887 peccatum
827 1840 1038 1886 opponitur:
1053 1839 1244 1874 fornicatio
1261 1848 1382 1874 autem
1397 1848 1450 1874 est
1464 1848 1588 1874 contra
1601 1840 1739 1874 bonum

175 1895 337 1930 hominis
360 1894 550 1935 nascituri;
574 1902 608 1928 et
637 1894 719 1927 ideo
751 1902 804 1928 est
830 1894 973 1940 gravius
1003 1901 1195 1940 peccatum
1223 1894 1423 1928 secundum
1451 1894 1610 1939 speciem
1637 1905 1739 1928 suam

175 1949 344 1996 peccatis,
367 1960 458 1994 quae
481 1957 563 1982 sunt
585 1956 710 1982 contra
728 1948 824 1982 bona
843 1949 1031 1989 exteriora,
1046 1948 1137 1982 sicut
1153 1956 1205 1982 est
1218 1947 1365 1990 furtum,
1381 1956 1415 1982 et
1430 1947 1498 1981 alia
1512 1947 1738 1992 hujusmodi:

177 2004 297 2037 minus
320 2010 372 2036 est
395 2010 516 2035 autem
538 2001 706 2047 pcccatis,
730 2013 820 2046 quae
843 2008 924 2035 sunt
946 2002 1080 2035 directe
1104 2009 1228 2034 contra
1249 2002 1382 2042 Deum,
1405 2009 1439 2034 et
1452 2009 1616 2046 peccato,
1643 2000 1739 2047 quod

179 2064 232 2091 est
254 2063 379 2089 contra
401 2055 513 2088 vitam
535 2055 695 2088 hominis
717 2056 791 2100 jam
812 2055 898 2096 nati,
920 2054 1012 2088 sicut
1034 2062 1086 2088 est
1106 2054 1360 2088 homicidium.

251 2109 310 2143 AD
337 2118 487 2142 PRIMUM
515 2119 601 2153 ergo
629 2107 834 2149 dicendum,
862 2107 958 2153 quod
984 2107 1107 2149 libido,
1135 2118 1226 2153 quae
1253 2115 1426 2152 aggravat
1459 2114 1660 2152 peccatum,
1689 2113 1740 2140 est

174 2174 265 2210 quae
287 2161 449 2195 consistit
467 2161 503 2194 in
524 2161 759 2194 inclinatione
786 2160 998 2194 voluntatis:
1027 2160 1138 2194 libido
1166 2168 1298 2202 autem,
1325 2172 1414 2206 quae
1443 2168 1495 2193 est
1519 2160 1555 2193 in
1583 2159 1740 2205 appetitu

176 2215 362 2257 sensitivo,
382 2214 550 2248 diminuit
563 2222 771 2259 peccatum3
795 2214 877 2259 quia
892 2222 1027 2260 quanto
1039 2213 1168 2259 aliquis
1180 2225 1222 2247 ex
1237 2214 1367 2259 majori
1381 2213 1549 2258 passione
1564 2212 1739 2259 impulsus

178 2277 316 2315 peccat,
341 2276 443 2302 tanto
474 2266 587 2301 levius
615 2275 667 2301 est
693 2276 902 2313 peccatum3
931 2275 965 2301 et
990 2267 1062 2301 hoc
1089 2267 1201 2301 modo
1228 2266 1339 2300 libido
1366 2267 1402 2300 in
1427 2265 1667 2300 fornicatione
1689 2273 1742 2300 est

176 2322 354 2356 maxima:
379 2329 414 2355 et
435 2321 517 2354 inde
541 2328 603 2364 est,
628 2320 723 2366 quod
747 2320 969 2365 Augustinus
992 2320 1077 2354 dicit
1097 2320 1132 2353 in
1155 2319 1213 2353 lib.
1237 2320 1280 2353 de
1303 2320 1434 2365 Agone
1463 2318 1673 2353 Christiano
1689 2317 1741 2363 (id

174 2376 247 2409 hab.
270 2381 409 2420 express.
431 2386 529 2408 serm.
548 2385 619 2419 250.
642 2373 677 2407 da
706 2373 816 2418 Tcmp.
840 2380 911 2419 cap.
934 2374 997 2418 2.),
1021 2373 1117 2419 quod
1149 2386 1166 2404 «
1187 2373 1279 2406 inter
1302 2373 1424 2406 omnia
1449 2372 1741 2406 Christianorum

179 2429 377 2464 certamina
401 2428 546 2461 duriora
569 2434 651 2461 sunt
676 2426 810 2472 praelia
838 2428 1018 2468 castitatis,
1046 2427 1105 2461 ubi
1133 2435 1185 2460 est
1211 2426 1419 2472 quotidiana
1445 2437 1576 2471 pugna,
1604 2433 1638 2459 et
1662 2435 1741 2458 rara

175 2483 329 2517 victoria
352 2494 390 2524 »3
414 2490 448 2515 ct
469 2481 626 2515 Isidorus
648 2480 733 2513 dicit
747 2480 781 2513 in
801 2479 860 2513 lib.
878 2490 907 2513 2.
924 2481 966 2514 de
987 2480 1141 2515 Summo
1160 2480 1263 2514 Bono
1280 2479 1462 2525 (sap-39),
1479 2478 1575 2524 quod
1593 2478 1741 2524 «magis

179 2548 241 2582 per
268 2535 385 2569 carnis
412 2534 590 2568 luxuriam
620 2533 821 2567 humanum
857 2545 970 2577 genus
998 2534 1158 2576 subditur
1184 2532 1341 2574 diabolo,
1371 2543 1478 2578 quam
1503 2543 1566 2577 per
1595 2531 1740 2577 aliquod

178 2589 274 2623 aliud
296 2603 313 2621 »
330 2601 338 2631 3
360 2589 443 2634 quia
465 2587 602 2622 scilicet
623 2585 802 2620 difficilius
822 2595 874 2620 est
888 2587 1033 2620 vincere
1046 2586 1315 2620 vehementiam
1330 2585 1539 2630 hujusmodi
1552 2584 1740 2631 passionis.

247 2643 306 2677 AD
323 2652 529 2677 SECUNDUM
546 2641 751 2681 dicendum,
768 2640 862 2685 quod
878 2639 937 2673 ille
953 2640 1012 2685 qui
1028 2639 1236 2681 fornicatur,
1253 2639 1380 2673 dicitur
1394 2649 1545 2684 peccare
1559 2638 1595 2671 in
1611 2648 1741 2682 corpus

178 2708 295 2738 suum,
318 2707 391 2729 non
415 2695 534 2729 solum
557 2695 639 2740 quia
658 2693 908 2727 fornicationis
932 2692 1122 2726 delectatio
1146 2700 1421 2726 consummatur
1442 2692 1477 2725 in
1500 2701 1618 2732 carne,
1645 2690 1741 2736 quod

179 2750 288 2784 ctiam
310 2749 346 2782 in
369 2748 453 2794 gula
472 2748 619 2790 accidit3
639 2747 701 2781 sed
722 2748 831 2780 etiam
854 2746 936 2791 quia
957 2754 1083 2779 contra
1101 2746 1238 2779 bonum
1253 2745 1386 2791 proprii
1405 2744 1567 2790 corporis
1582 2743 1666 2789 agit,
1681 2743 1742 2790 qui

175 2803 390 2844 fornicaturg
410 2803 624 2848 inquantum
639 2800 776 2834 scilicet
791 2799 946 2833 indebite
963 2798 1108 2832 resolvit
1123 2798 1220 2841 illud,
1239 2806 1273 2832 et
1286 2799 1459 2844 inquinat,
1475 2808 1509 2831 et
1524 2796 1627 2831 alteri
1645 2807 1742 2830 com-

176 2856 321 2890 miscet:
344 2867 411 2889 nec
439 2863 562 2889 tamen
586 2862 731 2900 propter
760 2853 830 2886 hoc
863 2852 1033 2898 sequitur,
1065 2852 1160 2897 quod
1192 2851 1383 2885 fornicatio
1418 2851 1462 2884 sit
1488 2849 1741 2896 gravissimum
