1859 3122
228 171 312 226 488
652 181 872 217 QUAESTIO
905 180 1021 211 vat.
1053 181 1297 212 ART1CULus
1329 182 1373 211 11.

228 264 289 298 sed
311 263 392 298 ideo
414 263 471 297 isti
491 262 665 297 haeretici
686 271 779 305 sunt,
802 262 885 309 quia
907 274 944 297 se
967 262 1008 296 ab
1032 262 1195 297 Ecclesia
1216 270 1434 308 separantes,
1448 262 1587 297 nullam
1602 274 1703 310 spem
1721 275 1785 310 pu-

228 325 304 352 tant
325 328 387 351 eos
408 317 552 358 habere,
576 316 635 362 qui
657 323 802 349 utuntur
823 316 878 350 his
901 317 1017 358 rebus,
1029 316 1156 362 quibus
1177 316 1246 362 ipsi
1260 324 1398 358 carent,
1422 324 1474 350 est
1489 328 1576 362 ergo
1591 327 1784 352 erroneum

229 368 359 411 dicere,
382 369 477 415 quod
499 381 572 403 non
592 369 699 403 liceat
719 369 861 402 homini
882 370 1026 415 propria
1045 369 1240 415 possidere.

300 423 527 457 Rrspoxmzo
544 422 748 464 dicendum,
764 422 860 468 quod
884 423 978 456 circa
993 433 1069 456 rem
1086 422 1300 456 exteriorem
1316 422 1378 457 dno
1394 431 1606 468 competunt
1625 423 1784 458 homini:

229 488 384 522 quorum
411 488 512 510 unum
535 484 587 509 est
609 483 767 521 potestas
790 476 1017 521 procurandi,
1041 483 1074 509 et
1096 475 1348 521 dispensandi:
1377 484 1411 510 et
1443 484 1617 521 quantum
1645 476 1687 510 ad
1712 476 1785 510 hoc

228 530 367 563 licitum
390 538 453 571 est,
476 530 571 575 quod
599 529 713 562 homo
736 529 879 574 propria
902 529 1105 575 possideat3
1129 537 1182 562 est
1203 529 1313 562 etiam
1335 529 1580 563 necessarium
1602 530 1645 563 ad
1661 529 1786 563 huma-

229 595 313 617 nam
335 583 459 624 vitam,
481 590 627 628 propter
650 583 729 616 tria.
745 582 859 616 Primo
879 582 1036 627 quidem,
1060 582 1141 627 quia
1166 582 1283 628 magis
1297 582 1460 616 solicitus
1476 591 1527 616 est
1541 583 1785 628 unusquisque

230 637 272 670 ad
295 636 563 682 procurandum
594 635 739 681 aliquid,
761 636 859 681 quod
881 635 948 668 sibi
969 635 1038 669 soli
1061 636 1247 681 competit,
1275 646 1383 681 quam
1410 636 1457 677 id,
1487 636 1583 681 quod
1611 644 1663 670 est
1690 647 1787 670 com-

229 701 337 723 mune
361 691 537 731 omnium,
558 689 616 723 vel
638 688 855 723 multorum:
877 689 961 734 quia
982 689 1226 735 unusquisque
1248 688 1412 723 laborem
1433 688 1584 735 fugiens,
1616 688 1786 735 relinquit

229 743 330 777 alteri
351 743 398 784 id,
420 743 516 788 quod
538 743 692 789 pertinet
714 743 757 775 ad
781 753 1002 784 commune,
1024 744 1115 776 sicut
1137 742 1267 776 accidit
1292 743 1328 776 in
1355 742 1584 776 multitudine
1606 743 1785 777 ministro-

228 808 318 831 rum.
338 797 416 831 Alio
432 796 538 838 modo,
556 797 639 842 quia
653 796 850 829 ordinatius
866 807 920 829 res
941 796 1124 829 humanae
1145 803 1355 838 tractantur,
1371 796 1401 830 si
1419 796 1570 841 singulis
1595 796 1785 830 immineat

227 850 371 896 propria
394 861 479 883 cura
502 849 652 894 alicujus
679 849 730 883 rei
751 849 1017 894 procurandae:
1041 856 1133 883 esset
1159 856 1280 883 autem
1305 848 1482 891 confusio,
1505 849 1535 882 si
1563 848 1711 894 quilibet
1737 850 1785 883 in-

228 904 393 938 distincte
417 902 596 948 quaelibet
617 910 837 948 procuraret.
867 903 989 944 Tertio,
1009 903 1092 948 quia
1113 913 1176 948 per
1190 902 1260 936 hoc
1281 903 1396 947 magis
1412 902 1583 948 pacificus
1594 910 1705 936 status
1718 902 1784 936 ho-

228 957 367 990 minum
391 964 634 997 conservatur,
658 956 743 989 dum
766 956 1010 1001 unusquisque
1032 967 1069 989 re
1091 967 1154 989 sua
1177 963 1368 989 contentus
1391 963 1460 997 est3
1488 955 1582 989 unde
1608 955 1783 997 videmus,

227 1011 323 1056 quod
346 1010 438 1043 inter
460 1021 522 1043 eos
549 1009 609 1055 qui
632 1009 885 1050 communiter,
910 1017 944 1042 et
966 1020 1007 1042 ex
1029 1009 1184 1042 indiviso
1201 1008 1334 1054 aliquid
1353 1009 1549 1054 possident,
1563 1008 1784 1054 frequentius

226 1063 342 1109 jurgia
364 1064 537 1097 oriuntur.
560 1062 663 1097 Aliud
684 1074 783 1103 vero,
806 1062 902 1107 quod
926 1062 1099 1108 competit
1119 1062 1261 1095 homini
1293 1062 1387 1095 circa
1415 1073 1470 1096 res
1498 1063 1705 1104 exteriores,
1733 1070 1786 1096 est

227 1129 310 1151 usus
332 1117 513 1161 ipsarum:
538 1123 570 1149 et
593 1123 767 1161 quantum
790 1116 832 1149 ad
855 1116 925 1149 hoc
949 1126 1022 1148 non
1046 1115 1149 1149 debet
1170 1115 1285 1148 homo
1307 1115 1439 1149 habere
1458 1126 1514 1148 res
1533 1115 1726 1149 exteriores
1747 1123 1786 1149 ut

226 1171 400 1216 proprias,
427 1170 488 1204 sed
520 1178 558 1203 ut
581 1180 818 1211 communes3
843 1177 880 1202 ut
901 1168 1038 1202 scilicet
1061 1169 1103 1202 de
1122 1168 1219 1202 facili
1246 1168 1372 1214 aliquis
1395 1179 1454 1202 eas
1477 1168 1724 1202 communicet
1748 1168 1784 1201 in

226 1224 439 1258 necessitate
459 1223 630 1256 aliorum:
654 1223 748 1256 unde
763 1222 963 1268 Apostolus
986 1222 1072 1255 dicit
1097 1233 1124 1255 1.
1145 1222 1188 1255 ad
1212 1221 1376 1255 Timoth.
1397 1221 1472 1255 ult.:
1494 1222 1669 1256 Divitibus
1689 1222 1785 1267 hujus

225 1278 345 1312 saeculi
365 1278 518 1323 praecipe
533 1276 636 1322 facil:
659 1277 814 1315 tribuere,
838 1277 1082 1310 communicare
1104 1275 1139 1309 de
1158 1276 1249 1309 lionis
1268 1283 1334 1308 etc.

294 1331 353 1364 Ar)
375 1341 522 1364 PRIMUM
546 1341 632 1374 ergo
655 1329 858 1369 dicendum,
882 1329 977 1374 quod
1000 1328 1243 1362 communitas
1264 1339 1384 1361 rerum
1412 1328 1611 1361 attribuitur
1631 1328 1699 1373 juri
1720 1339 1780 1362 na-

226 1384 350 1425 turali;
371 1395 444 1417 non
467 1383 549 1429 quia
571 1384 625 1427 jus
647 1382 808 1416 naturale
836 1382 944 1415 dictet
971 1382 1094 1415 omnia
1121 1393 1197 1415 esse
1225 1381 1439 1426 possidenda
1467 1381 1720 1423 communiter,
1748 1390 1782 1415 et

225 1437 314 1471 nihil
336 1448 412 1470 esse
435 1436 535 1482 quasi
557 1436 742 1481 proprium
764 1435 1041 1481 possidendumg
1060 1435 1122 1468 sed
1141 1435 1223 1480 quia
1242 1435 1441 1468 secundum
1459 1435 1512 1479 jus
1530 1434 1692 1468 naturale
1709 1446 1782 1468 non

225 1499 277 1524 cst
299 1490 478 1524 distinctio
500 1489 785 1534 possessionum,
804 1488 865 1522 sed
885 1488 1001 1533 magis
1020 1488 1219 1522 secundum
1235 1487 1436 1520 humanum
1452 1487 1672 1529 condictum,
1687 1488 1782 1533 quod

224 1544 377 1590 pertinet
399 1543 441 1577 ad
464 1544 516 1587 jus
539 1542 746 1588 positivum,
768 1549 807 1575 ut
828 1553 934 1586 supra
956 1541 1092 1574 dictum
1116 1548 1168 1574 est
1191 1541 1235 1586 (q.
1254 1551 1304 1586 57.
1324 1546 1388 1574 art.
1407 1552 1437 1575 2.
1457 1545 1485 1574 et
1503 1540 1570 1586 3.),·
1593 1540 1687 1574 unde
1707 1552 1784 1586 pro-

223 1597 354 1643 prietas
375 1596 646 1643 possessionum
668 1606 742 1629 non
765 1603 817 1628 est
839 1603 964 1628 contra
986 1596 1040 1639 jus
1061 1594 1236 1636 naturale,
1263 1595 1324 1628 sed
1346 1594 1414 1639 juri
1440 1593 1595 1628 naturali
1619 1595 1784 1640 superad-

225 1651 318 1684 ditur
340 1662 402 1696 per
424 1649 717 1683 adinventionem
739 1648 886 1682 rationis
910 1648 1102 1681 humanae.

297 1704 356 1737 AD
383 1713 588 1737 SECUNDUM
611 1701 816 1742 dicendum,
839 1701 934 1747 quod
957 1701 1017 1734 ille
1039 1701 1099 1746 qui
1121 1701 1355 1747 praeveniens
1381 1700 1426 1734 ad
1452 1700 1659 1746 spectacula
1685 1712 1784 1747 prae-

224 1765 364 1804 pararet
385 1756 462 1790 aliis
483 1756 592 1797 viam,
621 1766 695 1788 non
722 1754 845 1788 illicite
869 1762 1011 1799 ageret:
1044 1755 1105 1788 sed
1140 1765 1181 1788 ex
1214 1755 1286 1788 hoc
1308 1753 1430 1788 illicite
1454 1755 1536 1799 agit,
1567 1755 1664 1800 quod
1692 1754 1781 1789 alios

225 1810 409 1856 prohibet3
432 1817 464 1843 et
491 1809 655 1843 similiter
684 1808 783 1842 dives
805 1819 878 1841 non
901 1808 1024 1841 illicite
1052 1808 1135 1853 agit,
1158 1808 1187 1841 si
1216 1819 1487 1853 praeoccupans
1514 1808 1782 1853 possessionem

224 1865 285 1905 rei,
308 1875 399 1910 quae
423 1875 441 1896 a
463 1863 639 1908 principio
663 1870 738 1896 erat
761 1862 978 1902 communis,
998 1861 1075 1895 aliis
1095 1861 1203 1895 etiam
1219 1861 1483 1895 communicet:
1506 1869 1632 1906 peccat
1650 1869 1782 1903 autem,

225 1918 253 1952 si
275 1917 364 1951 alios
398 1917 439 1950 ab
475 1928 539 1950 usu
566 1916 660 1950 illius
684 1916 733 1949 rei
754 1915 944 1949 indiscrete
971 1915 1179 1960 prohibeat3
1207 1914 1301 1947 unde
1328 1913 1481 1948 Basilius
1511 1914 1644 1948 ibidem
1679 1915 1781 1948 dicit:

229 1984 245 2002 κ
262 1971 336 2004 Cur
357 1978 394 2004 tu
417 1970 587 2011 abundas,
610 1969 668 2002 ille
690 1979 777 2002 vero
800 1968 992 2010 mendicat,
1015 1968 1084 2001 nisi
1106 1976 1143 2001 ut
1163 1975 1200 2001 tu
1223 1968 1339 2001 bonae
1361 1968 1638 2014 dispensationis
1654 1969 1782 2003 merita

227 2023 470 2070 consequaris,
493 2023 552 2056 ille
574 2034 659 2056 vero
683 2022 876 2068 patientiae
899 2021 1068 2066 praemiis
1091 2021 1311 2054 coronetur?
1328 2035 1359 2054 >).

297 2078 356 2111 AD
380 2087 548 2111 TERTHJM
572 2076 778 2117 dicendum,
806 2076 902 2121 quod
926 2086 1008 2108 cum
1036 2075 1121 2108 dicit
1147 2075 1384 2108 Ambrosius:
1415 2088 1432 2106 α
1454 2075 1573 2109 Nemo
1597 2075 1782 2121 proprium

226 2131 331 2172 dicat,
353 2130 449 2176 quod
473 2138 525 2164 est
547 2141 789 2170 commune»,
811 2128 969 2174 loquitur
990 2128 1033 2162 de
1052 2128 1268 2173 proprietate
1288 2136 1461 2173 quantum
1482 2128 1525 2161 ad
1544 2140 1668 2163 usum:
1688 2129 1782 2163 unde

225 2184 363 2218 subdit:
390 2183 505 2217 «Plus
529 2194 637 2228 quam
659 2181 838 2216 sufficeret
858 2181 1028 2227 sumptui,
1050 2180 1226 2214 violenter
1248 2181 1435 2215 obtentum
1459 2189 1511 2216 est
1526 2195 1558 2215 >›.

781 2304 1125 2350 ARTICULUS
1153 2305 1231 2347 111.
1715 2327 1782 2363 370
1832 2360 1833 2366 ἵ

263 2415 414 2446 UTRUM
435 2415 502 2444 SIT
525 2415 582 2443 DE
605 2414 796 2443 RATIONE
818 2414 945 2443 FURTI
970 2414 1177 2443 OCCULTE
1199 2414 1410 2443 ACCIPERE
1432 2414 1517 2443 REM
1538 2414 1743 2444 ALIENAM.

297 2503 356 2537 AD
376 2512 543 2537 TERTHJM
559 2501 607 2535 sic
631 2501 846 2547 proceditur.
869 2501 1030 2542 Videtur,
1053 2501 1148 2546 quod
1170 2513 1244 2535 non
1263 2501 1307 2535 sit
1325 2501 1367 2535 de
1386 2501 1524 2535 ratione
1542 2500 1625 2535 furti
1639 2501 1780 2536 occulte

227 2557 389 2602 accipere
411 2567 488 2589 rem
511 2555 683 2589 alienam:
706 2554 792 2588 illud
816 2555 909 2588 enim
933 2555 1028 2600 quod
1057 2555 1222 2588 diminuit
1243 2563 1444 2600 peccatum,
1471 2566 1544 2588 non
1571 2555 1710 2588 videtur
1736 2555 1780 2589 ad

226 2611 403 2644 rationem
418 2609 557 2655 peccati
572 2608 770 2654 pertinere:
794 2608 856 2641 sed
879 2608 913 2640 in
936 2607 1080 2641 occulto
1104 2619 1253 2653 peccare
1276 2608 1429 2653 pertinet
1443 2608 1486 2641 ad
1502 2608 1780 2642 diminutionem

227 2664 377 2708 peccati,
404 2663 496 2696 sicut
517 2674 535 2696 e
570 2662 750 2695 contrario
779 2661 821 2694 ad
850 2662 1141 2705 exaggerandum
1168 2670 1356 2707 peccatum
1383 2660 1624 2707 quorumdam
1652 2661 1780 2695 dicitur
1817 2659 1829 2704 ’,ε

226 2717 293 2750 lsa.
327 2728 373 2761 3.:
404 2716 579 2750 Peccatum
604 2727 697 2749 sumn
720 2716 812 2760 quasi
841 2714 982 2748 Sodoma
1007 2715 1295 2760 praediraverunt,
1323 2726 1377 2749 nec
1404 2714 1659 2755 absconderim&
1692 2725 1778 2760 ergo

227 2781 299 2803 non
323 2777 375 2803 est
396 2769 438 2803 de
459 2769 596 2803 ratione
618 2768 701 2802 furti
723 2767 864 2801 occulta
888 2768 1050 2813 acceptio
1074 2768 1122 2801 rei
1146 2767 1295 2801 alienae.

299 2833 328 2856 2.
352 2823 586 2856 ΡΗΑΕΤΕΗΕΛ.
606 2821 821 2855 Ambrosius
843 2821 928 2854 dicit
950 2821 1060 2864 (serm.
1083 2822 1139 2864 64.
1155 2821 1190 2854 da
1211 2821 1351 2865 Temp.),
1370 2828 1402 2854 et
1417 2820 1568 2854 habetur
1581 2820 1617 2854 in
1631 2820 1777 2854 Decret.
1811 2817 1826 2853 Ῐ.

226 2876 316 2910 Dist.
338 2886 393 2921 47.
415 2877 517 2922 (caps
533 2876 621 2910 Sicut
636 2876 699 2916 ha).-
724 2890 741 2906 «
756 2874 838 2908 Non
862 2875 979 2907 minus
999 2883 1050 2908 est
1072 2873 1230 2907 criminis
1246 2873 1391 2907 habenti
1413 2873 1551 2915 tollere,
1566 2885 1674 2919 quam
1695 2884 1774 2907 cum
1809 2871 1822 2921 j'
