1859 3122
511 137 729 172 QUAESTIO
763 136 863 166 LVII.
898 136 1139 167 ARTICULUS
1172 137 1232 167 111.
1567 137 1647 181 421

171 219 231 253 AD
253 229 423 253 TERTIUM
445 218 649 260 dicendum,
672 218 768 264 quod
791 218 874 264 quia
896 229 936 252 ea
958 229 1049 264 quae
1072 225 1151 252 sunt
1173 218 1258 264 juris
1281 219 1455 263 gentium,
1481 219 1653 252 naturalis

91 269 191 306 'ratio
214 272 333 313 dictat,
356 280 438 318 puta
462 284 503 306 cx
525 272 727 318 propinquo
751 271 917 306 habentia
940 272 1170 317 aequitatem,
1185 272 1266 306 inde
1286 273 1451 318 estquod
1474 283 1546 305 non
1568 272 1655 305 indi·
1696 267 1701 270 ’

101 334 186 370 gent
206 325 323 371 aliqua
338 325 484 370 speciali
501 325 733 367 institutione,
752 326 812 359 sed
828 325 903 370 ipsa
918 325 1089 360 naturalis
1103 326 1193 361 ratio
1210 338 1252 360 ea
1266 326 1435 368 instituit;
1458 334 1496 360 ut
1516 326 1652 360 dictum

102 387 154 413 cst
174 379 211 413 in
234 379 446 413 auctoritate
468 379 612 413 inducta
635 379 687 424 (in
706 385 798 425 corp.
820 379 912 423 art).

651 507 993 552 ARTICULUS
1022 509 1098 552 IV.
1590 532 1653 568 317

238 615 387 644 UTRUn
416 616 586 644 DEBEAT
614 615 892 644 SPECIALITER
921 616 1147 645 DISTINGUI
1171 617 1242 658 JUS
1267 617 1515 656 PATERJJUM,

672 681 727 710 ET
755 681 1084 710 DOMINATIVUM.

125 769 228 813 (Insr.
251 782 279 814 q.
299 770 349 815 58.
369 775 433 804 art.
462 781 490 815 7.
513 769 555 803 ad
571 781 599 815 3.
627 774 656 804 ct
677 780 707 804 2.
730 770 818 804 Dist.
842 781 897 814 44.
920 782 948 815 t]-
971 781 1002 804 2.
1025 775 1089 804 art.
1112 782 1138 804 Ι.
1162 776 1250 815 corp.
1273 775 1302 805 at
1318 782 1346 816 >¹-
1364 771 1438 804 ΕΗ).
1461 771 1531 805 lect.
1553 771 1629 815 IL).

173 857 232 892 AD
248 868 434 897 QUARTUM
449 857 498 891 sic
513 857 728 902 proceditur.
744 857 906 899 Videtur,
922 858 1017 904 quod
1032 870 1106 892 non
1121 859 1249 893 debeat
1263 858 1465 904 specialiter
1486 859 1656 903 distingui

98 913 153 957 jus
171 916 361 957 paternum,
382 918 415 944 et
436 910 701 945 dominativum:
726 911 768 944 ad.
790 911 962 956 justitiam
989 912 1085 946 enim
1113 912 1264 957 pertinet
1291 912 1438 946 reddere
1464 913 1656 959 unicuique

102 965 198 1010 quod
228 975 333 998 suum
363 972 426 1006 est,
457 973 494 997 ut
523 964 609 998 dicit
636 964 804 998 Ambros.
833 965 868 998 in
904 976 930 998 1.
959 965 1003 1000 de
1036 965 1176 1000 Officiis
1206 968 1293 1012 (cap.
1320 967 1414 1011 24.):
1442 966 1502 1000 sed
1524 967 1578 1011 jus
1606 974 1658 1000 est

102 1018 283 1063 objectum
308 1017 474 1062 justitiae,
496 1017 587 1051 sicut
609 1017 744 1051 dictum
767 1026 819 1052 est
843 1022 921 1061 (art.
944 1031 970 1053 r.
990 1019 1048 1064 huj
1069 1020 1138 1064 q.);
1166 1031 1253 1065 ergo
1275 1020 1329 1064 jus
1357 1019 1399 1053 ad
1421 1031 1658 1066 unumquem-

102 1082 169 1117 que
192 1070 387 1117 aequaliter
407 1070 577 1116 pertinet:
601 1078 635 1105 et
656 1071 705 1105 sic
729 1083 803 1105 non
834 1071 939 1106 debet
968 1072 1139 1118 distingui
1170 1072 1372 1118 specialiter
1401 1074 1455 1118 jus
1477 1075 1597 1119 patris,
1624 1081 1658 1108 et

103 1124 252 1158 domini.

173 1188 203 1211 2.
225 1178 459 1212 PRAETEREA.
475 1177 581 1212 Ratio
602 1178 685 1223 justi
707 1186 759 1212 est
780 1178 847 1221 lex,
864 1187 902 1213 ut
920 1179 1054 1213 dictum
1078 1187 1130 1214 est
1151 1181 1230 1224 (art.
1252 1193 1279 1214 1.
1303 1180 1371 1225 huj.
1395 1192 1423 1226 q.
1447 1180 1489 1214 ad
1509 1181 1579 1225 2.):
1595 1180 1657 1214 sed

102 1230 156 1265 lex
172 1231 315 1277 respicit
328 1242 522 1265 commune
538 1231 674 1265 bonum
690 1232 853 1273 civitatis,
873 1240 907 1266 et
921 1232 1033 1277 regni,
1046 1241 1083 1266 ut
1098 1245 1202 1279 supra
1214 1233 1377 1267 habitum
1397 1242 1448 1267 est
1464 1234 1539 1276 (1-2.
1556 1246 1584 1279 q.
1601 1246 1656 1279 90.

103 1290 166 1319 art.
188 1286 255 1328 2.):
278 1295 351 1318 non
375 1292 495 1318 autem
516 1285 662 1331 respicit
682 1285 819 1319 bonum
841 1286 1019 1331 privatum
1034 1288 1138 1320 unius
1152 1298 1340 1332 personae,
1356 1295 1415 1321 aut
1430 1287 1539 1321 etiam
1554 1287 1659 1321 unius

102 1337 279 1380 familiae3
301 1349 375 1372 non
398 1349 483 1384 ergo
507 1338 611 1372 debet
633 1349 709 1372 esse
732 1338 877 1385 aliquod
904 1339 1059 1385 speciale
1078 1342 1145 1385 jus,
1167 1340 1225 1374 vel
1247 1343 1374 1386 justum.
1400 1340 1653 1381 dominati-vum,

102 1391 160 1425 vel
177 1396 366 1438 ραίιτηιιηι,
399 1403 482 1425 cum
512 1392 691 1433 dominus,
723 1400 758 1426 et
778 1400 879 1438 pater
908 1393 1108 1438 pertineant
1136 1393 1179 1427 ad
1211 1393 1372 1436 domum,
1402 1403 1440 1428 ut
1466 1394 1593 1428 dicitur
1622 1394 1658 1428 in

110 1456 136 1478 1.
151 1444 292 1478 Politic.
316 1445 404 1490 (cap.
420 1445 477 1490 3.).

178 1509 205 1544 3.
228 1498 462 1532 PRAETEREA.
488 1497 622 1532 Multae
650 1498 740 1532 aliae
763 1506 845 1532 sunt
866 1498 1087 1534 differentiae
1111 1501 1287 1545 graduum
1309 1500 1345 1533 in
1367 1501 1593 1542 hominibus3
1621 1509 1659 1535 ut

104 1559 187 1598 puta
210 1551 305 1597 quod
328 1551 473 1597 quidam
495 1559 576 1585 sunt
598 1552 724 1593 milites,
749 1552 895 1597 quidam
915 1553 1104 1595 sacerdotes,
1128 1554 1275 1599 quidam
1291 1555 1476 1600 principe5;
1499 1566 1586 1600 ergo
1614 1554 1658 1588 ad

105 1617 167 1640 eos
189 1605 293 1640 debet
314 1605 458 1651 aliquod
480 1604 635 1651 speciale
656 1606 723 1650 jt1S,
744 1605 802 1639 vel
823 1607 954 1650 justum
979 1607 1219 1640 determinari.

176 1659 249 1693 SED
272 1669 426 1693 CONTRA
448 1666 511 1700 est,
534 1658 629 1704 quod
644 1658 778 1692 Philos.
793 1659 829 1692 in
848 1670 875 1703 ς.
891 1659 1006 1693 Ethic.
1031 1659 1118 1706 (cap.
1142 1661 1192 1704 6.)
1215 1660 1417 1705 specialiter
1436 1672 1455 1694 a
1476 1662 1569 1706 justo
1589 1673 1652 1708 po-

107 1712 206 1747 litico
229 1713 414 1757 distinguit
435 1712 690 1754 dominativum,
715 1720 748 1746 et
763 1718 954 1759 pam-num,
984 1721 1018 1747 et
1039 1714 1107 1748 alia
1130 1714 1350 1759 hujusmodi.

168 1767 395 1801 RESPONDEO
430 1766 633 1807 dicendum,
656 1766 751 1811 quod
768 1769 835 1811 jus,
859 1767 932 1801 sive
948 1769 1072 1811 justum
1094 1767 1222 1802 dicitur
1249 1779 1311 1814 per
1338 1769 1659 1803 commensuratio-

101 1833 187 1855 nem
208 1820 251 1854 ad
273 1819 442 1853 alterum:
466 1818 617 1853 alterum
639 1827 759 1853 autem
780 1827 898 1866 potest
923 1820 993 1854 dici
1014 1820 1198 1866 dupliciter.
1229 1822 1300 1855 Uno
1323 1821 1431 1864 modo,
1454 1822 1550 1868 quod
1573 1823 1657 1856 sim-

102 1874 240 1921 pliciter
266 1880 318 1907 est
339 1872 503 1914 alterum,
525 1872 615 1906 sicut
636 1873 731 1918 quod
753 1881 806 1907 est
824 1873 974 1907 omnino
997 1873 1223 1908 distinctum:
1245 1874 1337 1908 sicut
1355 1883 1501 1921 apparet
1522 1875 1557 1909 in
1573 1875 1658 1910 duo-

100 1928 166 1962 bus
187 1926 405 1967 hominibus,
435 1936 589 1971 quorum
619 1937 708 1959 unus
730 1937 804 1960 non
834 1934 886 1960 est
907 1927 970 1960 sub
1006 1927 1131 1969 altero,
1163 1927 1225 1962 sed
1253 1928 1360 1962 ambo
1387 1937 1469 1963 sunt
1494 1929 1557 1963 sub
1585 1941 1657 1963 uno

103 1980 262 2028 principe
281 1979 450 2014 civitatis:
476 1986 509 2013 et
529 1979 619 2013 inter
632 1978 721 2014 tales
742 1979 944 2014 secundum
958 1980 1050 2014 Phil.
1073 1980 1110 2014 in
1135 1990 1162 2026 5.
1186 1981 1301 2015 Ethic.
1326 1982 1411 2028 (cap.
1435 1982 1483 2026 6.)
1505 1991 1557 2016 est
1577 1982 1660 2017 sim-

102 2034 241 2081 pliciter
261 2034 405 2079 justum.
428 2033 505 2066 Alio
529 2032 621 2066 modo
643 2032 771 2066 dicitur
793 2032 925 2079 aliquid
949 2032 1112 2076 alterum,
1134 2045 1208 2068 non
1230 2034 1452 2080 simpliciter,
1474 2036 1534 2069 sed
1558 2036 1660 2082 quasi

104 2087 237 2133 aliquid
259 2088 333 2132 ejus
352 2086 521 2120 existens:
545 2093 577 2119 et
599 2086 670 2120 hoc
691 2086 803 2120 modo
824 2086 860 2120 in
882 2087 986 2121 rebus
1005 2087 1174 2121 humanis
1195 2088 1289 2122 filius
1312 2096 1364 2122 est
1383 2088 1514 2134 aliquid
1534 2090 1657 2134 patris:

104 2141 186 2187 quia
207 2139 479 2186 quodammodo
502 2146 646 2185 estpars
661 2140 747 2184 ejus,
762 2147 800 2173 ut
821 2139 948 2174 dicitur
961 2140 998 2174 in
1020 2141 1051 2174 8.
1074 2140 1154 2174 Eth.
1171 2142 1256 2187 (cap.
1280 2154 1324 2176 H.
1340 2147 1368 2176 et
1388 2143 1468 2186 12.)‚
1489 2151 1522 2176 et
1537 2154 1659 2177 servus

104 2202 158 2228 est
178 2193 311 2239 aliquid
332 2192 481 2232 domini,
503 2192 585 2238 quia
606 2200 659 2226 est
679 2194 957 2227 instrumentum
979 2195 1065 2239 ejus,
1091 2201 1128 2228 ut
1150 2195 1278 2229 dicitur
1299 2195 1336 2229 in
1367 2207 1394 2229 1.
1417 2196 1495 2230 Pol.
1520 2197 1607 2243 (cap.
1630 2209 1657 2243 3.

103 2252 132 2282 at
151 2247 224 2291 4.);
253 2255 286 2280 et
306 2245 388 2279 ideo
410 2245 517 2291 patris
540 2245 582 2278 ad
604 2245 717 2279 filium
738 2257 813 2280 non
835 2254 887 2280 est
909 2247 1144 2293 comparatio,
1167 2248 1259 2282 sicut
1281 2249 1323 2282 ad
1345 2249 1556 2294 simpliciter
1578 2249 1661 2284 alte-

104 2312 198 2335 rum:
225 2308 259 2334 et
271 2307 415 2345 propter
435 2299 506 2332 hoc
525 2310 598 2333 non
621 2307 673 2334 est
693 2300 741 2333 ibi
762 2300 1129 2346 simpliciterjustum,
1146 2301 1208 2335 sed
1224 2302 1407 2347 quoddam
1429 2304 1574 2347 justum,
1597 2303 1661 2337 sci·

103 2354 187 2388 licet
207 2362 414 2400 paternum:
437 2359 471 2386 et
500 2353 626 2386 eadem
656 2353 794 2387 ratione
821 2365 887 2387 nec
917 2354 1009 2388 inter
1031 2354 1232 2396 dominum,
1262 2363 1296 2389 et
1325 2367 1488 2397 servum;
1519 2356 1580 2389 sed
1609 2364 1661 2390 est

103 2407 195 2441 inter
216 2418 277 2440 eos
299 2405 562 2440 dominativum
594 2407 738 2451 justum.
762 2407 862 2440 Uxor
884 2415 1016 2448 autem,
1048 2409 1211 2453 quamvis
1234 2408 1278 2442 sit
1313 2408 1444 2454 aliquid
1478 2409 1556 2446 viri,
1578 2411 1660 2454 quia

105 2468 333 2506 comparatur
356 2458 398 2492 ad
413 2469 507 2499 eum,
522 2459 609 2493 sicut
625 2459 667 2493 ad
686 2460 870 2505 proprium
891 2471 1032 2505 coerS‚
1052 2469 1089 2494 ut
1103 2468 1197 2506 patet
1212 2473 1274 2507 per
1297 2462 1422 2507 Apost.
1439 2461 1481 2494 ad
1503 2462 1591 2507 Eph.
1612 2473 1662 2508 5·;

103 2522 224 2547 tamen
246 2513 360 2557 magis
396 2511 620 2558 distinguitur
641 2525 659 2546 a
681 2513 770 2554 viro,
793 2525 901 2558 quam
928 2513 1019 2547 filius
1043 2525 1061 2547 a
1085 2522 1195 2559 patre,
1218 2514 1274 2548 vel
1301 2526 1422 2548 servus
1447 2525 1465 2547 a
1487 2515 1657 2556 domino3

104 2567 294 2600 assumitur
315 2566 412 2599 enim
430 2566 465 2599 in
487 2566 679 2612 quamdam
703 2566 877 2600 socialem
899 2567 1008 2600 vitam
1036 2567 1270 2608 matrimonii,
1294 2575 1327 2600 et
1345 2567 1437 2608 ideo,
1461 2575 1496 2600 ut
1518 2567 1655 2602 Philos.

106 2620 189 2653 dicit
209 2620 281 2663 (mv.
300 2630 327 2664 5.
350 2619 458 2653 Etln'c.
486 2625 557 2666 cap.
578 2619 628 2662 6.)
654 2619 776 2653 «inter
797 2620 926 2661 virum,
949 2628 983 2654 et
1002 2631 1151 2654 uxorem
1175 2620 1252 2665 plus
1275 2628 1326 2653 est
1348 2620 1390 2654 de
1410 2620 1549 2653 ratione
1564 2621 1658 2664 justi,

106 2684 214 2718 quam
247 2672 337 2705 inter
357 2680 505 2718 patrem,
533 2680 567 2706 et
588 2672 712 2714 filium,
734 2672 791 2706 vel
818 2673 1025 2714 dominum,
1055 2681 1089 2706 et
1110 2684 1253 2707 servum
1270 2685 1307 2706 »z
1332 2675 1413 2718 quia
1441 2684 1523 2706 cum
1541 2674 1604 2716 vir,
1628 2683 1662 2709 et

107 2737 195 2759 uxor
227 2725 384 2758 habeant
416 2725 662 2759 immediatam
684 2725 898 2760 relationem
931 2726 973 2759 ad
1001 2726 1240 2760 domesticam
1273 2726 1587 2769 communitatem,
1621 2735 1660 2762 ut

105 2786 202 2824 patet
222 2779 257 2811 in
280 2789 306 2811 1.
329 2777 434 2811 Polit.
457 2777 543 2824 (cap.
562 2790 590 2824 3.
605 2783 633 2812 et
654 2779 742 2823 ult),
759 2778 840 2812 ideo
862 2778 953 2812 inter
976 2790 1038 2813 eos
1056 2790 1130 2812 non
1150 2787 1201 2812 est
1223 2779 1331 2812 etiam
1347 2778 1556 2824 simpliciter
1573 2780 1661 2826 poli-

105 2831 216 2865 ticum
236 2831 381 2876 justum,
403 2831 463 2865 sed
485 2831 600 2876 magis
621 2832 754 2877 justum
777 2832 1069 2865 oeconomicum.

252 2912 278 2937 S.
302 2911 423 2938 TquAE
444 2911 547 2937 Summa
573 2912 732 2947 Theologica.
755 2913 819 2940 Vol.
843 2913 894 2940 ΙΙΙ,
1484 2916 1517 2940 28
