1859 3122
217 164 299 206 ’702
640 165 861 200 QUAESTIO
895 167 1012 196 XCIX.
1046 167 1290 198 ARTICULUS
1323 169 1350 198 Ι.

289 256 317 291 3.
340 245 576 280 PRAETEREA.
598 246 716 292 Maj0r
738 254 790 281 est
806 247 918 282 virtus
936 248 1016 291 Dei,
1035 259 1144 295 quam
1161 249 1272 284 virtus
1286 249 1463 285 hominis:
1491 250 1552 285 sed
1571 262 1626 285 res
1652 262 1774 286 sacrae

214 309 233 331 a
255 298 336 332 Deo
356 299 583 333 sanctitatem
606 299 787 343 obtinent3
811 312 897 347 ergo
927 312 1001 335 non
1031 310 1182 348 possunt
1208 313 1271 348 per
1299 303 1468 338 homines
1494 304 1639 347 violari;
1667 312 1701 339 et
1725 305 1774 339 ita

213 351 443 397 sacrilegium
470 364 543 386 non
569 353 709 387 videtur
736 365 813 388 esse
841 366 963 388 sacrae
991 355 1042 388 rei
1067 355 1228 390 violatio.

285 404 358 439 SED
382 416 533 441 CONTRA
556 414 619 448 est,
642 407 738 452 quod
760 407 841 441 Isid.
866 408 951 442 dicit
972 408 1010 442 in
1028 408 1087 442 lib.
1123 420 1173 443 10.
1206 408 1324 455 Etym.
1350 409 1407 454 (cul
1425 410 1471 444 lit.
1494 410 1530 456 S)
1560 411 1656 456 quod
1685 424 1703 443 «
1722 422 1775 445 sa-

213 457 365 504 crilegus
393 459 521 493 dicitur
543 460 584 493 ab
608 472 664 502 eo,
687 461 783 507 quod
805 472 907 495 sacra
928 461 1025 508 legit,
1047 462 1139 496 idest
1158 462 1295 496 furatur
1317 475 1348 496 >›.

282 511 511 548 REspomi-:o
538 514 744 556 dicendum,
772 515 880 560 quod,
903 515 996 550 sicut
1017 526 1058 549 ex
1080 527 1186 562 supra
1208 516 1311 550 dictis
1333 524 1430 562 patet
1453 516 1497 562 (q.
1520 517 1576 552 81.
1608 522 1671 552 art.
1694 529 1723 563 5.
1745 523 1775 552 et

211 576 276 600 1-2.
303 577 333 611 q.
351 578 419 601 101.
443 572 505 600 art.
532 568 595 612 4),
618 579 762 601 sacrum
785 568 914 602 dicitur
937 569 1069 614 aliquid
1093 580 1134 603 ex
1156 581 1213 611 eo,
1248 570 1344 615 quod
1373 570 1416 603 ad
1446 570 1608 604 divinum
1635 570 1773 605 cultum

212 619 414 654 ordinatur:
437 621 529 654 sicut
550 628 670 655 autem
693 633 735 655 ex
757 632 800 655 eo
832 622 926 668 quod
956 622 1089 668 aliquid
1120 623 1304 656 ordinatur
1329 623 1366 656 in
1392 623 1501 657 finem
1527 624 1676 666 bonum,
1702 635 1775 658 sor-

210 672 295 706 titur
321 673 500 707 rationem
526 674 628 708 boni:
651 675 699 708 ita
719 676 827 708 etiam
847 686 888 709 ex
906 675 977 709 hoc
997 676 1093 722 quod
1113 675 1246 722 aliquid
1266 676 1454 722 deputatur
1473 676 1516 710 ad
1536 677 1673 711 cultum
1692 677 1772 719 Dei,

211 724 362 759 efficitur
383 727 567 772 quoddam
589 727 766 761 divinum:
791 736 825 762 et
846 729 897 762 sic
921 729 952 762 ei
983 729 1161 774 quaedam
1188 729 1387 763 reverentia
1417 729 1575 772 debetur,
1607 741 1698 776 quae
1724 742 1775 765 re—

210 778 321 813 fertur
341 780 376 813 in
398 781 536 823 Deum3
560 789 595 815 et
616 781 697 815 ideo
721 793 830 816 omne
851 782 951 824 illud,
974 783 1071 828 quod
1094 783 1137 816 ad
1158 783 1429 817 irreverentiam
1450 794 1570 817 rerum
1589 794 1771 818 sacrarum

210 833 374 878 pertinet,
402 834 445 867 ad
473 835 640 880 injuriam
665 835 735 869 Dei
762 836 925 881 pertinet,
949 843 983 870 et
1003 836 1112 870 habet
1133 836 1313 882 sacrilegii
1334 836 1523 870 rationem.

281 887 504 931 ADjpmMUM
519 899 606 934 ergo
626 889 832 931 dicendum,
847 889 944 935 quod
959 889 1159 923 secundum
1173 889 1266 924 Phil.
1282 890 1317 923 in
1337 901 1364 923 1.
1376 889 1491 924 Ethic.
1504 890 1593 936 (cap,
1608 902 1638 925 2.
1653 891 1773 937 infin.)

210 940 347 973 bonum
370 952 566 976 commune
589 943 704 987 gentis
727 951 779 977 est
800 943 984 989 quoddam
1011 943 1193 985 divinum3
1224 951 1258 977 et
1285 943 1368 977 ideo
1396 943 1588 989 antiquitus
1615 951 1773 978 rectores

209 993 427 1039 reipublicae
449 994 557 1029 divini
582 996 816 1038 vocabantur,
839 997 940 1042 quasi
957 997 1099 1031 divinae
1117 997 1366 1043 providentiae
1388 997 1551 1039 ministri,
1573 997 1773 1031 secundum

208 1047 295 1081 illud
324 1048 406 1094 Sap.
430 1047 479 1082 6.:
505 1049 590 1084 Cum
611 1051 712 1084 esselis
739 1052 884 1085 ministri
910 1052 1002 1095 regni
1027 1051 1126 1091 illius,
1161 1062 1227 1084 non
1249 1055 1330 1085 recta
1352 1050 1548 1096 judicastis;
1571 1058 1606 1084 et
1633 1050 1683 1084 sic
1710 1061 1774 1097 per

209 1101 405 1147 quamdam
419 1102 578 1136 nominis
597 1103 846 1138 extensionem
865 1103 952 1138 illud
965 1104 1061 1150 quod
1072 1105 1224 1150 pertinet
1243 1104 1287 1138 ad
1302 1103 1572 1138 irreverentiam
1592 1104 1772 1150 principis,

208 1154 347 1189 scilicet
357 1155 536 1201 disputare
552 1157 595 1190 de
610 1158 685 1202 ejus
700 1157 847 1202 judicio,
861 1169 904 1191 an
920 1165 1086 1203 oporteat
1099 1158 1219 1204 ipsum
1233 1157 1345 1203 sequi,
1361 1157 1562 1192 secundum
1577 1157 1773 1203 quamdam

208 1207 481 1243 similitudinem
502 1210 710 1255 sacrilegimn
733 1211 872 1245 dicitur.

279 1262 339 1296 AD
367 1273 574 1298 SECUNDUM
596 1264 802 1306 dicendum,
830 1265 926 1310 quod
948 1264 1102 1310 populus
1126 1264 1341 1298 christianus
1363 1275 1425 1310 per
1446 1263 1566 1306 fidem,
1598 1273 1632 1298 et
1659 1275 1774 1298 sacra-

209 1323 331 1349 menta
354 1316 491 1350 Christi
511 1317 754 1351 sanctificatus
777 1325 839 1359 est,
856 1319 1056 1352 secundum
1074 1318 1161 1352 illud
1189 1329 1216 1351 1.
1239 1318 1282 1352 acl
1306 1318 1392 1352 Cor.
1416 1316 1464 1351 6.:
1488 1318 1548 1352 Sed
1568 1318 1673 1352 abluti
1689 1319 1771 1361 estis,

206 1368 259 1403 scd
277 1370 473 1415 sanctificati
492 1372 583 1411 estis‚·
608 1378 642 1404 et
662 1371 745 1404 ideo
772 1382 799 1404 Ι.
822 1371 897 1405 Pet.
922 1381 951 1405 2.
976 1371 1123 1405 dicitur:
1154 1372 1214 1405 Vos
1232 1373 1301 1405 estis
1313 1383 1411 1416 genus
1433 1371 1577 1412 electum,
1597 1371 1703 1416 regale
1720 1383 1772 1406 sa-

208 1422 400 1465 cm’dotz'mtz,
422 1436 496 1469 gens
516 1429 640 1466 satiem,
659 1425 801 1471 populus
823 1427 1069 1470 czsqzzisitioni5;
1087 1433 1120 1459 et
1138 1425 1220 1459 ideo
1243 1425 1277 1458 id
1302 1425 1397 1471 quod
1418 1424 1456 1458 fit
1473 1425 1509 1458 in
1526 1424 1694 1470 injuriam
1712 1436 1774 1471 po-

207 1476 281 1522 puli
303 1477 499 1518 christiani,
521 1478 659 1512 scilicet
681 1478 777 1524 quod
803 1478 965 1513 infideles
992 1479 1024 1513 ei
1051 1478 1317 1525 praeficiantur,
1339 1478 1493 1524 pertinet
1514 1478 1557 1512 ad
1580 1479 1773 1512 irreveren-

206 1529 294 1564 tiam
316 1542 439 1565 sacrae
461 1531 532 1573 rei,
554 1531 648 1565 unde
670 1531 930 1566 rationabiliter
949 1533 1159 1578 sacrilegium
1181 1532 1321 1566 dicitur.

277 1584 337 1618 AD
366 1595 536 1620 TERTIUM
563 1585 769 1628 dicendum,
797 1586 893 1632 quod
920 1586 1069 1620 violatio
1092 1586 1150 1620 hic
1173 1585 1271 1631 large
1299 1585 1429 1619 dicitur
1452 1596 1701 1631 quaecumque
1730 1585 1773 1619 ir-

206 1639 417 1681 reverentia,
439 1639 496 1673 vel
519 1639 776 1673 exhonoratio:
800 1640 891 1673 sicut
913 1648 1034 1674 autem
1055 1640 1175 1673 honor
1194 1646 1246 1673 est
1267 1639 1302 1672 in
1321 1639 1538 1680 honorante,
1556 1650 1631 1672 non
1650 1646 1771 1673 autem

205 1691 241 1726 in
264 1703 308 1726 eo
331 1693 390 1738 qui
412 1693 623 1734 honoratur,
646 1701 684 1727 ut
705 1693 834 1727 dicitur
855 1693 891 1726 in
914 1704 941 1727 1.
962 1692 1077 1727 Ethic.
1099 1692 1187 1739 (cap.
1202 1692 1249 1738 5.)
1269 1693 1316 1726 ita
1335 1692 1443 1726 etiam
1466 1692 1697 1726 irreverentia
1719 1699 1772 1726 est

205 1745 242 1779 in
265 1757 320 1788 eo,
343 1746 403 1792 qui
424 1746 660 1784 irreverenter
681 1757 718 1780 se
740 1746 864 1789 habet,
888 1748 1052 1793 quamvis
1080 1747 1188 1781 etiam
1219 1745 1310 1780 nihil
1339 1753 1470 1780 noceat
1497 1745 1539 1787 ei,
1563 1745 1620 1779 cui
1641 1745 1770 1780 irreve-

204 1800 357 1833 rentiam
381 1800 535 1844 exhibet,
556 1808 731 1847 quantum
754 1811 841 1846 ergo
864 1808 916 1835 est
936 1800 973 1834 in
994 1800 1086 1846 ipso,
1116 1811 1193 1834 rem
1214 1810 1356 1834 sacram
1383 1798 1507 1841 violat,
1534 1798 1618 1834 licet
1646 1798 1708 1833 illa
1733 1798 1769 1833 in

205 1864 242 1887 se
263 1864 337 1888 non
358 1853 525 1888 violetur.

777 1942 1122 1987 ARTICULUS
1158 1942 1214 1985 Π.
1705 1951 1769 1998 526

445 2039 598 2069 UTRUM
626 2039 919 2070 SACRILEGIUM
946 2040 1013 2069 SIT
1040 2039 1279 2069 PECCATUM
1307 2038 1524 2068 SPECIALE.

276 2120 336 2154 AD
363 2130 569 2155 SECUNDUM
584 2121 633 2154 sic
649 2121 864 2166 proceditur.
884 2121 1046 2164 Videtur,
1065 2122 1162 2168 quod
1177 2121 1409 2168 sacrilegium
1423 2132 1497 2155 non
1516 2121 1560 2155 sit
1577 2129 1767 2167 peccatum

205 2173 378 2220 speciale:
396 2173 638 2210 diciturenim
661 2185 712 2220 17.
733 2186 764 2220 q.
783 2185 815 2218 4.
831 2175 882 2220 (in
900 2181 975 2222 app.
994 2176 1091 2210 Grat.
1106 2175 1148 2209 ad
1162 2182 1233 2221 cap.
1247 2188 1256 2210 .·
1272 2176 1392 2221 Siquis
1409 2175 1575 2220 suadente)
1590 2187 1600 2209 .·
1621 2188 1638 2207 «
1659 2174 1769 2209 Com-

205 2227 361 2269 mittunt,
384 2227 626 2273 sacrilegium,
649 2228 709 2273 qui
738 2228 773 2261 in
805 2228 946 2263 divinae
977 2229 1066 2275 legis
1097 2229 1325 2263 sanctitatem
1361 2236 1421 2262 aut
1447 2227 1643 2262 nesciendo
1671 2239 1770 2262 com-

205 2281 351 2315 mittunt
384 2288 444 2314 aut
464 2280 683 2326 negligendo
709 2281 858 2324 violant,
881 2290 915 2316 et
937 2281 1125 2316 offendunt
1146 2293 1185 2315 »z
1221 2282 1283 2316 sed
1305 2282 1376 2315 hoc
1400 2281 1437 2315 fit
1457 2292 1519 2326 per
1554 2292 1662 2315 omne
1688 2292 1768 2327 pec-

205 2342 347 2368 catum:
370 2345 454 2368 nam
477 2341 668 2380 peccatum
690 2342 741 2368 est
760 2335 908 2375 dictum,
927 2335 984 2369 vel
1003 2335 1150 2377 factum,
1170 2335 1227 2369 vel
1247 2335 1481 2381 concupitum
1504 2342 1629 2369 contra
1647 2334 1766 2380 legem

203 2387 284 2430 Dei,
306 2396 344 2421 ut
365 2388 517 2433 August.
541 2387 626 2421 dicit
653 2397 706 2421 22.
730 2396 855 2422 contra
877 2388 1048 2423 Faustum
1071 2389 1160 2435 (cap.
1191 2400 1244 2434 27.
1276 2390 1308 2422 in
1326 2388 1478 2434 princ.);
1507 2399 1594 2434 ergo
1625 2387 1765 2422 sacrile-

204 2441 304 2486 gium
327 2449 379 2475 cst
401 2440 570 2486 generale
593 2449 793 2486 peccatum.

275 2505 304 2528 2.
328 2495 562 2529 PRAETEREA.
585 2494 736 2528 Nullum
758 2495 911 2540 speciale
935 2504 1124 2540 peccatum
1152 2497 1356 2529 continetur
1385 2495 1448 2529 sub
1480 2494 1628 2529 diversis
1660 2505 1766 2539 gene-

203 2549 297 2583 ribus
319 2556 571 2595 peccatorun1;
594 2549 655 2583 sed
677 2548 905 2593 sacrilegium
928 2551 991 2583 sub
1021 2550 1168 2583 diversis
1200 2549 1389 2595 generibus
1421 2557 1655 2594 peccatorum
1683 2559 1766 2583 con-

202 2602 351 2644 tinetur3
374 2611 458 2648 puta
481 2603 543 2636 sub
566 2602 777 2644 homicidiO,
801 2602 828 2635 si
852 2602 929 2647 quis
952 2603 1177 2636 sacerdotem
1201 2602 1361 2644 occidat3
1384 2602 1448 2636 sub
1468 2601 1617 2643 luxuria,
1637 2602 1666 2636 si
1685 2602 1762 2648 quis

201 2656 379 2701 virginem
402 2664 579 2690 sacratam
600 2655 723 2697 violet,
752 2655 809 2689 vel
843 2667 1111 2702 quamcumque
1134 2656 1325 2689 mulierem
1359 2655 1394 2689 in
1428 2654 1512 2689 loco
1547 2666 1670 2698 sacr03
1698 2655 1762 2689 sub

201 2709 306 2752 furto,
329 2710 358 2744 si
380 2711 457 2756 quis
479 2721 556 2744 rem
578 2721 718 2744 sacram
740 2708 875 2743 furatus
898 2708 1019 2752 fuerit3
1044 2721 1130 2755 ergo
1160 2709 1390 2755 sacrilegium
1420 2720 1494 2743 non
1525 2718 1577 2744 est
1607 2709 1763 2756 speciale

203 2771 404 2808 peccatum.

277 2828 304 2861 3.
335 2817 570 2851 PRAETEREA.
603 2816 726 2851 Omne
757 2815 912 2862 speciale
943 2824 1132 2861 peccatum
1162 2816 1341 2851 invenitur
1368 2816 1576 2850 distinctum
1607 2816 1648 2849 ab
1680 2815 1760 2851 aliis

207 2870 375 2915 peccatis,
398 2878 436 2904 ut
457 2869 499 2903 dc
522 2869 692 2915 injustitia
715 2869 861 2915 speciali
883 2868 1019 2903 Philos.
1043 2869 1127 2903 dicit
1150 2870 1183 2903 in
1204 2880 1230 2914 ς.
1248 2869 1406 2903 Ethicor.
1423 2869 1514 2916 (cap.
1530 2869 1601 2914 2.).·
1628 2869 1688 2903 sed
1711 2881 1762 2903 sa-
