1859 3122
169 152 252 206 780
611 162 832 197 QUAESTIO
868 161 953 190 CXI.
989 161 1232 190 ARTICULUS
1266 161 1325 190 111.

168 243 345 290 proximo,
368 243 428 288 qui
449 250 502 276 est
523 242 736 276 obstendere
759 253 796 276 se
819 241 930 275 alium
957 252 1065 287 quam
1093 241 1154 275 sit:
1182 241 1275 274 unde
1298 241 1512 286 quandoque
1535 240 1722 285 contingit,

168 297 264 342 quod
286 296 413 341 aliquis
433 295 536 339 fingit
550 295 593 329 de
608 306 644 328 se
660 306 804 340 magna,
822 294 954 328 nullius
977 294 1120 328 alterius
1142 294 1267 339 gratia,
1288 294 1349 327 sed
1364 293 1441 327 sola
1455 294 1600 328 libidine
1619 294 1724 328 simu-

168 349 276 390 landi,
291 349 382 383 sicut
396 348 529 382 Philos.
546 348 632 382 dicit
646 349 681 382 in
702 358 735 390 4.
758 348 873 382 Etich.
893 350 978 394 (cup.
994 349 1053 393 7),
1070 355 1103 381 et
1117 347 1208 381 sicut
1230 347 1336 380 etiam
1352 358 1457 392 supra
1472 347 1514 380 de
1533 346 1724 381 mendacio

171 403 308 435 dictum
331 410 383 435 est
404 403 451 447 (q.
474 414 543 436 ΠΟ.
566 406 628 435 art.
651 403 712 447 2.).

718 540 1062 586 ARTICULUS
1096 541 1172 583 IV.
1662 559 1727 595 579

332 649 485 679 UTRUM
512 649 767 680 HYPOCRISIS
805 650 967 679 SEMPER
994 649 1060 678 SIT
1087 647 1323 678 PECCATUM
1350 646 1570 677 MORTALE.

641 737 692 782 (4.
715 738 802 771 Dist.
833 737 886 772 16.
909 749 938 782 q.
961 748 994 781 4.
1016 741 1081 771 art.
1103 748 1129 770 Ι.
1157 747 1186 781 q.
1205 735 1262 781 3.).

245 827 304 860 AD
327 836 514 865 QUARTUM
543 826 593 861 sic
621 826 837 873 proceditur.
860 826 1022 868 Videtur,
1045 825 1141 871 quod
1158 823 1361 871 hypocrisis
1383 833 1527 869 semper
1547 821 1592 856 sit
1608 831 1733 868 pecca-

174 889 252 914 tum
270 879 442 914 mortale:
471 880 556 914 dicit
578 880 674 914 enim
697 880 845 914 Hieron.
869 880 934 914 Isa.
961 878 1012 913 16.
1035 879 1070 913 in
1094 878 1214 913 Gloss.
1242 878 1346 923 (ord.)
1375 876 1471 923 quod
1495 876 1568 909 «in
1590 885 1734 920 compa-

176 933 315 967 ratione
335 933 489 967 duorum
512 933 693 967 malorum
715 933 827 967 levius
846 941 899 967 est
921 941 1041 979 aperte
1064 943 1226 978 peccare,
1249 942 1358 977 quam
1380 929 1606 964 sanctitatem
1627 928 1735 962 simu-

174 987 248 1021 lare
267 999 300 1028 »;
323 994 356 1020 et
377 997 482 1032 super
502 986 590 1020 illud
608 986 674 1032 Job
696 997 742 1021 1.:
765 987 858 1021 Sicut
875 991 983 1021 antam
998 987 1147 1020 Domino
1164 985 1304 1032 placuit,
1324 991 1390 1018 etc.
1409 982 1528 1018 Gloss.
1544 982 1649 1027 (Aug.
1663 987 1734 1027 sup.

176 1039 256 1074 illud
283 1040 334 1074 Ps.
363 1040 434 1085 63.:
457 1040 603 1074 Scrutczti
630 1045 705 1074 sunt
731 1040 880 1085 iniquit.)
909 1039 1004 1081 dicit,
1034 1038 1130 1084 quod
1156 1051 1173 1070 «
1199 1037 1369 1072 simulata
1395 1036 1555 1082 aequitas
1581 1046 1656 1068 non
1683 1040 1736 1067 est

177 1093 349 1138 aequitas,
371 1093 432 1126 sed
456 1092 587 1139 duplex
608 1101 799 1139 peccatum
819 1105 859 1135 »;
883 1102 917 1127 et
939 1104 1046 1137 super
1072 1091 1160 1126 illud
1189 1091 1323 1125 Thren.
1346 1100 1398 1133 4.:
1427 1091 1542 1135 Major
1562 1089 1670 1134 effecta
1694 1091 1737 1122 est

177 1147 334 1192 iniquitas
347 1146 465 1192 populi
484 1148 691 1193 meipaccato
706 1147 936 1189 Sodomorum,
959 1146 1045 1179 dicit
1060 1145 1180 1180 Gloss.
1205 1145 1363 1189 (ordin.):
1390 1157 1407 1175 «
1430 1142 1576 1177 Scelera
1594 1141 1736 1176 animae

177 1198 407 1245 planguntur,
431 1210 522 1244 quae
544 1200 579 1232 in
602 1199 825 1246 hypocrisim
846 1199 987 1241 labitur,
1005 1199 1104 1244 cujus
1123 1199 1239 1243 major
1254 1205 1307 1231 est
1320 1196 1488 1242 iniquitas
1502 1203 1652 1242 peccato
1675 1193 1738 1228 So-

180 1252 374 1286 domorum
398 1265 430 1287 »z
452 1261 602 1298 peccata
625 1261 746 1287 autem
769 1253 1016 1286 Sodomorum
1036 1259 1117 1285 sunt
1136 1259 1284 1297 peccata
1302 1249 1489 1291 mortalia3
1513 1259 1600 1294 ergo
1622 1255 1656 1282 et
1677 1247 1740 1293 hy-

181 1306 333 1351 pocrisis
355 1317 497 1352 semper
519 1314 572 1340 est
593 1314 782 1352 peccatum
805 1305 970 1340 mortale.

251 1369 282 1392 2.
304 1359 540 1393 PRAETEREA.
565 1359 763 1405 Gregorius
790 1359 886 1400 dicit,
913 1370 964 1404 31.
987 1358 1115 1392 Moral.
1139 1357 1230 1404 (cap.
1252 1358 1313 1401 8.),
1341 1356 1437 1403 quod
1458 1355 1670 1402 hypocritae
1697 1365 1740 1388 ex

180 1412 317 1446 malitia
332 1420 500 1458 peccant:
524 1413 584 1446 sed
607 1413 678 1446 hoc
696 1421 748 1446 est
770 1412 1034 1457 gravissimum,
1057 1411 1139 1457 quia
1161 1411 1314 1457 pertinet
1335 1410 1378 1444 ad
1400 1418 1589 1457 peccatum
1610 1410 1645 1443 in
1665 1408 1741 1454 Spi-

180 1465 289 1499 ritum
313 1465 506 1508 Sanctum3
530 1476 616 1511 ergo
639 1465 830 1512 hypocrita
852 1477 994 1510 semper
1016 1464 1216 1498 mortaliter
1237 1471 1374 1509 peccat.

259 1530 287 1564 3.
309 1518 545 1553 PRAETEREA.
572 1518 702 1553 Nullus
725 1527 882 1552 meretur
902 1519 994 1552 iram
1015 1517 1097 1559 Dei,
1120 1526 1154 1551 et
1175 1517 1422 1551 exclusionem
1449 1528 1468 1550 a
1494 1515 1565 1550 Dei
1589 1515 1740 1556 visione,

181 1572 250 1606 nisi
271 1580 418 1617 propter
436 1580 626 1618 peccatum
641 1572 814 1606 mortale:
837 1572 898 1606 sed
913 1583 976 1618 per
991 1571 1213 1617 hypocrisim
1229 1570 1355 1616 aliquis
1377 1578 1534 1604 meretur
1551 1569 1642 1603 iram
1660 1569 1741 1610 Dei,

183 1625 384 1659 secundum
406 1625 494 1659 illud
512 1625 578 1671 Job
605 1625 678 1670 36.:
703 1626 929 1668 Sivmlatores,
953 1631 981 1660 ct
995 1625 1107 1660 callidi
1120 1630 1309 1671 provocant
1323 1626 1410 1658 iram
1432 1625 1520 1658 Dei:
1543 1622 1743 1657 excluditur

183 1679 292 1713 etiam
313 1679 504 1724 hypocrita
527 1691 546 1713 a
561 1679 701 1713 visione
718 1679 799 1721 Dei,
815 1679 1015 1713 secundum
1029 1677 1117 1712 illud
1128 1678 1194 1723 Job
1217 1689 1267 1724 13.
1284 1691 1291 1712 ε
1313 1678 1391 1713 Non
1403 1678 1508 1712 veniet
1525 1678 1560 1711 in
1575 1680 1742 1722 conspectu

183 1734 250 1777 ejus
276 1733 381 1766 omnis
407 1732 600 1778 hypocritam
625 1744 711 1778 ergo
733 1732 936 1778 hypocrisis
958 1743 1100 1776 semper
1122 1739 1175 1765 est
1196 1739 1384 1777 peccatum
1407 1729 1571 1764 mortale.

255 1785 329 1819 SED
345 1796 500 1820 CONTRA
520 1793 582 1827 est,
598 1786 695 1832 quod
716 1786 918 1832 hypocrisis
938 1793 990 1819 est
1005 1785 1233 1819 mendaci-am
1255 1784 1384 1830 operis,
1404 1795 1487 1818 cum
1504 1783 1549 1817 sit
1561 1782 1743 1817 simulatio

184 1838 379 1885 quaedam:
403 1850 477 1872 non
500 1847 620 1873 autem
643 1850 752 1873 omne
780 1839 1011 1873 mendacium
1034 1839 1152 1884 operis
1175 1846 1227 1872 est
1249 1845 1439 1884 peccatum
1461 1836 1634 1878 mortale3
1657 1847 1743 1882 ergo

184 1904 250 1926 nec
274 1892 392 1926 omnis
414 1892 627 1938 hypocrisis.

256 1955 287 1978 2.
311 1945 512 1979 Praeterea.
543 1945 698 1980 Intentio
726 1945 937 1991 hypocritae
961 1953 1013 1979 est
1035 1945 1079 1979 ad
1105 1945 1176 1978 hoc
1199 1944 1295 1990 quod
1324 1943 1487 1977 videatur
1511 1942 1649 1977 bonus:
1682 1941 1744 1976 sed

184 1998 255 2032 hoc
275 2009 349 2031 non
371 1998 564 2044 opponitur
586 1999 769 2041 charitati3
793 2010 880 2043 ergo
894 1998 1098 2044 hypocrisis
1116 2008 1190 2031 non
1213 2005 1266 2031 est
1286 1997 1486 2031 secundum
1501 2007 1539 2030 se
1554 2004 1744 2042 peccatum

187 2050 351 2085 mortale.

262 2115 290 2149 3.
314 2105 513 2138 Praeterea.
537 2104 747 2150 Hypocrisis
768 2104 927 2138 nascitur
949 2116 992 2139 ex
1012 2104 1111 2138 inani
1125 2103 1252 2150 gloria,
1267 2111 1306 2138 ut
1321 2103 1429 2148 Greg.
1446 2102 1531 2136 dicit
1549 2113 1600 2148 31.
1616 2100 1745 2135 Moral.

191 2157 276 2203 (cap.
304 2157 391 2203 17.):
414 2157 476 2191 sed
499 2157 614 2191 inanis
637 2157 752 2203 gloria
778 2169 851 2191 non
871 2168 1014 2203 semper
1036 2165 1088 2191 est
1114 2165 1305 2203 peccatum
1327 2155 1498 2198 mortale;
1520 2166 1607 2201 ergo
1629 2165 1746 2200 neque

188 2210 401 2256 hypocrisis.

261 2263 490 2298 Rrspoxnro
513 2263 717 2305 dicendum,
733 2264 829 2309 quod
844 2264 879 2297 in
895 2263 1080 2309 hypocrisi
1102 2263 1163 2297 duo
1186 2271 1287 2305 sunt3
1310 2262 1464 2297 scilicet:
1487 2260 1646 2295 defectus
1672 2271 1749 2294 san-

193 2316 336 2358 ctitatis,
359 2325 393 2350 et
414 2316 595 2350 simulatio
619 2317 738 2362 ipsius.
756 2316 794 2350 Si
809 2328 895 2361 ergo
911 2317 1100 2362 hypocrita
1116 2316 1254 2350 dicatur
1268 2316 1339 2357 ille,
1355 2316 1455 2361 cujus
1470 2315 1619 2348 intentio
1639 2313 1748 2347 fertur

193 2370 236 2403 ad
260 2378 462 2415 utrumque,
478 2378 513 2403 ut
529 2370 665 2404 scilicet
688 2369 814 2415 aliquis
833 2381 906 2403 non
930 2377 1029 2404 curet
1051 2370 1277 2403 sanctitatem
1293 2369 1436 2410 habere,
1452 2367 1512 2402 sed
1535 2367 1653 2401 solum
1673 2377 1750 2400 san-

195 2431 270 2456 ctus
294 2434 475 2468 apparere,
498 2424 589 2456 sicut
612 2423 799 2456 consuevit
822 2423 936 2468 accipi
958 2423 993 2456 in
1017 2424 1127 2456 Sacra
1151 2423 1344 2467 Scriptura,
1367 2422 1417 2455 sic
1440 2420 1670 2454 manifestum
1686 2427 1748 2460 est,

195 2477 290 2521 quod
308 2486 359 2510 est
381 2484 569 2522 peccatum
593 2476 765 2510 mortale:
789 2476 907 2510 nullus
928 2477 1023 2510 enim
1038 2475 1195 2510 totaliter
1210 2476 1366 2521 privatur
1385 2475 1584 2514 sanctitate,
1601 2473 1669 2506 nisi
1687 2483 1750 2517 per

193 2538 381 2574 peccatum
406 2529 578 2564 mortale:
601 2530 630 2563 si
653 2537 769 2562 autem
795 2530 931 2562 dicatur
951 2530 1140 2575 hypocrita
1160 2529 1219 2562 ille
1240 2529 1298 2574 qui
1318 2528 1469 2562 intendit
1490 2526 1658 2561 simulare
1674 2537 1750 2560 san-

195 2583 366 2625 ctitatem,
383 2595 402 2616 a
424 2596 492 2629 qua
508 2583 626 2617 delicit
642 2595 702 2629 per
717 2591 905 2629 peccatum
922 2583 1085 2625 mortale,
1101 2591 1184 2617 tunc
1201 2583 1363 2628 quamvis
1382 2582 1426 2615 sit
1440 2582 1475 2614 in
1490 2588 1639 2626 peccato
1658 2590 1750 2613 mor-

193 2636 268 2677 tali,
291 2648 331 2670 ex
355 2648 425 2682 quo
448 2639 606 2682 privatur
628 2637 826 2677 sanctitate,
850 2648 922 2669 non
946 2645 1067 2670 tamen
1090 2647 1232 2681 semper
1253 2636 1328 2681 ipsa
1347 2634 1530 2669 simulatio
1550 2641 1601 2668 est
1623 2635 1653 2666 ei
1673 2643 1751 2678 pec-

195 2698 315 2723 catum
339 2690 504 2731 mortale,
527 2690 587 2724 sed
611 2690 826 2735 quandoque
848 2689 1006 2722 veniale:
1031 2690 1126 2735 quod
1150 2688 1427 2723 discernendum
1447 2695 1499 2721 est
1520 2698 1561 2721 ex
1582 2686 1670 2720 fine:
1690 2685 1751 2731 qui
1775 2687 1777 2689 ’

196 2743 222 2775 si
246 2751 421 2787 repugnat
444 2743 608 2776 charitati
630 2744 710 2784 Dei,
732 2742 790 2776 vel
812 2742 979 2787 proximi,
1002 2744 1067 2776 erit
1089 2749 1277 2787 peccatum
1297 2740 1472 2775 mortale:
1496 2748 1579 2785 puta
1602 2750 1684 2772 cum
1710 2738 1752 2772 si-

196 2795 309 2829 mulat
330 2796 568 2838 sanctitatem,
591 2804 628 2830 ut
648 2795 776 2829 falsam
799 2795 1000 2829 doctrinam
1024 2795 1244 2837 disseminet,
1265 2794 1323 2828 vel
1344 2802 1382 2828 ut
1397 2793 1614 2838 adipiscatur
1639 2791 1751 2826 eccle-

195 2849 376 2882 siasticam
392 2849 603 2894 dignitatem
616 2849 795 2894 indignus,
807 2848 863 2882 vel
878 2859 1128 2894 quaecumque
1143 2847 1212 2882 alia
1226 2846 1441 2893 temporalia
1456 2846 1562 2887 bona,
1576 2845 1612 2879 in
1625 2844 1751 2891 quibus
