1859 3122
498 223 717 260 QUAESTIO
751 225 954 255 CLXXXVI.
988 226 1233 256 ARTICULUS
1267 227 1323 257 VI.
1579 229 1686 272 1229

201 315 229 350 3.
257 303 493 340 PRAETEREA.
516 305 610 352 Aug.
635 306 719 340 dicit
741 306 783 340 ad
807 306 1028 342 Pollentium
1051 308 1094 342 de
1125 308 1334 344 adulterinis
1353 310 1531 357 conjugiis
1559 311 1633 356 (lib.
1660 324 1687 347 r.

125 363 196 404 cap.
219 357 309 403 14.).·
345 371 361 389 «
377 357 427 392 Ea
454 366 535 392 sunt
558 359 592 392 in
615 360 746 394 nostris
770 359 898 395 officiis
925 362 1096 407 gratiora,
1118 374 1210 408 quae
1233 375 1315 397 cum
1339 363 1463 398 liceret
1483 364 1588 399 nobis
1613 376 1688 400 non

124 411 345 458 impendere,
367 420 489 446 tamen
505 423 613 447 causa
629 412 832 448 dilectionis
847 414 1090 461 impendimus
1107 427 1138 449 »:
1158 417 1220 450 sed
1234 428 1275 451 ea
1290 428 1382 463 quae
1397 417 1484 452 fiunt
1498 419 1574 452 sine
1588 426 1688 462 voto,

124 464 208 499 licet
229 476 302 499 non
325 466 552 511 impendere3
574 466 670 512 quod
689 478 763 501 non
782 467 867 502 licet
889 468 931 503 de
954 468 1020 511 his,
1049 480 1140 515 quae
1167 469 1255 504 fiunt
1277 482 1360 504 cum
1382 479 1489 514 voto;
1523 483 1610 518 ergo
1640 474 1689 507 vi-

124 518 226 552 detur
247 519 383 564 gratius
405 530 482 554 esse
503 519 597 561 Deo,
619 519 649 554 si
671 521 748 567 quis
783 530 1044 568 paupertatem,
1075 524 1348 566 continentiam,
1379 532 1412 559 et
1442 525 1687 561 obedientiam

125 571 258 618 absque
279 581 366 606 voto
386 581 566 615 servaret3
588 584 663 607 non
685 585 772 620 ergo
787 583 915 608 votum
937 576 1128 621 requiritur
1150 577 1193 610 ad
1208 577 1470 622 perfectionem
1488 578 1685 625 religionis.

196 624 270 659 SED
293 636 448 660 CONTRA
470 634 534 668 est,
557 627 653 673 quod
675 628 711 661 in
733 629 844 662 veteri
866 628 946 674 lege
966 629 1141 664 Nazaraei
1156 643 1239 665 cum
1258 641 1345 666 voto
1361 633 1686 676 sanctificabantur,

124 678 322 712 secundum
355 679 442 713 illud
465 680 574 714 Num.
598 680 649 715 6.:
679 681 749 724 Vir,
776 683 843 716 sive
864 683 995 724 mulier,
1024 685 1256 730 cumfacerint
1280 691 1406 729 votum,
1426 692 1461 721 ut
1485 688 1687 734 sanctificen-

124 737 191 774 tur,
222 738 251 767 εἰ
274 745 303 767 se
332 733 497 768 voluerint
524 735 672 769 Domino
700 747 899 778 consecrare,
928 745 1006 771 etc.:
1033 749 1097 783 per
1119 749 1181 772 eos
1206 747 1328 773 autern
1351 740 1602 786 significantur
1622 740 1686 784 illi,

123 786 180 831 qui
198 785 240 820 ad
257 787 465 832 perfectionis
481 799 645 822 summam
657 790 862 835 pertingunt,
883 798 921 824 ut
939 790 1024 824 dicit
1044 790 1164 825 Gloss.
1181 791 1291 838 Greg.
1305 793 1391 827 ibid.
1413 793 1490 838 (lib.
1512 806 1543 829 2.
1560 795 1685 829 Moral.

123 845 196 886 cap.
215 839 304 884 26.),·
328 851 415 885 ergo
437 848 565 874 votum
587 842 778 887 requiritur
795 843 838 876 ad
861 851 993 877 statum
1015 843 1257 890 perfectionis.

193 891 423 927 RESPONDEO
439 894 646 936 dicendum,
661 896 757 941 quod
781 895 823 930 ad
843 895 1048 942 Religiosos
1064 898 1228 943 pertinet,
1244 899 1340 944 quod
1360 900 1432 934 sint
1452 900 1489 933 in
1504 908 1597 935 statu
1611 911 1687 946 per-

122 944 302 988 fectionis,
323 947 416 980 sicut
439 958 480 981 ex
501 959 608 994 supra
630 948 733 983 dictis
755 956 852 995 patet
874 950 1010 996 (q.174.
1037 956 1102 986 art.
1120 952 1181 997 5.).·
1205 951 1249 985 ad
1276 960 1409 986 statum
1428 961 1548 987 autem
1570 951 1685 1000 perfe-

109 991 252 1034 'ctionis
271 999 461 1046 requiritur
483 1000 657 1047 obligatio
681 1002 723 1035 ad
746 1013 788 1036 ea
810 1014 901 1048 quae
923 1011 1005 1037 sunt
1026 1003 1275 1048 perfectionis:
1309 1017 1399 1051 quae
1429 1006 1574 1052 quidem
1602 1006 1684 1041 Deo

121 1051 162 1086 fit
184 1063 248 1099 per
267 1060 412 1087 votum:
437 1053 669 1088 manifestum
691 1062 744 1088 est
766 1063 887 1089 autem
914 1067 956 1090 ex
983 1057 1189 1102 praemissis
1216 1059 1296 1102 (art.
1321 1070 1349 1104 3.
1372 1070 1404 1103 4.
1433 1064 1462 1094 et
1478 1071 1507 1105 5.
1530 1060 1598 1106 huj.
1621 1059 1685 1106 q),

121 1105 219 1152 quod
246 1106 290 1140 ad
312 1105 574 1152 perfectionem
597 1107 814 1142 christianae
845 1108 939 1142 vitae
966 1109 1120 1155 pertinet
1152 1119 1354 1157 paupertas,
1390 1113 1623 1155 continentia,
1650 1122 1684 1149 et

121 1159 344 1202 obedientia3
361 1168 395 1193 et
408 1159 490 1194 ideo
512 1159 698 1206 religionis
720 1169 831 1195 status
853 1162 1011 1207 requirit,
1033 1171 1071 1196 ut
1093 1163 1136 1196 ad
1152 1163 1242 1198 haec
1264 1164 1331 1198 tria
1351 1165 1478 1211 aliquis
1496 1173 1583 1200 voto
1599 1166 1686 1201 obli-

121 1220 244 1259 getur;
266 1213 360 1247 unde
384 1212 493 1259 Greg.
529 1213 615 1247 dicit
645 1225 753 1260 super
774 1214 904 1248 Ezech.
927 1215 1030 1260 (hom.
1062 1218 1157 1262 20.):
1182 1230 1199 1248 ‹<
1227 1217 1323 1252 Cum
1351 1218 1428 1263 quis
1456 1229 1565 1253 omne
1587 1220 1685 1265 quod

120 1266 240 1309 habet,
263 1277 372 1300 omne
387 1267 485 1312 quod
506 1267 605 1309 vivit,
628 1278 736 1301 omne
756 1268 852 1314 quod
867 1268 970 1314 sapit,
985 1269 1320 1316 omnipotentiDeo
1342 1271 1496 1313 voverit,
1512 1272 1686 1307 holocau-

120 1328 217 1354 stum
231 1328 286 1354 est
298 1334 331 1362 »,
346 1319 442 1366 quod
465 1320 611 1366 quidem
634 1321 812 1367 pertinere
833 1330 959 1368 postea
981 1322 1066 1357 dicit
1081 1323 1124 1357 ad
1140 1335 1214 1366 eos,
1229 1325 1289 1370 qui
1308 1337 1476 1371 praesens
1495 1326 1683 1361 saeculum

120 1373 300 1408 deserunt.

192 1427 252 1461 AD
278 1438 428 1463 PRIMUM
456 1439 544 1474 ergo
567 1428 772 1470 dicendum,
792 1428 888 1474 quod
911 1429 953 1463 ad
973 1429 1234 1475 perfectionem
1255 1431 1349 1465 vitae
1370 1431 1551 1466 Dominus
1578 1433 1683 1478 perti-

121 1491 207 1515 nere
228 1481 325 1523 dixit,
348 1481 444 1528 quod
473 1482 599 1527 aliquis
622 1493 705 1515 eum
732 1490 913 1527 sequatur,
939 1493 1012 1516 non
1039 1482 1361 1529 qualitercumque,
1382 1485 1445 1518 sed
1474 1493 1510 1519 ut
1535 1485 1680 1520 ulterius

122 1542 217 1568 retro
239 1545 314 1568 non
337 1535 464 1577 abiret3
487 1535 581 1569 unde
603 1542 638 1568 et
659 1534 735 1580 ipse
754 1534 850 1577 dicit,
873 1535 993 1569 Lucae
1015 1547 1066 1581 9.:
1089 1536 1194 1570 Nemo
1215 1538 1344 1571 mittens
1372 1549 1509 1571 manum
1535 1538 1578 1572 ad
1603 1550 1681 1573 ανα-

121 1592 222 1629 trum,
244 1593 274 1622 et
298 1589 473 1634 respiciens
495 1593 594 1630 retro,
617 1593 711 1634 aptus
731 1593 773 1622 est
794 1600 893 1633 regno
915 1589 997 1622 Dei:
1019 1596 1052 1623 et·
1075 1590 1239 1634 quamvis
1266 1590 1412 1636 quidam
1434 1591 1476 1625 de
1499 1591 1680 1638 discipulis

123 1641 198 1686 ejus
224 1648 422 1675 retrorsum
450 1641 619 1683 abierint3
641 1649 765 1675 tamen
786 1641 912 1675 Petrus
946 1641 1030 1676 loco
1064 1642 1219 1676 aliorum
1240 1643 1404 1677 Domino
1426 1644 1680 1690 interroganti:

121 1694 295 1740 Numquid
315 1699 343 1728 et
363 1707 420 1729 vos
440 1695 539 1729 vultis
560 1696 678 1729 abiret?
700 1694 900 1739 respondit:
923 1695 1079 1737 Domina,
1103 1695 1146 1729 ad
1166 1708 1259 1741 quem
1281 1697 1427 1731 ibimus?
1449 1698 1541 1732 unde
1558 1706 1592 1732 et
1606 1699 1681 1732 Au-

121 1747 285 1793 gustinus
307 1748 392 1781 dicit
413 1749 448 1781 in
469 1747 529 1781 lib.
546 1758 576 1781 2.
593 1747 636 1781 de
657 1747 848 1782 Consensu
863 1747 1001 1794 Evang.
1018 1748 1106 1795 (cap.
1121 1750 1198 1794 17.)‚
1215 1750 1310 1795 quod
1329 1762 1346 1781 «
1361 1749 1453 1784 sicut
1463 1751 1679 1794 Matthaeus,

122 1808 157 1835 et
176 1800 321 1835 Marcus
342 1809 498 1843 narrant,
520 1801 658 1843 Petrus,
673 1809 706 1835 et
724 1801 900 1843 Andreas,
915 1812 989 1835 non
1004 1802 1187 1836 subductis
1210 1802 1251 1836 ad
1274 1810 1407 1836 terram
1427 1803 1578 1838 navibus
1593 1813 1681 1838 tam-

122 1865 230 1900 quam
254 1866 362 1889 causa
383 1854 567 1896 redeundi,
586 1854 699 1888 secuti
721 1862 803 1888 sunt
821 1866 917 1896 eum,
939 1854 1000 1888 sed
1020 1862 1207 1900 tamquam
1229 1855 1414 1900 jubentem
1436 1864 1474 1890 ut
1494 1867 1682 1903 sequeren-

121 1915 177 1942 tur
194 1919 235 1941 »ε
255 1907 344 1942 haec
364 1916 484 1942 autem
506 1907 741 1942 immobilitas
764 1907 931 1953 sequelae
955 1908 1090 1942 Christi
1110 1908 1273 1942 firmatur
1293 1920 1356 1954 per.
1375 1918 1521 1953 votum3
1544 1918 1578 1944 et
1597 1911 1680 1945 ideo

121 1968 249 1995 votum
267 1961 457 2007 requiritur
478 1961 520 1994 ad
538 1960 800 2006 perfectionem
818 1960 1013 2006 religionis.

192 2014 252 2048 AD
267 2025 474 2049 SECUNDUM
489 2014 696 2056 dicendum,
711 2013 807 2060 quod
822 2013 994 2059 perfectio
1009 2013 1194 2060 religionis
1205 2015 1362 2061 requirit,
1373 2015 1465 2049 sicut
1475 2015 1584 2062 Greg.
1596 2016 1682 2051 dicit

121 2067 200 2112 (loc.
221 2075 291 2114 sup.
315 2068 398 2112 cit),
422 2076 460 2102 ut
481 2067 608 2113 aliquis
631 2078 740 2101 omne
763 2067 858 2112 quod
879 2069 980 2101 vovit
1001 2068 1083 2102 Deo
1107 2067 1289 2102 exhibeat:
1312 2069 1374 2102 sed
1395 2068 1509 2103 homo
1528 2080 1603 2103 non
1621 2080 1682 2115 po-

122 2128 193 2155 test
212 2128 326 2155 totam
348 2121 459 2154 vitam
482 2132 587 2155 suam
608 2121 688 2154 Deo
717 2128 797 2154 actu
821 2120 1005 2154 exhibere:
1028 2121 1109 2166 quia
1126 2132 1202 2155 non
1221 2129 1273 2155 est
1293 2129 1369 2155 tota
1388 2121 1506 2163 simul,
1525 2122 1585 2156 sed
1605 2133 1683 2156 suc-

123 2174 260 2208 cessive
283 2174 415 2220 agitur3
439 2174 532 2208 unde
554 2185 629 2208 non
645 2173 746 2207 aliter
767 2173 881 2207 homo
900 2181 1020 2219 potest
1032 2181 1147 2208 totam
1162 2174 1274 2208 vitam
1288 2186 1392 2209 suam
1405 2174 1486 2209 Deo
1501 2175 1680 2218 exhibere,

122 2227 190 2262 nisi
209 2239 272 2274 per
292 2227 368 2261 voti
390 2227 661 2273 obligationem.

193 2281 254 2315 AD
277 2291 449 2316 TERT1L³M
471 2280 676 2322 dicendum,
699 2280 794 2326 quod
818 2281 909 2314 inter
931 2280 1011 2322 alia,
1029 2291 1120 2326 quae
1142 2279 1225 2314 licet
1245 2280 1350 2315 nobis
1367 2291 1442 2314 non
1459 2280 1680 2326 impendere,

123 2342 176 2369 est
197 2335 306 2368 etiam
328 2334 473 2380 propria
487 2333 643 2375 libertas,
657 2345 766 2379 quarn
784 2333 899 2368 homo
923 2334 1071 2368 caeteris
1092 2334 1197 2368 rebus
1219 2334 1422 2368 chariorem
1444 2333 1569 2376 habet;
1584 2333 1679 2368 unde

126 2399 207 2422 cum
231 2388 358 2434 aliquis
381 2387 524 2433 propria
539 2395 665 2433 sponte
680 2395 767 2421 voto
782 2387 846 2421 sibi
862 2387 986 2420 adimit
1007 2386 1207 2420 libertatem
1228 2387 1428 2420 abstinendi
1446 2386 1487 2420 ab
1506 2386 1573 2428 his,
1588 2397 1679 2432 quae

122 2441 168 2475 ad
188 2441 259 2475 Dei
284 2441 469 2475 servitium
491 2440 679 2486 pertinent,
701 2440 772 2474 hoc
799 2440 837 2474 fit
856 2440 938 2474 Deo
961 2440 1272 2485 acceptissimum3
1297 2439 1389 2473 unde
1411 2439 1506 2485 Aug.
1533 2439 1620 2473 dicit
1643 2439 1679 2473 in

123 2494 186 2540 Ep.
203 2494 291 2540 (127.
306 2495 347 2528 αῖ.
366 2494 433 2540 45.)
450 2494 493 2527 ad
509 2494 715 2527 Armentar.
741 2501 777 2527 et
801 2493 949 2527 Paulin.
972 2493 1087 2526 «Non
1113 2501 1147 2526 te
1173 2493 1315 2526 vovisse
1341 2493 1539 2539 poeniteat3
1565 2492 1679 2526 immo

123 2547 240 2593 gaude
262 2548 336 2593 jam
357 2547 420 2581 tibi
438 2558 512 2580 non
533 2546 654 2588 licere,
677 2546 773 2592 quod
796 2558 880 2580 cum
900 2554 963 2580 tuo
986 2546 1201 2580 detrimento
1223 2544 1392 2580 licuisset.
1407 2544 1506 2579 Felix
1526 2546 1682 2579 necessi-

123 2610 189 2643 tas,
211 2611 302 2647 quae
324 2600 360 2634 in
382 2599 534 2634 meliora
556 2599 744 2645 compellit
763 2613 795 2634 ».
