1859 3122
554 175 773 210 QUAESTIO
806 175 890 204 ενι.
924 175 1167 205 ART1eULus
1200 176 1228 204 1.
1585 176 1666 218 745

115 255 288 290 beneficia
309 255 526 302 procedunt:
549 261 666 302 quarto
690 264 810 291 autem
831 256 867 290 in
890 256 1010 302 aliquo
1032 256 1274 299 benefactore,
1297 268 1316 290 a
1338 267 1409 302 quo
1432 255 1551 302 aliqua
1569 256 1672 302 parti-

115 308 249 343 cularia
283 317 317 343 et
348 309 484 355 privata
513 309 687 344 beneficia
721 310 958 356 percepimus,
985 321 1049 356 pro
1084 310 1210 356 quibus
1241 309 1500 356 particulariter
1527 311 1558 344 ei
1585 309 1672 343 obli-

114 373 259 408 gamur;
285 363 367 408 quia
393 374 480 408 ergo
507 375 579 397 non
606 364 776 410 quidquid
803 362 976 399 debemus
1002 364 1096 406 Deo,
1122 363 1179 398 vel
1205 364 1306 410 patri,
1337 363 1394 397 vel
1420 374 1596 409 personae
1625 363 1671 396 di-

114 416 248 465 gnitate
269 415 510 461 praecellenti,
530 417 701 452 debemus
724 417 830 452 alicui
851 417 1135 460 benefactorum,
1159 429 1177 451 a
1199 429 1270 464 quo
1293 417 1439 463 aliquod
1457 416 1670 463 particulare

114 469 327 503 beneficium
343 470 561 515 recepimus;
584 471 665 505 inde
684 479 736 506 est
754 471 849 517 quod
865 480 945 518 post
959 472 1159 517 religionem
1175 483 1244 517 qua
1259 471 1418 505 debitum
1434 470 1570 505 cultum
1588 471 1669 504 Deo

113 523 365 569 impendimus,
387 533 421 558 et
436 526 598 570 pi'atoelsm,
627 537 695 571 qua
718 524 871 559 colimus
894 534 1069 571 parentes,
1093 533 1126 559 et
1148 526 1406 567 olum-mintium,
1425 536 1494 570 qua
1517 523 1670 558 colimus

114 587 283 622 personas
298 577 469 622 dignitate
488 577 757 623 praecellentes,
777 586 839 620 est,
853 580 977 623 gratia,
992 579 1066 613 sive
1079 579 1258 623 gratitudo,
1275 589 1366 624 quae
1384 577 1671 612 benefactoribus

115 630 267 675 gratiam
287 639 549 676 recompensat,
573 639 606 665 et
628 632 855 677 distinguitur
877 643 896 665 a
918 632 1122 678 praemissis
1148 632 1346 675 virtutibus,
1370 631 1461 666 sicut
1487 630 1672 677 quodlibet

114 685 355 730 posteriorum
377 684 605 730 distinguitur
627 697 645 718 a
667 686 787 731 priori,
810 686 911 731 quasi
933 687 975 719 ab
998 697 1041 720 eo
1064 685 1246 721 delicieris.

184 737 243 771 AD
264 748 413 772 PR1MUM
440 749 526 783 ergo
554 739 758 780 dicendum,
786 739 883 784 quod
910 739 1001 773 sicut
1027 738 1152 785 religio
1176 747 1229 774 est
1251 739 1429 785 quaedam
1452 738 1673 785 superexcel-

115 790 192 825 lens
217 791 341 837 pietas‚
368 791 416 826 ita
443 800 496 826 est
521 791 699 838 quaedam
726 791 905 826 excellens
932 792 1057 838 gratia,
1084 793 1158 827 sive
1185 793 1383 838 gratitudo,
1411 792 1504 826 unde
1532 800 1566 826 et
1592 804 1673 838 gra-

115 845 245 880 tiarum
269 846 362 880 actio
385 846 428 880 ad
450 846 571 881 Deum
592 857 698 893 supra
716 846 833 892 posita
855 854 908 880 est
930 847 974 892 (q.
997 847 1044 893 83.
1072 851 1134 880 art.
1156 847 1237 892 17),
1264 846 1357 881 inter
1378 857 1420 881 ea
1442 857 1533 892 quae
1557 845 1600 880 ad
1621 856 1672 880 re-

115 898 290 945 ligionem
312 900 499 946 pertinent.

186 952 246 987 AD
264 963 470 988 SECUNDUM
492 952 696 995 dicendum,
712 953 807 999 quod
830 952 1014 987 retributio
1036 952 1318 999 proportionalis
1336 953 1490 998 pertinet
1512 952 1555 987 ad
1576 952 1673 999 justi-

115 1006 202 1040 tiam
225 1007 536 1048 commutativam‚
563 1006 707 1052 quando
735 1006 927 1040 attenditur
953 1006 1154 1040 secundum
1181 1006 1341 1040 debitum
1367 1006 1505 1052 legale;
1532 1014 1617 1052 puta
1643 1006 1673 1040 si

115 1068 222 1106 pacto
244 1059 415 1102 firmetur,
437 1068 475 1094 ut
494 1068 635 1094 tantum
649 1071 714 1106 pro
735 1067 836 1094 tanto
854 1059 1086 1095 retribuatur:
1104 1059 1166 1094 sed
1182 1059 1225 1093 ad
1242 1060 1412 1094 virtutem
1430 1060 1577 1105 gratiae,
1597 1061 1672 1094 sive

115 1113 340 1158 gratitudinis
366 1113 550 1148 retributio
577 1113 739 1159 pertinet,
766 1123 857 1159 quae
878 1112 917 1147 fit
939 1125 980 1147 ex
1001 1113 1081 1148 solo
1104 1113 1224 1147 debito
1246 1112 1458 1154 honestatis,
1480 1124 1589 1158 quam
1611 1113 1675 1147 sci-

114 1165 200 1201 licet
220 1166 346 1212 aliquis
367 1174 495 1212 sponte
515 1165 623 1208 facit;
644 1166 738 1200 unde
761 1176 795 1200 et
816 1166 997 1211 gratitudo
1020 1174 1073 1201 est
1093 1167 1212 1201 minus
1233 1174 1345 1212 grata,
1366 1166 1396 1200 si
1414 1166 1458 1201 sit
1476 1174 1614 1209 coacta,
1636 1173 1674 1200 ut

115 1219 255 1254 Seneca
275 1220 361 1254 dicit
377 1219 413 1253 in
434 1219 493 1254 lib.
518 1231 546 1266 3.
569 1219 613 1254 de
636 1219 824 1254 Beneficiis
846 1219 934 1266 (cap.
958 1221 1016 1266 7.).

184 1274 244 1308 AD
267 1284 437 1309 TERTIUM
453 1273 656 1315 dicendum,
679 1273 775 1320 quod
798 1284 881 1307 cum
902 1285 986 1307 vera
1005 1273 1164 1307 amicitia
1186 1284 1292 1320 supra
1310 1273 1480 1307 virtutem
1494 1272 1672 1314 fundetur,

115 1327 286 1373 quidquid
304 1335 357 1362 est
376 1327 497 1361 virtuti
516 1327 736 1361 contrarium
753 1327 789 1360 in
808 1327 938 1369 amico,
963 1335 1015 1361 est
1033 1326 1213 1361 amicitiae
1231 1326 1501 1373 impeditivum3
1521 1335 1555 1360 et
1576 1326 1673 1372 quid-

115 1381 199 1427 quid
221 1389 273 1415 est
292 1381 506 1423 virtuosum,
521 1389 574 1415 est
591 1380 770 1415 amicitiae
784 1380 1077 1427 provocativum3
1101 1387 1134 1415 et
1156 1380 1357 1415 secundum
1370 1380 1441 1414 hoc
1457 1391 1519 1426 per
1534 1391 1672 1414 recom-

115 1435 364 1480 pensationem
382 1434 642 1469 beneficiorum
662 1434 820 1468 amicitia
843 1442 1091 1469 conservatur:
1115 1435 1280 1480 quamvis
1301 1434 1592 1480 recompensatio
1614 1434 1671 1468 be-

115 1488 329 1523 neficiorum
351 1488 394 1523 ad
416 1489 585 1523 virtutem
607 1488 832 1535 gratitudinis
854 1488 1056 1534 specialiter
1077 1489 1263 1534 pertineat.

681 1640 1025 1686 ARTICULUS
1052 1641 1108 1684 n.
1607 1663 1667 1699 ,55

132 1755 283 1784 UTRUM
306 1754 436 1783 MAGIS
460 1754 692 1784 TENEATUR
719 1755 776 1783 AD
806 1755 988 1785 GRATIAS
1015 1755 1277 1785 REDDENDAS
1301 1754 1390 1784 DEO
1419 1755 1651 1794 INNOCENS,

686 1820 811 1856 QUAM
842 1820 1099 1850 POENITENS.

187 1913 247 1948 AD
276 1923 483 1948 SECUNDUM
510 1912 560 1947 sic
586 1912 802 1959 proceditur.
829 1913 992 1956 Videtur,
1019 1913 1115 1960 quod
1142 1913 1258 1959 magis
1288 1921 1452 1947 teneatur
1473 1912 1516 1947 ad
1539 1913 1672 1959 gratias

117 1966 315 2001 reddendas
329 1967 410 2000 Deo
432 1966 618 2008 innocens,
641 1978 749 2012 quarn
771 1967 975 2013 poenitens:
998 1975 1132 2013 quanto
1152 1967 1249 2001 enim
1263 1966 1390 2012 aliquis
1405 1967 1520 2012 majus
1535 1967 1672 2001 donum

119 2032 138 2054 a
158 2021 240 2054 Deo
268 2021 436 2066 percepit,
463 2027 564 2054 tanto
594 2020 711 2066 magis
733 2021 776 2054 ad
798 2021 994 2066 gratiarum
1022 2021 1181 2055 actiones
1207 2029 1362 2055 tenetur:
1390 2020 1451 2055 sed
1478 2022 1594 2067 majus
1621 2028 1674 2055 est

118 2073 256 2107 donum
281 2073 521 2115 innocentiae,
544 2084 653 2119 quarn
673 2074 827 2119 justitiae
853 2074 1053 2117 restitutae3
1081 2085 1168 2120 ergo
1189 2074 1338 2116 videtur,
1367 2074 1462 2120 quod
1490 2074 1605 2120 magis
1626 2081 1674 2108 te-

119 2134 245 2161 neatur
267 2127 310 2160 ad
332 2126 530 2172 gratiarum
553 2127 734 2161 actionem
755 2127 941 2170 innocens,
964 2139 1073 2174 quarn
1094 2128 1294 2174 poenitens.

190 2191 221 2215 2.
243 2181 479 2215 PRAETER-EA.
503 2180 604 2214 Sicut
623 2179 844 2215 benefactori
865 2181 1011 2216 debetur
1033 2182 1229 2227 gratiarum
1253 2182 1358 2223 actio,
1380 2180 1427 2215 ita
1450 2188 1484 2215 et
1505 2180 1672 2223 dilectio;

119 2234 182 2269 sed
204 2235 357 2280 August.
378 2233 462 2268 dicit
482 2233 518 2267 in
541 2244 571 2267 2.
596 2233 760 2269 Confess.
787 2235 877 2282 (cap.
906 2235 969 2281 7.).·
995 2248 1012 2267 «
1038 2235 1130 2276 Quis
1156 2235 1350 2269 hominum
1377 2245 1480 2268 suam
1508 2234 1672 2279 cogitans

118 2287 364 2322 infirmitatem
386 2287 492 2321 audet
511 2287 644 2321 viribus
665 2289 736 2322 suis
757 2288 911 2323 tribuere
934 2289 1146 2334 castitatem,
1166 2297 1271 2334 atque
1289 2288 1536 2322 innocentiam
1558 2299 1673 2328 suam,

119 2349 158 2375 ut
179 2341 296 2374 minus
319 2348 415 2374 amet
435 2348 480 2382 te,
503 2340 605 2386 quasi
618 2341 735 2375 minus
753 2341 860 2376 fuerit
880 2342 912 2376 ei
933 2342 1135 2376 necessaria
1157 2341 1404 2376 misericordia
1417 2349 1489 2382 tua,
1505 2352 1574 2386 qua
1590 2352 1674 2374 con-

119 2394 231 2428 donas
247 2402 395 2440 peccata
411 2394 591 2428 conversis
607 2395 650 2428 ad
663 2395 723 2429 te?
744 2409 761 2427 »
779 2403 814 2430 et
826 2404 952 2442 postea
967 2395 1101 2430 subdit:
1121 2408 1137 2427 «
1151 2395 1196 2429 Et
1209 2395 1289 2429 ideo
1304 2394 1542 2435 tantumdem,
1556 2394 1671 2427 irnmo

120 2447 274 2494 amplius
295 2447 430 2493 diligat,
453 2448 512 2493 qui
533 2458 595 2493 per
617 2459 724 2493 quem
746 2460 803 2483 me
824 2449 922 2483 videt
941 2449 1048 2483 tantis
1075 2457 1308 2495 peccatorum
1329 2459 1497 2481 meorum
1523 2446 1671 2492 languo-

118 2501 214 2535 ribus
236 2501 327 2542 exui,
353 2512 417 2547 per
438 2512 521 2534 eum
542 2512 580 2535 se
600 2501 697 2535 videt
716 2502 823 2536 tantis
841 2511 1075 2548 peccatorum
1093 2502 1326 2548 languoribus
1344 2512 1418 2535 non
1436 2499 1614 2546 implicari
1629 2513 1669 2543 >›;

120 2566 207 2600 ergo
226 2554 335 2588 etiam
357 2554 473 2600 magis
493 2562 633 2588 tenetur
654 2555 698 2589 ad
719 2557 872 2600 gratiam
894 2555 1114 2589 reddendam
1133 2556 1319 2596 innocens,
1341 2565 1449 2600 quarn
1471 2553 1670 2599 poenitens.

192 2619 221 2654 3.
240 2608 475 2642 PRAETEREA.
493 2608 640 2648 Quanto
656 2609 851 2653 gratuitum
864 2609 1081 2643 beneficium
1097 2617 1149 2644 est
1163 2609 1278 2654 magis
1297 2608 1557 2648 continuatum,
1571 2615 1672 2641 tanto

120 2661 237 2706 major
258 2672 322 2706 pro
341 2672 384 2695 eo
407 2661 554 2695 debetur
572 2661 767 2707 gratiarum
789 2663 903 2697 actio:
919 2663 1031 2697 sedin
1046 2663 1238 2696 innocente
1254 2661 1368 2706 magis
1384 2660 1611 2694 continuatur
1626 2660 1675 2694 di-

119 2714 225 2748 vinae
239 2714 374 2759 gratiae
392 2714 619 2757 beneficium,
634 2726 743 2761 quarn
757 2717 793 2749 in
806 2716 1030 2762 poenitente:
1050 2716 1136 2750 dicit
1157 2716 1254 2749 enim
1272 2715 1365 2760 Aug.
1381 2713 1533 2747 ibidem:
1553 2726 1570 2745 «
1586 2713 1674 2747 Gra-

119 2767 190 2801 tiae
211 2775 293 2801 tuae
316 2767 460 2813 deputo,
482 2776 517 2802 et
541 2768 809 2804 misericordiae
830 2777 924 2811 tuae,
946 2770 1006 2815 qui
1027 2777 1176 2815 peccata
1202 2779 1283 2801 mea
1304 2776 1490 2813 tamquam
1517 2766 1672 2812 glaciem

121 2819 277 2854 solvisti:
300 2821 435 2866 gratiae
449 2829 532 2855 tuae
554 2821 684 2868 deputo
707 2829 741 2856 et
761 2833 1011 2868 quaecumque
1029 2834 1103 2856 non
1117 2821 1187 2856 feci
1207 2820 1315 2862 mala,
1337 2820 1420 2866 quid
1443 2820 1540 2854 enim
1554 2819 1673 2854 facere

122 2883 196 2906 non
210 2873 333 2919 potui?
356 2873 400 2908 Et
420 2874 544 2908 omnia
557 2874 648 2908 mihi
661 2874 808 2910 dimissa
830 2886 907 2910 esse
928 2875 1054 2917 fateor,
1076 2883 1111 2909 et
1132 2885 1223 2920 quae
1241 2884 1322 2908 mea
1337 2881 1464 2919 sponte
1479 2872 1547 2907 feci
1566 2872 1674 2914 mala,
