1859 3122
172 139 256 182 860
488 151 708 186 QUAESTIO
744 151 922 180 CXXVIII.
956 151 1200 180 ARTICULUS
1234 150 1407 180 UNICUS.

611 392 965 452 QUAESTIO
1009 392 1285 439 CXXVIII.

505 514 581 545 DE
619 514 909 546 PARTIBUS
948 515 1388 547 FORTITUDINIS.

239 657 380 691 Deinde
404 657 708 691 considerandum
732 664 785 690 est
806 657 849 690 de
871 657 1028 702 partibus
1055 656 1292 698 fortitudini33
1315 664 1349 690 et
1371 657 1480 702 primo
1503 656 1730 690 consideran-

171 710 256 744 dum
271 718 335 752 est,
352 721 443 756 quae
458 710 527 744 sint
542 708 759 743 fortitudinis
776 717 910 754 partes:
924 710 1060 744 secundo
1075 711 1118 744 de
1134 709 1283 755 singulis
1298 709 1454 754 partibus
1470 717 1522 745 est
1536 708 1727 755 agendum.

642 850 986 895 ARTICULUS
1012 850 1253 894 UNICUS.
1662 860 1728 904 642

243 957 395 988 UTRUM
424 958 586 987 PARTES
615 957 929 988 FORTITUDmis
958 958 1296 988 CONVENIENTER
1322 957 1658 987 ENUMERENTUR.

219 1046 319 1091 (Infr.
343 1058 372 1092 q.
395 1058 468 1092 129.
490 1051 553 1080 art.
572 1058 599 1092 5.
620 1052 650 1081 et
664 1059 693 1092 q.
716 1058 782 1092 134.
805 1051 868 1080 art.
891 1058 922 1090 4.
942 1051 970 1080 et
992 1058 1020 1092 q.
1040 1047 1108 1092 136.
1128 1051 1192 1080 art.
1213 1057 1246 1089 4.
1265 1051 1295 1080 et
1312 1057 1342 1091 q.
1364 1045 1434 1079 161.
1457 1048 1520 1078 art.
1540 1054 1574 1088 4.
1595 1043 1637 1078 ad
1654 1055 1682 1090 3.

596 1105 623 1134 et
641 1112 668 1146 3.
688 1100 775 1134 Dist.
794 1112 839 1145 33.
859 1111 888 1144 q.
907 1111 935 1145 3.
959 1104 1022 1133 art.
1039 1111 1066 1145 3.
1090 1111 1119 1145 q.
1142 1111 1172 1134 2.
1195 1105 1223 1134 et
1241 1099 1304 1144 4.).

240 1187 299 1221 AD
322 1198 428 1222 HUNC
451 1188 500 1222 sic
523 1189 739 1235 proceditur.
763 1188 924 1231 Videtur,
947 1189 1043 1235 quod
1063 1189 1360 1222 inconvenienter
1378 1195 1495 1233 partes
1513 1186 1731 1221 fortitudinis

169 1249 442 1275 enumerentur:
460 1241 602 1276 Tullius
619 1243 715 1276 enim
730 1242 765 1276 in
785 1253 848 1276 sua
866 1242 1015 1276 Rhetor.
1032 1243 1104 1286 Gilr.
1123 1254 1153 1277 2.
1173 1242 1208 1276 dc
1228 1241 1374 1286 Inwnt.)
1394 1240 1496 1286 ponit
1513 1240 1731 1274 fortitudinis

169 1299 312 1338 quatuor
333 1302 461 1340 partes,
478 1295 633 1329 scilicet:
657 1296 1136 1341 magnificentiam,fiduciam,
1148 1296 1358 1341 patientiam,
1375 1302 1409 1328 et
1424 1295 1705 1340 perseverantiam
1721 1306 1729 1327 .-

172 1354 206 1380 et
227 1347 377 1389 videtur,
401 1348 497 1393 quod
520 1348 836 1382 inconvenienter:
861 1348 1170 1394 magnificentiam
1193 1348 1291 1382 enim
1312 1347 1453 1381 videtur
1479 1347 1521 1380 ad
1544 1345 1733 1380 liberalita-

173 1406 246 1432 tem
269 1400 466 1445 pertinere;
489 1401 571 1446 quia
594 1409 744 1447 utraque
767 1409 819 1435 est
850 1401 944 1434 circa
974 1401 1157 1447 pecunias,
1180 1409 1214 1435 et
1235 1412 1353 1434 neccsse
1371 1405 1412 1434 est
1428 1400 1642 1445 magnificum
1660 1400 1734 1433 libe-

170 1453 271 1486 ralem
300 1466 371 1495 esse,
395 1462 433 1488 ut
458 1453 595 1488 Philos.
619 1455 705 1488 dicit
726 1455 762 1488 in
783 1465 815 1496 4.
838 1454 918 1488 Eth.
944 1454 1029 1500 (sap.
1053 1455 1123 1497 2.).·
1147 1454 1208 1488 sed
1230 1453 1423 1487 liberalitas
1451 1461 1503 1486 est
1529 1463 1609 1498 pars
1637 1452 1734 1498 justi-

170 1505 251 1548 tiae,
275 1515 312 1540 ut
333 1518 439 1553 supra
461 1507 625 1542 habitum
640 1516 694 1542 est
709 1508 756 1554 (q.
771 1519 838 1553 117.
854 1513 917 1541 art.
936 1507 982 1553 5.)
994 1520 1006 1548 ,·
1023 1518 1110 1553 ergo
1132 1506 1402 1552 magnificentia
1423 1516 1498 1539 non
1520 1505 1625 1539 debet
1645 1505 1732 1550 poni

169 1571 250 1605 pars
271 1560 499 1596 fortitudinis.

242 1624 272 1647 2.
298 1614 534 1650 PRAETEREA.
558 1615 705 1649 Fiducia
723 1614 814 1649 nihil
837 1614 932 1648 aliud
954 1615 1095 1649 videtur
1114 1625 1202 1656 esse,
1225 1625 1334 1660 quarn
1355 1624 1453 1659 spes:
1476 1612 1538 1647 sed
1560 1623 1640 1658 spes
1658 1623 1732 1646 non

175 1666 315 1701 videtur
337 1668 378 1702 ad
402 1668 649 1703 fortitudinem
671 1669 861 1714 pertinere,
888 1669 949 1703 sed
971 1669 1090 1714 potius
1117 1679 1179 1714 per
1205 1679 1242 1702 se
1264 1675 1317 1701 est
1336 1667 1467 1709 virtus;
1495 1677 1581 1711 ergo
1603 1665 1733 1700 fiducia

169 1731 242 1753 non
266 1721 371 1756 debet
392 1723 478 1768 poni
500 1733 580 1768 pars
601 1721 830 1756 fortitudinis.

245 1785 272 1819 3.
296 1774 532 1810 PRAETEREA.
559 1775 748 1810 Fortitudo
777 1775 860 1809 facit
887 1775 1076 1809 hominem
1104 1775 1195 1808 bene
1217 1785 1254 1807 se
1276 1773 1409 1807 habere
1433 1772 1527 1806 circa
1554 1771 1731 1818 pericula:

173 1826 234 1860 sed
258 1828 540 1873 magnificentia,
564 1838 598 1863 et
619 1828 750 1862 fiducia
771 1840 845 1862 non
867 1829 1065 1874 important
1087 1827 1123 1861 in
1145 1827 1198 1861 sui
1220 1827 1359 1860 ratione
1382 1825 1540 1871 aliquam
1561 1825 1735 1859 habitudi-

171 1890 254 1913 nem
278 1881 321 1914 ad
344 1881 525 1926 pericula,
545 1893 631 1927 ergo
654 1893 728 1915 non
750 1890 933 1927 ponuntur
955 1880 1212 1915 convenienter
1233 1887 1350 1925 partes
1371 1878 1599 1913 fortitudinis.

241 1944 273 1975 4.
302 1934 539 1969 PRAETEREA.
564 1935 742 1969 Patientia
764 1935 963 1969 secundum
990 1934 1152 1968 Tullium
1176 1934 1254 1978 (lor.
1272 1939 1341 1978 sup.
1365 1933 1433 1977 cit.)
1456 1932 1629 1978 importat
1649 1930 1735 1964 diffi-

171 1985 294 2020 cilium
317 1988 599 2033 perpessionem,
629 1988 725 2034 quod
749 1989 855 2022 etiam
879 1988 954 2033 ipse
975 1987 1134 2021 attribuit
1154 1986 1372 2027 fortitudini3
1395 1996 1481 2031 ergo
1497 1984 1666 2031 patientia
1681 1992 1735 2019 est

170 2039 266 2073 idem
288 2040 498 2082 fortitudini,
524 2050 557 2075 et
578 2053 651 2075 non
675 2050 727 2076 est
749 2053 829 2087 pars
853 2042 938 2086 ejus.

246 2104 273 2138 5.
302 2094 537 2129 PRAETEREA.
560 2094 653 2128 Illud
676 2095 772 2140 quod
796 2095 986 2140 requiritur
1007 2094 1042 2128 in
1066 2093 1223 2139 qualibet
1248 2093 1390 2134 virtute,
1417 2103 1491 2125 non
1519 2091 1623 2125 debet
1648 2090 1735 2137 poni

171 2158 251 2192 pars
276 2146 426 2192 alicujus
456 2147 622 2194 specialis
652 2148 810 2182 virtutis:
842 2149 903 2181 sed
926 2147 1191 2192 perseverantia
1217 2145 1407 2192 requiritur
1429 2145 1465 2178 in
1484 2144 1642 2190 qualibet
1667 2144 1733 2177 vir-

171 2207 265 2233 tute:
289 2200 416 2234 dicitur
439 2202 536 2235 enirn
551 2201 678 2234 Matth.
695 2211 770 2243 24:
795 2202 866 2245 Qui
883 2202 1149 2247 perseveraverit
1162 2211 1258 2245 usque
1274 2200 1428 2245 infinum,
1449 2199 1499 2232 hic
1520 2198 1630 2232 salvus
1649 2198 1732 2238 erin

172 2264 258 2299 ergo
281 2254 546 2299 perseverantia
568 2265 640 2288 non
665 2254 770 2288 debet
791 2254 877 2300 poni
899 2265 980 2299 pars
1002 2253 1231 2287 fortitudinis.

243 2305 274 2340 6.
290 2307 526 2342 PRAETEREA.
550 2307 756 2341 Macrobius
773 2307 847 2350 (lib.
863 2319 889 2341 Ι.
911 2308 943 2340 in
958 2307 1069 2340 Somn.
1085 2307 1171 2351 Srip.
1195 2312 1267 2352 cap.
1289 2306 1338 2350 8.)
1359 2304 1462 2351 ponit
1481 2309 1600 2350 septem
1617 2311 1735 2350 partes

172 2360 400 2402 fortitudinis,
431 2361 585 2395 scilicet:
617 2361 949 2405 magnanimitatmn‚
977 2359 1152 2405 fiduciam,
1187 2360 1405 2400 securitatem,
1437 2358 1731 2402 magnificentiam,

172 2416 399 2457 constantiam,
429 2415 650 2456 tolerantiam,
685 2415 874 2447 zrmitatwn:
891 2412 1122 2446 Andronicus
1139 2412 1247 2446 etiarn
1262 2413 1363 2458 ponit
1376 2416 1493 2457 septem
1511 2410 1659 2444 virtutes
1679 2420 1736 2443 an-

171 2478 280 2501 nexas
299 2467 509 2510 fortitudini,
524 2479 615 2513 quae
630 2475 730 2500 sunt:
751 2467 934 2512 eupsychia,
951 2466 1049 2507 Iunia,
1066 2466 1337 2511 magnanimitas,
1356 2464 1514 2506 virilitas,
1525 2469 1737 2509 perseveran-

173 2523 231 2562 tia,
249 2521 502 2566 magnificentia,
519 2520 760 2565 andragathia;
785 2530 870 2564 ergo
893 2518 1043 2560 videtur,
1066 2518 1162 2564 quod
1184 2517 1441 2552 insufficienter
1457 2515 1599 2550 Tullius
1617 2522 1734 2562 partes

172 2573 388 2608 fortitudinis
411 2581 608 2608 enumeret.

244 2638 275 2671 7.
297 2626 533 2661 PRAETEREA.
556 2626 665 2660 Arist.
687 2625 722 2659 in
742 2637 772 2671 3.
787 2625 902 2658 Ethic.
924 2624 1012 2671 (cap.
1031 2624 1080 2668 S.)
1095 2624 1195 2670 ponit
1209 2625 1350 2669 quinqua
1365 2630 1482 2669 partes
1496 2621 1732 2656 fortitudinis:

172 2691 323 2725 quarum
346 2680 461 2725 prima
484 2688 537 2713 est
552 2680 700 2725 politica,
725 2689 815 2724 quae
838 2677 975 2711 fortiter
997 2685 1166 2723 operatur
1187 2684 1332 2723 propter
1353 2676 1524 2709 timorem
1546 2674 1603 2708 vel
1626 2674 1733 2708 exho-

171 2733 382 2773 norationis,
403 2732 461 2766 vel
483 2744 640 2778 poenae:
663 2731 819 2766 secunda
843 2739 895 2764 est
917 2731 1083 2771 militaris,
1108 2741 1199 2776 quae
1221 2729 1360 2763 fortiter
1390 2736 1559 2774 operatur
1590 2735 1735 2773 propter

174 2795 299 2828 artem,
321 2786 376 2820 vel
400 2786 656 2832 experientiam
679 2785 730 2819 rei
750 2783 919 2818 bellicae:
935 2784 1039 2817 tertia
1054 2792 1105 2817 est
1118 2783 1290 2826 fortitudo,
1309 2793 1400 2828 quae
1414 2781 1553 2815 fortiter
1568 2788 1735 2826 operatur

174 2851 215 2873 ex
238 2839 416 2885 passione,
438 2839 628 2885 praecipue
651 2840 741 2872 irae:
776 2845 901 2883 quarta
924 2845 976 2871 est
989 2836 1168 2882 fortitudo,
1192 2847 1283 2881 quae
1306 2834 1443 2869 fortiter
1465 2841 1633 2879 operatur
1654 2843 1732 2879 pro-
