1859 3122
217 126 305 179 416
648 136 866 171 QUAESTIO
898 137 982 166 LVI.
1016 137 1259 167 ARTICULUS
1292 137 1335 166 ΙΙ.

787 288 1129 333 ARTICULUS
1164 289 1219 331 Π.
1707 312 1767 347 313

216 394 368 423 UTRUM
402 395 652 424 PRAECEPTA
684 396 966 424 PROHIBITIVA
994 397 1050 424 DE
1076 397 1205 425 VITIIS
1241 395 1465 425 OPPOSITIS
1494 396 1771 426 PRUDENTIAE

386 460 572 489 FUERINT
601 460 937 490 CONVENIENTER
964 462 1006 490 IN
1029 462 1185 490 VETERI
1213 461 1321 490 LEGE
1349 461 1605 491 PROPOSITA.

286 546 346 580 AD
374 557 580 581 SECUNDUM
607 547 657 581 sic
681 548 897 593 proceditur.
909 547 1070 589 Videtur,
1093 548 1189 593 quod
1210 548 1247 581 in
1267 548 1381 582 veteri
1401 547 1480 594 lege
1501 547 1632 582 fuerint
1651 548 1774 582 incon-

214 599 400 634 venienter
421 608 613 646 praecepta
634 600 849 646 prohibitiva
877 602 1061 647 proposita
1088 602 1131 635 de
1152 601 1245 635 vitiis
1267 602 1441 648 oppositis
1467 602 1691 648 prudentiae:
1714 613 1775 648 op-

215 661 399 698 ponuntur
420 654 517 687 enim
538 653 748 699 prudentiae
770 666 844 688 non
865 655 984 688 minus
1006 654 1077 696 illa,
1106 666 1197 700 quae
1223 655 1358 689 habent
1384 655 1558 689 directam
1580 656 1774 702 oppositio-

215 717 299 740 nem
323 706 365 739 ad
387 706 503 752 ipsam
526 708 634 751 (sicut
655 708 905 753 imprudentia,
933 717 967 742 et
993 716 1110 754 partes
1133 709 1237 754 ejus),
1264 720 1374 754 quam
1394 708 1457 742 illa
1479 720 1570 755 quae
1593 720 1675 742 cum
1696 709 1774 755 ipsa

215 758 487 793 similitudinem
520 760 655 794 habent
677 762 784 805 (sicut
806 761 947 803 astutia,
970 770 1004 795 et
1032 773 1123 807 quae
1158 762 1200 795 ad
1227 763 1343 808 ipsam
1366 762 1576 808 pertinent):
1599 762 1661 797 sed
1682 762 1772 797 haec

215 813 300 846 vitia
322 813 557 859 prohibentur
578 814 614 847 in
636 813 735 860 lege:
759 815 887 848 dicitur
910 815 1006 848 enim
1030 815 1143 848 Levit.
1171 826 1245 861 19.:
1268 816 1461 861 Nonfacies
1481 815 1683 850 calumniam
1695 822 1774 863 pro-

214 868 305 901 ximo
329 872 394 908 tuo,
428 875 461 901 et
481 867 588 901 Deut.
612 877 686 912 25.:
706 868 783 902 Non
806 868 936 902 habebis
962 870 995 902 in
1021 869 1147 902 sacculo
1179 873 1231 902 tuo
1262 869 1391 903 diversa
1416 869 1577 916 pondera,
1599 870 1718 911 minus,
1744 874 1774 904 et

215 922 343 966 majus,-
368 931 453 965 ergo
474 927 507 953 et
521 920 563 954 de
578 920 647 954 illis
662 921 767 962 vitiis,
786 932 876 967 quae
893 922 1026 956 directe
1046 930 1276 968 opponuntur
1297 922 1519 968 prudentiae,
1541 922 1659 969 aliqua
1677 934 1774 969 prae-

216 981 319 1019 cepta
341 974 556 1019 prohibitiva
578 974 655 1007 dari
677 975 885 1009 debuerunt.

287 1037 317 1060 2.
341 1027 577 1061 PRAETEREA.
599 1027 639 1060 ln
663 1028 784 1062 multis
807 1028 884 1062 aliis
907 1028 1010 1062 rebus
1026 1036 1143 1074 potest
1164 1028 1241 1063 fieri
1261 1028 1369 1071 fraus,
1391 1041 1500 1075 quam
1520 1030 1556 1064 in
1579 1029 1773 1076 emptione,

219 1088 254 1114 et
274 1080 499 1122 venditione;
520 1081 816 1116 inconvenienter
837 1093 923 1127 ergo
951 1081 1115 1116 fraudem
1136 1083 1172 1116 in
1194 1082 1271 1117 sola
1293 1083 1489 1129 emptione,
1512 1091 1546 1118 et
1564 1083 1774 1117 venditione

217 1133 274 1167 lex
295 1133 488 1179 prohibuit.

289 1198 318 1232 3.
341 1187 576 1222 PRAETEREA.
598 1187 736 1222 Eadem
758 1188 848 1222 ratio
872 1197 925 1222 est
941 1182 1183 1235 praecipiendi
1203 1197 1324 1224 actum
1341 1190 1491 1232 virtutis,
1506 1198 1540 1224 et
1558 1189 1773 1237 prohibendi

217 1248 337 1274 actum
359 1241 434 1274 vitii
457 1241 630 1286 oppositi:
654 1241 716 1275 sed
736 1250 834 1276 actus
856 1242 1064 1288 prudentiae
1086 1254 1158 1276 non
1177 1243 1406 1277 inveniuntur
1423 1243 1458 1277 in
1474 1243 1554 1289 lege
1575 1243 1775 1290 praecepti3

219 1305 305 1339 ergo
327 1305 393 1328 nec
416 1294 533 1340 aliqua
557 1295 722 1340 opposita
742 1295 828 1329 vitia
849 1295 1048 1330 debuerunt
1068 1296 1104 1330 in
1126 1296 1205 1341 lege
1227 1296 1420 1342 prohiberi.

288 1347 361 1381 SED
385 1358 637 1382 CONTRARIUM
660 1356 756 1392 patet
777 1360 839 1393 per
860 1357 1050 1394 praecepta
1072 1349 1162 1394 legis
1183 1349 1329 1383 inducta
1351 1350 1403 1394 (in
1425 1361 1495 1396 arg.
1515 1350 1572 1396 L).

288 1400 516 1435 Respoxoiffio
544 1401 749 1442 dicendum,
772 1401 880 1446 quod,
907 1402 998 1436 sicut
1019 1413 1125 1448 supra
1147 1403 1283 1436 dictum
1307 1411 1359 1437 est
1381 1403 1460 1447 (art.
1477 1404 1620 1449 praest),
1642 1402 1775 1449 justitia

219 1454 375 1487 maxime
398 1454 543 1499 respicit
563 1454 742 1487 rationem
765 1455 884 1496 debiti,
900 1455 996 1500 quod
1011 1455 1199 1501 requiritur
1215 1455 1257 1489 ad
1273 1464 1524 1502 praeceptum3
1543 1457 1624 1502 quia
1643 1455 1776 1502 justitia

217 1515 270 1541 est
291 1507 334 1541 ad
358 1507 579 1541 reddendum
602 1507 763 1541 debitum
786 1507 898 1549 alteri,
921 1516 958 1542 ut
980 1507 1071 1542 infra
1097 1508 1235 1543 dicetur
1256 1509 1303 1554 (q.
1322 1510 1373 1555 58.
1396 1514 1460 1544 art.
1484 1511 1543 1555 1.).·
1567 1510 1695 1544 astutia
1718 1520 1775 1543 au-

217 1570 289 1595 tem
313 1569 487 1607 quantum
511 1561 554 1595 ad
578 1561 828 1595 executionem
851 1561 1008 1595 maxime
1031 1562 1269 1596 committitur
1287 1563 1322 1596 in
1340 1563 1406 1604 his,
1429 1563 1525 1596 circa
1546 1574 1637 1609 quae
1655 1571 1707 1597 est
1727 1563 1776 1609 ju-

219 1615 324 1656 stitia,
346 1623 383 1648 ut
405 1615 540 1648 dictum
563 1623 615 1649 est
637 1615 684 1660 (q.
700 1626 744 1660 55.
764 1616 899 1661 art.5.);
918 1623 952 1649 et
965 1615 1046 1649 ideo
1071 1615 1290 1650 conveniens
1312 1615 1388 1658 fuit,
1404 1623 1441 1650 ut
1454 1624 1644 1663 praecepta
1658 1616 1776 1663 prohi-

217 1668 327 1702 bitiva
349 1668 518 1702 darentur
538 1668 575 1702 in
607 1668 687 1714 lege
721 1669 764 1702 de
799 1669 1012 1703 executione
1048 1669 1209 1711 astutiae,
1243 1669 1458 1715 inquantum
1489 1669 1532 1704 ad
1565 1670 1775 1715 injustitiam

216 1722 384 1768 pertinet:
408 1723 500 1756 sicut
522 1733 605 1756 cum
627 1721 724 1765 dolo,
739 1730 773 1756 et
789 1721 912 1756 fraude
936 1722 1063 1769 aliquis
1085 1722 1194 1757 alicui
1215 1722 1436 1757 calumniam
1457 1723 1599 1769 ingerit,
1620 1723 1678 1758 vel
1699 1724 1775 1769 ejus

216 1775 313 1809 bona
334 1776 488 1821 surripit.

288 1829 348 1863 AD
367 1840 515 1863 PRmUM
531 1840 616 1875 ergo
640 1829 845 1871 dicendum,
860 1829 964 1876 'quod
978 1829 1039 1863 illa
1060 1830 1157 1871 vitia,
1180 1841 1271 1876 quae
1294 1830 1427 1864 directe
1449 1839 1681 1876 opponuntur
1698 1842 1777 1877 pru-

217 1883 358 1916 dentiae
381 1882 570 1917 manifesta
593 1883 857 1925 contrarietate,
887 1894 961 1916 non
991 1883 1039 1917 ita
1070 1883 1248 1929 pertinent
1270 1883 1313 1917 ad
1334 1883 1556 1929 injustitiam,
1583 1884 1675 1918 sicut
1700 1895 1778 1919 exe-

219 1936 315 1970 cutio
339 1936 508 1978 astutiae;
531 1945 565 1970 et
586 1937 668 1970 ideo
690 1947 764 1970 non
786 1936 834 1970 ita
856 1936 1092 1982 prohibentur
1108 1936 1144 1970 in
1163 1936 1254 1982 lege,
1269 1937 1360 1971 sicut
1380 1935 1487 1979 fraus,
1502 1945 1537 1971 et
1554 1937 1670 1980 dolus,
1685 1948 1776 1984 quae

219 1991 262 2024 ad
285 1991 495 2035 injustitiam
517 1992 703 2036 pertinent.

290 2044 349 2078 AD
377 2055 583 2078 SECUNDUM
611 2044 816 2085 dicendum,
842 2043 938 2090 quod
962 2043 1080 2077 omnis
1103 2043 1218 2085 dolus,
1239 2043 1296 2078 vel
1318 2043 1413 2078 fraus
1436 2044 1631 2078 commissa
1651 2044 1687 2078 in
1707 2044 1775 2087 his,

220 2109 310 2143 quae
335 2097 376 2131 ad
400 2098 610 2142 injustitiam
633 2097 821 2142 pertinent,
857 2105 974 2142 potest
1007 2096 1157 2142 intelligi
1193 2108 1269 2131 esse
1302 2097 1492 2143 prohibita,
1522 2097 1607 2132 Lev.
1646 2108 1710 2145 19,
1739 2097 1775 2131 in

219 2151 461 2198 prohibitione
485 2150 706 2186 calumniae:
729 2151 920 2197 praecipue
956 2158 1075 2184 autem
1109 2150 1201 2184 solet
1233 2149 1328 2185 fraus
1356 2151 1524 2193 exerceri,
1551 2160 1585 2185 et
1610 2151 1713 2185 dolus
1739 2151 1776 2185 in

222 2205 417 2251 emptione,
441 2212 474 2238 et
494 2204 713 2246 venditione,
736 2204 934 2237 secundum
956 2203 1043 2237 illud
1066 2203 1176 2237 Eccli.
1200 2202 1271 2237 26:
1295 2205 1621 2250 Nonjustiftcabitur
1639 2210 1740 2251 caupo
1755 2215 1775 2238 a

215 2263 348 2305 peccato
372 2258 558 2292 labiorum:
580 2266 724 2303 propter
748 2257 818 2290 hoc
846 2256 1047 2303 specialiter
1074 2265 1304 2303 praeceptum
1331 2257 1589 2303 prohibitivum
1616 2257 1719 2292 datur
1738 2257 1774 2291 in

219 2312 299 2358 lege
323 2312 366 2346 de
387 2311 509 2345 fraude
533 2313 626 2344 circa
649 2311 862 2355 emptiones,
885 2318 918 2344 et
939 2310 1163 2344 venditiones
1191 2311 1397 2345 commissa.

292 2366 351 2399 AD
375 2375 545 2399 TERTIUM
569 2364 772 2405 dicendum,
789 2364 884 2409 quod
907 2363 1029 2397 omnia
1052 2372 1242 2410 praecepta
1261 2364 1303 2397 de
1324 2364 1459 2398 actibus
1476 2364 1629 2409 justitiae
1643 2364 1678 2398 in
1695 2363 1775 2410 lege

220 2420 302 2454 data
323 2419 499 2465 pertinent
514 2418 557 2452 ad
573 2418 823 2451 executionem
846 2418 1072 2463 prudentiae3
1095 2418 1186 2451 sicut
1205 2426 1239 2452 et
1256 2426 1446 2464 praecepta
1464 2418 1679 2464 prohibitiva
1694 2418 1776 2452 data

220 2473 263 2507 de
290 2472 396 2514 furto,
430 2472 622 2513 calumnia,
658 2480 691 2505 et
724 2470 950 2504 fraudolenta
984 2471 1202 2513 venditione,
1236 2471 1414 2517 pertinent
1448 2471 1491 2505 ad
1525 2471 1772 2506 executionem

220 2535 380 2560 astutiae.
