1859 3122
205 192 288 235 492
612 191 835 226 QUAESTIO
873 191 986 221 LXVI.
1023 190 1267 220 ARTICULUS
1300 190 1357 220 VI.

205 284 302 314 acus,
324 271 381 306 vel
403 272 506 306 unius
529 272 685 317 pennae)
703 271 829 317 aliquis
849 273 1015 318 puniatur
1034 279 1150 306 morte
1170 279 1334 315 aeterna3
1356 282 1444 317 ergo
1465 270 1599 305 furtum
1619 281 1694 304 non
1712 277 1765 304 est

204 333 395 372 peccatum
417 325 581 359 mortale.

271 373 350 413 SED
381 389 535 413 CONTRA
564 386 626 420 est,
654 379 750 424 quod
779 378 899 412 nullus
930 379 1121 412 damnatur
1154 380 1353 413 secundum
1386 379 1547 413 divinum
1580 376 1763 423 judicium,

204 432 273 466 nisi
305 444 369 477 pro
400 440 548 478 peccato
581 431 743 465 mortali:
774 433 1038 466 condemnatur
1060 440 1180 466 autem
1204 432 1330 478 aliquis
1352 443 1416 478 pro
1438 431 1544 473 furto,
1566 430 1764 465 secundum

203 485 291 518 illud
314 486 420 519 Zach.
448 497 495 530 5.:
527 486 620 519 Haec
649 491 693 519 est
721 485 918 525 mandatio,
951 497 1032 531 qnae
1058 485 1221 529 egreditur
1245 487 1485 532 superjacient
1508 485 1611 518 omnis
1637 489 1764 518 tarrae:

204 540 283 583 qaia
310 540 414 573 omnis
435 539 511 585 fur,
539 540 621 573 sicut
642 540 689 573 ibi
718 541 875 584 scriptum
899 544 952 581 cst,
973 539 1198 584 jztcliz·‹zl›t'tm‘‚·
1230 550 1316 584 ergo
1342 538 1477 572 furtum
1499 546 1552 572 est
1575 544 1765 583 peccatum

206 591 370 626 mortale.

275 645 504 680 RESPONDEO
528 645 733 687 dicendum,
750 646 858 691 quod,
881 646 973 679 sicut
996 657 1101 692 supra
1123 645 1284 679 habitum
1307 653 1359 680 est
1383 645 1427 691 (q.
1449 656 1503 690 24.
1526 649 1589 679 art.
1607 655 1636 690 5.
1655 649 1684 678 et
1703 654 1762 678 1-2.

205 709 234 744 q.
257 709 308 744 72.
331 704 395 733 art.
415 711 442 744 5.
466 704 493 733 et
514 710 543 744 q.
566 700 618 744 87.
642 704 706 733 art.
725 700 783 745 3.),
812 707 1003 744 peccatum
1027 698 1180 733 mortale
1211 707 1274 742 est,
1305 700 1400 744 quod
1423 698 1660 733 contrariatur
1687 697 1766 731 cha-

204 752 309 793 ritati,
337 752 536 786 secundum
565 751 661 797 quod
696 760 749 786 est
782 752 975 798 spiritualis
998 753 1140 786 animae
1162 752 1250 786 vita:
1280 752 1434 786 charitas
1457 759 1578 786 autem
1605 749 1765 785 consistit

204 805 449 851 principaliter
471 805 617 851 quidem
639 805 675 838 in
697 804 891 839 dilectione
907 806 987 847 Dei,
1003 805 1216 840 secundario
1231 817 1318 839 vero
1333 805 1369 839 in
1385 805 1577 839 dilectione
1595 803 1764 850 proximi;

206 858 250 892 ad
272 870 379 904 quam
394 859 558 905 pertinet,
572 867 609 893 ut
624 859 791 904 proximo
806 859 943 893 bonum
958 859 1123 900 velimus,
1139 867 1173 892 et
1188 870 1399 904 operemur:
1423 870 1484 904 per
1498 858 1632 892 furtum
1647 865 1764 891 autem

204 913 319 946 homo
341 912 446 947 infert
466 921 731 946 nocumentum
753 914 918 958 proximo
949 913 984 945 in
1015 913 1086 946 suis
1113 912 1229 953 rebus,
1252 922 1286 946 et
1307 913 1336 946 si
1358 912 1492 957 passim
1513 912 1680 946 homines
1700 909 1767 944 sibi

204 966 360 1000 invicem
384 965 596 1008 furarentur,
619 966 750 1012 periret
771 966 931 999 humana
951 966 1125 1008 societas,
1148 966 1241 999 unde
1262 965 1407 1008 furtum,
1426 974 1613 1011 tamquam
1632 972 1767 998 contra—

205 1019 298 1052 rium
323 1020 497 1061 charitati,
522 1028 573 1053 est
595 1027 785 1064 peccatum
809 1019 973 1053 mortale.

276 1073 336 1107 An
355 1083 502 1107 PRIMUM
523 1084 608 1118 ergo
632 1073 836 1114 dicendum,
860 1073 954 1118 quod
977 1072 1111 1106 furtum
1133 1072 1261 1107 dicitur
1281 1084 1355 1106 non
1379 1084 1454 1107 esse
1483 1072 1626 1117 grandis
1647 1069 1766 1116 ¹culpa,

205 1126 328 1173 duplici
348 1127 506 1161 ratione:
521 1128 633 1172 primo
650 1127 795 1172 quidem
810 1134 957 1172 propter
978 1127 1231 1160 necessitatem
1247 1126 1478 1160 inducentem
1498 1126 1541 1159 ad
1555 1124 1766 1165 furandum3

205 1191 295 1226 quae
323 1180 500 1221 diminuit,
526 1180 585 1214 vel
615 1179 773 1214 totaliter
798 1179 893 1214 tollit
919 1179 1074 1226 culpam,
1102 1188 1140 1213 ut
1166 1179 1255 1213 infra
1283 1180 1416 1225 patebit
1440 1181 1521 1224 (art.
1547 1180 1645 1224 seq.);
1672 1177 1766 1211 unde

205 1232 382 1268 subditur:
402 1235 553 1268 Furatztr
574 1235 672 1276 enim,
689 1238 723 1267 ut
749 1235 938 1268 esurientem
955 1234 1086 1279 impleat
1099 1234 1248 1267 (mimam
1264 1246 1274 1267 :
1294 1234 1358 1267 alio
1377 1233 1473 1267 modo
1492 1233 1620 1266 dicitur
1633 1231 1767 1265 furtum

208 1298 282 1321 non
298 1298 374 1321 esse
396 1287 541 1332 grandis
564 1287 669 1332 culpa
683 1298 746 1333 per
761 1287 1073 1332 comparationem
1097 1287 1140 1321 ad
1162 1295 1301 1321 reatum
1323 1287 1498 1329 adulterii,
1514 1287 1609 1332 quod
1624 1286 1768 1332 punitur

206 1350 344 1383 morte3
378 1341 472 1374 unde
494 1340 655 1375 subditur
677 1341 720 1374 de
741 1340 830 1382 fure,
852 1340 949 1386 quod
971 1340 1178 1386 deprehensus
1204 1341 1311 1376 reddet
1330 1341 1510 1387 septuplum
1529 1354 1538 1375 :
1563 1341 1633 1384 Qui
1657 1343 1767 1374 autem

208 1394 335 1428 adulter
360 1399 413 1436 est,
432 1394 546 1440 perdet
563 1395 712 1428 animam
733 1405 838 1428 suam.

277 1448 336 1481 AD
352 1458 558 1482 SECUNDUM
583 1447 787 1488 dicendum,
807 1447 903 1493 quod
919 1458 1058 1493 poenae
1075 1447 1271 1493 praesentis
1285 1447 1379 1481 vitae
1396 1447 1512 1492 magis
1528 1454 1609 1481 sunt
1625 1444 1770 1480 medici-

206 1500 317 1542 nales,
337 1512 446 1546 quam
468 1501 698 1534 retributivae
715 1512 722 1534 ε
742 1500 927 1534 retributio
951 1501 1047 1534 enim
1071 1508 1273 1534 reservatur
1292 1501 1414 1534 divino
1436 1501 1583 1546 judicio,
1602 1499 1698 1546 quod
1717 1506 1770 1533 est

205 1554 405 1588 secundum
419 1554 609 1588 veritatem
624 1554 660 1587 in
675 1561 865 1599 peccantes
879 1566 886 1595 3
903 1561 938 1588 et
950 1554 1032 1587 ideo
1047 1554 1247 1588 secundum
1262 1554 1435 1599 judicium
1451 1553 1646 1600 praesentis
1661 1553 1768 1594 vitae,

206 1619 279 1642 non
301 1619 365 1654 pro
389 1607 549 1653 quolibet
565 1616 716 1654 peccato
740 1607 885 1641 mortali
906 1607 1078 1653 infligitur
1096 1618 1213 1652 poena
1233 1607 1370 1649 mortis,
1390 1607 1451 1641 sed
1471 1607 1590 1641 solum
1606 1617 1670 1653 pro
1685 1605 1766 1647 illis,

206 1673 297 1707 quae
319 1661 475 1695 inferunt
493 1661 722 1707 irreparabile
744 1669 1020 1702 nocumentum,
1042 1660 1101 1695 vel
1123 1661 1232 1695 etiam
1254 1672 1318 1707 pro
1340 1660 1422 1702 illis,
1445 1672 1536 1706 quae
1557 1660 1692 1694 habent
1708 1659 1767 1693 ali-

206 1726 315 1760 quam
338 1715 521 1748 orribilem
544 1714 835 1756 deformitatem3
859 1722 893 1748 et
914 1714 995 1748 ideo
1019 1725 1082 1760 pro
1104 1713 1211 1756 furto,
1232 1714 1327 1760 quod
1349 1713 1579 1760 irreparabile
1595 1714 1769 1747 damnum

206 1779 280 1802 non
302 1767 419 1810 infert,
434 1779 508 1802 non
531 1768 713 1814 infligitur,
730 1768 929 1802 secundum
952 1779 1121 1813 praesens
1142 1768 1327 1813 judicium,
1351 1779 1468 1814 poena
1491 1767 1628 1809 mortis,
1643 1767 1712 1801 nisi
1733 1774 1771 1800 ut

206 1821 339 1855 furtum
361 1829 575 1867 aggravetur
597 1832 659 1867 per
682 1820 840 1867 aliquam
863 1832 1011 1867 gravem
1035 1821 1364 1863 circumstantiam3
1387 1821 1478 1855 sicut
1491 1828 1588 1867 patet
1603 1821 1645 1854 de
1665 1819 1770 1854 sacri-

207 1874 317 1919 legio,
340 1875 436 1920 quod
459 1883 511 1908 est
531 1874 665 1908 furtum
688 1875 738 1908 rei
760 1886 895 1916 sacrae,
918 1883 952 1908 et
974 1874 1015 1908 de
1039 1874 1218 1920 peculatu,
1247 1874 1342 1920 quod
1366 1882 1418 1908 est
1438 1874 1572 1908 furtum
1593 1873 1644 1907 rei
1674 1884 1770 1907 corn-

208 1929 337 1969 munis,
353 1936 391 1961 ut
405 1936 501 1974 patet
516 1939 579 1974 per
594 1929 688 1974 Aug.
705 1939 811 1974 super
822 1928 950 1973 Joann.
968 1928 1078 1972 (tract.
1094 1927 1177 1973 50),
1194 1935 1228 1961 et
1243 1928 1284 1962 de
1301 1927 1435 1974 plagio,
1455 1927 1551 1974 quod
1566 1935 1619 1962 est
1632 1926 1767 1961 furtum

207 1981 379 2023 hominis,
401 1992 465 2027 pro
490 1993 560 2027 quo
585 1982 662 2027 quis
686 1990 802 2016 morte
825 1982 981 2027 punitur,
1004 1989 1042 2015 ut
1064 1989 1162 2027 patet
1184 1981 1297 2014 Exod.
1321 1991 1375 2014 21.

280 2034 339 2068 AD
365 2044 535 2069 TERTIUM
558 2034 762 2077 dicendum,
786 2035 880 2080 quod
904 2034 992 2068 illud
1014 2034 1109 2080 quod
1133 2034 1321 2067 modicum
1344 2042 1407 2075 est,
1426 2034 1517 2067 ratio
1537 2033 1771 2080 apprehendit

209 2088 310 2133 quasi
328 2087 436 2129 nihi13
461 2096 495 2122 et
515 2088 597 2122 ideo
620 2088 656 2121 in
678 2088 745 2129 his,
770 2099 860 2134 quae
883 2088 1034 2121 minima
1056 2096 1149 2129 sunt,
1171 2088 1285 2121 homo
1312 2099 1385 2121 non
1408 2096 1547 2133 reputat
1572 2088 1638 2122 sibi
1663 2098 1771 2121 nocu-

210 2148 372 2175 mentum
395 2140 534 2183 inferri3
563 2149 596 2175 et
622 2141 681 2175 ille
705 2141 765 2187 qui
788 2141 928 2187 accipit,
956 2149 1073 2187 potest
1094 2152 1323 2186 praesumere
1350 2141 1419 2174 hoc
1446 2152 1519 2175 non
1542 2152 1619 2175 esse
1646 2149 1770 2175 contra

209 2194 433 2228 voluntatem
461 2195 547 2239 ejus,
575 2195 675 2240 cujus
703 2202 755 2228 est
781 2206 859 2228 res:
888 2202 922 2228 et
948 2205 1012 2240 pro
1039 2202 1139 2228 tanto
1167 2194 1197 2228 si
1223 2194 1300 2239 quis
1327 2193 1454 2228 furtive
1481 2194 1690 2240 hujusmodi
1714 2205 1770 2228 res

210 2247 379 2281 minimas
402 2247 566 2292 accipiat,
588 2255 706 2293 potest
725 2247 887 2281 excusari
910 2258 929 2280 a
951 2255 1100 2292 peccato
1120 2247 1282 2281 mortali:
1306 2248 1335 2281 si
1349 2256 1471 2281 tamen
1486 2248 1594 2282 habet
1608 2248 1770 2282 animum

211 2300 362 2342 furandi,
385 2309 419 2334 et
439 2300 615 2334 inferendi
638 2309 902 2335 nocumentum
924 2301 1101 2346 proximo,
1125 2301 1232 2334 etiam
1263 2301 1298 2334 in
1329 2301 1457 2335 talibus
1479 2301 1638 2336 minimis
1654 2308 1771 2347 potest

212 2365 287 2389 esse
309 2361 500 2400 peccatum
523 2353 697 2396 mortaleg
721 2354 813 2388 sicut
835 2362 869 2388 et
891 2355 924 2388 in
947 2353 1026 2388 solo
1051 2354 1208 2399 cogitatu
1230 2366 1292 2399 per
1315 2365 1543 2388 consensum.

754 2494 1097 2538 ARTICULUS
1132 2495 1231 2537 vn.
1706 2515 1770 2552 374

361 2603 512 2632 UTRUM
534 2602 692 2632 LICEAT
715 2602 863 2631 ALICUI
886 2602 1040 2632 FURARI
1062 2603 1257 2632 PROPTER
1278 2602 1620 2632 NECESSITATEM.

214 2690 317 2736 (l'nsr⁹
337 2702 366 2736 (J.
382 2702 456 2725 110.
480 2696 542 2725 ιιι-ί.
559 2703 585 2737 3.
606 2690 649 2725 ad
666 2701 698 2735 4.
714 2695 741 2724 et
762 2701 794 2734 4.
818 2691 906 2724 Dist.
926 2702 968 2735 15.
988 2703 1017 2735 (J.
1038 2702 1067 2725 2.
1089 2697 1151 2724 ιιι-ί.
1172 2703 1198 2725 1.
1222 2703 1250 2736 q.
1265 2702 1297 2735 4.
1321 2688 1724 2735 ‹1d2.c’t(11‘t.4.q.3.ad
1738 2700 1769 2724 2.

793 2743 821 2772 et
843 2743 905 2772 ιινΙ.
922 2750 950 2783 5.
973 2750 1002 2783 q.
1026 2750 1051 2772 l.
1075 2740 1193 2784 corp).

286 2826 344 2859 AD
360 2836 550 2860 SEPTIMUM
574 2827 622 2860 sic
645 2825 859 2872 proceditur.
875 2824 1036 2866 Videtur,
1061 2825 1156 2870 quod
1172 2836 1245 2859 non
1260 2825 1366 2859 liceat
1380 2824 1484 2858 alicui
1503 2823 1611 2858 furari
1626 2830 1771 2869 propter

215 2879 486 2913 necessitatem:
508 2891 582 2913 non
605 2880 701 2914 enim
727 2879 925 2925 imponitur
954 2879 1174 2925 poenitentia
1201 2879 1269 2913 nisi
1294 2879 1475 2924 peccanti:
1503 2877 1564 2911 sed
1592 2885 1699 2918 extra,
1726 2876 1769 2910 de
