1859 3122
469 166 690 202 QUAESTIO
726 167 873 197 cxxix.
907 167 1152 198 ART1CULus
1186 168 1246 197 111.
1562 156 1645 212 867

154 260 186 293 4.
209 250 445 284 PRAETEREA.
479 248 588 282 Nulla
615 249 726 283 virtus
756 249 950 295 opponitur
976 248 1078 283 alteri
1106 249 1242 284 virtuti:
1273 249 1334 284 sed
1365 250 1646 295 magnanimitas

85 304 279 351 opponitur
300 303 514 337 humilitati:
538 314 623 336 nam
646 302 902 348 magnanimus
922 313 958 337 se
981 302 1131 348 dignum
1154 311 1295 348 reputat
1319 304 1472 349 magnis,
1495 311 1529 337 et
1556 303 1646 336 alios

85 357 297 398 contemnit,
319 364 356 390 ut
367 356 496 390 dicitur
511 356 545 389 in
567 366 599 398 4.
616 355 732 390 Ethic.
747 356 825 400 (loc.
849 357 918 401 cit.)
931 368 943 396 ;
967 367 1055 401 ergo
1070 356 1351 401 magnanimitas
1365 368 1439 390 non
1459 365 1511 390 est
1525 356 1647 390 virtus.

159 421 187 455 5.
209 409 446 444 PRAETEREA.
477 409 679 455 Cujuslibet
706 409 844 443 virtutis
872 409 1108 455 proprietates
1135 418 1217 443 sunt
1243 409 1460 444 laudabiles:
1484 410 1545 444 sed
1573 421 1647 443 ma-

85 463 304 510 gnanimitas
330 463 440 496 habet
471 462 646 508 quasdam
682 462 918 508 proprietates
944 461 1217 508 vituperabiles:
1242 465 1353 509 primo
1381 463 1539 508 quidem,
1562 462 1645 508 quia

85 517 342 562 magnanimus
352 527 425 549 non
442 524 494 550 est
509 526 651 549 memor
666 515 944 550 beneficiorum:
963 515 1113 558 secundo,
1130 516 1214 562 quia
1229 524 1282 550 est
1297 517 1446 558 otiosus,
1461 524 1496 550 et
1509 516 1646 550 tardus:

86 572 192 611 tertio,
216 570 299 616 quia
321 569 430 603 utitur
456 569 572 603 ironia
595 569 638 602 ad
663 568 814 602 multos:
837 575 968 614 quarto,
993 569 1076 615 quia
1097 580 1171 603 non
1189 577 1307 615 potest
1334 569 1411 603 aliis
1434 569 1646 603 convivere:

85 625 213 670 quinto,
237 623 320 669 quia
342 623 459 668 magis
478 622 637 669 possidet
656 621 890 664 infructuosa,
905 629 1014 668 quam
1034 622 1234 665 fructuosa3
1258 634 1344 669 ergo
1368 622 1649 668 magnanimitas

85 688 159 712 non
182 685 235 711 est
256 676 378 710 virtus.

157 730 232 764 SED
253 739 408 764 CONTRA
431 736 494 771 est,
516 729 613 775 quod
632 729 667 762 in
683 729 829 762 laudem
848 729 1089 775 quorumdam
1107 729 1246 771 dicitur,
1263 739 1293 763 2.
1313 730 1481 764 Machab.
1505 740 1573 772 14:
1590 730 1650 764 Ni-

86 795 188 819 σιιιιοι·
211 783 345 817 audiens
362 784 521 817 virtutem
541 784 695 816 comitum
714 782 832 826 judae,
856 788 885 817 et
903 784 1010 816 animi
1028 783 1300 827 magnitudinem,
1323 795 1423 828 qnam
1436 789 1500 829 pro
1516 784 1650 829 patriae

86 838 320 872 certaminibus
339 837 511 877 habebant,
529 844 613 870 etc.:
633 835 827 869 laudabilia
851 844 968 870 autem
993 844 1075 870 sunt
1086 835 1206 870 solum
1225 838 1396 870 virtutum
1415 847 1544 882 opera;
1563 847 1650 882 ergo

86 889 380 935 magnanimitas,
403 889 446 922 ad
474 900 583 935 quam
605 889 758 935 pertinet
781 900 957 934 magnum
981 889 1143 922 animum
1166 889 1310 931 habere,
1334 898 1387 924 est
1407 890 1530 924 virtus.

157 943 386 978 Ri-:spoxmzo
410 942 614 984 dicendum,
634 943 730 988 quod
748 942 789 975 ad
813 942 993 976 rationem
1014 942 1155 976 virtutis
1174 943 1357 977 humanae
1379 943 1544 989 pertinet,
1559 950 1597 977 ut
1614 943 1650 977 in

86 996 191 1031 rebus
212 996 381 1030 humanis
402 996 541 1029 bonum
563 996 713 1029 rationis
737 1003 907 1036 servetur,
924 995 1021 1041 quod
1041 1004 1093 1029 est
1110 996 1296 1042 proprium
1311 996 1471 1030 hominis
1492 996 1649 1030 bonum:

87 1051 177 1084 inter
204 1059 364 1084 caeteras
392 1059 512 1083 autem
539 1060 594 1083 res
621 1049 800 1082 humanas
830 1049 1038 1090 exteriores,
1069 1049 1230 1083 honores
1260 1049 1497 1095 praecipuum
1526 1048 1651 1083 locum

86 1112 221 1145 tenent,
243 1104 336 1137 sicut
357 1103 492 1136 dictum
517 1110 569 1137 est
592 1102 672 1146 (art.
695 1115 722 1137 r.
738 1102 807 1147 huj.
830 1114 860 1147 q.
882 1108 911 1136 et
924 1113 985 1137 1-2.
1009 1115 1038 1148 q.
1061 1114 1093 1137 2.
1107 1108 1173 1137 art.
1194 1114 1224 1137 2.
1247 1114 1318 1148 arg.
1334 1104 1395 1148 3.);
1420 1110 1455 1136 et
1474 1102 1556 1136 ideo
1579 1114 1653 1137 ma-

88 1157 320 1203 gnanimitas,
343 1167 435 1202 quae
458 1156 609 1189 modurn
632 1156 780 1189 rationis
802 1155 906 1201 ponit
927 1156 1023 1189 circa
1045 1167 1200 1201 magnos
1222 1156 1394 1197 honores,
1417 1164 1470 1190 est
1491 1156 1614 1190 virtus.

159 1210 220 1244 AD
246 1219 396 1244 PRIMUM
419 1220 505 1254 ergo
534 1208 739 1250 dicendum,
763 1209 872 1255 quod,
902 1209 994 1243 sicut
1023 1209 1133 1242 etiarn
1156 1209 1291 1244 Philos.
1314 1209 1401 1243 dicit
1421 1209 1457 1242 in
1479 1220 1511 1252 4.
1534 1209 1650 1243 Ethic.

89 1263 178 1309 (cap.
195 1264 254 1309 3.),
280 1262 565 1308 «magnanimus
587 1270 640 1296 est
661 1262 808 1307 quidem
831 1263 1080 1308 magnitudine
1104 1271 1329 1304 extremus»,
1351 1263 1567 1308 inquantum
1589 1264 1654 1297 sci-

87 1315 172 1350 licet
193 1316 236 1350 ad
259 1316 418 1349 maxima
440 1314 572 1357 tendit;
596 1326 639 1349 eo
667 1323 787 1349 autern
815 1317 912 1361 quod
940 1324 978 1349 ut
1004 1324 1158 1362 oportet,
1185 1316 1345 1359 medius3
1373 1316 1457 1362 quia
1483 1316 1653 1350 videlicet

88 1370 132 1403 ad
155 1380 208 1410 ea,
231 1379 322 1414 quae
344 1377 427 1402 sunt
447 1368 618 1410 maxima,
641 1368 841 1402 secundum
863 1369 1044 1403 rationem
1062 1370 1193 1404 tendit:
1217 1381 1261 1403 eo
1285 1371 1394 1411 enirn,
1417 1370 1513 1416 quod
1536 1378 1590 1404 est
1603 1381 1653 1404 se-

89 1422 249 1456 cundum
271 1422 496 1467 dignitatem,
524 1422 683 1467 seipsum
711 1421 908 1466 dignificat,
935 1430 972 1456 ut
998 1423 1135 1457 ibidem
1161 1423 1309 1456 dicitur:
1337 1424 1421 1469 quia
1447 1423 1587 1457 scilicet
1613 1434 1650 1457 se

87 1486 163 1509 non
185 1475 343 1509 extendit
365 1475 408 1508 ad
431 1475 582 1519 majora,
606 1486 715 1520 quarn
738 1475 868 1520 dignus
890 1483 954 1509 est.

182 1528 242 1562 AD
265 1538 471 1562 SECUNDUM
489 1527 695 1569 dicendum,
717 1529 814 1573 quod
842 1529 1020 1562 connexio
1043 1529 1219 1563 virtutum
1240 1541 1315 1563 non
1338 1538 1391 1564 est
1417 1529 1653 1576 intelligenda

87 1582 289 1616 secundum
311 1590 423 1623 actus,
438 1589 476 1615 ut
490 1581 628 1615 scilicet
643 1581 789 1616 cuilibet
804 1590 989 1628 competat
1002 1582 1136 1617 habere
1152 1592 1252 1617 actus
1272 1584 1438 1617 omnium
1459 1583 1650 1626 virtutum3

88 1635 182 1669 unde
210 1643 310 1669 actus
337 1635 647 1680 magnanimitatis
673 1646 747 1668 non
776 1636 952 1681 competit
979 1635 1124 1670 cuilibet
1150 1636 1325 1678 virtuoso,
1352 1637 1414 1670 sed
1436 1636 1556 1671 solum
1578 1648 1652 1670 ma-

89 1688 186 1734 gnis:
210 1688 272 1722 sed
295 1688 495 1722 secundum
518 1688 693 1734 principia
712 1689 898 1730 virtutum,
917 1700 1008 1734 quae
1024 1698 1106 1723 sunt
1120 1689 1320 1735 prudentia,
1337 1698 1371 1724 et
1385 1690 1652 1735 gratia‚omnes

88 1741 236 1775 virtutes
259 1749 341 1775 sunt
364 1752 549 1775 connexae
572 1741 771 1775 secundum
793 1742 937 1776 habitus
960 1743 1069 1776 simul
1089 1743 1126 1776 in
1154 1743 1276 1776 anima
1303 1743 1507 1785 existentes,
1529 1743 1590 1777 vel
1615 1743 1652 1777 in

90 1803 184 1836 actu,
205 1795 264 1829 vel
286 1795 321 1828 in
344 1795 547 1840 propinqua
569 1795 822 1840 dispositione:
846 1804 881 1830 et
901 1796 952 1830 sic
980 1804 1100 1842 potest
1125 1796 1265 1842 aliquis,
1293 1798 1351 1830 cui
1377 1808 1452 1831 non
1479 1797 1654 1842 competit

90 1856 189 1882 actus
211 1848 534 1893 magnanimitatis,
556 1848 690 1882 habere
712 1848 878 1883 habitum
892 1850 1220 1894 magnanimitatis:
1245 1861 1308 1895 per
1326 1862 1435 1896 quem
1454 1850 1592 1884 scilicet
1607 1849 1654 1884 di-

89 1901 254 1946 sponitur
276 1901 318 1934 ad
345 1900 457 1935 talem
484 1909 605 1935 actum
628 1902 890 1947 exequendum,
918 1903 947 1936 si
969 1903 1036 1936 sibi
1056 1903 1258 1936 secundum
1280 1912 1414 1937 statum
1431 1915 1538 1937 suum
1557 1914 1654 1937 corn-

88 1962 236 2001 peteret.

160 2007 219 2041 AD
242 2017 414 2041 TERTIUM
437 2007 642 2049 dicendum,
665 2008 762 2053 quod
785 2008 993 2054 corporales
1016 2017 1138 2044 motus
1153 2009 1439 2044 diversificantur
1453 2010 1653 2044 secundum

91 2061 249 2095 diversas
272 2061 414 2094 animae
437 2060 758 2106 apprehensiones,
781 2070 815 2095 et
837 2061 1069 2105 affectiones3
1092 2071 1127 2097 et
1148 2064 1348 2097 secundum
1370 2064 1441 2097 hoc
1465 2064 1653 2109 contingit,

91 2113 188 2159 quod
203 2113 246 2146 acl
258 2113 598 2159 magnanimitatem
615 2123 888 2160 consequuntur
901 2116 1081 2161 quaedam
1091 2116 1291 2151 accidentia
1303 2117 1542 2151 determinata
1558 2118 1653 2151 circa

91 2175 212 2200 motus
234 2167 460 2212 corporales:
482 2166 657 2201 velocitas
673 2168 771 2201 enim
790 2177 910 2202 motus
924 2169 1092 2214 provenit
1107 2181 1150 2204 ex
1165 2181 1221 2212 e0‚
1237 2170 1334 2216 quod
1348 2170 1463 2204 homo
1480 2170 1522 2204 ad
1538 2170 1651 2204 multa

90 2219 252 2260 intendit,
275 2230 365 2265 quae
387 2219 530 2265 explere
551 2219 712 2256 festinat:
735 2221 796 2255 sed
820 2224 1074 2268 magnanimus
1100 2223 1252 2258 intendit
1281 2223 1401 2258 solum
1429 2225 1472 2258 ad
1502 2236 1646 2270 magna,

93 2283 183 2318 quae
205 2283 321 2318 pauca
342 2280 435 2314 sunt,
457 2284 549 2318 quae
571 2273 680 2307 etiam
698 2274 861 2320 indigent
882 2287 1016 2321 magna
1039 2277 1256 2320 attentione;
1279 2286 1314 2311 et
1334 2278 1417 2311 ideo
1444 2277 1553 2311 habet
1579 2288 1654 2311 mo-

91 2333 169 2359 tum
191 2326 349 2360 tardum:
374 2325 538 2359 similiter
564 2327 673 2360 etiam
700 2328 835 2362 acuitas
861 2329 973 2370 vocis,
1001 2337 1035 2363 et
1060 2329 1234 2364 velocitas
1262 2331 1453 2376 praecipue
1481 2330 1654 2376 competit

91 2378 160 2420 his,
179 2378 240 2423 qui
258 2379 300 2412 de
320 2378 538 2424 quibuslibet
556 2380 773 2414 contendere
788 2381 930 2415 volunt:
951 2383 1047 2427 quod
1065 2394 1139 2417 non
1154 2384 1307 2429 pertinet
1325 2384 1367 2417 ad
1387 2384 1653 2429 magnanimos,

94 2431 154 2477 qui
174 2442 249 2465 non
270 2431 515 2465 intromittunt
546 2443 583 2466 se
609 2433 677 2466 nisi
706 2433 749 2467 de
783 2435 946 2479 magnis;
981 2443 1014 2469 et
1047 2436 1139 2470 sicut
1164 2437 1367 2482 praedictae
1401 2437 1654 2483 dispositiones

94 2483 339 2530 corporalium
361 2492 530 2518 motuum
552 2486 772 2520 conveniunt
793 2488 1036 2533 magnanimis
1058 2491 1257 2523 secundum
1281 2491 1432 2524 modum
1452 2489 1652 2524 affectionis

94 2547 237 2570 eorum:
260 2537 307 2570 ita
330 2538 439 2571 etiam
460 2537 497 2570 in
519 2537 586 2579 his,
609 2539 669 2584 qui
690 2547 772 2573 sunt
800 2540 1009 2575 naturaliter
1039 2542 1202 2588 dispositi
1232 2543 1275 2576 ad
1303 2543 1652 2588 magnanimitatem,

93 2588 183 2623 tales
205 2590 430 2624 conditiones
451 2590 660 2625 naturaliter
682 2592 922 2627 inveniuntur.

164 2642 224 2676 AD
243 2653 431 2681 QUARTUM
453 2643 660 2686 dicendum,
681 2646 777 2691 quod
795 2646 831 2679 in
846 2647 996 2681 homine
1010 2647 1191 2682 invenitur
1206 2648 1339 2694 aliquid
1355 2660 1540 2694 magnum,
1557 2649 1653 2695 quod

95 2705 138 2728 ex
159 2694 256 2729 dono
282 2696 352 2730 Dei
374 2696 550 2742 possidet3
573 2705 607 2730 et
629 2697 755 2743 aliquis
778 2699 950 2742 defectus,
972 2701 1033 2746 qui
1055 2702 1228 2746 competit
1250 2702 1281 2735 ei
1304 2713 1345 2735 ex
1366 2701 1572 2736 infirmitate
1595 2714 1656 2736 na-

94 2755 212 2782 turae:
235 2750 514 2794 magnanimitas
537 2761 623 2795 ergo
645 2749 741 2792 facit,
768 2752 864 2797 quod
891 2753 1005 2787 homo
1025 2765 1062 2788 se
1081 2755 1220 2800 magnis
1245 2754 1428 2799 dignificet
1453 2756 1654 2789 secundum

96 2801 425 2836 considerationem
452 2803 644 2846 donorum,
666 2815 757 2850 quae
779 2806 939 2851 possidet
965 2818 1007 2841 ex
1034 2807 1135 2842 Deo:
1167 2808 1258 2842 sicut
1287 2809 1316 2842 si
1344 2809 1451 2842 habet
1481 2821 1654 2855 magnam

94 2853 264 2888 virtutem
287 2855 409 2898 animi,
431 2857 711 2902 magnanimitas
731 2857 828 2900 facit,
854 2859 952 2905 quod
979 2860 1022 2894 ad
1043 2860 1200 2906 perfecta
1220 2872 1330 2907 opera
1351 2862 1490 2896 virtutis
1512 2863 1653 2905 tendat3
