1859 3122
204 181 314 234 1064
606 191 825 225 QUAESTIO
862 191 992 220 CLXII.
1025 192 1268 221 ARTICULUS
1301 193 1358 222 VI.

197 283 238 306 ex
261 283 331 317 quo
355 272 462 305 etiam
485 279 581 316 patet
603 272 757 316 gravitas
779 271 889 316 ipsius
911 272 1118 317 superbiae:
1141 273 1232 307 sicut
1254 273 1351 307 enim
1373 275 1534 309 medicus
1556 275 1698 321 sapiens
1718 276 1755 310 in

198 325 398 359 remedium
421 325 567 368 majoris
582 325 699 358 morbi
721 325 851 370 patitur
873 325 1057 358 infirmum
1073 326 1108 358 in
1123 325 1297 360 leviorem
1319 328 1488 361 morbum
1507 328 1684 362 incidere:
1706 329 1756 363 ita

197 379 305 412 etiarn
327 385 515 422 peccatum
538 378 723 422 superbiae
746 378 888 422 gravius
909 389 985 411 esse
1004 379 1202 412 ostenditur
1222 390 1262 412 ex
1281 380 1352 413 hoc
1371 381 1463 426 ipso,
1478 382 1574 426 quod
1595 393 1659 427 pro
1680 383 1755 427 ejus

198 431 359 466 remedio
381 431 479 463 Deus
501 431 672 476 permittit
693 441 794 464 ruere
816 431 984 465 homines
1006 432 1041 464 in
1065 431 1133 465 alia
1155 440 1314 477 peccata.

738 571 1082 616 ARTICULUS
1113 574 1211 616 VH.
1688 597 1756 634 790

362 680 512 710 UTRUM
545 681 749 709 SUPERBIA
782 681 847 709 SIT
881 681 1045 710 PRIMUM
1080 681 1255 711 OMNIUM
1289 682 1596 712 PECCATORUM.

781 768 826 812 (2.
850 768 928 802 Cor.
952 780 1000 803 12.
1021 769 1092 803 lert.
1115 769 1177 813 4.).

258 859 316 892 AD
332 868 523 892 SEPTIMUM
536 858 585 891 sic
596 857 979 903 proceditur.Videtur,
991 858 1086 903 quod
1099 858 1261 902 superbia
1272 869 1346 892 non
1361 859 1405 892 sit
1418 859 1575 904 primum
1590 860 1753 893 omnium

197 919 447 957 peccatorum2
472 911 627 956 primum
662 911 757 944 enim
792 911 950 944 salvatur
982 911 1018 944 in
1053 911 1220 945 omnibus
1254 912 1574 957 consequentibus:
1598 913 1659 946 sed
1681 924 1755 946 non

197 965 320 998 onmia
342 972 487 1009 peccata
511 972 591 998 sunt
614 976 696 997 cum
715 964 892 1009 superbia,
913 975 979 997 nec
1003 964 1165 997 oriuntur
1184 975 1225 997 ex
1253 965 1433 1009 superbia:
1457 965 1540 998 dicit
1564 965 1659 999 enirn
1683 966 1754 999 Au-

198 1019 358 1063 gustinus
382 1018 416 1050 in
440 1017 497 1050 lib.
520 1018 562 1050 de
590 1017 683 1057 Nat„
712 1025 745 1050 et
765 1017 862 1050 Grat.
881 1017 966 1063 (cap.
984 1017 1068 1061 20),
1085 1017 1180 1062 quod
1204 1017 1317 1050 multa
1335 1029 1521 1063 perperam
1539 1018 1639 1059 fiunt,
1662 1030 1753 1064 quae

197 1082 271 1105 non
293 1070 381 1104 fiunt
402 1071 568 1115 superbe3
592 1081 678 1115 ergo
701 1070 866 1116 superbia
887 1081 960 1104 non
984 1078 1035 1104 est
1058 1071 1214 1115 primum
1237 1072 1402 1104 omnium
1424 1078 1669 1116 peccatorum.

270 1135 300 1158 2.
324 1125 558 1159 PRAETEREA.
582 1124 691 1158 Eccli.
723 1134 773 1158 10.
802 1124 941 1164 dicitur,
976 1124 1071 1168 quod
1106 1125 1238 1158 initium
1264 1125 1433 1170 superbiae
1459 1129 1501 1158 est
1526 1129 1710 1170 apostatare
1735 1136 1755 1160 ιι

198 1179 284 1218 Dco;
309 1189 395 1222 ergo
419 1177 597 1223 apostasia
613 1188 631 1210 a
646 1178 726 1210 Deo
749 1184 801 1210 est
823 1178 929 1222 prius,
953 1188 1061 1222 quam
1083 1177 1258 1221 superbia.

273 1242 301 1275 3.
324 1232 559 1265 PRAETEREA.
584 1230 686 1264 Ordo
714 1238 946 1275 peccatorum
974 1240 1051 1263 esse
1073 1230 1212 1263 videtur
1237 1230 1437 1263 secundum
1465 1231 1629 1265 ordinem
1650 1231 1756 1266 virtu-

196 1293 292 1318 tum:
316 1285 376 1318 sed
398 1284 582 1317 humilitas
604 1295 676 1317 non
700 1291 752 1317 est
773 1283 888 1328 prima
910 1283 1092 1324 virtutum,
1120 1283 1182 1316 sed
1209 1283 1324 1327 magis
1348 1283 1450 1325 tldes3
1478 1294 1564 1329 ergo
1590 1285 1755 1330 superbia

197 1350 270 1373 non
294 1346 345 1372 est
371 1338 528 1383 primum
550 1345 794 1382 peccatorum.

266 1402 299 1433 4.
322 1392 557 1425 PRAETEREA.
581 1400 612 1424 2.
635 1390 677 1423 ad
702 1389 797 1422 Tim.
824 1400 851 1434 3.
875 1389 1022 1423 dicitur:
1049 1389 1133 1422 Mali
1154 1389 1310 1430 homines,
1333 1394 1361 1422 et
1376 1389 1555 1424 seductores
1575 1391 1756 1436 proficiunt

199 1447 230 1478 in
252 1447 366 1490 pesum
386 1452 420 1478 et
440 1444 489 1477 ita
510 1444 661 1484 videtur,
683 1443 778 1488 quod
801 1442 1017 1488 principium
1040 1441 1199 1475 malitiae
1218 1442 1376 1475 hominis
1396 1453 1469 1475 non
1487 1442 1531 1475 sit
1552 1454 1571 1476 a
1593 1443 1754 1477 maximo

196 1506 439 1543 peccatorum:
453 1497 512 1530 sed
529 1496 691 1542 superbia
708 1504 759 1529 est
774 1495 973 1529 maximum
989 1502 1234 1540 peccatorum,
1249 1502 1287 1528 ut
1302 1495 1437 1528 dictum
1452 1503 1504 1528 est
1521 1494 1753 1540 (art.praec.);

196 1563 268 1585 non
293 1559 344 1585 est
365 1551 472 1596 igitur
495 1550 649 1595 primum
673 1557 918 1594 peccatorum.

272 1616 298 1649 ς.
321 1605 556 1638 PRAETEREA.
579 1603 617 1636 Id
640 1603 736 1648 quod
760 1610 811 1636 est
833 1601 1033 1635 secundum
1061 1601 1320 1646 apparentiam,
1343 1609 1376 1634 et
1397 1600 1593 1643 fictionem,
1617 1609 1668 1635 est
1689 1612 1752 1648 po-

195 1659 321 1692 sterius
344 1669 386 1691 eo
410 1657 505 1703 quod
529 1665 579 1690 est
594 1656 792 1690 secundum
807 1655 1012 1689 veritatem:
1035 1654 1096 1688 sed
1108 1654 1243 1688 Philos.
1257 1654 1342 1688 dicit
1355 1655 1390 1687 in
1409 1665 1436 1699 3.
1452 1653 1568 1687 Ethic.
1584 1654 1674 1700 (cap.
1690 1655 1752 1700 7.),

196 1713 291 1757 quod
314 1711 485 1756 superbus
509 1718 560 1744 est
587 1709 689 1743 fictor
715 1708 943 1749 fortitudinis,
967 1716 1000 1741 et
1028 1707 1218 1749 audaciae3
1241 1718 1327 1752 ergo
1350 1707 1476 1741 vitium
1503 1707 1675 1742 audaciae
1702 1717 1755 1742 est

195 1765 290 1812 prius
312 1765 399 1798 vitio
422 1763 618 1809 superbiae.

267 1818 340 1852 SED
365 1827 518 1852 CONTRA
535 1824 597 1857 est,
613 1815 708 1861 quod
728 1815 856 1849 dicitur
870 1814 980 1848 Eccli.
1002 1824 1072 1848 io.:
1096 1814 1233 1847 Initium
1249 1815 1490 1859 omnispeccati
1503 1818 1547 1848 est
1565 1815 1729 1859 superbia.

264 1871 492 1905 RESPONDEO
516 1869 718 1909 dicendum,
742 1868 837 1914 quod
853 1867 938 1901 illud
954 1867 1049 1913 quod
1069 1875 1120 1900 est
1139 1878 1201 1911 per
1219 1878 1267 1908 se,
1284 1875 1335 1900 est
1357 1867 1515 1912 primum
1536 1867 1572 1900 in
1591 1866 1752 1912 quolibet

194 1936 344 1969 genere:
368 1924 503 1957 dictum
526 1931 577 1956 est
599 1930 719 1955 autem
742 1933 847 1966 snpra
870 1921 949 1965 (art⁴
964 1921 1109 1966 praec),
1137 1920 1232 1965 quod
1256 1920 1394 1953 aversio
1419 1931 1437 1953 a
1459 1920 1552 1961 Deo,
1574 1931 1665 1966 quae
1686 1919 1754 1954 for-

194 1978 336 2011 maliter
358 1976 516 2022 complet
544 1976 720 2009 rationem
744 1974 894 2020 peccati,
917 1973 1069 2019 pertinet
1092 1974 1134 2006 ad
1157 1973 1361 2018 superbiam
1383 1984 1445 2018 per
1466 1984 1515 2013 se,
1538 1973 1581 2006 ad
1604 1973 1674 2006 alia
1696 1985 1754 2007 au-

192 2039 266 2065 tem
282 2038 429 2077 peccata
446 2041 484 2063 ex
503 2028 757 2073 consequenti;
781 2036 813 2061 et
836 2027 917 2060 inde
936 2034 999 2067 est,
1019 2027 1114 2072 quod
1134 2026 1298 2071 superbia
1321 2026 1428 2059 habet
1447 2026 1625 2059 rationem
1647 2026 1753 2071 primi

194 2085 343 2130 peccati,
371 2092 404 2116 et
431 2091 483 2116 est
510 2082 616 2116 etiam
645 2081 861 2126 principium
889 2080 1053 2114 omnium
1076 2087 1320 2125 peccatorum,
1343 2087 1380 2112 ut
1402 2090 1507 2124 supra
1534 2079 1671 2113 dictum
1697 2087 1750 2113 est

193 2144 271 2182 (1-2.
295 2149 322 2182 q.
346 2138 400 2180 34.
424 2141 487 2170 art.
506 2136 554 2179 2.)
579 2146 659 2167 cum
684 2134 726 2167 de
749 2134 864 2167 causis
888 2133 1024 2178 peccati
1046 2140 1221 2178 ageretur,
1245 2143 1287 2166 ex
1309 2140 1406 2178 parte.
1430 2132 1637 2174 aversionis,
1660 2143 1751 2178 quae

193 2199 245 2224 est
267 2189 499 2236 principalior
520 2189 555 2221 in
575 2195 736 2233 peccam.

265 2244 323 2277 AD
346 2253 493 2277 PRIMUM
510 2252 595 2286 ergo
619 2240 821 2280 dicendum,
838 2240 932 2285 quod
952 2239 1117 2284 superbia
1140 2239 1268 2272 dicitur
1291 2249 1366 2272 esse
1390 2238 1507 2272 omnis
1530 2239 1668 2284 peccati
1690 2239 1752 2272 ini-

190 2298 292 2337 tium,
315 2307 387 2329 non
411 2295 492 2341 quia
515 2293 697 2340 quodlibet
720 2301 909 2337 peccatum
933 2292 1161 2336 singulariter
1184 2304 1224 2326 ex
1246 2292 1410 2337 superbia
1433 2292 1578 2334 oriatur,
1592 2292 1653 2326 sed
1668 2292 1751 2338 quia

192 2350 378 2396 quodlibet
400 2359 512 2394 genus
535 2346 674 2393 peccati
696 2354 820 2378 natum
844 2354 895 2378 est
918 2357 960 2379 ex
981 2345 1145 2390 superbia
1168 2345 1263 2378 oriri.

261 2404 321 2437 AD
343 2412 548 2437 SECUNDUM
580 2399 784 2440 dicendum,
812 2399 907 2444 quod
936 2407 1137 2444 apostatare
1161 2410 1178 2432 a
1201 2399 1281 2432 Deo
1304 2398 1432 2432 dicitur
1459 2410 1536 2433 esse
1563 2398 1750 2444 superbiae

191 2458 372 2490 humanae
394 2455 547 2495 initium,
570 2465 643 2487 non
665 2452 765 2498 quasi
788 2452 932 2497 aliquod
956 2452 1051 2485 aliud
1073 2460 1262 2497 peccatum
1287 2462 1305 2485 a
1327 2451 1490 2497 superbia
1509 2452 1673 2494 existens,
1688 2451 1750 2486 sed

191 2510 273 2556 quia
295 2518 347 2543 est
369 2508 483 2554 prima
505 2507 690 2553 superbiae
713 2516 811 2551 pars:
835 2505 970 2538 dictum
994 2513 1045 2538 est
1061 2505 1157 2538 enim
1174 2505 1294 2550 (izrt.5.
1311 2505 1379 2549 huj.
1396 2505 1451 2550 q.),
1471 2505 1567 2550 quod
1585 2504 1751 2550 superbia

190 2562 433 2608 principaliter
454 2560 597 2606 respicit
619 2558 880 2602 subjectionem
903 2558 1073 2598 divinam,
1097 2569 1205 2603 quam
1225 2558 1442 2592 contemnit:
1459 2569 1500 2592 ex
1516 2557 1750 2603 consequenti

192 2624 311 2650 autem
335 2614 535 2648 contemnit
555 2612 681 2656 subjici
704 2619 886 2644 creaturae
910 2619 1054 2656 propter
1075 2612 1207 2644 Deum.

263 2670 321 2702 Ax)
341 2678 511 2701 TERTHJM
531 2665 735 2706 dicendum,
752 2664 847 2709 quod
862 2674 933 2696 non
950 2672 1092 2708 oportet
1107 2675 1184 2698 esse
1199 2664 1367 2698 eumdem
1383 2664 1548 2698 ordinem
1565 2664 1748 2704 virtutum,

192 2731 225 2756 et
246 2723 428 2761 vitiorum,
450 2731 533 2753 nam
556 2719 681 2752 vitium
706 2725 757 2751 est
779 2717 1023 2762 corruptivum
1046 2718 1199 2751 virtutis:
1224 2717 1257 2750 id
1278 2726 1396 2751 autem
1416 2718 1511 2763 quod
1527 2725 1579 2751 est
1592 2717 1747 2763 primum

192 2776 225 2809 in
250 2774 493 2819 generatione,
517 2781 569 2806 est
589 2780 811 2817 postremum
836 2770 870 2802 in
893 2770 1140 2814 corruptione3
1168 2778 1201 2804 et
1226 2771 1307 2804 ideo
1335 2772 1425 2804 sicut
1446 2770 1533 2804 fides
1561 2778 1612 2804 est
1632 2770 1748 2815 prima

191 2829 382 2868 virtntnm3
405 2827 451 2860 ita
475 2825 663 2859 infidelitas
686 2831 738 2857 est
760 2823 926 2856 ultimum
947 2831 1191 2867 peccatorum,
1211 2824 1252 2857 ad
1272 2835 1379 2868 quam
1399 2824 1512 2857 homo
1532 2822 1745 2868 quandoque

192 2893 252 2928 per
276 2881 343 2914 alia
366 2888 513 2926 peccata
536 2878 757 2923 perducitur3
781 2876 873 2910 unde
895 2887 1000 2921 super
1021 2876 1107 2909 illud
1130 2876 1221 2910 Psal.
1249 2875 1343 2921 136.:
1366 2877 1554 2916 Exinanite,
1582 2877 1746 2910 exinanite

1825 2943 1827 2951 „„
1826 2881 1832 2911 „a
1827 2835 1829 2865 ‚ac
