1859 3122
169 162 256 204 434
591 161 810 196 QUAESTIO
844 162 961 191 Lvnr.
995 162 1237 192 ARTICULUS
1270 163 1312 193 x.

168 243 229 288 qui
250 242 401 288 percutit
422 242 633 288 principem,
649 250 683 277 et
697 243 757 289 qui
770 242 922 289 percutit
935 243 1111 288 privatam
1127 254 1340 289 personam3
1362 255 1449 291 ergo
1465 246 1573 280 etiarn
1586 247 1719 292 justitia

166 307 240 330 non
261 295 369 330 habet
390 295 551 329 medium
573 297 632 339 rei,
655 297 717 331 sed
739 297 902 331 medium
923 298 1072 331 rationis.

237 348 312 383 SED
328 359 482 383 CONTRA
498 357 561 392 est,
577 350 672 395 quod
688 349 825 384 Philos.
844 350 880 383 in
903 361 934 384 2.
949 350 1065 384 Ethic.
1083 350 1171 397 (cap.
1187 351 1220 386 6.
1234 356 1263 386 et
1276 362 1306 398 7.
1328 356 1359 387 et
1378 352 1434 387 lib.
1446 363 1476 399 5.
1490 359 1562 400 cap.
1579 365 1608 400 3.
1623 359 1652 390 et
1666 355 1717 401 4.)

166 402 323 448 assignat
343 402 505 436 medium
533 403 688 448 justitiae
717 404 918 437 secundum
946 403 1323 450 proportionalitatem
1349 406 1603 450 arithmeticam,
1622 407 1718 454 quod

166 464 218 490 est
238 457 400 490 medium
422 458 479 491 rei.

234 509 463 545 RESPONDEO
479 510 684 552 dicendum,
700 511 808 557 quod,
823 511 915 546 sicut
928 523 1034 558 supra
1049 511 1185 545 dictum
1207 519 1260 546 est
1282 511 1360 556 (art.
1370 518 1482 558 praec.
1501 518 1531 548 et
1545 525 1607 548 1-2.
1622 525 1652 560 q.
1663 525 1718 561 59.

164 568 228 598 art.
250 563 315 608 4.),
340 563 430 597 aliae
451 564 598 598 virtutes
620 564 778 599 morales
800 564 1042 611 principaliter
1063 565 1264 599 consistunt
1289 565 1383 599 circa
1405 566 1610 612 passiones3
1637 579 1720 613 qua-

164 627 244 649 rum
264 617 475 651 rectificatio
497 629 572 651 non
591 618 782 652 attenditur
803 618 871 652 nisi
891 618 1091 652 secundum
1113 619 1425 664 comparationem
1447 620 1490 654 ad
1511 620 1630 666 ipsum
1655 620 1720 655 ho-

168 669 316 712 minem,
340 671 440 715 cujus
462 679 544 705 sunt
565 671 770 717 passiones;
793 672 992 706 secundum
1014 671 1152 706 scilicet
1172 672 1268 718 quod
1294 672 1468 715 irascitur,
1495 681 1530 708 et
1551 674 1719 720 concupi-

163 723 240 765 scit,
262 731 369 769 prout
389 724 504 766 debet,
526 725 725 758 secundum
749 725 906 760 diversas
928 725 1234 768 ciscumstantias3
1256 733 1290 759 et
1304 726 1386 760 ideo
1409 726 1568 760 medium
1589 726 1717 761 talium

162 776 336 810 virtutum
362 788 435 811 non
467 777 639 824 accipitur
665 778 866 812 secundum
900 779 1173 824 proportionem
1201 780 1304 813 unius
1325 779 1377 813 rei
1398 779 1442 813 ad
1471 779 1632 823 alteram,
1654 780 1716 815 sed

167 830 286 864 solum
308 831 506 864 secundum
522 832 833 877 comparationem
849 832 892 865 ad
908 832 1026 878 ipsum
1039 832 1258 866 virtuosum:
1282 840 1316 866 et
1329 840 1474 879 propter
1486 833 1558 867 hoc
1575 833 1612 868 in
1629 834 1714 880 ipsis

167 891 220 918 est
240 883 402 918 medium
423 884 543 918 solum
565 885 764 918 secundum
786 885 963 933 rationem
979 885 1097 931 quoad
1112 896 1196 919 nos:
1224 885 1285 920 sed
1307 886 1457 919 materia
1481 887 1636 932 justitiae
1663 895 1716 922 est

163 937 318 971 exterior
340 938 514 983 operatio,
536 938 735 972 secundum
758 939 854 984 quod
875 939 963 985 ipsa,
983 938 1043 972 vel
1063 950 1130 980 res,
1154 940 1254 984 cujus
1276 947 1329 973 est
1349 950 1445 982 usus,
1466 939 1624 974 debitam
1637 951 1716 986 pro-

164 990 370 1036 portionem
397 991 506 1025 habet
537 991 580 1025 ad
611 991 718 1026 aliam
749 1003 962 1038 personam;
993 1000 1027 1026 et
1047 992 1129 1026 ideo
1152 992 1309 1026 medium
1326 992 1481 1038 justitiae
1503 993 1715 1029 consistitin

163 1044 319 1089 quadam
340 1046 583 1090 proportionis
605 1045 819 1091 aequalitate
842 1046 893 1079 rei
914 1046 1098 1080 exterioris
1121 1046 1163 1079 ad
1187 1057 1381 1091 personam
1407 1047 1638 1081 exteriorem:
1661 1059 1716 1082 ae-

160 1096 266 1142 quale
288 1105 409 1132 autem
431 1106 484 1132 est
498 1098 640 1132 realiter
661 1099 821 1133 medium
840 1099 932 1133 inter
949 1100 1077 1145 majus,
1099 1107 1133 1133 et
1154 1099 1284 1141 minus,
1305 1108 1344 1134 ut
1364 1100 1492 1135 dicitur
1504 1100 1541 1134 in
1559 1111 1610 1135 10.
1627 1101 1714 1136 Met.

159 1151 239 1196 (tex.
260 1151 352 1197 19.);
372 1151 466 1185 unde
488 1152 620 1197 justitia
641 1152 750 1187 habet
770 1153 931 1187 medium
952 1153 1015 1187 rei.

231 1204 290 1238 An
313 1215 461 1239 PRIMUM
484 1216 570 1251 ergo
593 1206 798 1248 dicendum,
821 1206 916 1252 quod
938 1207 1009 1240 hoc
1032 1206 1192 1240 medium
1214 1207 1263 1241 rei
1281 1213 1333 1241 est
1354 1206 1464 1241 etiam
1484 1207 1646 1242 medium
1663 1219 1716 1243 ra-

161 1258 258 1292 tionis
270 1270 282 1298 ;
307 1265 340 1292 et
361 1258 442 1292 ideo
464 1258 500 1292 in
518 1259 651 1304 justitia
673 1259 831 1294 salvatur
851 1259 942 1294 ratio
963 1260 1102 1294 virtutis
1124 1260 1283 1294 moralis.

232 1311 292 1345 AD
315 1321 522 1346 SECUNDUM
545 1312 749 1354 dicendum,
772 1313 868 1358 quod
889 1314 1026 1347 bonurn
1048 1313 1257 1359 simpliciter
1283 1313 1457 1361 dupliciter
1477 1314 1616 1350 dicitur.
1641 1317 1712 1352 Uno

158 1363 267 1406 modo,
290 1365 386 1410 quod
409 1373 462 1399 est
483 1366 650 1400 omnibus
673 1366 790 1400 modis
811 1366 968 1409 bonum3
990 1367 1082 1400 sicut
1102 1367 1249 1401 virtutes
1275 1376 1358 1402 sunt
1382 1368 1516 1402 bonae:
1540 1377 1575 1403 et
1600 1369 1650 1404 sic
1675 1370 1713 1405 in

159 1417 227 1459 his,
249 1429 340 1463 quae
363 1426 444 1452 sunt
469 1418 563 1452 bona
585 1419 806 1465 simpliciter,
827 1431 901 1453 non
923 1428 976 1454 est
997 1420 1160 1466 accipere
1179 1420 1352 1463 medium,
1379 1429 1415 1455 et
1435 1429 1606 1456 extrema.
1632 1424 1711 1458 Alio

158 1471 254 1504 modo
277 1471 405 1505 dicitur
424 1471 556 1517 aliquid
578 1472 788 1518 simpliciter
808 1473 956 1515 bonum,
979 1473 1061 1518 quia
1083 1481 1136 1507 est
1154 1473 1315 1508 absolute
1336 1474 1486 1517 bonum,
1507 1475 1646 1510 scilicet
1662 1488 1714 1512 se-

157 1524 314 1558 cundum
336 1536 439 1559 suam
460 1533 627 1559 naturam
649 1526 929 1568 consideratum,
961 1528 1125 1572 quamvis
1148 1538 1210 1573 per
1232 1527 1383 1561 abusum
1403 1529 1516 1574 possit
1543 1529 1620 1564 fieri
1640 1542 1713 1565 ma-

156 1576 251 1619 1um;
272 1578 363 1612 sicut
377 1586 474 1624 patet
488 1579 531 1613 de
547 1579 689 1621 divitiis,
705 1587 738 1613 et
751 1579 970 1622 honoribus3
987 1588 1021 1614 et
1032 1580 1069 1614 in
1086 1579 1215 1614 talibus
1234 1589 1351 1627 potest
1369 1582 1484 1628 accipi
1500 1584 1710 1630 superfluum,

155 1630 368 1674 diminutum,
391 1640 425 1666 et
445 1632 588 1666 medium
610 1641 783 1679 quantum
806 1633 850 1667 ad
871 1633 1050 1675 homines,
1073 1634 1133 1680 qui
1150 1643 1300 1680 possunt
1319 1635 1368 1669 eis
1387 1635 1438 1669 uti
1455 1635 1513 1670 vel
1533 1637 1635 1680 bene,
1653 1637 1711 1672 vel

158 1683 271 1718 male:
295 1693 329 1718 et
350 1685 400 1719 sic
424 1685 519 1719 circa
538 1687 734 1732 simpliciter
755 1688 840 1721 bona
861 1686 991 1720 dicitur
1013 1698 1090 1721 esse
1111 1688 1254 1733 justitia.

226 1737 286 1772 AD
307 1748 479 1773 TERTIUM
500 1739 704 1782 dicendum,
727 1740 822 1786 quod
845 1740 972 1785 injuria
990 1739 1089 1774 illata
1111 1740 1220 1775 aliam
1241 1742 1515 1788 proportionem
1536 1743 1646 1778 habet
1665 1745 1709 1780 ad

155 1790 365 1836 principem,
389 1800 423 1826 et
445 1792 553 1825 aliam
576 1793 619 1826 ad
640 1804 833 1839 personam
854 1793 1048 1840 privatam:
1071 1802 1105 1828 et
1122 1794 1204 1828 ideo
1224 1803 1366 1841 oportet
1388 1795 1490 1831 aliter
1509 1797 1709 1844 adaequare

154 1851 342 1890 utramque
364 1844 532 1890 injuriam
554 1857 616 1892 per
637 1846 846 1889 vindictam,
868 1847 963 1893 quod
985 1847 1138 1893 pertinet
1159 1848 1203 1882 ad
1225 1848 1468 1884 diversitatem
1494 1851 1557 1893 rei,
1584 1858 1618 1886 et
1634 1862 1709 1886 non

154 1896 274 1931 solum
298 1898 340 1932 ad
363 1898 604 1933 diversitatem
630 1900 790 1934 rationis.

704 2058 1047 2103 ARTICULUS
1086 2059 1163 2102 XI.
1641 2075 1706 2120 328

153 2177 307 2207 UTRUM
333 2178 474 2208 ACTUS
496 2178 720 2220 JUSTITIAE
741 2179 807 2207 SIT
827 2179 1026 2208 REDDERE
1053 2179 1297 2216 UNICL'IQUE
1320 2181 1445 2216 QUOD
1467 2182 1584 2211 SUUM
1610 2183 1703 2213 EST.

355 2276 456 2322 (Infr.
476 2289 505 2322 q.
528 2277 585 2311 66.
608 2282 672 2311 art.
691 2288 720 2322 3.
741 2282 769 2311 et
785 2289 813 2322 5.
837 2283 924 2323 corp.
946 2282 974 2311 et
988 2283 1079 2324 part.
1101 2290 1127 2313 Ι.
1150 2291 1180 2324 q.
1202 2290 1251 2313 21.
1274 2284 1337 2313 art.
1359 2291 1386 2314 r.
1409 2285 1496 2325 corp.

577 2335 605 2364 et
625 2341 655 2365 2.
677 2331 767 2364 Dist.
786 2341 838 2376 27.
862 2335 925 2364 art.
945 2342 972 2376 3.
996 2337 1086 2378 corp.
1109 2337 1139 2366 et
1164 2332 1206 2366 ad
1222 2333 1279 2379 3.).

221 2431 281 2465 ΑΙ)
304 2441 535 2466 UNDECIMUM
557 2431 607 2465 sic
629 2431 843 2477 proceditur.
866 2431 1027 2474 Videtur,
1051 2434 1144 2479 quod
1169 2442 1267 2468 actus
1289 2434 1444 2478 justitiae
1465 2445 1537 2468 non
1560 2435 1604 2469 sit
1629 2436 1704 2471 red-

151 2484 234 2518 dere
257 2484 448 2530 unicuique
478 2485 573 2530 quod
608 2496 711 2518 suum
744 2492 811 2519 est:
836 2485 929 2530 Aug.
953 2486 1047 2519 enim
1075 2497 1126 2528 14.
1154 2487 1196 2521 de
1228 2486 1328 2520 Trin.
1352 2488 1440 2533 (cap.
1470 2489 1517 2534 9.)
1547 2489 1703 2524 attribuit

149 2538 303 2582 justitiae
334 2538 521 2572 subvenire
552 2538 709 2572 miseris:
741 2538 801 2571 sed
833 2538 866 2571 in
902 2539 1146 2574 subveniendo
1177 2541 1316 2575 miseris
1343 2552 1415 2575 non
1438 2541 1625 2576 tribuimus
1652 2543 1702 2578 eis

150 2602 240 2636 quac
263 2599 343 2624 sunt
365 2603 502 2633 eorum,
524 2592 584 2626 sed
608 2591 722 2636 magis
746 2602 835 2636 quae
866 2600 948 2626 sunt
977 2601 1118 2636 nostra3
1141 2605 1226 2639 crgo
1248 2594 1402 2639 justitiae
1425 2602 1524 2629 actus
1549 2607 1623 2630 non
1650 2605 1702 2632 est

149 2644 301 2678 tribuere
325 2645 516 2690 unicuique
539 2645 634 2691 quod
658 2656 761 2678 suum
789 2653 851 2678 est.

220 2707 250 2730 2.
274 2697 508 2732 PRAETEREA.
533 2697 674 2731 Tullius
696 2699 731 2731 in
754 2697 812 2730 lib.
841 2709 867 2732 1.
891 2699 933 2733 de
959 2699 1064 2734 Offic.
1083 2702 1148 2744 (tit.
1168 2701 1203 2735 dc
1219 2702 1368 2746 Jzzstitz'a)
1387 2702 1483 2744 dicit,
1499 2703 1594 2748 quod
1613 2704 1701 2738 «be-

148 2749 350 2792 neficentia,
373 2763 479 2796 quam
502 2751 772 2796 benignitatem,
794 2751 851 2784 vel
873 2751 1122 2787 liberalitatem
1145 2754 1325 2800 appellare
1346 2754 1440 2797 licet,
1463 2756 1505 2790 ad
1527 2757 1698 2801 justitiam

148 2803 300 2848 pertinet
320 2817 360 2838 »:
383 2805 444 2838 sed
465 2804 688 2839 liberalitatis
720 2814 772 2839 est
801 2807 843 2839 de
873 2806 1018 2851 proprio
1041 2807 1123 2840 dare
1154 2807 1271 2849 alicui,
1293 2819 1367 2841 non
1389 2808 1431 2842 de
1454 2819 1497 2842 eo
1525 2810 1620 2855 quod
1646 2818 1699 2844 est

149 2858 241 2902 ejus3
265 2868 352 2902 ergo
373 2858 528 2902 justitiae
551 2866 650 2892 actus
672 2870 745 2892 non
769 2868 821 2894 est
843 2859 988 2893 reddere
1010 2860 1203 2906 unicuique
1226 2861 1321 2907 quod
1343 2872 1447 2896 suum
1471 2870 1532 2896 est.
