1859 3122
189 145 275 200 804
583 153 803 190 QUAESTIO
838 152 986 183 CXVIII.
1020 152 1262 183 ARTICULUS
1295 152 1339 182 ΙΙ.

259 238 318 272 AD
338 246 544 272 SECUNDUM
558 235 763 277 dicendum,
778 234 874 281 quod
889 246 1017 269 omnes
1032 234 1295 269 res'exteriores
1313 245 1404 280 quae
1417 235 1565 269 veniunt
1585 234 1621 268 in
1635 245 1740 268 usum

189 293 370 326 humanae
392 291 497 333 vitae,
518 291 668 324 nomine
690 289 864 335 pecuniae
890 288 1149 334 intelliguntur,
1171 290 1384 335 inquantum
1409 288 1542 323 habent
1562 289 1741 323 rationem

189 345 275 379 boni
300 344 416 378 utilis:
440 351 521 378 sunt
544 351 663 377 autem
678 342 856 389 quaedam
871 343 1047 377 exteriora
1068 342 1175 384 bona,
1190 353 1281 388 quae
1303 349 1421 387 potest
1442 341 1568 388 aliquis
1588 342 1742 388 pecunia

191 398 382 444 consequi,
404 397 495 432 sicut
515 396 730 443 voluptates,
753 404 786 430 et
806 396 977 437 honores,
993 404 1027 430 et
1048 395 1117 430 alia
1138 395 1358 441 hujusmodi,
1373 406 1463 441 quae
1480 395 1613 430 habent
1634 394 1743 429 aliam

192 454 370 486 rationem
394 450 677 498 appetibilitatis;
693 458 727 484 et
739 450 822 484 ideo
836 450 983 484 illorum
999 449 1175 495 appetitus
1190 460 1263 483 non
1278 448 1420 495 proprie
1442 448 1570 482 dicitur
1584 448 1743 490 avaritia,

190 505 388 540 secundum
410 504 506 551 quod
529 512 581 538 est
601 504 729 538 vitium
751 503 917 550 speciale.

261 559 320 593 AD
344 569 514 593 TERTIUM
537 557 741 599 dicendum,
763 557 858 603 quod
876 556 1006 591 Glossa
1028 556 1088 590 illa
1102 555 1260 602 loquitur
1281 555 1324 590 de
1339 556 1632 601 concupiscentia
1652 556 1745 589 inor-

192 613 313 647 dinata
335 613 594 658 cujuscumque
616 611 683 646 rei:
705 619 824 658 potest
845 611 942 645 enim
963 610 1126 656 intelligi,
1149 609 1245 655 quod
1275 620 1337 655 per
1358 609 1640 655 prohibitionem
1662 619 1745 643 con-

193 666 435 713 cupiscentiae
457 677 577 699 rerum
599 676 847 711 possessarum
869 664 1126 709 prohibeantur
1147 673 1458 709 quarumcumque
1473 673 1594 697 rerum
1616 673 1745 697 concu-

192 720 400 767 piscentiae,
423 730 513 766 quae
535 730 597 765 per
618 730 674 753 res
696 729 879 764 possessas
900 717 1024 751 haberi
1045 725 1205 762 possunt.

748 835 1091 881 ARTICULUS
1125 835 1203 878 ΙΙΙ.
1681 847 1744 894 598

460 934 612 964 UTRUM
644 933 850 963 AVARITIA
884 932 1148 962 OPPONATUR
1181 930 1500 960 LiBERALirArr.

241 1013 357 1059 (Supra
386 1024 415 1058 q.
438 1022 504 1058 117.
532 1016 594 1046 art.
622 1023 652 1046 2.
680 1016 710 1045 et
735 1022 766 1056 q.
793 1011 862 1045 118.
889 1015 954 1044 art.
977 1022 1004 1055 5.
1032 1009 1074 1043 ad
1096 1021 1123 1055 3.
1151 1014 1178 1043 et
1205 1008 1288 1042 Mal.
1311 1020 1340 1054 q.
1366 1019 1410 1054 13.
1436 1013 1501 1043 art.
1523 1019 1554 1042 2.
1580 1007 1623 1042 ad
1647 1020 1698 1042 10.

694 1069 722 1098 et
743 1075 775 1108 4.
798 1064 872 1098 Eth.
894 1063 964 1098 lect.
990 1074 1023 1107 4.
1045 1068 1074 1097 et
1093 1063 1162 1097 lect.
1180 1062 1239 1107 5..)

265 1150 324 1184 AD
347 1159 518 1184 TERTIUM
541 1148 590 1182 sic
613 1146 828 1194 proceditur.
850 1146 1012 1188 Videtur,
1027 1145 1123 1192 quod
1139 1145 1285 1179 avaritia
1303 1155 1377 1178 non
1400 1151 1603 1190 opponatur
1624 1143 1749 1178 libera-

195 1204 302 1239 litati:
326 1203 408 1249 quia
429 1213 536 1248 super
557 1201 645 1236 illud
666 1201 793 1236 Matth.
820 1212 867 1246 5.:
889 1201 982 1235 Beati
1004 1201 1059 1246 qui
1073 1200 1229 1241 esuriunt,
1252 1204 1282 1233 ct
1293 1199 1409 1233 sitiunt
1423 1199 1600 1243 justitiam,
1617 1197 1747 1244 Chrys.

196 1258 281 1292 dicit
302 1258 406 1302 (hom.
428 1268 471 1302 15.
494 1257 528 1289 in
543 1256 661 1289 Manli.
676 1257 763 1290 inter
776 1256 887 1302 princ.
903 1259 933 1289 et
952 1253 1065 1299 mad),
1082 1252 1177 1299 quod
1199 1252 1318 1299 duplex
1333 1259 1383 1286 est
1397 1251 1547 1296 justitia:
1563 1252 1631 1286 alia
1645 1262 1751 1297 gene-

196 1311 290 1353 ralis,
313 1318 347 1344 et
367 1310 435 1344 alia
457 1309 634 1354 specialis,
657 1310 710 1343 cui
731 1309 910 1355 opponitur
935 1308 1094 1348 avaritia,
1119 1314 1152 1340 et
1172 1306 1269 1340 idem
1290 1305 1426 1339 Philos.
1450 1305 1536 1340 dicit
1555 1305 1592 1339 in
1617 1316 1645 1350 5.
1667 1305 1748 1339 Eth.

198 1365 283 1411 (cap.
306 1365 353 1409 2.)
363 1376 375 1404 ‚·
399 1374 485 1408 ergo
509 1362 655 1396 avaritia
677 1373 750 1396 non
773 1361 967 1408 opponitur
988 1359 1202 1394 liberalitati.

267 1428 298 1452 2.
325 1418 560 1452 PRAETEREA.
595 1415 792 1450 Peccatum
827 1414 995 1448 avaritiae
1021 1413 1057 1447 in
1090 1413 1161 1447 hoc
1194 1412 1366 1454 consistit,
1397 1412 1494 1458 quod
1518 1412 1633 1446 homo
1659 1419 1738 1445 tran

197 1471 335 1506 scendit
356 1480 563 1504 mensuram
585 1469 621 1502 in
642 1469 747 1503 rebus
774 1468 964 1514 possessis:
988 1467 1049 1501 sed
1076 1465 1285 1511 hujusmodi
1311 1476 1479 1499 mensura
1500 1465 1664 1499 statuitur
1688 1475 1751 1510 per

197 1525 389 1573 justitiamg
412 1535 498 1570 ergo
523 1523 669 1557 avaritia
691 1523 823 1556 directe
847 1522 1039 1567 opponitur
1060 1521 1225 1565 justitiae,
1247 1528 1280 1554 et
1301 1531 1375 1553 non
1396 1519 1609 1553 liberalitati.

273 1592 300 1626 3.
322 1579 558 1613 PRAETEREA.
585 1576 796 1610 Liberalitas
818 1583 870 1609 est
895 1574 1005 1608 virtus
1028 1573 1145 1607 media
1172 1573 1263 1607 inter
1289 1573 1360 1607 duo
1387 1573 1472 1607 vitia
1499 1572 1688 1614 contraria,
1713 1579 1752 1605 ut

199 1641 296 1680 patet
316 1644 378 1678 per
405 1630 541 1665 Philos.
569 1630 604 1663 in
627 1640 658 1663 2.
685 1629 801 1664 Ethic.
827 1629 916 1675 (cap.
940 1629 1001 1674 7.)‚
1028 1636 1061 1661 et
1086 1627 1122 1660 in
1148 1637 1180 1670 4.
1210 1627 1294 1673 (cap.
1321 1627 1388 1671 r.).·
1417 1626 1479 1661 sed
1505 1625 1653 1660 avaritia
1677 1636 1751 1659 non

199 1687 307 1722 habet
328 1693 518 1732 peccatum
541 1683 773 1725 contrarium,
796 1691 829 1716 et
851 1682 1076 1728 oppositum,
1103 1689 1140 1715 ut
1162 1688 1259 1726 patet
1279 1692 1341 1727 per
1362 1679 1498 1714 Philos.
1524 1679 1561 1714 in
1586 1690 1613 1724 ς.
1636 1678 1751 1713 Ethic.

199 1741 337 1787 (implic.
360 1745 432 1785 cap.
459 1748 487 1772 Ι.
510 1743 537 1772 εἰ
558 1738 628 1783 2.);
652 1748 738 1783 ergo
759 1736 906 1770 avaritia
924 1747 997 1769 non
1020 1734 1213 1780 opponitur
1233 1733 1446 1768 liberalitati.

273 1794 347 1828 SED
384 1802 538 1827 CONTRA
569 1799 632 1833 est,
668 1790 776 1836 quod,
806 1790 897 1824 sicut
929 1788 1057 1823 dicitur
1083 1787 1201 1822 Eccle.
1234 1798 1278 1832 5.:
1310 1788 1446 1822 Avarus
1474 1798 1540 1821 non
1564 1786 1754 1832 implebitur

195 1848 349 1895 pecunia,
372 1851 399 1880 et
420 1847 476 1891 qui
494 1850 584 1878 amat
610 1844 756 1886 divitias,
777 1843 929 1890 fructum
958 1854 1023 1876 non
1055 1843 1159 1887 capiet
1185 1853 1222 1875 cx
1248 1841 1312 1875 eis:
1340 1840 1401 1875 sed
1427 1851 1501 1874 non
1527 1838 1669 1886 impleri
1695 1849 1754 1885 pe·

201 1901 318 1942 cunia,
341 1908 375 1934 et
396 1899 597 1933 inordinate
620 1909 679 1932 eas
702 1909 825 1932 amare
850 1905 902 1931 est
925 1895 1144 1930 contrarium
1174 1893 1389 1935 liberalitati,
1417 1904 1507 1939 quae
1533 1893 1569 1927 in
1596 1892 1751 1939 appetitu

205 1954 410 1989 divitiarum
432 1952 593 1986 medium
615 1959 733 1994 tenet3
756 1961 842 1996 ergo
866 1949 1013 1984 avaritia
1035 1948 1229 1994 opponitur
1250 1946 1464 1981 liberalitati.

272 2007 500 2041 RESPONDEO
523 2005 726 2046 dicendum,
749 2004 845 2050 quod
865 2003 1012 2037 avaritia
1033 2002 1204 2048 importat
1228 2001 1545 2034 immoderantiam
1559 1998 1751 2046 quamdam

203 2062 299 2096 circa
329 2060 469 2094 divitias
496 2059 686 2105 duplic-item
722 2070 785 2092 uno
812 2057 907 2092 modo
933 2055 1142 2090 immediate
1170 2055 1265 2088 circa
1290 2054 1405 2100 ipsam
1433 2053 1694 2100 acceptionem,
1719 2059 1754 2087 et

205 2113 520 2149 conservationem
554 2112 776 2154 divitiarum3
808 2111 1021 2156 inquantum
1056 2108 1194 2142 scilicet
1227 2107 1354 2153 aliquis
1388 2107 1538 2153 acquirit
1563 2106 1753 2152 pecuniam

203 2169 295 2203 ultra
317 2167 488 2208 debitum,
512 2166 628 2200 aliena
654 2165 889 2211 smripiendo,
915 2163 973 2198 vel
999 2162 1204 2203 retinendo;
1227 2169 1261 2195 et
1287 2161 1337 2194 sic
1365 2161 1558 2207 opponitur
1582 2159 1752 2206 justitiae3

205 2230 239 2257 et
255 2223 326 2256 hoc
350 2221 460 2254 modo
480 2219 652 2265 accipitur
668 2218 815 2252 avaritia
838 2218 967 2251 Ezech.
991 2227 1057 2258 22.,
1073 2215 1132 2249 ubi
1153 2215 1299 2248 dicitur:
1323 2215 1496 2261 Principes
1513 2217 1580 2260 esus
1597 2215 1632 2248 in
1649 2213 1754 2248 medio

203 2279 283 2322 ejus,
310 2275 402 2321 quasi
423 2274 492 2320 lupi
522 2274 680 2319 rapientis
696 2272 857 2318 prczadam
880 2271 920 2305 ad
944 2269 1171 2316 qffzmdendmn
1201 2269 1401 2309 sanguinem,
1424 2274 1451 2303 et
1478 2279 1579 2302 avare
1607 2266 1755 2302 sectanda

204 2331 318 2364 lucra:
341 2328 407 2362 alio
428 2326 519 2361 modo
543 2326 710 2371 importat
733 2325 1050 2358 immoderantiam
1073 2323 1164 2357 circa
1187 2325 1372 2357 interiores
1395 2321 1603 2356 affectiones
1622 2319 1751 2354 divitia-

204 2394 300 2417 rum:
324 2389 407 2428 puta
429 2392 511 2414 cum
534 2379 610 2425 quis
632 2379 739 2412 nimis
762 2386 869 2419 amat,
891 2377 948 2411 vel
970 2377 1146 2411 desiderat
1168 2376 1318 2418 divitias,
1347 2383 1407 2409 aut
1431 2375 1538 2409 nimis
1561 2373 1757 2408 delectatur

205 2438 240 2470 in
263 2437 324 2477 eis,
350 2436 457 2469 etiam
480 2434 508 2467 si
529 2432 620 2466 nolit
641 2443 765 2477 rapere
789 2431 923 2472 aliena3
947 2439 980 2465 et
999 2431 1064 2464 hoc
1089 2430 1200 2463 modo
1223 2429 1370 2463 avaritia
1394 2429 1587 2475 opponitur
1607 2425 1758 2460 liberali-

204 2491 285 2524 tati:
309 2500 399 2535 quae
422 2486 629 2521 moderatur
655 2485 865 2531 hujusmodi
893 2484 1112 2523 affectiones,
1140 2492 1177 2517 ut
1203 2483 1337 2517 dictum
1365 2491 1417 2516 est
1443 2483 1490 2527 (q.
1508 2487 1618 2527 praec.
1642 2484 1704 2514 art.
1726 2491 1756 2514 2.

206 2544 247 2577 ιιιί
267 2556 291 2588 3.
316 2548 342 2577 cl
364 2547 427 2576 ιιι-Ι.
448 2553 473 2586 3.
497 2540 538 2574 ad
554 2553 580 2586 3.
603 2545 629 2574 ct
651 2544 713 2573 art.
737 2540 807 2579 6.);
832 2547 865 2571 ct
887 2538 935 2571 sic
960 2538 1132 2582 accipitur
1151 2537 1298 2570 avaritia
1318 2546 1348 2570 2.
1372 2536 1413 2569 ad
1437 2535 1522 2569 Cor.
1546 2545 1597 2580 9.:
1618 2534 1759 2579 Praepa-

206 2602 276 2631 rcnt
305 2596 534 2642 repromissum
566 2593 812 2627 I‘encdirliuncnz
837 2592 918 2624 lmus
944 2597 1100 2636 paratam
1131 2603 1202 2632 essa,
1229 2592 1273 2624 sic
1295 2591 1388 2635 quasi
1410 2588 1670 2628 maledictionem,
1694 2598 1758 2620 non

206 2651 298 2696 quusi
320 2650 523 2683 avaritiam:
549 2646 648 2681 Glos.
677 2645 816 2690 (interl.)
849 2657 865 2675 «
894 2644 1030 2677 scilicet
1058 2652 1093 2677 ut
1121 2643 1266 2677 doleant
1287 2654 1351 2688 pro
1380 2642 1474 2683 dato,
1501 2649 1535 2675 et
1561 2651 1687 2686 parum
1713 2639 1759 2673 sit

207 2703 303 2749 quod
325 2703 407 2736 dent
429 2716 460 2735 ».

278 2758 336 2790 AD
352 2766 498 2790 PRmuM
515 2765 600 2799 ergo
623 2753 825 2794 dicendum,
848 2751 943 2797 quoti
964 2750 1105 2795 Chrys„
1125 2758 1158 2784 ct
1176 2749 1311 2783 Philos.
1330 2749 1525 2795 loquuntur
1547 2747 1588 2781 de
1612 2745 1759 2780 avaritia

203 2812 313 2855 primo
336 2810 446 2842 modo
474 2809 585 2842 dicta:
611 2806 798 2840 avaritiam
820 2813 938 2838 autem
968 2803 1103 2837 scaenam
1135 2803 1244 2836 modo
1273 2802 1405 2836 dictam
1432 2800 1596 2835 nominat
1621 2798 1756 2833 Philos.

209 2863 496 2897 illiberalitatcm.
