1859 3122
233 173 317 215 232
648 171 869 207 QUAESTIO
902 172 1036 201 XXVII.
1070 172 1314 202 ARTICULUS
1347 173 1391 202 ΙΙ.

799 330 1145 375 ARTICULUS
1172 331 1228 374 Π.
1728 343 1792 379 162

345 439 499 468 UTRUM
525 440 684 478 AMARE,
712 440 950 469 SECUNDUM
979 440 1104 475 QUOD
1132 441 1210 468 EST
1234 440 1376 469 ACTUS
1405 441 1681 481 CHARITATIS,

647 505 714 534 SIT
743 505 852 534 IDEM
879 505 1001 540 QUOD
1030 505 1377 535 BENEVOLENTIA.

605 592 644 638 (3.
672 593 759 627 Dist.
791 604 839 638 27.
867 604 896 638 q.
923 605 950 627 1.
978 597 1041 626 art.
1068 605 1095 627 1.
1123 598 1212 638 corp.
1239 598 1269 627 et
1294 593 1337 627 ad
1362 593 1419 637 2.).

306 681 365 715 AD
388 691 595 715 SECUNDUM
616 682 665 715 sic
688 681 905 727 proceditur.
928 681 1090 723 Videtur,
1114 681 1210 727 quod
1234 692 1368 723 amare,
1391 681 1592 716 secundum
1619 681 1716 727 quod
1742 691 1796 716 est

235 744 334 769 actus
346 735 539 776 charitatis,
550 734 640 767 nihil
650 734 809 776 sitaliud‚
821 746 928 780 quam
943 735 1212 769 benevolentia:
1229 735 1314 769 dicit
1330 735 1427 768 enim
1441 734 1578 769 Philos.
1593 735 1630 768 in
1645 745 1677 768 2.
1687 734 1794 769 Rhet.

235 788 323 835 (cap.
345 790 408 833 4.),
432 789 528 834 quod
550 800 665 822 amam
686 793 729 822 est
749 789 829 822 valla
850 789 952 823 alicui
974 790 1115 823 bonum:
1143 789 1205 823 sed
1231 789 1303 823 hoc
1331 798 1383 823 est
1407 787 1680 831 benevolentia3
1707 800 1793 835 ergo

234 841 325 876 nihil
347 841 441 875 aliud
464 850 517 875 est
539 850 638 875 actus
661 842 855 883 charitatis,
878 853 987 887 quam
1009 842 1272 876 benevolentia.

307 906 338 929 2.
360 896 596 930 PRAETEREA.
620 895 734 941 Cujus
757 903 810 929 est
830 895 983 937 habitus,
1006 896 1080 940 ejus
1101 904 1154 929 est
1172 904 1290 938 actus;
1309 896 1371 930 sed
1387 895 1529 930 habitus
1545 896 1727 930 charitatis
1742 904 1797 931 est

234 949 271 982 in
293 950 453 994 potentia
474 948 681 990 voluntatis,
704 956 742 982 ut
763 959 869 994 supra
891 949 1028 982 dictum
1050 957 1103 983 est
1126 949 1170 994 (q.
1193 960 1248 993 24.
1267 954 1332 984 art.
1351 950 1418 993 1.);
1447 960 1533 994 ergo
1559 949 1669 983 etiam
1695 957 1796 984 actus

235 1002 418 1036 charitatis
440 1010 493 1036 est
511 1011 610 1035 actus
633 1001 846 1036 voluntatis:
870 1002 932 1036 sed
953 1013 1027 1035 non
1051 1010 1103 1036 est
1124 1003 1192 1036 nisi
1213 1002 1249 1035 in
1271 1002 1409 1036 bonum
1429 1002 1592 1044 tendens,
1620 1002 1717 1048 quod
1743 1011 1796 1037 est

234 1056 503 1099 benevolentia,
527 1067 612 1102 ergo
635 1064 735 1090 actus
755 1056 936 1090 charitatis
957 1055 1048 1089 nihil
1070 1056 1164 1090 aliud
1188 1064 1252 1098 est,
1275 1068 1385 1102 quam
1407 1056 1670 1090 benevolentia.

308 1122 337 1156 3.
359 1111 594 1144 PRAETEREA.
617 1109 753 1144 Philos.
780 1110 816 1143 in
843 1121 874 1155 9.
902 1110 1017 1143 Ethic.
1046 1110 1134 1156 (rap.
1160 1112 1208 1155 4.)
1238 1110 1340 1156 ponit
1365 1111 1505 1156 quinque
1531 1110 1575 1144 ad
1597 1110 1796 1144 amicitiam

234 1164 463 1210 pertinentia:
487 1175 641 1210 quorum
658 1165 809 1209 primum
831 1172 894 1205 est,
917 1163 1013 1209 quod
1040 1163 1154 1197 homo
1181 1163 1268 1197 velit
1295 1164 1414 1197 amico
1440 1164 1594 1197 bonum:
1621 1163 1798 1198 secundum

235 1225 298 1259 est,
321 1218 417 1263 quod
439 1217 525 1251 velit
547 1217 579 1251 ei
601 1228 689 1258 esse,
712 1225 746 1250 et
767 1217 905 1251 vivere:
929 1218 1063 1251 tertium
1082 1225 1144 1258 est,
1165 1217 1261 1262 quod
1281 1217 1313 1251 ei
1331 1216 1591 1251 delectabiliter
1609 1217 1795 1251 convivat:

234 1277 391 1316 quartum
415 1279 477 1312 est,
500 1270 595 1316 quod
618 1270 746 1304 eadem
769 1270 891 1315 eligat:
917 1271 1068 1316 quintum
1091 1279 1153 1311 est,
1176 1270 1274 1316 quod
1296 1270 1327 1304 ei
1351 1269 1555 1313 condoleat,
1578 1278 1612 1304 et
1639 1281 1797 1315 congau-

235 1324 334 1358 deat:
358 1324 418 1358 sed
439 1324 553 1370 prima
571 1323 634 1358 duo
654 1324 697 1357 ad
716 1323 1008 1357 benevolentiam
1027 1323 1224 1369 pertinent3
1243 1334 1330 1369 ergo
1343 1325 1476 1369 primus
1495 1331 1594 1357 actus
1614 1323 1797 1358 charitatis

236 1386 289 1412 est
308 1377 570 1411 benevolentia.

309 1431 383 1465 SED
407 1441 561 1465 CONTRA
583 1439 646 1472 est,
668 1430 764 1476 quod
786 1429 923 1464 Philos.
945 1429 1031 1464 dicit
1051 1430 1087 1463 in
1110 1430 1241 1464 eodem
1263 1429 1354 1463 libro
1376 1430 1468 1490 (cap.-
1489 1431 1548 1476 5.),
1576 1430 1674 1491 quod
1693 1430 1798 1465 bene-

236 1484 395 1519 volentia
416 1496 533 1530 neque
556 1492 608 1518 est
630 1484 801 1525 amicitia,
823 1495 940 1529 neque
965 1491 1017 1517 est
1039 1483 1186 1525 amatio,
1208 1483 1270 1517 sed
1293 1491 1345 1517 est
1363 1483 1543 1517 amicitiae
1563 1484 1795 1529 principium:

236 1540 298 1574 sed
320 1539 474 1573 charitas
496 1546 549 1572 θεῖ
570 1538 739 1579 amicitia,
761 1546 799 1571 ut
819 1548 925 1583 supra
947 1537 1084 1570 dictum
1107 1545 1159 1571 θεῖ
1185 1537 1233 1582 (q.
1263 1548 1311 1583 23.
1338 1541 1400 1570 art.
1428 1536 1495 1581 1);
1527 1548 1614 1583 ergo
1643 1537 1798 1572 benevo-

236 1593 345 1627 lentia
367 1604 441 1626 non
463 1601 517 1626 θεῖ
536 1592 633 1625 idem
655 1591 751 1637 quod
773 1591 937 1632 dilecti03
961 1601 1051 1636 quae
1074 1598 1128 1624 est
1150 1590 1332 1624 charitatis
1355 1598 1465 1626 actus.

307 1647 536 1680 RESPONDEO
555 1645 760 1686 dicendum,
780 1644 876 1690 quod
894 1644 1010 1678 benev
1015 1643 1147 1678 olentia
1165 1644 1307 1690 proprie
1326 1643 1455 1678 dicitur
1473 1651 1572 1678 actus
1589 1643 1796 1686 voluntatis,

237 1712 308 1747 quo
325 1700 425 1734 alteri
439 1700 576 1733 bonurn
590 1698 850 1742 νοΙωῃυεχὶῑίε
867 1705 987 1731 autem
1002 1697 1198 1732 voluntatis
1215 1705 1315 1731 actus
1330 1696 1446 1731 differt
1460 1697 1501 1730 ab
1518 1696 1649 1731 actuali
1660 1708 1797 1739 amore,

236 1764 311 1789 tam
333 1754 532 1788 secundum
555 1752 650 1798 quod
673 1760 726 1786 est
746 1753 782 1785 in
809 1751 966 1798 appetitu
993 1751 1176 1793 sensitivo,
1204 1762 1313 1797 quam
1340 1751 1448 1785 etiam
1473 1750 1674 1785 secundum
1700 1751 1797 1797 quod

237 1817 289 1842 θεῖ
310 1808 345 1841 in
368 1807 525 1853 appetitu
547 1805 780 1846 intellectivo,
802 1805 862 1851 qui
885 1813 937 1839 θεῖ
957 1804 1144 1839 voluntas:
1168 1816 1272 1838 amor
1293 1804 1401 1846 enim,
1424 1804 1484 1850 qui
1506 1812 1559 1838 est
1578 1805 1615 1838 in
1638 1804 1796 1851 appetitu

236 1862 418 1902 sensitivo,
441 1860 619 1906 quaedam
641 1859 759 1905 passio
782 1867 854 1892 est:
877 1858 994 1892 omnis
1017 1866 1138 1891 autem
1160 1858 1280 1903 passio
1303 1869 1386 1891 cum
1409 1857 1567 1903 quodam
1589 1858 1726 1903 impetu
1747 1858 1798 1891 in-

237 1915 346 1950 clinat
368 1915 403 1948 in
426 1926 530 1948 suum
554 1913 755 1957 objectum:
779 1912 898 1958 passio
922 1919 1043 1945 autem
1065 1911 1199 1945 amoris
1220 1911 1340 1952 habet,
1363 1911 1460 1956 quod
1481 1922 1556 1944 non
1574 1911 1691 1945 subito
1719 1922 1799 1945 exo-

236 1970 334 2010 ritur,
357 1968 417 2002 sed
440 1979 502 2013 per
524 1967 683 2012 aliquam
706 1966 886 1999 assiduam
908 1964 1173 2010 inspectionem
1191 1964 1242 1998 rei
1262 1972 1422 2005 amatae3
1446 1971 1480 1997 et
1500 1964 1582 1998 ideo
1603 1963 1740 1998 Philos.
1759 1964 1796 1998 in

236 2034 268 2069 9.
290 2022 405 2056 Ethic.
428 2021 516 2066 (cap.
529 2022 572 2065 5.)
594 2019 786 2054 ostendens
808 2017 1047 2052 differentiam
1062 2017 1153 2051 inter
1167 2017 1470 2058 benevolentiam,
1489 2025 1523 2051 et
1542 2028 1718 2059 amorem,
1737 2017 1798 2063 qui

237 2084 289 2110 θεῖ
310 2075 441 2121 passio,
464 2074 559 2114 dicit,
582 2072 678 2118 quod
709 2071 962 2106 benevolentia
983 2082 1058 2104 non
1079 2071 1188 2104 habet
1215 2071 1483 2112 distentionem,
1517 2079 1552 2104 et
1584 2071 1795 2117 appetitum,

236 2129 327 2162 idest
349 2128 507 2173 aliquem
529 2127 705 2172 impetum
729 2124 990 2159 inclinationis:
1013 2124 1077 2158 sed
1099 2135 1140 2157 ex
1163 2123 1242 2158 solo
1264 2124 1398 2168 judicio
1420 2124 1569 2158 rationis
1587 2124 1702 2158 homo
1720 2123 1798 2158 vult

236 2183 373 2216 bonum
397 2180 514 2214 alicui.
537 2179 712 2214 Similiter
733 2179 841 2212 etiam
863 2177 943 2212 talis
966 2188 1069 2211 amor
1088 2185 1140 2211 θεῖ
1159 2188 1200 2211 ex
1218 2177 1372 2223 quadam
1394 2177 1670 2211 consuetudine:
1693 2178 1798 2211 bene-

237 2235 395 2270 volentia
415 2242 534 2268 autem
553 2232 732 2266 interdum
752 2232 863 2265 oritur
882 2242 922 2265 ex
941 2230 1148 2276 repentin03
1168 2230 1260 2264 sicut
1275 2231 1404 2264 accidit
1422 2231 1525 2265 nobis
1544 2231 1587 2265 de
1604 2230 1795 2277 pugilibus,

238 2289 298 2335 qui
319 2295 491 2335 pugnant,
513 2297 668 2332 quorum
691 2285 842 2319 alterum
865 2283 1040 2318 vellemus
1062 2284 1225 2317 vincere:
1249 2284 1312 2318 sed
1335 2295 1448 2326 amor,
1470 2284 1530 2330 qui
1553 2292 1605 2318 est
1630 2284 1666 2317 in
1693 2295 1798 2330 appe-

237 2343 302 2377 titu
324 2340 556 2381 intellectivo‚
575 2340 683 2373 etiam
705 2337 820 2372 differt
843 2349 862 2371 a
883 2337 1151 2372 benevolentia:
1176 2339 1347 2382 importat
1368 2337 1464 2371 enim
1483 2338 1678 2383 quamdam
1697 2337 1798 2371 unio-

237 2407 321 2430 nem
336 2394 535 2429 secundum
552 2392 719 2426 affectum
736 2391 888 2425 amantis
904 2391 947 2424 ad
966 2399 1146 2432 amatum3
1168 2390 1382 2436 inquantum
1404 2390 1542 2425 scilicet
1556 2402 1682 2425 amans
1697 2390 1798 2425 aesti-

238 2458 313 2483 mat
334 2456 493 2482 amatum
518 2445 790 2492 quodammodo
809 2453 847 2478 ut
864 2456 976 2477 unum
995 2444 1072 2485 sibi,
1090 2443 1149 2477 vel
1167 2444 1210 2477 ad
1229 2455 1266 2478 se
1286 2444 1487 2490 pertinens;
1506 2452 1541 2478 et
1561 2444 1611 2478 sic
1630 2451 1797 2478 movetur

237 2503 273 2536 in
295 2503 429 2548 ipsum:
452 2501 515 2535 sed
536 2498 788 2533 benevolentia
811 2506 862 2532 est
882 2497 1034 2543 simplex
1058 2505 1157 2531 actus
1178 2497 1386 2539 voluntatis,
1409 2508 1480 2543 quo
1497 2496 1667 2532 volumus
1689 2496 1797 2531 alicui

237 2557 386 2597 bonum,
401 2555 509 2588 etiam
528 2565 601 2587 non
619 2551 891 2598 praesupposita
906 2550 1088 2596 praedicta
1103 2551 1237 2584 unione
1253 2550 1400 2584 affectus
1420 2550 1462 2584 ad
1482 2550 1617 2597 ipsum3
1639 2550 1689 2584 sic
1709 2560 1795 2595 ergo

237 2610 273 2643 in
294 2608 498 2649 dilectione,
521 2606 717 2640 secundum
740 2605 836 2650 quod
859 2612 911 2638 est
933 2612 1031 2637 actus
1051 2603 1246 2645 charitatis,
1270 2603 1462 2637 includitur
1480 2603 1625 2649 quidem
1644 2603 1798 2637 benevo-

238 2663 366 2704 lentia;
388 2661 449 2696 sed
469 2661 626 2701 dilectio,
645 2661 718 2693 sive
737 2669 840 2692 amor
859 2658 955 2691 addit
973 2657 1144 2691 unionem
1166 2656 1333 2698 affectu53
1354 2665 1388 2691 et
1406 2665 1551 2702 propter
1568 2656 1640 2690 hoc
1657 2655 1795 2690 Philos.

239 2717 324 2750 dicit
345 2716 426 2749 ibid.
450 2715 545 2761 quod
568 2712 818 2748 benevolentia
841 2719 894 2745 est
915 2711 1129 2757 principium
1153 2711 1346 2745 amicitiae.

310 2771 369 2803 An
392 2779 539 2803 PmMUM
566 2778 652 2812 ergo
675 2765 879 2806 dicendum,
902 2764 997 2810 quod
1025 2763 1161 2798 Philos.
1187 2764 1234 2797 ibi
1257 2763 1379 2798 definit
1404 2774 1530 2805 amare,
1554 2774 1627 2796 non
1654 2773 1792 2808 ponens

239 2831 353 2858 totam
375 2822 552 2856 rationem
571 2821 693 2866 ipsius,
712 2819 773 2853 sed
793 2818 924 2864 aliquid
939 2817 981 2851 ad
996 2817 1173 2851 rationem
1189 2818 1264 2861 ejus
1282 2817 1474 2863 pertinens,
1492 2816 1528 2850 in
1547 2827 1618 2862 quo
1638 2815 1794 2850 maxime

241 2875 487 2911 manifestatur
509 2874 712 2909 dilectionis
735 2880 844 2907 actus.
