<?xml version="1.0" encoding="UTF-8"?>
<!DOCTYPE html PUBLIC "-//W3C//DTD XHTML 1.0 Transitional//EN"
    "http://www.w3.org/TR/xhtml1/DTD/xhtml1-transitional.dtd">
<html xmlns="http://www.w3.org/1999/xhtml" xml:lang="en" lang="en">
 <head>
  <title>
</title>
<meta http-equiv="Content-Type" content="text/html;charset=utf-8" />
  <meta name='ocr-system' content='tesseract 3.04.00' />
  <meta name='ocr-capabilities' content='ocr_page ocr_carea ocr_par ocr_line ocrx_word'/>
</head>
<body>
  <div class='ocr_page' id='page_1' title='image "./divithomaeaquina03thomuoft_1009.png"; bbox 0 0 1859 3122; ppageno 0'>
   <div class='ocr_carea' id='block_1_1' title="bbox 551 192 1677 228">
    <p class='ocr_par' dir='ltr' id='par_1_1' title="bbox 551 192 1677 228">
     <span class='ocr_line' id='line_1_1' title="bbox 551 192 1677 228; baseline -0.001 -6"><span class='ocrx_word' id='word_1_1' title='bbox 551 192 771 228; x_wconf 77' lang='lat' dir='ltr'><strong>QUAESTIO</strong></span> <span class='ocrx_word' id='word_1_2' title='bbox 805 192 918 222; x_wconf 88' lang='lat' dir='ltr'><strong>CLIV.</strong></span> <span class='ocrx_word' id='word_1_3' title='bbox 952 192 1194 222; x_wconf 83' lang='lat' dir='ltr'><strong>ARTICULUS</strong></span> <span class='ocrx_word' id='word_1_4' title='bbox 1227 193 1267 222; x_wconf 88' lang='lat' dir='ltr'>V.</span> <span class='ocrx_word' id='word_1_5' title='bbox 1573 192 1677 222; x_wconf 88' lang='lat'>1001</span> 
     </span>
    </p>
   </div>
   <div class='ocr_carea' id='block_1_2' title="bbox 129 271 1695 2604">
    <p class='ocr_par' dir='ltr' id='par_1_2' title="bbox 129 271 1695 2604">
     <span class='ocr_line' id='line_1_2' title="bbox 202 271 1686 321; baseline 0.001 -15"><span class='ocrx_word' id='word_1_6' title='bbox 202 271 431 306; x_wconf 74' lang='lat' dir='ltr'>RESPONDEO</span> <span class='ocrx_word' id='word_1_7' title='bbox 453 273 658 315; x_wconf 84' lang='lat' dir='ltr'>dicendum,</span> <span class='ocrx_word' id='word_1_8' title='bbox 685 274 781 320; x_wconf 93' lang='lat' dir='ltr'>quod</span> <span class='ocrx_word' id='word_1_9' title='bbox 807 282 984 308; x_wconf 89' lang='lat' dir='ltr'>nocturna</span> <span class='ocrx_word' id='word_1_10' title='bbox 1010 274 1162 320; x_wconf 87' lang='lat' dir='ltr'>pollutio</span> <span class='ocrx_word' id='word_1_11' title='bbox 1188 274 1362 321; x_wconf 71' lang='lat' dir='ltr'><em>dupliciter</em></span> <span class='ocrx_word' id='word_1_12' title='bbox 1386 281 1504 320; x_wconf 86' lang='lat' dir='ltr'>potest</span> <span class='ocrx_word' id='word_1_13' title='bbox 1525 274 1686 308; x_wconf 91' lang='lat' dir='ltr'>conside-</span> 
     </span>
     <span class='ocr_line' id='line_1_3' title="bbox 130 326 1684 374; baseline 0.001 -16"><span class='ocrx_word' id='word_1_14' title='bbox 130 326 216 358; x_wconf 87' lang='lat' dir='ltr'>rari:</span> <span class='ocrx_word' id='word_1_15' title='bbox 240 338 302 359; x_wconf 86' lang='lat' dir='ltr'>uno</span> <span class='ocrx_word' id='word_1_16' title='bbox 326 326 419 359; x_wconf 80' lang='lat' dir='ltr'>modo</span> <span class='ocrx_word' id='word_1_17' title='bbox 442 327 641 360; x_wconf 83' lang='lat' dir='ltr'>secundum</span> <span class='ocrx_word' id='word_1_18' title='bbox 663 338 717 361; x_wconf 88' lang='lat' dir='ltr'>se:</span> <span class='ocrx_word' id='word_1_19' title='bbox 746 334 780 361; x_wconf 91' lang='lat' dir='ltr'>et</span> <span class='ocrx_word' id='word_1_20' title='bbox 805 328 863 362; x_wconf 83' lang='lat' dir='ltr'>hoc</span> <span class='ocrx_word' id='word_1_21' title='bbox 889 328 983 362; x_wconf 82' lang='lat' dir='ltr'>modo</span> <span class='ocrx_word' id='word_1_22' title='bbox 1010 339 1074 361; x_wconf 82' lang='lat' dir='ltr'>non</span> <span class='ocrx_word' id='word_1_23' title='bbox 1101 328 1194 362; x_wconf 69' lang='lat' dir='ltr'>habat</span> <span class='ocrx_word' id='word_1_24' title='bbox 1220 329 1382 361; x_wconf 63' lang='lat' dir='ltr'>rationum</span> <span class='ocrx_word' id='word_1_25' title='bbox 1403 329 1552 374; x_wconf 74' lang='lat' dir='ltr'>peccati:</span> <span class='ocrx_word' id='word_1_26' title='bbox 1575 338 1684 361; x_wconf 90' lang='lat' dir='ltr'>omne</span> 
     </span>
     <span class='ocr_line' id='line_1_4' title="bbox 129 379 1685 426; baseline 0.001 -15"><span class='ocrx_word' id='word_1_27' title='bbox 129 379 224 413; x_wconf 87' lang='lat' dir='ltr'>enim</span> <span class='ocrx_word' id='word_1_28' title='bbox 247 388 437 424; x_wconf 85' lang='lat' dir='ltr'>peccatum</span> <span class='ocrx_word' id='word_1_29' title='bbox 465 380 640 425; x_wconf 75' lang='lat' dir='ltr'>dependet</span> <span class='ocrx_word' id='word_1_30' title='bbox 667 392 709 414; x_wconf 76' lang='lat' dir='ltr'>ex</span> <span class='ocrx_word' id='word_1_31' title='bbox 735 381 867 426; x_wconf 88' lang='lat' dir='ltr'>judicio</span> <span class='ocrx_word' id='word_1_32' title='bbox 894 381 1041 415; x_wconf 88' lang='lat' dir='ltr'>rationis</span> <span class='ocrx_word' id='word_1_33' title='bbox 1070 381 1150 426; x_wconf 89' lang='lat' dir='ltr'>quia</span> <span class='ocrx_word' id='word_1_34' title='bbox 1173 381 1281 415; x_wconf 89' lang='lat' dir='ltr'>etiam</span> <span class='ocrx_word' id='word_1_35' title='bbox 1308 381 1443 426; x_wconf 89' lang='lat' dir='ltr'>primus</span> <span class='ocrx_word' id='word_1_36' title='bbox 1465 388 1585 415; x_wconf 89' lang='lat' dir='ltr'>motus</span> <span class='ocrx_word' id='word_1_37' title='bbox 1607 391 1685 414; x_wconf 91' lang='lat' dir='ltr'>sen-</span> 
     </span>
     <span class='ocr_line' id='line_1_5' title="bbox 130 432 1685 480; baseline 0 -13"><span class='ocrx_word' id='word_1_38' title='bbox 130 432 303 467; x_wconf 88' lang='lat' dir='ltr'>sualitatis</span> <span class='ocrx_word' id='word_1_39' title='bbox 334 444 407 466; x_wconf 92' lang='lat' dir='ltr'>non</span> <span class='ocrx_word' id='word_1_40' title='bbox 434 434 542 468; x_wconf 89' lang='lat' dir='ltr'>habet</span> <span class='ocrx_word' id='word_1_41' title='bbox 569 435 663 480; x_wconf 89' lang='lat' dir='ltr'>quod</span> <span class='ocrx_word' id='word_1_42' title='bbox 699 434 744 468; x_wconf 90' lang='lat' dir='ltr'>sit</span> <span class='ocrx_word' id='word_1_43' title='bbox 776 442 977 480; x_wconf 85' lang='lat' dir='ltr'>peccatum,</span> <span class='ocrx_word' id='word_1_44' title='bbox 1004 434 1071 468; x_wconf 90' lang='lat' dir='ltr'>nisi</span> <span class='ocrx_word' id='word_1_45' title='bbox 1099 434 1133 467; x_wconf 86' lang='lat' dir='ltr'>in</span> <span class='ocrx_word' id='word_1_46' title='bbox 1173 443 1345 479; x_wconf 89' lang='lat' dir='ltr'>quantum</span> <span class='ocrx_word' id='word_1_47' title='bbox 1373 434 1505 479; x_wconf 87' lang='lat' dir='ltr'>judicio</span> <span class='ocrx_word' id='word_1_48' title='bbox 1537 433 1685 467; x_wconf 88' lang='lat' dir='ltr'>rationis</span> 
     </span>
     <span class='ocr_line' id='line_1_6' title="bbox 130 486 1686 533; baseline 0 -14"><span class='ocrx_word' id='word_1_49' title='bbox 130 486 277 532; x_wconf 86' lang='lat' dir='ltr'>reprimi</span> <span class='ocrx_word' id='word_1_50' title='bbox 299 495 427 532; x_wconf 88' lang='lat' dir='ltr'>potest,</span> <span class='ocrx_word' id='word_1_51' title='bbox 443 495 477 520; x_wconf 88' lang='lat' dir='ltr'>et</span> <span class='ocrx_word' id='word_1_52' title='bbox 495 487 588 529; x_wconf 88' lang='lat' dir='ltr'>ideo,</span> <span class='ocrx_word' id='word_1_53' title='bbox 611 487 750 521; x_wconf 86' lang='lat' dir='ltr'>sublato</span> <span class='ocrx_word' id='word_1_54' title='bbox 773 488 906 532; x_wconf 79' lang='lat' dir='ltr'>judicio</span> <span class='ocrx_word' id='word_1_55' title='bbox 929 488 1088 528; x_wconf 86' lang='lat' dir='ltr'>rationis,</span> <span class='ocrx_word' id='word_1_56' title='bbox 1105 487 1242 521; x_wconf 90' lang='lat' dir='ltr'>tollitur</span> <span class='ocrx_word' id='word_1_57' title='bbox 1263 487 1353 521; x_wconf 90' lang='lat' dir='ltr'>ratio</span> <span class='ocrx_word' id='word_1_58' title='bbox 1370 487 1524 533; x_wconf 89' lang='lat' dir='ltr'>peccati:</span> <span class='ocrx_word' id='word_1_59' title='bbox 1548 488 1583 521; x_wconf 83' lang='lat' dir='ltr'>in</span> <span class='ocrx_word' id='word_1_60' title='bbox 1605 487 1686 520; x_wconf 88' lang='lat' dir='ltr'>dor-</span> 
     </span>
     <span class='ocr_line' id='line_1_7' title="bbox 134 539 1686 585; baseline 0.001 -13"><span class='ocrx_word' id='word_1_61' title='bbox 134 539 279 572; x_wconf 90' lang='lat' dir='ltr'>miendo</span> <span class='ocrx_word' id='word_1_62' title='bbox 304 548 422 573; x_wconf 87' lang='lat' dir='ltr'>autem</span> <span class='ocrx_word' id='word_1_63' title='bbox 447 541 536 574; x_wconf 82' lang='lat' dir='ltr'>ratio</span> <span class='ocrx_word' id='word_1_64' title='bbox 559 552 631 574; x_wconf 94' lang='lat' dir='ltr'>non</span> <span class='ocrx_word' id='word_1_65' title='bbox 654 541 763 575; x_wconf 84' lang='lat' dir='ltr'>habet</span> <span class='ocrx_word' id='word_1_66' title='bbox 781 540 933 574; x_wconf 84' lang='lat' dir='ltr'>liberum</span> <span class='ocrx_word' id='word_1_67' title='bbox 954 541 1146 585; x_wconf 86' lang='lat' dir='ltr'>judicium;</span> <span class='ocrx_word' id='word_1_68' title='bbox 1165 540 1283 574; x_wconf 91' lang='lat' dir='ltr'>nullus</span> <span class='ocrx_word' id='word_1_69' title='bbox 1302 541 1397 574; x_wconf 81' lang='lat' dir='ltr'>enim</span> <span class='ocrx_word' id='word_1_70' title='bbox 1421 548 1473 574; x_wconf 83' lang='lat' dir='ltr'>est</span> <span class='ocrx_word' id='word_1_71' title='bbox 1491 540 1686 581; x_wconf 86' lang='lat' dir='ltr'>dormiens,</span> 
     </span>
     <span class='ocr_line' id='line_1_8' title="bbox 134 592 1687 640; baseline 0.001 -15"><span class='ocrx_word' id='word_1_72' title='bbox 134 592 195 637; x_wconf 89' lang='lat' dir='ltr'>qui</span> <span class='ocrx_word' id='word_1_73' title='bbox 216 603 289 626; x_wconf 92' lang='lat' dir='ltr'>non</span> <span class='ocrx_word' id='word_1_74' title='bbox 312 593 473 627; x_wconf 87' lang='lat' dir='ltr'>intendat</span> <span class='ocrx_word' id='word_1_75' title='bbox 499 593 676 639; x_wconf 85' lang='lat' dir='ltr'>aliquibus</span> <span class='ocrx_word' id='word_1_76' title='bbox 703 593 994 628; x_wconf 83' lang='lat' dir='ltr'>similitudinibus</span> <span class='ocrx_word' id='word_1_77' title='bbox 1021 594 1326 640; x_wconf 81' lang='lat' dir='ltr'>phantasmatum,</span> <span class='ocrx_word' id='word_1_78' title='bbox 1347 593 1444 627; x_wconf 82' lang='lat' dir='ltr'>velut</span> <span class='ocrx_word' id='word_1_79' title='bbox 1466 594 1569 627; x_wconf 90' lang='lat' dir='ltr'>rebus</span> <span class='ocrx_word' id='word_1_80' title='bbox 1590 592 1687 638; x_wconf 86' lang='lat' dir='ltr'>ipsis,</span> 
     </span>
     <span class='ocr_line' id='line_1_9' title="bbox 131 645 1686 692; baseline 0.001 -14"><span class='ocrx_word' id='word_1_81' title='bbox 131 652 169 678; x_wconf 91' lang='lat' dir='ltr'>ut</span> <span class='ocrx_word' id='word_1_82' title='bbox 197 654 294 691; x_wconf 86' lang='lat' dir='ltr'>patet</span> <span class='ocrx_word' id='word_1_83' title='bbox 321 658 361 679; x_wconf 84' lang='lat' dir='ltr'>ex</span> <span class='ocrx_word' id='word_1_84' title='bbox 389 646 443 679; x_wconf 89' lang='lat' dir='ltr'>his</span> <span class='ocrx_word' id='word_1_85' title='bbox 470 657 561 691; x_wconf 89' lang='lat' dir='ltr'>quae</span> <span class='ocrx_word' id='word_1_86' title='bbox 588 647 623 679; x_wconf 93' lang='lat' dir='ltr'>in</span> <span class='ocrx_word' id='word_1_87' title='bbox 650 647 767 692; x_wconf 90' lang='lat' dir='ltr'>primo</span> <span class='ocrx_word' id='word_1_88' title='bbox 795 647 888 680; x_wconf 88' lang='lat' dir='ltr'>dicta</span> <span class='ocrx_word' id='word_1_89' title='bbox 914 655 996 680; x_wconf 87' lang='lat' dir='ltr'>sunt</span> <span class='ocrx_word' id='word_1_90' title='bbox 1023 652 1068 692; x_wconf 76' lang='lat' dir='ltr'>(q.</span> <span class='ocrx_word' id='word_1_91' title='bbox 1096 648 1151 690; x_wconf 75' lang='lat'>84.</span> <span class='ocrx_word' id='word_1_92' title='bbox 1178 651 1240 680; x_wconf 75' lang='lat' dir='ltr'>art.</span> <span class='ocrx_word' id='word_1_93' title='bbox 1268 648 1331 692; x_wconf 73' lang='lat' dir='ltr'><em>S.)‚·</em></span> <span class='ocrx_word' id='word_1_94' title='bbox 1360 654 1393 680; x_wconf 87' lang='lat' dir='ltr'>et</span> <span class='ocrx_word' id='word_1_95' title='bbox 1419 647 1500 680; x_wconf 89' lang='lat' dir='ltr'>ideo</span> <span class='ocrx_word' id='word_1_96' title='bbox 1527 647 1562 680; x_wconf 90' lang='lat' dir='ltr'>id</span> <span class='ocrx_word' id='word_1_97' title='bbox 1590 645 1686 692; x_wconf 90' lang='lat' dir='ltr'>quod</span> 
     </span>
     <span class='ocr_line' id='line_1_10' title="bbox 129 692 1688 745; baseline 0.001 -14"><span class='ocrx_word' id='word_1_98' title='bbox 129 698 204 743; x_wconf 86' lang='lat' dir='ltr'>agit</span> <span class='ocrx_word' id='word_1_99' title='bbox 228 698 343 732; x_wconf 93' lang='lat' dir='ltr'>homo</span> <span class='ocrx_word' id='word_1_100' title='bbox 371 699 564 741; x_wconf 85' lang='lat' dir='ltr'>dormiens,</span> <span class='ocrx_word' id='word_1_101' title='bbox 592 700 651 745; x_wconf 91' lang='lat' dir='ltr'>qui</span> <span class='ocrx_word' id='word_1_102' title='bbox 678 711 751 733; x_wconf 91' lang='lat' dir='ltr'>non</span> <span class='ocrx_word' id='word_1_103' title='bbox 777 700 885 734; x_wconf 84' lang='lat' dir='ltr'>habet</span> <span class='ocrx_word' id='word_1_104' title='bbox 911 700 1062 734; x_wconf 87' lang='lat' dir='ltr'>liberum</span> <span class='ocrx_word' id='word_1_105' title='bbox 1089 701 1261 745; x_wconf 83' lang='lat' dir='ltr'>judiciuin</span> <span class='ocrx_word' id='word_1_106' title='bbox 1288 692 1447 742; x_wconf 82' lang='lat' dir='ltr'>rationis,</span> <span class='ocrx_word' id='word_1_107' title='bbox 1474 711 1548 734; x_wconf 91' lang='lat' dir='ltr'>non</span> <span class='ocrx_word' id='word_1_108' title='bbox 1574 700 1688 745; x_wconf 91' lang='lat' dir='ltr'>impu-</span> 
     </span>
     <span class='ocr_line' id='line_1_11' title="bbox 130 752 1685 799; baseline 0.001 -15"><span class='ocrx_word' id='word_1_109' title='bbox 130 759 226 784; x_wconf 89' lang='lat' dir='ltr'>tatur</span> <span class='ocrx_word' id='word_1_110' title='bbox 247 752 278 785; x_wconf 90' lang='lat' dir='ltr'>ei</span> <span class='ocrx_word' id='word_1_111' title='bbox 302 752 343 785; x_wconf 87' lang='lat' dir='ltr'>ad</span> <span class='ocrx_word' id='word_1_112' title='bbox 367 752 524 798; x_wconf 87' lang='lat' dir='ltr'>culpam,</span> <span class='ocrx_word' id='word_1_113' title='bbox 550 753 641 786; x_wconf 91' lang='lat' dir='ltr'>sicut</span> <span class='ocrx_word' id='word_1_114' title='bbox 662 765 728 787; x_wconf 86' lang='lat' dir='ltr'>nec</span> <span class='ocrx_word' id='word_1_115' title='bbox 751 752 838 786; x_wconf 88' lang='lat' dir='ltr'>illud</span> <span class='ocrx_word' id='word_1_116' title='bbox 857 754 952 799; x_wconf 89' lang='lat' dir='ltr'>quod</span> <span class='ocrx_word' id='word_1_117' title='bbox 977 754 1049 797; x_wconf 84' lang='lat' dir='ltr'>agit</span> <span class='ocrx_word' id='word_1_118' title='bbox 1069 753 1235 795; x_wconf 89' lang='lat' dir='ltr'>furiosus,</span> <span class='ocrx_word' id='word_1_119' title='bbox 1255 762 1315 787; x_wconf 87' lang='lat' dir='ltr'>aut</span> <span class='ocrx_word' id='word_1_120' title='bbox 1336 765 1479 787; x_wconf 87' lang='lat' dir='ltr'>amens:</span> <span class='ocrx_word' id='word_1_121' title='bbox 1502 754 1568 788; x_wconf 86' lang='lat' dir='ltr'>alio</span> <span class='ocrx_word' id='word_1_122' title='bbox 1590 752 1685 787; x_wconf 82' lang='lat' dir='ltr'>modo</span> 
     </span>
     <span class='ocr_line' id='line_1_12' title="bbox 129 805 1687 852; baseline 0.001 -14"><span class='ocrx_word' id='word_1_123' title='bbox 129 812 247 850; x_wconf 89' lang='lat' dir='ltr'>potest</span> <span class='ocrx_word' id='word_1_124' title='bbox 274 805 493 840; x_wconf 88' lang='lat' dir='ltr'>considerari</span> <span class='ocrx_word' id='word_1_125' title='bbox 520 814 696 840; x_wconf 89' lang='lat' dir='ltr'>nocturna</span> <span class='ocrx_word' id='word_1_126' title='bbox 723 806 874 852; x_wconf 86' lang='lat' dir='ltr'>pollutio</span> <span class='ocrx_word' id='word_1_127' title='bbox 901 818 963 852; x_wconf 89' lang='lat' dir='ltr'>per</span> <span class='ocrx_word' id='word_1_128' title='bbox 990 807 1300 852; x_wconf 78' lang='lat' dir='ltr'>comparationem</span> <span class='ocrx_word' id='word_1_129' title='bbox 1328 807 1371 840; x_wconf 87' lang='lat' dir='ltr'>ad</span> <span class='ocrx_word' id='word_1_130' title='bbox 1398 818 1501 840; x_wconf 91' lang='lat' dir='ltr'>suam</span> <span class='ocrx_word' id='word_1_131' title='bbox 1528 817 1687 847; x_wconf 84' lang='lat' dir='ltr'>causam,</span> 
     </span>
     <span class='ocr_line' id='line_1_13' title="bbox 133 859 1688 906; baseline 0.001 -15"><span class='ocrx_word' id='word_1_132' title='bbox 133 868 224 903; x_wconf 89' lang='lat' dir='ltr'>quae</span> <span class='ocrx_word' id='word_1_133' title='bbox 252 867 370 904; x_wconf 91' lang='lat' dir='ltr'>potest</span> <span class='ocrx_word' id='word_1_134' title='bbox 395 871 472 893; x_wconf 84' lang='lat' dir='ltr'>esse</span> <span class='ocrx_word' id='word_1_135' title='bbox 500 860 632 906; x_wconf 70' lang='lat' dir='ltr'>triplex:</span> <span class='ocrx_word' id='word_1_136' title='bbox 660 871 726 894; x_wconf 79' lang='lat' dir='ltr'>uua</span> <span class='ocrx_word' id='word_1_137' title='bbox 753 860 897 905; x_wconf 89' lang='lat' dir='ltr'>quidem</span> <span class='ocrx_word' id='word_1_138' title='bbox 925 860 1138 905; x_wconf 85' lang='lat' dir='ltr'>corporalis:</span> <span class='ocrx_word' id='word_1_139' title='bbox 1173 871 1256 893; x_wconf 89' lang='lat' dir='ltr'>cum</span> <span class='ocrx_word' id='word_1_140' title='bbox 1289 861 1385 894; x_wconf 91' lang='lat' dir='ltr'>enim</span> <span class='ocrx_word' id='word_1_141' title='bbox 1418 861 1552 894; x_wconf 88' lang='lat' dir='ltr'>humor</span> <span class='ocrx_word' id='word_1_142' title='bbox 1584 859 1688 894; x_wconf 89' lang='lat' dir='ltr'>semi-</span> 
     </span>
     <span class='ocr_line' id='line_1_14' title="bbox 130 910 1689 959; baseline 0.002 -15"><span class='ocrx_word' id='word_1_143' title='bbox 130 910 222 945; x_wconf 90' lang='lat' dir='ltr'>nalis</span> <span class='ocrx_word' id='word_1_144' title='bbox 256 913 521 957; x_wconf 78' lang='lat' dir='ltr'>superabundat</span> <span class='ocrx_word' id='word_1_145' title='bbox 547 913 583 946; x_wconf 89' lang='lat' dir='ltr'>in</span> <span class='ocrx_word' id='word_1_146' title='bbox 612 924 774 959; x_wconf 85' lang='lat' dir='ltr'>corpore,</span> <span class='ocrx_word' id='word_1_147' title='bbox 806 913 863 955; x_wconf 82' lang='lat' dir='ltr'>vel</span> <span class='ocrx_word' id='word_1_148' title='bbox 893 925 977 946; x_wconf 90' lang='lat' dir='ltr'>cum</span> <span class='ocrx_word' id='word_1_149' title='bbox 1004 913 1095 947; x_wconf 84' lang='lat' dir='ltr'>sacta</span> <span class='ocrx_word' id='word_1_150' title='bbox 1129 921 1181 947; x_wconf 83' lang='lat' dir='ltr'>est</span> <span class='ocrx_word' id='word_1_151' title='bbox 1214 913 1378 947; x_wconf 88' lang='lat' dir='ltr'>humoris</span> <span class='ocrx_word' id='word_1_152' title='bbox 1412 913 1597 955; x_wconf 83' lang='lat' dir='ltr'>resolutio,</span> <span class='ocrx_word' id='word_1_153' title='bbox 1630 911 1689 946; x_wconf 82' lang='lat' dir='ltr'>vel</span> 
     </span>
     <span class='ocr_line' id='line_1_15' title="bbox 130 965 1689 1012; baseline 0.001 -15"><span class='ocrx_word' id='word_1_154' title='bbox 130 975 193 1010; x_wconf 91' lang='lat' dir='ltr'>per</span> <span class='ocrx_word' id='word_1_155' title='bbox 219 965 370 999; x_wconf 83' lang='lat' dir='ltr'>nimiam</span> <span class='ocrx_word' id='word_1_156' title='bbox 399 965 674 1000; x_wconf 79' lang='lat' dir='ltr'>calefactionem</span> <span class='ocrx_word' id='word_1_157' title='bbox 702 966 874 1012; x_wconf 87' lang='lat' dir='ltr'>corporis,</span> <span class='ocrx_word' id='word_1_158' title='bbox 909 967 965 1000; x_wconf 86' lang='lat' dir='ltr'>vel</span> <span class='ocrx_word' id='word_1_159' title='bbox 1000 978 1063 1012; x_wconf 86' lang='lat' dir='ltr'>per</span> <span class='ocrx_word' id='word_1_160' title='bbox 1097 978 1364 1012; x_wconf 84' lang='lat' dir='ltr'>quamcumque</span> <span class='ocrx_word' id='word_1_161' title='bbox 1391 966 1499 1000; x_wconf 88' lang='lat' dir='ltr'>aliam</span> <span class='ocrx_word' id='word_1_162' title='bbox 1528 977 1689 1001; x_wconf 90' lang='lat' dir='ltr'>commo-</span> 
     </span>
     <span class='ocr_line' id='line_1_16' title="bbox 129 1017 1689 1065; baseline 0.001 -14"><span class='ocrx_word' id='word_1_163' title='bbox 129 1017 280 1059; x_wconf 89' lang='lat' dir='ltr'>tionem,</span> <span class='ocrx_word' id='word_1_164' title='bbox 307 1019 465 1052; x_wconf 87' lang='lat' dir='ltr'>somniat</span> <span class='ocrx_word' id='word_1_165' title='bbox 486 1019 669 1053; x_wconf 90' lang='lat' dir='ltr'>dormiens</span> <span class='ocrx_word' id='word_1_166' title='bbox 691 1029 733 1052; x_wconf 86' lang='lat' dir='ltr'>ea</span> <span class='ocrx_word' id='word_1_167' title='bbox 755 1029 846 1064; x_wconf 90' lang='lat' dir='ltr'>quae</span> <span class='ocrx_word' id='word_1_168' title='bbox 868 1019 1045 1064; x_wconf 84' lang='lat' dir='ltr'>pertinent</span> <span class='ocrx_word' id='word_1_169' title='bbox 1059 1021 1102 1053; x_wconf 91' lang='lat' dir='ltr'>ad</span> <span class='ocrx_word' id='word_1_170' title='bbox 1125 1020 1374 1064; x_wconf 87' lang='lat' dir='ltr'>expulsionem</span> <span class='ocrx_word' id='word_1_171' title='bbox 1396 1020 1606 1065; x_wconf 79' lang='lat' dir='ltr'>hujusmodi</span> <span class='ocrx_word' id='word_1_172' title='bbox 1625 1019 1689 1053; x_wconf 92' lang='lat' dir='ltr'>hu-</span> 
     </span>
     <span class='ocr_line' id='line_1_17' title="bbox 135 1071 1689 1119; baseline 0.001 -15"><span class='ocrx_word' id='word_1_173' title='bbox 135 1071 246 1105; x_wconf 92' lang='lat' dir='ltr'>moris</span> <span class='ocrx_word' id='word_1_174' title='bbox 276 1071 500 1113; x_wconf 86' lang='lat' dir='ltr'>abundantis,</span> <span class='ocrx_word' id='word_1_175' title='bbox 522 1072 579 1105; x_wconf 71' lang='lat' dir='ltr'>vel</span> <span class='ocrx_word' id='word_1_176' title='bbox 602 1071 766 1114; x_wconf 88' lang='lat' dir='ltr'>resoluti;</span> <span class='ocrx_word' id='word_1_177' title='bbox 793 1072 885 1106; x_wconf 91' lang='lat' dir='ltr'>sicut</span> <span class='ocrx_word' id='word_1_178' title='bbox 905 1073 1014 1106; x_wconf 86' lang='lat' dir='ltr'>etiam</span> <span class='ocrx_word' id='word_1_179' title='bbox 1038 1073 1223 1118; x_wconf 88' lang='lat' dir='ltr'>contingit,</span> <span class='ocrx_word' id='word_1_180' title='bbox 1245 1074 1341 1118; x_wconf 89' lang='lat' dir='ltr'>quod</span> <span class='ocrx_word' id='word_1_181' title='bbox 1368 1081 1494 1107; x_wconf 87' lang='lat' dir='ltr'>natura</span> <span class='ocrx_word' id='word_1_182' title='bbox 1520 1081 1689 1119; x_wconf 84' lang='lat' dir='ltr'>gravatur</span> 
     </span>
     <span class='ocr_line' id='line_1_18' title="bbox 133 1123 1688 1171; baseline 0.002 -14"><span class='ocrx_word' id='word_1_183' title='bbox 133 1135 174 1157; x_wconf 82' lang='lat' dir='ltr'>ex</span> <span class='ocrx_word' id='word_1_184' title='bbox 197 1123 315 1170; x_wconf 89' lang='lat' dir='ltr'>aliqua</span> <span class='ocrx_word' id='word_1_185' title='bbox 339 1124 407 1158; x_wconf 88' lang='lat' dir='ltr'>alia</span> <span class='ocrx_word' id='word_1_186' title='bbox 429 1124 682 1169; x_wconf 86' lang='lat' dir='ltr'>superfluitate,</span> <span class='ocrx_word' id='word_1_187' title='bbox 704 1125 753 1158; x_wconf 90' lang='lat' dir='ltr'>ita</span> <span class='ocrx_word' id='word_1_188' title='bbox 774 1125 870 1170; x_wconf 90' lang='lat' dir='ltr'>quod</span> <span class='ocrx_word' id='word_1_189' title='bbox 898 1126 1113 1171; x_wconf 88' lang='lat' dir='ltr'>quandoque</span> <span class='ocrx_word' id='word_1_190' title='bbox 1139 1125 1340 1159; x_wconf 85' lang='lat' dir='ltr'>formantur</span> <span class='ocrx_word' id='word_1_191' title='bbox 1366 1126 1401 1159; x_wconf 91' lang='lat' dir='ltr'>in</span> <span class='ocrx_word' id='word_1_192' title='bbox 1427 1126 1688 1171; x_wconf 72' lang='lat' dir='ltr'>imaginatione</span> 
     </span>
     <span class='ocr_line' id='line_1_19' title="bbox 134 1177 1690 1225; baseline 0.002 -15"><span class='ocrx_word' id='word_1_193' title='bbox 134 1177 386 1222; x_wconf 86' lang='lat' dir='ltr'>phantasmata</span> <span class='ocrx_word' id='word_1_194' title='bbox 408 1178 623 1223; x_wconf 88' lang='lat' dir='ltr'>pertinentia</span> <span class='ocrx_word' id='word_1_195' title='bbox 650 1178 692 1211; x_wconf 90' lang='lat' dir='ltr'>ad</span> <span class='ocrx_word' id='word_1_196' title='bbox 720 1178 954 1212; x_wconf 86' lang='lat' dir='ltr'>emissionem</span> <span class='ocrx_word' id='word_1_197' title='bbox 979 1178 1105 1212; x_wconf 88' lang='lat' dir='ltr'>talium</span> <span class='ocrx_word' id='word_1_198' title='bbox 1132 1179 1434 1225; x_wconf 80' lang='lat' dir='ltr'>superfluitatum3</span> <span class='ocrx_word' id='word_1_199' title='bbox 1463 1179 1491 1213; x_wconf 89' lang='lat' dir='ltr'>si</span> <span class='ocrx_word' id='word_1_200' title='bbox 1504 1180 1611 1225; x_wconf 89' lang='lat' dir='ltr'>igitur</span> <span class='ocrx_word' id='word_1_201' title='bbox 1636 1190 1690 1213; x_wconf 90' lang='lat' dir='ltr'>su-</span> 
     </span>
     <span class='ocr_line' id='line_1_20' title="bbox 131 1230 1691 1278; baseline 0.002 -15"><span class='ocrx_word' id='word_1_202' title='bbox 131 1230 414 1276; x_wconf 86' lang='lat' dir='ltr'>perabundantia</span> <span class='ocrx_word' id='word_1_203' title='bbox 444 1230 525 1265; x_wconf 86' lang='lat' dir='ltr'>talis</span> <span class='ocrx_word' id='word_1_204' title='bbox 555 1231 718 1265; x_wconf 84' lang='lat' dir='ltr'>humoris</span> <span class='ocrx_word' id='word_1_205' title='bbox 750 1232 793 1265; x_wconf 91' lang='lat' dir='ltr'>sit</span> <span class='ocrx_word' id='word_1_206' title='bbox 823 1243 865 1265; x_wconf 78' lang='lat' dir='ltr'>ex</span> <span class='ocrx_word' id='word_1_207' title='bbox 893 1243 1000 1266; x_wconf 85' lang='lat' dir='ltr'>causa</span> <span class='ocrx_word' id='word_1_208' title='bbox 1031 1232 1199 1277; x_wconf 88' lang='lat' dir='ltr'>culpabili</span> <span class='ocrx_word' id='word_1_209' title='bbox 1227 1234 1327 1278; x_wconf 87' lang='lat' dir='ltr'>(puta</span> <span class='ocrx_word' id='word_1_210' title='bbox 1355 1244 1437 1266; x_wconf 90' lang='lat' dir='ltr'>cum</span> <span class='ocrx_word' id='word_1_211' title='bbox 1466 1241 1611 1266; x_wconf 91' lang='lat' dir='ltr'>causata</span> <span class='ocrx_word' id='word_1_212' title='bbox 1638 1240 1691 1266; x_wconf 92' lang='lat' dir='ltr'>est</span> 
     </span>
     <span class='ocr_line' id='line_1_21' title="bbox 131 1283 1688 1331; baseline 0.001 -14"><span class='ocrx_word' id='word_1_213' title='bbox 131 1296 172 1318; x_wconf 77' lang='lat' dir='ltr'>ex</span> <span class='ocrx_word' id='word_1_214' title='bbox 191 1283 434 1330; x_wconf 83' lang='lat' dir='ltr'>superfluitate</span> <span class='ocrx_word' id='word_1_215' title='bbox 458 1285 527 1318; x_wconf 92' lang='lat' dir='ltr'>cibi</span> <span class='ocrx_word' id='word_1_216' title='bbox 544 1285 602 1319; x_wconf 86' lang='lat' dir='ltr'>vel</span> <span class='ocrx_word' id='word_1_217' title='bbox 621 1286 754 1330; x_wconf 89' lang='lat' dir='ltr'>potus),</span> <span class='ocrx_word' id='word_1_218' title='bbox 769 1293 852 1319; x_wconf 90' lang='lat' dir='ltr'>tunc</span> <span class='ocrx_word' id='word_1_219' title='bbox 871 1294 1048 1319; x_wconf 84' lang='lat' dir='ltr'>nocturna</span> <span class='ocrx_word' id='word_1_220' title='bbox 1067 1285 1219 1331; x_wconf 88' lang='lat' dir='ltr'>pollutio</span> <span class='ocrx_word' id='word_1_221' title='bbox 1235 1286 1342 1319; x_wconf 88' lang='lat' dir='ltr'>habet</span> <span class='ocrx_word' id='word_1_222' title='bbox 1362 1286 1540 1319; x_wconf 89' lang='lat' dir='ltr'>rationem</span> <span class='ocrx_word' id='word_1_223' title='bbox 1563 1284 1688 1330; x_wconf 88' lang='lat' dir='ltr'>culpae</span> 
     </span>
     <span class='ocr_line' id='line_1_22' title="bbox 131 1338 1689 1384; baseline 0.001 -14"><span class='ocrx_word' id='word_1_224' title='bbox 131 1348 173 1370; x_wconf 80' lang='lat' dir='ltr'>ex</span> <span class='ocrx_word' id='word_1_225' title='bbox 199 1348 263 1370; x_wconf 88' lang='lat' dir='ltr'>sua</span> <span class='ocrx_word' id='word_1_226' title='bbox 290 1348 416 1372; x_wconf 85' lang='lat' dir='ltr'>causa:</span> <span class='ocrx_word' id='word_1_227' title='bbox 452 1339 479 1371; x_wconf 88' lang='lat' dir='ltr'>si</span> <span class='ocrx_word' id='word_1_228' title='bbox 511 1346 631 1372; x_wconf 87' lang='lat' dir='ltr'>autem</span> <span class='ocrx_word' id='word_1_229' title='bbox 659 1338 994 1384; x_wconf 85' lang='lat' dir='ltr'>superabundantia,</span> <span class='ocrx_word' id='word_1_230' title='bbox 1021 1338 1079 1372; x_wconf 77' lang='lat' dir='ltr'>vel</span> <span class='ocrx_word' id='word_1_231' title='bbox 1105 1338 1277 1372; x_wconf 80' lang='lat' dir='ltr'>resolutio</span> <span class='ocrx_word' id='word_1_232' title='bbox 1311 1338 1392 1372; x_wconf 87' lang='lat' dir='ltr'>talis</span> <span class='ocrx_word' id='word_1_233' title='bbox 1425 1339 1589 1372; x_wconf 87' lang='lat' dir='ltr'>humoris</span> <span class='ocrx_word' id='word_1_234' title='bbox 1615 1349 1689 1372; x_wconf 91' lang='lat' dir='ltr'>non</span> 
     </span>
     <span class='ocr_line' id='line_1_23' title="bbox 130 1390 1688 1438; baseline 0 -14"><span class='ocrx_word' id='word_1_235' title='bbox 130 1391 174 1424; x_wconf 90' lang='lat' dir='ltr'>sit</span> <span class='ocrx_word' id='word_1_236' title='bbox 200 1401 242 1424; x_wconf 80' lang='lat' dir='ltr'>ex</span> <span class='ocrx_word' id='word_1_237' title='bbox 265 1390 383 1436; x_wconf 87' lang='lat' dir='ltr'>aliqua</span> <span class='ocrx_word' id='word_1_238' title='bbox 410 1402 518 1425; x_wconf 86' lang='lat' dir='ltr'>causa</span> <span class='ocrx_word' id='word_1_239' title='bbox 546 1391 727 1437; x_wconf 88' lang='lat' dir='ltr'>culpabili,</span> <span class='ocrx_word' id='word_1_240' title='bbox 748 1400 832 1426; x_wconf 89' lang='lat' dir='ltr'>tunc</span> <span class='ocrx_word' id='word_1_241' title='bbox 854 1399 1031 1426; x_wconf 90' lang='lat' dir='ltr'>nocturna</span> <span class='ocrx_word' id='word_1_242' title='bbox 1058 1391 1210 1437; x_wconf 86' lang='lat' dir='ltr'>pollutio</span> <span class='ocrx_word' id='word_1_243' title='bbox 1232 1403 1307 1426; x_wconf 90' lang='lat' dir='ltr'>non</span> <span class='ocrx_word' id='word_1_244' title='bbox 1329 1400 1381 1425; x_wconf 85' lang='lat' dir='ltr'>est</span> <span class='ocrx_word' id='word_1_245' title='bbox 1403 1391 1601 1438; x_wconf 88' lang='lat' dir='ltr'>culpabilis,</span> <span class='ocrx_word' id='word_1_246' title='bbox 1622 1402 1688 1425; x_wconf 86' lang='lat' dir='ltr'>nec</span> 
     </span>
     <span class='ocr_line' id='line_1_24' title="bbox 129 1443 1689 1490; baseline 0.001 -14"><span class='ocrx_word' id='word_1_247' title='bbox 129 1443 165 1476; x_wconf 89' lang='lat' dir='ltr'>in</span> <span class='ocrx_word' id='word_1_248' title='bbox 192 1454 241 1485; x_wconf 87' lang='lat' dir='ltr'>se,</span> <span class='ocrx_word' id='word_1_249' title='bbox 268 1455 335 1477; x_wconf 89' lang='lat' dir='ltr'>nec</span> <span class='ocrx_word' id='word_1_250' title='bbox 363 1443 398 1477; x_wconf 89' lang='lat' dir='ltr'>in</span> <span class='ocrx_word' id='word_1_251' title='bbox 425 1455 489 1478; x_wconf 86' lang='lat' dir='ltr'>sua</span> <span class='ocrx_word' id='word_1_252' title='bbox 516 1456 637 1479; x_wconf 85' lang='lat' dir='ltr'>causa:</span> <span class='ocrx_word' id='word_1_253' title='bbox 665 1445 732 1478; x_wconf 77' lang='lat' dir='ltr'>aliu</span> <span class='ocrx_word' id='word_1_254' title='bbox 759 1456 845 1478; x_wconf 86' lang='lat' dir='ltr'>vero</span> <span class='ocrx_word' id='word_1_255' title='bbox 873 1455 980 1478; x_wconf 88' lang='lat' dir='ltr'>causa</span> <span class='ocrx_word' id='word_1_256' title='bbox 1006 1453 1204 1478; x_wconf 88' lang='lat' dir='ltr'>nocturnae</span> <span class='ocrx_word' id='word_1_257' title='bbox 1231 1444 1442 1490; x_wconf 89' lang='lat' dir='ltr'>pollutionis</span> <span class='ocrx_word' id='word_1_258' title='bbox 1468 1453 1585 1490; x_wconf 89' lang='lat' dir='ltr'>potest</span> <span class='ocrx_word' id='word_1_259' title='bbox 1612 1455 1689 1478; x_wconf 89' lang='lat' dir='ltr'>esse</span> 
     </span>
     <span class='ocr_line' id='line_1_25' title="bbox 131 1495 1690 1544; baseline 0.001 -15"><span class='ocrx_word' id='word_1_260' title='bbox 131 1495 307 1538; x_wconf 85' lang='lat' dir='ltr'>animalis,</span> <span class='ocrx_word' id='word_1_261' title='bbox 330 1505 364 1530; x_wconf 92' lang='lat' dir='ltr'>et</span> <span class='ocrx_word' id='word_1_262' title='bbox 384 1497 549 1539; x_wconf 80' lang='lat' dir='ltr'>interior3</span> <span class='ocrx_word' id='word_1_263' title='bbox 573 1507 656 1543; x_wconf 86' lang='lat' dir='ltr'>puta</span> <span class='ocrx_word' id='word_1_264' title='bbox 679 1509 761 1531; x_wconf 90' lang='lat' dir='ltr'>cum</span> <span class='ocrx_word' id='word_1_265' title='bbox 784 1509 827 1531; x_wconf 71' lang='lat' dir='ltr'>ex</span> <span class='ocrx_word' id='word_1_266' title='bbox 848 1498 1068 1544; x_wconf 85' lang='lat' dir='ltr'>cogitatione</span> <span class='ocrx_word' id='word_1_267' title='bbox 1087 1498 1315 1543; x_wconf 85' lang='lat' dir='ltr'>praecedenti</span> <span class='ocrx_word' id='word_1_268' title='bbox 1337 1498 1513 1543; x_wconf 87' lang='lat' dir='ltr'>contingit</span> <span class='ocrx_word' id='word_1_269' title='bbox 1531 1497 1690 1543; x_wconf 88' lang='lat' dir='ltr'>aliquem</span> 
     </span>
     <span class='ocr_line' id='line_1_26' title="bbox 137 1549 1689 1596; baseline 0.001 -14"><span class='ocrx_word' id='word_1_270' title='bbox 137 1549 377 1583; x_wconf 88' lang='lat' dir='ltr'>dormientem</span> <span class='ocrx_word' id='word_1_271' title='bbox 404 1550 539 1595; x_wconf 85' lang='lat' dir='ltr'>pollui:</span> <span class='ocrx_word' id='word_1_272' title='bbox 568 1551 740 1596; x_wconf 85' lang='lat' dir='ltr'>cogitatio</span> <span class='ocrx_word' id='word_1_273' title='bbox 768 1560 900 1592; x_wconf 87' lang='lat' dir='ltr'>autem,</span> <span class='ocrx_word' id='word_1_274' title='bbox 927 1563 1017 1596; x_wconf 86' lang='lat' dir='ltr'>quae</span> <span class='ocrx_word' id='word_1_275' title='bbox 1040 1551 1075 1584; x_wconf 88' lang='lat' dir='ltr'>in</span> <span class='ocrx_word' id='word_1_276' title='bbox 1096 1551 1219 1596; x_wconf 82' lang='lat' dir='ltr'>vigilia</span> <span class='ocrx_word' id='word_1_277' title='bbox 1246 1552 1450 1596; x_wconf 87' lang='lat' dir='ltr'>praecessit,</span> <span class='ocrx_word' id='word_1_278' title='bbox 1473 1551 1689 1596; x_wconf 83' lang='lat' dir='ltr'>quandoque</span> 
     </span>
     <span class='ocr_line' id='line_1_27' title="bbox 135 1603 1689 1650; baseline 0.001 -15"><span class='ocrx_word' id='word_1_279' title='bbox 135 1610 188 1636; x_wconf 88' lang='lat' dir='ltr'>est</span> <span class='ocrx_word' id='word_1_280' title='bbox 208 1614 294 1648; x_wconf 89' lang='lat' dir='ltr'>pure</span> <span class='ocrx_word' id='word_1_281' title='bbox 317 1603 556 1648; x_wconf 85' lang='lat' dir='ltr'>speculativa;</span> <span class='ocrx_word' id='word_1_282' title='bbox 578 1613 663 1649; x_wconf 89' lang='lat' dir='ltr'>puta</span> <span class='ocrx_word' id='word_1_283' title='bbox 690 1616 773 1638; x_wconf 89' lang='lat' dir='ltr'>cum</span> <span class='ocrx_word' id='word_1_284' title='bbox 801 1604 928 1650; x_wconf 89' lang='lat' dir='ltr'>aliquis</span> <span class='ocrx_word' id='word_1_285' title='bbox 957 1616 1064 1638; x_wconf 87' lang='lat' dir='ltr'>causa</span> <span class='ocrx_word' id='word_1_286' title='bbox 1092 1604 1342 1649; x_wconf 87' lang='lat' dir='ltr'>disputationis</span> <span class='ocrx_word' id='word_1_287' title='bbox 1373 1605 1509 1649; x_wconf 87' lang='lat' dir='ltr'>cogitat</span> <span class='ocrx_word' id='word_1_288' title='bbox 1536 1604 1579 1638; x_wconf 91' lang='lat' dir='ltr'>de</span> <span class='ocrx_word' id='word_1_289' title='bbox 1607 1615 1689 1649; x_wconf 92' lang='lat' dir='ltr'>pec-</span> 
     </span>
     <span class='ocr_line' id='line_1_28' title="bbox 133 1655 1692 1703; baseline 0.001 -15"><span class='ocrx_word' id='word_1_290' title='bbox 133 1655 221 1689; x_wconf 88' lang='lat' dir='ltr'>catis</span> <span class='ocrx_word' id='word_1_291' title='bbox 252 1655 468 1689; x_wconf 86' lang='lat' dir='ltr'>carnalibus:</span> <span class='ocrx_word' id='word_1_292' title='bbox 497 1658 714 1703; x_wconf 84' lang='lat' dir='ltr'>quandoque</span> <span class='ocrx_word' id='word_1_293' title='bbox 742 1666 862 1691; x_wconf 88' lang='lat' dir='ltr'>autem</span> <span class='ocrx_word' id='word_1_294' title='bbox 890 1666 942 1692; x_wconf 88' lang='lat' dir='ltr'>est</span> <span class='ocrx_word' id='word_1_295' title='bbox 969 1669 1051 1691; x_wconf 89' lang='lat' dir='ltr'>cum</span> <span class='ocrx_word' id='word_1_296' title='bbox 1079 1657 1196 1703; x_wconf 86' lang='lat' dir='ltr'>aliqua</span> <span class='ocrx_word' id='word_1_297' title='bbox 1224 1657 1414 1691; x_wconf 84' lang='lat' dir='ltr'>affectione</span> <span class='ocrx_word' id='word_1_298' title='bbox 1440 1657 1498 1691; x_wconf 86' lang='lat' dir='ltr'>vel</span> <span class='ocrx_word' id='word_1_299' title='bbox 1525 1658 1692 1703; x_wconf 88' lang='lat' dir='ltr'>concupi-</span> 
     </span>
     <span class='ocr_line' id='line_1_29' title="bbox 133 1709 1690 1756; baseline 0.002 -15"><span class='ocrx_word' id='word_1_300' title='bbox 133 1709 302 1751; x_wconf 86' lang='lat' dir='ltr'>scentiae,</span> <span class='ocrx_word' id='word_1_301' title='bbox 319 1709 377 1742; x_wconf 80' lang='lat' dir='ltr'>vel</span> <span class='ocrx_word' id='word_1_302' title='bbox 391 1709 570 1743; x_wconf 86' lang='lat' dir='ltr'>horroris:</span> <span class='ocrx_word' id='word_1_303' title='bbox 594 1710 771 1756; x_wconf 91' lang='lat' dir='ltr'>contingit</span> <span class='ocrx_word' id='word_1_304' title='bbox 785 1719 905 1744; x_wconf 88' lang='lat' dir='ltr'>autem</span> <span class='ocrx_word' id='word_1_305' title='bbox 921 1711 1036 1756; x_wconf 88' lang='lat' dir='ltr'>magis</span> <span class='ocrx_word' id='word_1_306' title='bbox 1051 1710 1204 1755; x_wconf 88' lang='lat' dir='ltr'>pollutio</span> <span class='ocrx_word' id='word_1_307' title='bbox 1219 1719 1395 1744; x_wconf 89' lang='lat' dir='ltr'>nocturna</span> <span class='ocrx_word' id='word_1_308' title='bbox 1411 1722 1452 1744; x_wconf 81' lang='lat' dir='ltr'>ex</span> <span class='ocrx_word' id='word_1_309' title='bbox 1469 1711 1690 1755; x_wconf 85' lang='lat' dir='ltr'>cogitatione</span> 
     </span>
     <span class='ocr_line' id='line_1_30' title="bbox 131 1762 1691 1810; baseline 0.001 -15"><span class='ocrx_word' id='word_1_310' title='bbox 131 1762 331 1796; x_wconf 84' lang='lat' dir='ltr'>carnalium</span> <span class='ocrx_word' id='word_1_311' title='bbox 347 1763 529 1805; x_wconf 79' lang='lat' dir='ltr'>vitiorum,</span> <span class='ocrx_word' id='word_1_312' title='bbox 545 1775 635 1809; x_wconf 88' lang='lat' dir='ltr'>quae</span> <span class='ocrx_word' id='word_1_313' title='bbox 650 1763 714 1798; x_wconf 88' lang='lat' dir='ltr'>fuit</span> <span class='ocrx_word' id='word_1_314' title='bbox 736 1776 818 1797; x_wconf 90' lang='lat' dir='ltr'>cum</span> <span class='ocrx_word' id='word_1_315' title='bbox 841 1765 1133 1810; x_wconf 86' lang='lat' dir='ltr'>concupiscentia</span> <span class='ocrx_word' id='word_1_316' title='bbox 1151 1764 1276 1798; x_wconf 89' lang='lat' dir='ltr'>talium</span> <span class='ocrx_word' id='word_1_317' title='bbox 1296 1764 1588 1808; x_wconf 87' lang='lat' dir='ltr'>delectationum,</span> <span class='ocrx_word' id='word_1_318' title='bbox 1608 1764 1691 1810; x_wconf 88' lang='lat' dir='ltr'>quia</span> 
     </span>
     <span class='ocr_line' id='line_1_31' title="bbox 132 1815 1691 1863; baseline 0.001 -14"><span class='ocrx_word' id='word_1_319' title='bbox 132 1827 175 1850; x_wconf 80' lang='lat' dir='ltr'>ex</span> <span class='ocrx_word' id='word_1_320' title='bbox 202 1815 273 1849; x_wconf 88' lang='lat' dir='ltr'>hoc</span> <span class='ocrx_word' id='word_1_321' title='bbox 301 1824 462 1850; x_wconf 84' lang='lat' dir='ltr'>remanet</span> <span class='ocrx_word' id='word_1_322' title='bbox 489 1817 669 1862; x_wconf 87' lang='lat' dir='ltr'>quoddam</span> <span class='ocrx_word' id='word_1_323' title='bbox 692 1818 894 1863; x_wconf 82' lang='lat' dir='ltr'>vestigium,</span> <span class='ocrx_word' id='word_1_324' title='bbox 924 1825 958 1852; x_wconf 89' lang='lat' dir='ltr'>et</span> <span class='ocrx_word' id='word_1_325' title='bbox 983 1817 1168 1851; x_wconf 89' lang='lat' dir='ltr'>inclinatio</span> <span class='ocrx_word' id='word_1_326' title='bbox 1196 1819 1231 1851; x_wconf 85' lang='lat' dir='ltr'>in</span> <span class='ocrx_word' id='word_1_327' title='bbox 1259 1817 1390 1860; x_wconf 84' lang='lat' dir='ltr'>anima,</span> <span class='ocrx_word' id='word_1_328' title='bbox 1416 1817 1465 1851; x_wconf 91' lang='lat' dir='ltr'>ita</span> <span class='ocrx_word' id='word_1_329' title='bbox 1492 1817 1587 1863; x_wconf 88' lang='lat' dir='ltr'>quod</span> <span class='ocrx_word' id='word_1_330' title='bbox 1611 1817 1691 1851; x_wconf 92' lang='lat' dir='ltr'>dor-</span> 
     </span>
     <span class='ocr_line' id='line_1_32' title="bbox 135 1868 1692 1919; baseline 0.001 -17"><span class='ocrx_word' id='word_1_331' title='bbox 135 1868 250 1902; x_wconf 90' lang='lat' dir='ltr'>miens</span> <span class='ocrx_word' id='word_1_332' title='bbox 272 1868 412 1903; x_wconf 87' lang='lat' dir='ltr'>facilius</span> <span class='ocrx_word' id='word_1_333' title='bbox 435 1870 613 1904; x_wconf 87' lang='lat' dir='ltr'>inducitur</span> <span class='ocrx_word' id='word_1_334' title='bbox 631 1871 666 1904; x_wconf 90' lang='lat' dir='ltr'>in</span> <span class='ocrx_word' id='word_1_335' title='bbox 685 1882 748 1904; x_wconf 89' lang='lat' dir='ltr'>sua</span> <span class='ocrx_word' id='word_1_336' title='bbox 761 1871 1020 1916; x_wconf 83' lang='lat' dir='ltr'>imaginatione</span> <span class='ocrx_word' id='word_1_337' title='bbox 1044 1871 1086 1904; x_wconf 88' lang='lat' dir='ltr'>ad</span> <span class='ocrx_word' id='word_1_338' title='bbox 1109 1871 1377 1919; x_wconf 60' lang='lat' dir='ltr'>assentiendum</span> <span class='ocrx_word' id='word_1_339' title='bbox 1395 1871 1543 1913; x_wconf 86' lang='lat' dir='ltr'>actibus,</span> <span class='ocrx_word' id='word_1_340' title='bbox 1562 1881 1603 1904; x_wconf 77' lang='lat' dir='ltr'>ex</span> <span class='ocrx_word' id='word_1_341' title='bbox 1619 1869 1692 1916; x_wconf 89' lang='lat' dir='ltr'>qui-</span> 
     </span>
     <span class='ocr_line' id='line_1_33' title="bbox 132 1922 1690 1970; baseline 0.001 -15"><span class='ocrx_word' id='word_1_342' title='bbox 132 1922 198 1956; x_wconf 90' lang='lat' dir='ltr'>bus</span> <span class='ocrx_word' id='word_1_343' title='bbox 213 1922 373 1968; x_wconf 87' lang='lat' dir='ltr'>sequitur</span> <span class='ocrx_word' id='word_1_344' title='bbox 387 1922 558 1968; x_wconf 79' lang='lat' dir='ltr'>polluti03</span> <span class='ocrx_word' id='word_1_345' title='bbox 576 1931 610 1957; x_wconf 90' lang='lat' dir='ltr'>et</span> <span class='ocrx_word' id='word_1_346' title='bbox 627 1924 826 1958; x_wconf 88' lang='lat' dir='ltr'>secundum</span> <span class='ocrx_word' id='word_1_347' title='bbox 847 1925 918 1958; x_wconf 91' lang='lat' dir='ltr'>hoc</span> <span class='ocrx_word' id='word_1_348' title='bbox 940 1924 1185 1970; x_wconf 86' lang='lat' dir='ltr'>Philosophus</span> <span class='ocrx_word' id='word_1_349' title='bbox 1207 1924 1292 1958; x_wconf 90' lang='lat' dir='ltr'>dicit</span> <span class='ocrx_word' id='word_1_350' title='bbox 1313 1925 1349 1958; x_wconf 91' lang='lat' dir='ltr'>in</span> <span class='ocrx_word' id='word_1_351' title='bbox 1375 1935 1402 1958; x_wconf 89' lang='lat'>1.</span> <span class='ocrx_word' id='word_1_352' title='bbox 1425 1924 1584 1958; x_wconf 89' lang='lat' dir='ltr'>Ethicor.</span> <span class='ocrx_word' id='word_1_353' title='bbox 1606 1924 1690 1969; x_wconf 81' lang='lat' dir='ltr'>(cap.</span> 
     </span>
     <span class='ocr_line' id='line_1_34' title="bbox 133 1975 1691 2023; baseline 0.001 -15"><span class='ocrx_word' id='word_1_354' title='bbox 133 1975 220 2020; x_wconf 65' lang='lat' dir='ltr'>ult),</span> <span class='ocrx_word' id='word_1_355' title='bbox 236 1976 333 2020; x_wconf 91' lang='lat' dir='ltr'>quod</span> <span class='ocrx_word' id='word_1_356' title='bbox 353 1976 597 2021; x_wconf 85' lang='lat' dir='ltr'>«inquantum</span> <span class='ocrx_word' id='word_1_357' title='bbox 613 1976 784 2022; x_wconf 88' lang='lat' dir='ltr'>paulatim</span> <span class='ocrx_word' id='word_1_358' title='bbox 803 1985 1050 2023; x_wconf 87' lang='lat' dir='ltr'>pertranseunt</span> <span class='ocrx_word' id='word_1_359' title='bbox 1064 1978 1209 2023; x_wconf 89' lang='lat' dir='ltr'>quidam</span> <span class='ocrx_word' id='word_1_360' title='bbox 1229 1985 1349 2011; x_wconf 89' lang='lat' dir='ltr'>motus</span> <span class='ocrx_word' id='word_1_361' title='bbox 1365 1989 1384 2010; x_wconf 89' lang='lat' dir='ltr'>a</span> <span class='ocrx_word' id='word_1_362' title='bbox 1402 1977 1632 2022; x_wconf 87' lang='lat' dir='ltr'>vigilantibus</span> <span class='ocrx_word' id='word_1_363' title='bbox 1646 1977 1691 2011; x_wconf 91' lang='lat' dir='ltr'>ad</span> 
     </span>
     <span class='ocr_line' id='line_1_35' title="bbox 133 2028 1692 2076; baseline 0.002 -15"><span class='ocrx_word' id='word_1_364' title='bbox 133 2028 364 2071; x_wconf 86' lang='lat' dir='ltr'>dormientes,</span> <span class='ocrx_word' id='word_1_365' title='bbox 387 2029 538 2062; x_wconf 89' lang='lat' dir='ltr'>meliora</span> <span class='ocrx_word' id='word_1_366' title='bbox 560 2038 642 2063; x_wconf 90' lang='lat' dir='ltr'>sunt</span> <span class='ocrx_word' id='word_1_367' title='bbox 659 2030 910 2074; x_wconf 86' lang='lat' dir='ltr'>phantasmata</span> <span class='ocrx_word' id='word_1_368' title='bbox 936 2031 1192 2072; x_wconf 87' lang='lat' dir='ltr'>studiosorum,</span> <span class='ocrx_word' id='word_1_369' title='bbox 1219 2042 1327 2076; x_wconf 87' lang='lat' dir='ltr'>quam</span> <span class='ocrx_word' id='word_1_370' title='bbox 1350 2030 1593 2076; x_wconf 88' lang='lat' dir='ltr'>quorumlibet</span> <span class='ocrx_word' id='word_1_371' title='bbox 1606 2043 1637 2071; x_wconf 81' lang='lat'>»3</span> <span class='ocrx_word' id='word_1_372' title='bbox 1657 2038 1692 2064; x_wconf 88' lang='lat' dir='ltr'>et</span> 
     </span>
     <span class='ocr_line' id='line_1_36' title="bbox 136 2081 1691 2130; baseline 0.002 -16"><span class='ocrx_word' id='word_1_373' title='bbox 136 2081 361 2126; x_wconf 83' lang='lat' dir='ltr'>Augustinus</span> <span class='ocrx_word' id='word_1_374' title='bbox 385 2082 470 2116; x_wconf 88' lang='lat' dir='ltr'>dicit</span> <span class='ocrx_word' id='word_1_375' title='bbox 495 2092 546 2116; x_wconf 84' lang='lat'>12.</span> <span class='ocrx_word' id='word_1_376' title='bbox 569 2094 675 2129; x_wconf 83' lang='lat' dir='ltr'>super</span> <span class='ocrx_word' id='word_1_377' title='bbox 698 2083 789 2117; x_wconf 88' lang='lat' dir='ltr'>Gen.</span> <span class='ocrx_word' id='word_1_378' title='bbox 813 2084 856 2117; x_wconf 88' lang='lat' dir='ltr'>ad</span> <span class='ocrx_word' id='word_1_379' title='bbox 878 2084 1019 2117; x_wconf 88' lang='lat' dir='ltr'>literam</span> <span class='ocrx_word' id='word_1_380' title='bbox 1042 2084 1129 2130; x_wconf 70' lang='lat' dir='ltr'>(cap.</span> <span class='ocrx_word' id='word_1_381' title='bbox 1151 2095 1194 2130; x_wconf 76' lang='lat'>15.</span> <span class='ocrx_word' id='word_1_382' title='bbox 1217 2084 1362 2129; x_wconf 79' lang='lat' dir='ltr'>adfiu.)‚</span> <span class='ocrx_word' id='word_1_383' title='bbox 1385 2084 1481 2129; x_wconf 90' lang='lat' dir='ltr'>quod</span> <span class='ocrx_word' id='word_1_384' title='bbox 1507 2096 1524 2115; x_wconf 91' lang='lat'>«</span> <span class='ocrx_word' id='word_1_385' title='bbox 1546 2091 1691 2129; x_wconf 87' lang='lat' dir='ltr'>propter</span> 
     </span>
     <span class='ocr_line' id='line_1_37' title="bbox 135 2134 1691 2182; baseline 0.001 -15"><span class='ocrx_word' id='word_1_386' title='bbox 135 2134 271 2168; x_wconf 87' lang='lat' dir='ltr'>bonam</span> <span class='ocrx_word' id='word_1_387' title='bbox 293 2135 435 2168; x_wconf 85' lang='lat' dir='ltr'>animae</span> <span class='ocrx_word' id='word_1_388' title='bbox 458 2135 687 2170; x_wconf 82' lang='lat' dir='ltr'>affectionem</span> <span class='ocrx_word' id='word_1_389' title='bbox 710 2137 888 2182; x_wconf 90' lang='lat' dir='ltr'>quaedam</span> <span class='ocrx_word' id='word_1_390' title='bbox 909 2137 984 2181; x_wconf 84' lang='lat' dir='ltr'>ejus</span> <span class='ocrx_word' id='word_1_391' title='bbox 1005 2138 1132 2171; x_wconf 89' lang='lat' dir='ltr'>merita</span> <span class='ocrx_word' id='word_1_392' title='bbox 1155 2137 1262 2171; x_wconf 89' lang='lat' dir='ltr'>etiam</span> <span class='ocrx_word' id='word_1_393' title='bbox 1284 2137 1320 2170; x_wconf 92' lang='lat' dir='ltr'>in</span> <span class='ocrx_word' id='word_1_394' title='bbox 1342 2137 1479 2171; x_wconf 89' lang='lat' dir='ltr'>somnis</span> <span class='ocrx_word' id='word_1_395' title='bbox 1502 2136 1638 2170; x_wconf 88' lang='lat' dir='ltr'>clarent</span> <span class='ocrx_word' id='word_1_396' title='bbox 1659 2149 1691 2178; x_wconf 77' lang='lat'>»3</span> 
     </span>
     <span class='ocr_line' id='line_1_38' title="bbox 135 2187 1689 2236; baseline 0.003 -16"><span class='ocrx_word' id='word_1_397' title='bbox 135 2195 170 2221; x_wconf 88' lang='lat' dir='ltr'>et</span> <span class='ocrx_word' id='word_1_398' title='bbox 199 2187 249 2221; x_wconf 91' lang='lat' dir='ltr'>sic</span> <span class='ocrx_word' id='word_1_399' title='bbox 276 2195 383 2233; x_wconf 84' lang='lat' dir='ltr'>patet,</span> <span class='ocrx_word' id='word_1_400' title='bbox 410 2189 506 2233; x_wconf 90' lang='lat' dir='ltr'>quod</span> <span class='ocrx_word' id='word_1_401' title='bbox 532 2197 709 2223; x_wconf 86' lang='lat' dir='ltr'>nocturna</span> <span class='ocrx_word' id='word_1_402' title='bbox 731 2189 882 2235; x_wconf 88' lang='lat' dir='ltr'>pollutio</span> <span class='ocrx_word' id='word_1_403' title='bbox 908 2190 1017 2224; x_wconf 88' lang='lat' dir='ltr'>habet</span> <span class='ocrx_word' id='word_1_404' title='bbox 1042 2191 1219 2224; x_wconf 86' lang='lat' dir='ltr'>rationem</span> <span class='ocrx_word' id='word_1_405' title='bbox 1247 2190 1374 2236; x_wconf 87' lang='lat' dir='ltr'>culpae</span> <span class='ocrx_word' id='word_1_406' title='bbox 1405 2201 1447 2224; x_wconf 78' lang='lat' dir='ltr'>ex</span> <span class='ocrx_word' id='word_1_407' title='bbox 1476 2198 1574 2235; x_wconf 85' lang='lat' dir='ltr'>parte</span> <span class='ocrx_word' id='word_1_408' title='bbox 1605 2201 1689 2224; x_wconf 86' lang='lat' dir='ltr'>suae</span> 
     </span>
     <span class='ocr_line' id='line_1_39' title="bbox 137 2241 1693 2289; baseline 0.002 -16"><span class='ocrx_word' id='word_1_409' title='bbox 137 2251 284 2274; x_wconf 88' lang='lat' dir='ltr'>causae:</span> <span class='ocrx_word' id='word_1_410' title='bbox 309 2241 526 2287; x_wconf 88' lang='lat' dir='ltr'>quandoque</span> <span class='ocrx_word' id='word_1_411' title='bbox 547 2248 670 2276; x_wconf 87' lang='lat' dir='ltr'>tamen</span> <span class='ocrx_word' id='word_1_412' title='bbox 693 2243 878 2288; x_wconf 89' lang='lat' dir='ltr'>contingit,</span> <span class='ocrx_word' id='word_1_413' title='bbox 900 2244 995 2288; x_wconf 89' lang='lat' dir='ltr'>quod</span> <span class='ocrx_word' id='word_1_414' title='bbox 1018 2255 1059 2277; x_wconf 79' lang='lat' dir='ltr'>ex</span> <span class='ocrx_word' id='word_1_415' title='bbox 1080 2243 1310 2289; x_wconf 86' lang='lat' dir='ltr'>praecedenti</span> <span class='ocrx_word' id='word_1_416' title='bbox 1329 2243 1549 2289; x_wconf 87' lang='lat' dir='ltr'>cogitatione</span> <span class='ocrx_word' id='word_1_417' title='bbox 1572 2254 1693 2276; x_wconf 90' lang='lat' dir='ltr'>carna-</span> 
     </span>
     <span class='ocr_line' id='line_1_40' title="bbox 135 2293 1690 2342; baseline 0.003 -16"><span class='ocrx_word' id='word_1_418' title='bbox 135 2293 225 2326; x_wconf 89' lang='lat' dir='ltr'>lium</span> <span class='ocrx_word' id='word_1_419' title='bbox 247 2301 403 2335; x_wconf 90' lang='lat' dir='ltr'>actuum,</span> <span class='ocrx_word' id='word_1_420' title='bbox 432 2295 540 2328; x_wconf 79' lang='lat' dir='ltr'>etiam</span> <span class='ocrx_word' id='word_1_421' title='bbox 567 2294 796 2340; x_wconf 86' lang='lat' dir='ltr'>speculativa⁷</span> <span class='ocrx_word' id='word_1_422' title='bbox 823 2295 880 2330; x_wconf 85' lang='lat' dir='ltr'>vel</span> <span class='ocrx_word' id='word_1_423' title='bbox 906 2297 933 2330; x_wconf 89' lang='lat' dir='ltr'>si</span> <span class='ocrx_word' id='word_1_424' title='bbox 960 2297 1003 2330; x_wconf 87' lang='lat' dir='ltr'>sit</span> <span class='ocrx_word' id='word_1_425' title='bbox 1029 2307 1111 2330; x_wconf 85' lang='lat' dir='ltr'>cum</span> <span class='ocrx_word' id='word_1_426' title='bbox 1132 2297 1295 2338; x_wconf 89' lang='lat' dir='ltr'>horrore,</span> <span class='ocrx_word' id='word_1_427' title='bbox 1318 2297 1476 2342; x_wconf 85' lang='lat' dir='ltr'>sequitur</span> <span class='ocrx_word' id='word_1_428' title='bbox 1496 2296 1531 2329; x_wconf 89' lang='lat' dir='ltr'>in</span> <span class='ocrx_word' id='word_1_429' title='bbox 1553 2297 1690 2330; x_wconf 86' lang='lat' dir='ltr'>somnis</span> 
     </span>
     <span class='ocr_line' id='line_1_41' title="bbox 135 2345 1691 2395; baseline 0.002 -16"><span class='ocrx_word' id='word_1_430' title='bbox 135 2345 307 2392; x_wconf 72' lang='lat' dir='ltr'>polluti03</span> <span class='ocrx_word' id='word_1_431' title='bbox 330 2355 364 2380; x_wconf 89' lang='lat' dir='ltr'>et</span> <span class='ocrx_word' id='word_1_432' title='bbox 392 2355 476 2380; x_wconf 88' lang='lat' dir='ltr'>tunc</span> <span class='ocrx_word' id='word_1_433' title='bbox 508 2359 582 2381; x_wconf 88' lang='lat' dir='ltr'>non</span> <span class='ocrx_word' id='word_1_434' title='bbox 611 2348 719 2382; x_wconf 87' lang='lat' dir='ltr'>habet</span> <span class='ocrx_word' id='word_1_435' title='bbox 739 2349 917 2383; x_wconf 89' lang='lat' dir='ltr'>rationem</span> <span class='ocrx_word' id='word_1_436' title='bbox 944 2349 1083 2395; x_wconf 88' lang='lat' dir='ltr'>culpae,</span> <span class='ocrx_word' id='word_1_437' title='bbox 1110 2361 1176 2383; x_wconf 91' lang='lat' dir='ltr'>nec</span> <span class='ocrx_word' id='word_1_438' title='bbox 1198 2350 1234 2382; x_wconf 87' lang='lat' dir='ltr'>in</span> <span class='ocrx_word' id='word_1_439' title='bbox 1261 2361 1310 2391; x_wconf 90' lang='lat' dir='ltr'>se,</span> <span class='ocrx_word' id='word_1_440' title='bbox 1332 2361 1397 2383; x_wconf 91' lang='lat' dir='ltr'>nec</span> <span class='ocrx_word' id='word_1_441' title='bbox 1420 2349 1455 2382; x_wconf 80' lang='lat' dir='ltr'>in</span> <span class='ocrx_word' id='word_1_442' title='bbox 1478 2360 1542 2382; x_wconf 85' lang='lat' dir='ltr'>sua</span> <span class='ocrx_word' id='word_1_443' title='bbox 1564 2360 1691 2391; x_wconf 80' lang='lat' dir='ltr'>causa3</span> 
     </span>
     <span class='ocr_line' id='line_1_42' title="bbox 136 2401 1691 2448; baseline 0.002 -16"><span class='ocrx_word' id='word_1_444' title='bbox 136 2401 232 2434; x_wconf 72' lang='lat' dir='ltr'>tertia</span> <span class='ocrx_word' id='word_1_445' title='bbox 248 2411 335 2433; x_wconf 80' lang='lat' dir='ltr'>vero</span> <span class='ocrx_word' id='word_1_446' title='bbox 355 2411 462 2433; x_wconf 85' lang='lat' dir='ltr'>causa</span> <span class='ocrx_word' id='word_1_447' title='bbox 486 2408 538 2434; x_wconf 89' lang='lat' dir='ltr'>est</span> <span class='ocrx_word' id='word_1_448' title='bbox 559 2401 749 2446; x_wconf 88' lang='lat' dir='ltr'>spiritualis</span> <span class='ocrx_word' id='word_1_449' title='bbox 768 2403 983 2444; x_wconf 80' lang='lat' dir='ltr'>extrinseca3</span> <span class='ocrx_word' id='word_1_450' title='bbox 1003 2411 1086 2448; x_wconf 88' lang='lat' dir='ltr'>puta</span> <span class='ocrx_word' id='word_1_451' title='bbox 1102 2414 1183 2435; x_wconf 90' lang='lat' dir='ltr'>cum</span> <span class='ocrx_word' id='word_1_452' title='bbox 1206 2414 1248 2436; x_wconf 80' lang='lat' dir='ltr'>ex</span> <span class='ocrx_word' id='word_1_453' title='bbox 1270 2403 1480 2448; x_wconf 86' lang='lat' dir='ltr'>operatione</span> <span class='ocrx_word' id='word_1_454' title='bbox 1502 2402 1691 2436; x_wconf 85' lang='lat' dir='ltr'>daemonis</span> 
     </span>
     <span class='ocr_line' id='line_1_43' title="bbox 135 2453 1691 2498; baseline 0.002 -13"><span class='ocrx_word' id='word_1_455' title='bbox 135 2461 417 2486; x_wconf 87' lang='lat' dir='ltr'>commoventur</span> <span class='ocrx_word' id='word_1_456' title='bbox 442 2453 693 2498; x_wconf 85' lang='lat' dir='ltr'>phantasmata</span> <span class='ocrx_word' id='word_1_457' title='bbox 719 2455 928 2489; x_wconf 86' lang='lat' dir='ltr'>dormientis</span> <span class='ocrx_word' id='word_1_458' title='bbox 949 2455 985 2488; x_wconf 92' lang='lat' dir='ltr'>in</span> <span class='ocrx_word' id='word_1_459' title='bbox 1008 2456 1132 2489; x_wconf 89' lang='lat' dir='ltr'>ordine</span> <span class='ocrx_word' id='word_1_460' title='bbox 1156 2456 1198 2489; x_wconf 87' lang='lat' dir='ltr'>ad</span> <span class='ocrx_word' id='word_1_461' title='bbox 1221 2455 1331 2489; x_wconf 88' lang='lat' dir='ltr'>talem</span> <span class='ocrx_word' id='word_1_462' title='bbox 1354 2454 1542 2496; x_wconf 87' lang='lat' dir='ltr'>effectum;</span> <span class='ocrx_word' id='word_1_463' title='bbox 1565 2463 1600 2488; x_wconf 90' lang='lat' dir='ltr'>et</span> <span class='ocrx_word' id='word_1_464' title='bbox 1619 2455 1691 2488; x_wconf 86' lang='lat' dir='ltr'>hoc</span> 
     </span>
     <span class='ocr_line' id='line_1_44' title="bbox 140 2505 1695 2554; baseline 0.002 -16"><span class='ocrx_word' id='word_1_465' title='bbox 140 2505 286 2550; x_wconf 89' lang='lat' dir='ltr'>quidem</span> <span class='ocrx_word' id='word_1_466' title='bbox 310 2506 500 2551; x_wconf 71' lang='lat' dir='ltr'>quandoque</span> <span class='ocrx_word' id='word_1_467' title='bbox 523 2514 575 2540; x_wconf 87' lang='lat' dir='ltr'>est</span> <span class='ocrx_word' id='word_1_468' title='bbox 595 2518 678 2540; x_wconf 89' lang='lat' dir='ltr'>cum</span> <span class='ocrx_word' id='word_1_469' title='bbox 704 2516 854 2553; x_wconf 87' lang='lat' dir='ltr'>peccato</span> <span class='ocrx_word' id='word_1_470' title='bbox 881 2509 1119 2554; x_wconf 84' lang='lat' dir='ltr'>praecedenti,</span> <span class='ocrx_word' id='word_1_471' title='bbox 1146 2508 1283 2542; x_wconf 88' lang='lat' dir='ltr'>scilicet</span> <span class='ocrx_word' id='word_1_472' title='bbox 1307 2507 1528 2553; x_wconf 86' lang='lat' dir='ltr'>negligentia</span> <span class='ocrx_word' id='word_1_473' title='bbox 1548 2518 1695 2553; x_wconf 88' lang='lat' dir='ltr'>praepa-</span> 
     </span>
     <span class='ocr_line' id='line_1_45' title="bbox 137 2558 1415 2604; baseline 0.003 -13"><span class='ocrx_word' id='word_1_474' title='bbox 137 2558 241 2592; x_wconf 89' lang='lat' dir='ltr'>randi</span> <span class='ocrx_word' id='word_1_475' title='bbox 263 2569 300 2592; x_wconf 91' lang='lat' dir='ltr'>se</span> <span class='ocrx_word' id='word_1_476' title='bbox 323 2566 448 2592; x_wconf 90' lang='lat' dir='ltr'>contra</span> <span class='ocrx_word' id='word_1_477' title='bbox 470 2559 659 2594; x_wconf 89' lang='lat' dir='ltr'>daemonis</span> <span class='ocrx_word' id='word_1_478' title='bbox 680 2560 883 2604; x_wconf 74' lang='lat' dir='ltr'>illusione33</span> <span class='ocrx_word' id='word_1_479' title='bbox 905 2563 998 2596; x_wconf 88' lang='lat' dir='ltr'>unde</span> <span class='ocrx_word' id='word_1_480' title='bbox 1021 2570 1055 2596; x_wconf 92' lang='lat' dir='ltr'>et</span> <span class='ocrx_word' id='word_1_481' title='bbox 1075 2563 1109 2595; x_wconf 93' lang='lat' dir='ltr'>in</span> <span class='ocrx_word' id='word_1_482' title='bbox 1133 2574 1213 2596; x_wconf 91' lang='lat' dir='ltr'>sero</span> <span class='ocrx_word' id='word_1_483' title='bbox 1236 2569 1415 2596; x_wconf 82' lang='lat' dir='ltr'>cantatur:</span> 
     </span>
    </p>
   </div>
   <div class='ocr_carea' id='block_1_3' title="bbox 625 2631 1211 2732">
    <p class='ocr_par' dir='ltr' id='par_1_3' title="bbox 625 2631 1211 2732">
     <span class='ocr_line' id='line_1_46' title="bbox 625 2631 1211 2678; baseline 0.003 -13"><span class='ocrx_word' id='word_1_484' title='bbox 625 2631 823 2677; x_wconf 76' lang='lat' dir='ltr'>Hostemque</span> <span class='ocrx_word' id='word_1_485' title='bbox 847 2637 993 2667; x_wconf 82' lang='lat' dir='ltr'>nostrum</span> <span class='ocrx_word' id='word_1_486' title='bbox 1020 2634 1211 2678; x_wconf 69' lang='lat' dir='ltr'>comprime,</span> 
     </span>
     <span class='ocr_line' id='line_1_47' title="bbox 625 2685 1081 2732; baseline 0.002 -14"><span class='ocrx_word' id='word_1_487' title='bbox 625 2685 678 2719; x_wconf 72' lang='lat' dir='ltr'>Ne</span> <span class='ocrx_word' id='word_1_488' title='bbox 696 2685 892 2730; x_wconf 76' lang='lat' dir='ltr'>polluantur</span> <span class='ocrx_word' id='word_1_489' title='bbox 918 2693 1081 2732; x_wconf 53' lang='lat' dir='ltr'>forporem</span> 
     </span>
    </p>
   </div>
   <div class='ocr_carea' id='block_1_4' title="bbox 136 2771 1694 2926">
    <p class='ocr_par' dir='ltr' id='par_1_4' title="bbox 136 2771 1694 2926">
     <span class='ocr_line' id='line_1_48' title="bbox 136 2771 1691 2820; baseline 0.002 -16"><span class='ocrx_word' id='word_1_490' title='bbox 136 2771 329 2816; x_wconf 78' lang='lat' dir='ltr'>quandoque</span> <span class='ocrx_word' id='word_1_491' title='bbox 349 2782 435 2805; x_wconf 85' lang='lat' dir='ltr'>vero</span> <span class='ocrx_word' id='word_1_492' title='bbox 459 2780 511 2806; x_wconf 90' lang='lat' dir='ltr'>est</span> <span class='ocrx_word' id='word_1_493' title='bbox 532 2773 664 2818; x_wconf 87' lang='lat' dir='ltr'>absque</span> <span class='ocrx_word' id='word_1_494' title='bbox 691 2775 791 2808; x_wconf 91' lang='lat' dir='ltr'>omni</span> <span class='ocrx_word' id='word_1_495' title='bbox 818 2774 921 2820; x_wconf 87' lang='lat' dir='ltr'>culpa</span> <span class='ocrx_word' id='word_1_496' title='bbox 948 2775 1106 2808; x_wconf 88' lang='lat' dir='ltr'>hominis</span> <span class='ocrx_word' id='word_1_497' title='bbox 1133 2786 1175 2808; x_wconf 81' lang='lat' dir='ltr'>ex</span> <span class='ocrx_word' id='word_1_498' title='bbox 1201 2773 1279 2808; x_wconf 85' lang='lat' dir='ltr'>sola</span> <span class='ocrx_word' id='word_1_499' title='bbox 1304 2774 1463 2820; x_wconf 87' lang='lat' dir='ltr'>nequitia</span> <span class='ocrx_word' id='word_1_500' title='bbox 1486 2773 1691 2808; x_wconf 86' lang='lat' dir='ltr'>daemonis:</span> 
     </span>
     <span class='ocr_line' id='line_1_49' title="bbox 136 2823 1694 2874; baseline 0.003 -18"><span class='ocrx_word' id='word_1_501' title='bbox 136 2823 230 2857; x_wconf 90' lang='lat' dir='ltr'>sicut</span> <span class='ocrx_word' id='word_1_502' title='bbox 244 2823 280 2857; x_wconf 85' lang='lat' dir='ltr'>in</span> <span class='ocrx_word' id='word_1_503' title='bbox 299 2823 563 2859; x_wconf 86' lang='lat' dir='ltr'>Collationibus</span> <span class='ocrx_word' id='word_1_504' title='bbox 576 2826 723 2860; x_wconf 87' lang='lat' dir='ltr'>Patrum</span> <span class='ocrx_word' id='word_1_505' title='bbox 737 2827 862 2872; x_wconf 74' lang='lat' dir='ltr'>(collat.</span> <span class='ocrx_word' id='word_1_506' title='bbox 877 2839 929 2862; x_wconf 87' lang='lat'>22.</span> <span class='ocrx_word' id='word_1_507' title='bbox 942 2834 1011 2874; x_wconf 79' lang='lat' dir='ltr'>cap.</span> <span class='ocrx_word' id='word_1_508' title='bbox 1024 2828 1074 2872; x_wconf 77' lang='lat'>6.)</span> <span class='ocrx_word' id='word_1_509' title='bbox 1089 2827 1220 2873; x_wconf 79' lang='lat' dir='ltr'>legitur</span> <span class='ocrx_word' id='word_1_510' title='bbox 1234 2827 1276 2861; x_wconf 91' lang='lat' dir='ltr'>de</span> <span class='ocrx_word' id='word_1_511' title='bbox 1292 2827 1462 2873; x_wconf 90' lang='lat' dir='ltr'>quodam,</span> <span class='ocrx_word' id='word_1_512' title='bbox 1477 2827 1537 2872; x_wconf 90' lang='lat' dir='ltr'>qui</span> <span class='ocrx_word' id='word_1_513' title='bbox 1551 2838 1694 2873; x_wconf 90' lang='lat' dir='ltr'>semper</span> 
     </span>
     <span class='ocr_line' id='line_1_50' title="bbox 137 2876 1693 2926; baseline 0.003 -16"><span class='ocrx_word' id='word_1_514' title='bbox 137 2876 174 2910; x_wconf 89' lang='lat' dir='ltr'>in</span> <span class='ocrx_word' id='word_1_515' title='bbox 196 2876 321 2911; x_wconf 91' lang='lat' dir='ltr'>diebus</span> <span class='ocrx_word' id='word_1_516' title='bbox 342 2877 440 2912; x_wconf 88' lang='lat' dir='ltr'>festis</span> <span class='ocrx_word' id='word_1_517' title='bbox 462 2878 701 2924; x_wconf 87' lang='lat' dir='ltr'>pollutionem</span> <span class='ocrx_word' id='word_1_518' title='bbox 723 2888 939 2914; x_wconf 89' lang='lat' dir='ltr'>nocturnam</span> <span class='ocrx_word' id='word_1_519' title='bbox 961 2881 1172 2926; x_wconf 86' lang='lat' dir='ltr'>patiebatur,</span> <span class='ocrx_word' id='word_1_520' title='bbox 1198 2880 1268 2914; x_wconf 93' lang='lat' dir='ltr'>hoc</span> <span class='ocrx_word' id='word_1_521' title='bbox 1301 2880 1444 2914; x_wconf 85' lang='lat' dir='ltr'>diabolo</span> <span class='ocrx_word' id='word_1_522' title='bbox 1467 2887 1693 2926; x_wconf 84' lang='lat' dir='ltr'>procurante,</span> 
     </span>
    </p>
   </div>
  </div>
 </body>
</html>
