1859 3122
217 147 295 190 140
658 148 879 183 QUAESTIO
914 151 1016 179 XVII.
1050 150 1293 180 ARTICULUS
1325 151 1365 179 V.

281 229 340 262 AD
363 238 510 263 PRIMUM
531 239 617 273 ergo
639 228 842 271 dicendum,
858 231 954 276 quod
975 242 1224 277 quaecumque
1248 231 1317 265 alia
1338 242 1418 277 spes
1434 231 1582 278 adipisci
1604 240 1767 278 expectat

211 290 329 327 sperat
350 282 385 314 in
409 281 533 315 ordine
549 282 591 315 ad
615 282 746 324 Deum,
762 283 853 317 sicut
875 285 917 318 ad
940 284 1107 318 ultimum
1128 285 1250 327 finem,
1272 284 1330 318 vel
1351 285 1442 319 sicut
1457 285 1499 319 ad
1515 286 1670 331 primam
1689 298 1768 320 cau-

214 346 290 368 sam
315 333 542 376 efficientem,
565 343 603 368 ut
629 335 765 369 dictum
788 345 840 370 est
862 337 939 381 (art.
955 340 1098 384 praec).

282 388 341 422 AD
364 398 570 422 SECUNDUM
593 388 798 431 dicendum,
821 391 917 436 quod
939 392 1099 425 medium
1122 391 1295 437 accipitur
1313 391 1347 424 in
1370 391 1551 437 regulatis‚
1575 399 1608 426 et
1628 384 1769 426 mensuss

210 441 305 482 ratis,
328 442 528 475 secundum
550 442 646 487 quod
667 442 874 488 regula,vel
893 456 1061 478 mensura
1080 445 1282 490 attingitur:
1305 445 1503 478 secundum
1531 453 1650 479 autem
1672 445 1768 491 quod

210 494 392 529 exceditur
428 494 552 540 regula
586 503 638 529 est
667 496 904 541 superfluum:
934 499 1134 532 secundum
1166 506 1287 532 autem
1314 497 1493 532 defectum
1517 509 1536 532 a
1557 498 1694 544 regula,
1716 506 1769 533 est

210 547 440 581 diminutum.
460 549 500 581 In
517 548 594 594 ipsa
617 557 738 583 autem
760 549 895 595 regula,
917 550 975 584 vel
997 562 1165 585 mensura
1186 562 1260 585 non
1283 559 1335 585 est
1356 551 1518 597 accipere
1539 551 1712 594 medium,
1734 559 1770 586 et

210 608 389 636 extrema:
411 601 521 635 virtus
544 609 665 636 autem
687 602 835 637 moralis
870 611 923 638 est
956 604 1051 638 circa
1083 616 1135 647 ea,
1157 616 1248 650 quae
1275 604 1484 650 regulantur
1504 605 1655 647 ratione,
1677 605 1769 639 sicut

211 654 307 687 circa
329 654 511 699 objectum
533 656 738 701 proprium3
755 664 788 690 et
806 656 888 691 ideo
911 668 973 702 per
995 669 1031 692 se
1055 658 1224 692 convenit
1243 658 1275 692 ei
1297 669 1374 692 esse
1400 658 1437 692 in
1459 658 1580 692 medio
1600 669 1642 692 ex
1668 666 1768 704 parte

210 707 345 753 proprii
376 707 525 753 objecti:
548 709 610 742 sed
632 709 742 743 virtus
763 709 974 756 theologica
997 719 1049 745 est
1071 711 1166 745 circa
1187 712 1302 758 ipsam
1333 711 1496 757 regulam
1518 713 1673 757 primam
1693 722 1767 745 non

210 760 411 806 regulatam
434 761 502 794 alia
524 761 660 807 regula,
683 762 774 796 sicut
797 763 890 797 circa
912 765 1098 809 proprium
1125 765 1326 810 objectum3
1349 773 1383 798 et
1408 765 1490 798 ideo
1510 776 1573 810 per
1593 776 1642 806 se,
1664 772 1699 799 et
1719 775 1769 799 se-

211 815 369 849 cundum
390 815 576 861 proprium
599 816 783 861 objectum
801 828 875 850 non
895 817 1065 851 convenit
1078 818 1199 852 virtuti
1216 817 1446 863 theologicae
1470 829 1547 852 esse
1569 818 1605 851 in
1627 817 1767 851 medio:

210 868 271 902 sed
294 876 412 914 potest
433 868 498 902 sibi
521 877 727 914 competere
750 881 811 914 per
834 870 1001 904 accidens
1023 871 1161 904 ratione
1178 872 1265 916 ejus,
1287 871 1384 917 quod
1406 871 1591 905 ordinatur
1612 871 1655 904 ad
1674 870 1769 916 prin-

210 921 325 967 cipale
347 922 549 966 objectum:
569 922 661 956 sicut
686 922 774 956 fides
795 934 868 956 non
891 932 1009 968 potest
1034 924 1168 958 habere
1196 924 1369 966 medium,
1392 932 1426 958 et
1447 932 1606 958 extrema
1627 924 1664 957 in
1684 924 1768 966 hoc,

209 976 306 1022 quod
328 976 497 1010 innitatur
519 977 656 1022 primae
678 977 828 1019 veritati,
859 978 917 1011 cui
949 977 1069 1012 nullus
1100 986 1218 1024 potest
1247 978 1354 1012 nimis
1382 978 1500 1012 inniti:
1524 978 1586 1012 sed
1607 989 1649 1012 ex
1669 985 1769 1023 parte

210 1041 349 1071 eorum,
368 1041 458 1075 quae
482 1030 603 1071 credit,
626 1038 745 1076 potest
773 1030 906 1065 habere
928 1031 1101 1073 medium,
1125 1039 1158 1065 et
1181 1040 1352 1074 extrema,
1385 1032 1477 1066 sicut
1509 1042 1622 1065 unum
1642 1042 1769 1065 verum

210 1091 263 1118 est
288 1083 448 1117 medium
470 1083 561 1117 inter
580 1084 652 1118 duo
680 1083 788 1126 falsa3
811 1092 845 1118 et
863 1084 1027 1118 similiter
1049 1096 1128 1131 spes
1147 1096 1221 1119 non
1242 1085 1350 1119 habet
1372 1085 1545 1127 medium,
1561 1092 1596 1118 et
1611 1092 1769 1118 extrema

209 1148 251 1171 ex
272 1145 370 1183 parte
408 1136 612 1183 principalis
648 1137 797 1182 objecti3
829 1137 912 1184 quia
934 1138 1056 1172 divino
1079 1138 1212 1172 auxilio
1234 1138 1354 1172 nullus
1376 1146 1495 1185 potest
1514 1138 1622 1172 nimis
1643 1137 1768 1171 inniti:

209 1190 270 1224 sed
293 1198 466 1236 quantum
489 1190 532 1223 ad
555 1201 608 1231 ea,
635 1201 726 1236 quae
749 1190 897 1225 confidit
918 1191 1045 1237 aliquis
1068 1203 1105 1225 se
1129 1192 1353 1238 adepturum,
1375 1199 1494 1238 potest
1515 1191 1564 1225 ibi
1596 1202 1672 1225 esse
1699 1201 1771 1225 me-

210 1244 322 1285 dium,
338 1251 371 1277 et
391 1251 568 1286 extrema3
595 1243 809 1290 inquantum
827 1243 884 1278 vel
906 1245 1104 1290 praesumit
1131 1256 1183 1286 ea,
1205 1256 1296 1290 quae
1324 1253 1406 1278 sunt
1427 1255 1534 1291 supra
1555 1255 1658 1278 suam
1679 1254 1767 1291 pro-

208 1298 433 1343 portionem3
456 1296 513 1331 vel
535 1296 698 1343 desperat
720 1297 762 1331 de
784 1297 852 1339 his,
879 1308 970 1343 quae
989 1305 1070 1332 sunt
1091 1298 1156 1332 sibi
1178 1298 1462 1343 proportionata.

282 1352 342 1386 AD
365 1361 536 1385 TERTIUM
558 1351 762 1392 dicendum,
784 1351 880 1397 quod
903 1351 1115 1397 expectatio,
1138 1363 1229 1397 quae
1247 1351 1391 1397 ponitur
1407 1351 1443 1385 in
1460 1350 1667 1385 definitione
1682 1350 1770 1396 spei,

210 1416 285 1439 non
303 1405 475 1451 importat
496 1403 717 1446 dilationem,
736 1404 827 1438 sicut
846 1405 1060 1450 expectatio,
1083 1416 1174 1451 quae
1196 1405 1349 1451 pertinet
1367 1405 1410 1439 ad
1432 1404 1768 1450 longanimitatem:

211 1459 273 1492 sed
295 1459 467 1505 importat
486 1466 691 1504 respectum
713 1458 756 1492 ad
783 1457 956 1492 auxilium
983 1458 1163 1501 divinum3
1191 1458 1265 1493 sive
1291 1458 1325 1492 id
1353 1458 1449 1504 quod
1475 1466 1648 1504 speratur,
1675 1456 1771 1491 diffe-

212 1520 320 1554 ratur,
342 1512 416 1546 sive
437 1522 511 1545 non
534 1510 725 1545 differatur.

283 1565 343 1600 AD
365 1575 553 1604 QUARTUM
573 1565 777 1606 dicendum,
799 1564 895 1610 quod
922 1564 1203 1610 magnanimitas
1231 1564 1346 1599 tendit
1372 1566 1407 1599 in
1434 1565 1597 1607 arduum,
1624 1575 1770 1610 sperans

212 1618 357 1665 aliquid,
376 1618 473 1665 quod
488 1626 540 1653 est
553 1629 639 1653 suae
653 1618 858 1664 potestatis;
878 1618 971 1652 unde
987 1618 1129 1664 proprie
1144 1618 1289 1664 respicit
1302 1618 1552 1664 operationem
1567 1617 1770 1664 aliquorum

212 1684 451 1718 magnorum:
473 1672 534 1706 sed
557 1683 648 1718 spes,
671 1672 871 1706 secundum
893 1672 990 1718 quod
1012 1680 1064 1706 est
1081 1671 1192 1706 virtus
1214 1671 1435 1717 theologica,
1456 1671 1598 1718 respicit
1619 1671 1770 1706 arduum

212 1725 357 1760 alterius
379 1725 511 1759 auxilio
535 1725 813 1771 assequendum,
834 1732 873 1759 ut
894 1725 1031 1759 dictum
1053 1733 1106 1759 est
1127 1727 1208 1770 (art.
1230 1737 1257 1760 Ι.
1280 1725 1348 1772 huj.
1370 1725 1431 1771 q.).

759 1853 1102 1898 ARTICULUS
1137 1854 1214 1897 VI.
1726 1864 1769 1910 87

472 1961 653 1991 UTRUM
692 1962 814 1991 SPES
849 1962 932 1991 SIT
970 1962 1173 1992 VIRTUS
1214 1961 1517 1992 DISTINCTA

579 2027 631 2056 AB
660 2027 770 2056 ALIIS
798 2027 1059 2057 VIRTUTIBUS
1088 2027 1404 2056 THEOLOGICIS.

486 2114 528 2160 (3.
551 2115 639 2149 Dist.
661 2115 716 2150 26.
739 2126 769 2160 q.
792 2126 822 2149 2.
845 2120 907 2149 art.
927 2127 954 2161 3.
977 2120 1004 2149 et
1033 2115 1114 2149 Virt.
1137 2126 1168 2160 q.
1189 2126 1219 2149 2.
1243 2119 1305 2148 art.
1324 2126 1351 2160 3.
1375 2114 1494 2160 corp).

283 2204 342 2237 AD
365 2213 515 2237 SEXTUM
538 2203 587 2237 sic
610 2204 825 2249 proceditur.
848 2203 1008 2246 Videtur,
1031 2204 1126 2250 quod
1146 2215 1226 2249 spes
1248 2214 1322 2237 non
1344 2203 1388 2237 sit
1408 2202 1519 2236 virtus
1541 2201 1707 2235 distincta
1727 2200 1769 2234 ab

215 2256 291 2291 aliis
313 2257 500 2291 virtutibus
522 2257 758 2302 theologicis:
781 2258 923 2291 habitus
945 2258 1041 2291 enim
1065 2257 1331 2303 distinguuntur
1349 2255 1548 2290 secundum
1566 2255 1719 2300 objecta,
1733 2261 1771 2287 ut

215 2322 320 2356 supra
343 2311 478 2344 dictum
501 2319 553 2344 θεῖ
576 2311 651 2354 (1-2.
674 2323 703 2356 q.
722 2322 774 2357 54.
794 2316 858 2345 art.
881 2312 949 2354 2.);
970 2310 1032 2345 sed
1054 2311 1151 2344 idem
1174 2318 1227 2344 est
1248 2310 1430 2355 objectum
1453 2308 1539 2354 spei,
1561 2316 1596 2342 et
1617 2307 1769 2341 aliarum

214 2364 387 2398 virtutum
409 2363 718 2409 theologicarum3
742 2375 828 2410 ergo
851 2375 930 2410 spes
952 2375 1026 2398 non
1046 2363 1273 2409 distinguitur
1295 2363 1335 2396 ab
1360 2361 1437 2396 aliis
1459 2361 1646 2395 virtutibus
1672 2360 1771 2394 theo-

215 2417 354 2463 logicis.

287 2481 317 2504 2.
340 2470 575 2504 PRAETEREA.
598 2470 640 2503 In
661 2470 837 2515 Symbolo
856 2470 949 2511 fidei,
964 2470 1000 2503 in
1019 2481 1090 2515 quo
1105 2469 1213 2503 fidem
1231 2468 1452 2514 profitemur,
1468 2468 1613 2502 dicitur:
1629 2467 1770 2513 Expecto

214 2524 481 2558 raszcmvrt'ionmn
503 2529 724 2565 mortuormn,
747 2529 775 2557 ct
795 2525 901 2557 vitam
921 2525 1054 2557 venturi
1070 2523 1211 2557 sacculi:
1235 2522 1295 2555 sed
1319 2523 1518 2567 expectatio
1536 2520 1674 2554 futurae
1688 2520 1771 2553 bea-

214 2577 374 2611 titudinis
397 2577 548 2623 pertinet
571 2577 613 2610 ad
637 2588 750 2621 spem,
773 2584 810 2610 ut
831 2587 938 2621 supra
960 2576 1095 2610 dictum
1118 2584 1170 2609 est
1193 2575 1272 2619 (zzz-t.
1286 2581 1399 2621 praec.
1421 2579 1448 2609 et
1463 2586 1493 2609 2.
1509 2575 1576 2619 ij.
1596 2575 1666 2620 q.);
1683 2583 1770 2618 ergo

216 2642 295 2676 spes
318 2642 336 2664 a
359 2630 426 2664 fide
448 2641 521 2664 non
545 2630 782 2674 distinguitur.

292 2695 319 2729 3.
342 2683 578 2718 PRAETkREA.
601 2683 670 2716 Per
691 2694 791 2728 spem
814 2683 927 2716 homo
950 2682 1062 2716 tendit
1083 2682 1117 2715 in
1139 2682 1278 2715 Deum:
1298 2681 1358 2715 sed
1375 2681 1446 2715 hoc
1462 2680 1604 2727 proprie
1619 2679 1771 2726 pertinet

217 2737 259 2770 ad
283 2737 512 2779 charitatem3
536 2748 621 2781 ergo
644 2747 724 2781 spes
747 2747 766 2769 a
789 2735 961 2769 charitate
984 2746 1057 2769 non
1080 2735 1318 2779 distinguitur.

288 2790 362 2824 SED
385 2800 550 2824 CONTRA.
575 2790 645 2824 Ubi
662 2801 735 2823 non
758 2797 811 2823 est
832 2788 1025 2830 distinctio,
1048 2788 1094 2821 ibi
1117 2799 1189 2821 non
1213 2796 1266 2822 est
1286 2798 1472 2822 numerus:
1495 2786 1556 2820 sed
1583 2797 1662 2832 spes
1689 2797 1771 2820 con-

215 2850 422 2877 numeratur
434 2843 510 2877 aliis
526 2843 712 2877 virtutibus
726 2841 962 2888 theologicis:
978 2842 1064 2876 dicit
1074 2841 1170 2876 enim
1188 2842 1341 2887 Gregor.
1357 2841 1391 2875 in
1412 2852 1438 2875 1.
1451 2839 1578 2875 Moral.
1590 2841 1675 2886 (cap.
1686 2839 1767 2885 16),
