1859 3122
449 172 671 208 QUAESTIO
705 173 913 204 LXXXVIII.
948 173 1192 204 ARTICULUS
1224 174 1281 204 VI.
1563 165 1645 219 629

86 253 228 299 ginitas,
245 253 328 300 quia
347 253 535 299 virginitas
551 262 614 296 est,
636 254 698 289 sed
717 255 799 301 quia
819 256 899 290 Deo
916 256 1079 290 dedicata
1098 256 1392 299 est,hon0ratur;
1412 268 1520 303 quam
1538 257 1648 300 fovet,

85 315 121 341 et
141 315 259 341 servat
281 307 503 342 continentia
529 308 671 354 pietatis
693 320 731 342 n:
758 309 906 351 secundo,
929 310 1011 355 quia
1034 309 1093 344 ille
1119 310 1181 356 qui
1200 319 1308 345 vovet
1330 310 1475 357 aliquid,
1498 319 1533 346 et
1553 311 1648 353 facit,

85 359 164 406 plus
198 372 234 394 se
250 361 330 394 Deo
368 361 521 406 subjicit,
552 373 660 407 quam
683 362 743 396 ille
765 363 826 408 qui
857 362 976 396 solum
1004 363 1111 398 facit:
1134 363 1276 409 subjicit
1297 364 1394 398 enim
1417 375 1453 398 se
1472 365 1553 399 Deo
1575 376 1649 399 non

84 413 203 448 solum
223 422 397 460 quantum
413 415 455 448 ad
471 416 677 457 actum‚sed
697 416 805 450 etiam
826 424 999 462 quantum
1021 417 1063 450 ad
1079 425 1295 462 potestatem
1311 430 1319 459 ;
1337 417 1420 463 quia
1442 417 1485 451 de
1505 426 1648 453 caetero

84 477 158 501 non
180 475 298 513 potest
331 467 425 502 aliud
448 467 584 502 facere:
608 469 700 503 sicut
721 469 799 515 plus
822 470 921 504 daret
943 470 1095 512 homini,
1119 471 1178 516 qui
1205 470 1303 504 daret
1326 471 1357 504 ei
1376 471 1542 505 arborem
1565 482 1648 505 cum

83 520 267 563 fructibus,
297 534 406 568 quam
437 524 495 568 qui
529 523 628 557 daret
662 524 693 558 ei
731 523 865 558 fructus
887 532 1040 566 tantum,
1062 532 1100 559 ut
1125 525 1211 559 dicit
1237 525 1433 560 Anselmus
1462 526 1497 559 in
1524 525 1583 560 lib.
1607 527 1650 560 de

86 575 202 608 Simil.
226 576 315 622 (cap.
331 576 425 620 84.);
449 584 483 609 et
505 576 587 610 inde
611 585 674 619 est,
702 578 798 623 quod
819 578 927 611 etiam
950 578 1240 623 promittentibus
1263 579 1398 623 gratiae
1427 587 1590 625 aguntur,
1614 588 1650 613 ut

85 628 221 662 dictum
249 637 301 663 est
323 630 402 671 (art.
419 636 532 676 praec.
567 630 609 663 ad
639 632 707 676 2.):
731 633 837 672 tertio,
867 631 949 676 quia
989 642 1051 677 per
1073 639 1198 665 votum
1226 632 1462 666 immobiliter
1482 632 1650 667 voluntas

86 681 248 715 firmatur
284 683 319 716 in
352 683 512 717 bonum:
534 683 652 717 facere
682 692 803 717 autem
832 684 964 730 aliquid
996 696 1038 718 ex
1068 684 1254 718 voluntate
1282 685 1422 719 firmata
1442 685 1478 719 in
1500 686 1650 728 bonum,

86 736 239 781 pertinet
258 737 301 770 ad
323 736 585 782 perfectionem
606 737 764 779 virtutis;
793 745 830 770 ut
848 745 946 783 patet
966 749 1030 783 per
1048 737 1184 772 Philos.
1207 739 1244 772 in
1272 749 1302 772 2.
1330 739 1446 772 Etliic.
1472 739 1556 786 (cap.
1575 740 1648 784 4.):

86 789 177 823 sicut
199 790 307 823 etiam
330 801 479 836 peccare
510 798 629 824 mente
657 790 848 832 obstinata,
884 799 1057 836 aggravat
1084 799 1293 837 peccatum3
1316 800 1350 826 et
1371 792 1501 826 dicitur
1526 804 1651 840 pecca·

85 851 162 876 turn
181 843 216 876 in
237 843 410 889 Spiritum
433 842 620 885 Sanctum,
643 851 681 877 ut
695 855 801 889 supra
823 844 958 877 dictum
982 851 1034 877 est
1053 845 1098 890 (q.
1114 855 1164 888 14.
1184 846 1318 887 art.1.).

156 896 216 930 AD
237 907 385 931 PRIMUM
413 908 499 940 ergo
533 897 739 938 dicendum,
761 897 857 943 quod
887 898 1082 931 auctoritas
1104 897 1165 931 illa
1193 906 1245 932 est
1271 897 1505 943 intelligenda
1528 899 1570 933 de
1591 911 1651 933 ne-

86 949 250 984 cessitate
282 950 493 991 coactionis,
527 961 617 996 quae
653 950 937 984 involuntarium
972 959 1106 993 causat,
1147 959 1180 985 et
1215 951 1447 986 devotionem
1475 952 1650 995 excludit3

87 1003 181 1037 unde
203 1003 387 1049 signanter
405 1004 510 1037 dicit:
537 1004 584 1038 Ne
601 1006 675 1049 jam
703 1016 767 1038 non
790 1004 909 1046 devoti,
929 1004 980 1038 sed
1002 1006 1102 1038 inviti
1123 1017 1192 1039 rem
1214 1005 1442 1040 voluntariam
1457 1006 1650 1052 faciamus:

84 1057 279 1091 necessitas
302 1065 422 1090 autem
440 1057 516 1091 voti
542 1068 604 1103 per
629 1057 923 1092 immobilitatem
945 1058 982 1091 fit
1005 1057 1218 1100 voluntatis3
1246 1059 1341 1092 unde
1368 1067 1402 1092 et
1424 1058 1649 1093 voluntatem

86 1110 288 1151 confirmat,
311 1119 345 1144 et
366 1110 599 1144 devotionem
616 1119 740 1156 auget3
761 1119 795 1145 et
816 1112 898 1145 ideo
916 1112 1008 1145 ratio
1030 1123 1105 1146 non
1128 1112 1298 1157 sequitur.

157 1164 216 1198 AD
238 1174 444 1198 SECUNDUM
467 1164 673 1206 dicendum,
693 1165 788 1210 quod
812 1165 1006 1198 necessitas
1030 1165 1243 1207 coactionis,
1262 1166 1478 1212 inquantum
1498 1174 1550 1200 est
1569 1177 1651 1200 con-

83 1217 191 1251 traria
212 1217 400 1259 voluntati,
421 1217 603 1251 tristitiam
639 1226 772 1260 causat,
795 1219 995 1252 secundum
1018 1218 1172 1252 Philos.:
1196 1219 1393 1253 necessitas
1428 1227 1548 1254 autem
1574 1220 1651 1253 voti

84 1271 120 1304 in
142 1270 208 1312 his,
235 1270 295 1316 qui
316 1279 398 1304 sunt
418 1270 509 1305 bene
532 1271 707 1317 dispositi,
726 1271 940 1317 inquantum
962 1272 1188 1306 voluntatem
1211 1272 1412 1315 confirmat,
1431 1285 1504 1307 non
1528 1282 1651 1307 causat

84 1324 275 1365 tristitiam,
302 1324 363 1357 sed
386 1324 576 1369 gaudium3
610 1325 704 1358 unde
731 1326 883 1370 August.
912 1325 997 1359 dicit
1030 1325 1066 1358 in
1094 1326 1194 1371 epist.
1234 1326 1276 1360 ad
1303 1326 1589 1368 Armentarium,
1616 1335 1652 1361 et

84 1376 276 1411 Paulinam
298 1377 387 1423 (127.
411 1378 452 1411 ol.
478 1377 560 1423 45.):
580 1390 597 1409 t<
615 1378 699 1411 Non
721 1385 756 1412 te
777 1378 920 1412 vovisse
943 1379 1137 1424 poeniteat,
1153 1379 1268 1413 immo
1291 1380 1406 1425 gaude
1428 1381 1500 1425 jam
1522 1380 1586 1414 tibi
1601 1381 1650 1414 sic

85 1441 159 1464 non
181 1430 301 1472 licere,
325 1431 421 1476 quod
445 1442 527 1464 cum
542 1439 605 1465 tuo
621 1431 837 1466 detrimento
856 1431 1016 1466 licuisset
1035 1444 1066 1466 »t
1087 1434 1114 1466 si
1137 1440 1260 1467 tamen
1276 1435 1393 1479 ipsum
1416 1445 1506 1479 opus
1528 1445 1651 1467 secun-

87 1485 172 1518 dum
191 1495 228 1518 se
251 1484 520 1518 consideratum
550 1485 649 1519 triste
672 1493 706 1519 et
736 1485 1019 1519 involuntarium
1050 1486 1260 1520 redderetur
1288 1495 1370 1532 post
1391 1495 1529 1529 votum,
1564 1488 1650 1521 dum

84 1547 207 1572 tamen
229 1546 414 1572 remaneat
424 1538 592 1572 voluntas
601 1546 729 1573 votum
747 1539 933 1585 implendi,
946 1540 1061 1573 adhuc
1082 1548 1135 1574 est
1150 1541 1266 1585 magis
1282 1541 1521 1582 meritorium,
1541 1553 1650 1586 quam

85 1591 115 1626 si
129 1591 230 1625 fieret
250 1591 326 1625 sine
347 1599 450 1625 voto:
472 1593 554 1637 quia
572 1591 735 1638 impletio
757 1593 833 1626 voti
855 1600 908 1626 est
927 1601 1026 1627 actus
1048 1593 1247 1639 religionis,
1262 1605 1354 1640 quae
1377 1602 1429 1628 est
1449 1595 1569 1640 potior
1586 1594 1652 1628 vir-

84 1653 153 1687 tus,
176 1656 285 1690 quam
308 1644 532 1686 abstinentia,
556 1646 656 1690 cujus
683 1653 783 1679 actus
806 1653 858 1679 est
883 1647 1056 1692 jejunare.

156 1698 216 1732 AD
239 1708 410 1733 TERTIUM
432 1698 638 1740 dicendum,
662 1699 756 1744 quod
779 1698 838 1732 ille
861 1699 922 1744 qui
955 1699 1040 1733 facit
1062 1699 1196 1745 aliquid
1223 1701 1299 1734 sine
1326 1708 1426 1742 voto,
1459 1700 1568 1734 habet
1589 1700 1652 1733 im-

85 1751 261 1786 mobilem
294 1751 521 1785 voluntatem
555 1760 719 1798 respectu
741 1752 837 1786 illius
873 1753 990 1798 operis
1025 1753 1229 1798 singularis,
1259 1754 1355 1799 quod
1382 1753 1478 1795 facit,
1506 1761 1540 1788 et
1565 1761 1650 1787 tunc

85 1805 230 1851 quando
252 1804 355 1840 facit:
381 1816 456 1839 non
483 1813 604 1839 autem
630 1813 755 1839 manet
779 1805 947 1839 voluntas
974 1807 1049 1851 ejus
1080 1806 1232 1840 omnino
1254 1806 1395 1840 firmata
1421 1808 1457 1840 in
1478 1806 1650 1848 futurum,

84 1860 177 1894 sicut
196 1861 372 1901 voventis,
395 1859 455 1905 qui
482 1871 585 1894 suam
611 1859 837 1894 voluntatem
865 1859 1038 1905 obligavit
1065 1860 1108 1894 ad
1139 1860 1273 1906 aliquid
1294 1859 1514 1902 faciendum,
1537 1869 1572 1895 et
1593 1872 1651 1894 an-

85 1921 231 1959 tequam
255 1912 390 1947 faceret
410 1912 498 1946 illud
521 1912 702 1959 singulare
725 1924 828 1959 opus,
856 1920 890 1946 et
910 1912 1063 1947 fortasse
1090 1913 1132 1947 ad
1159 1913 1292 1960 pluries
1318 1913 1537 1948 faciendum.

625 2038 971 2082 ARTICULUS
1005 2037 1106 2080 Vn.
1582 2054 1651 2101 476

108 2150 261 2179 UTRUM
287 2147 446 2177 VOTUM
473 2145 806 2175 SOLEMNIZETUR
828 2146 906 2174 PER
933 2142 1267 2173 SUSCEPTIONEM
1289 2142 1412 2172 SACRI
1436 2143 1626 2181 ORDINIS,

348 2212 404 2241 ET
431 2212 508 2241 PER
534 2211 863 2241 PROFESSIONEM
885 2210 943 2239 AD
969 2209 1146 2239 CERTAM
1168 2208 1390 2238 REGULAM.

90 2303 192 2349 (Insr.
215 2307 280 2336 art.
299 2313 331 2347 9.
353 2307 444 2347 corp.
466 2305 495 2334 et
514 2311 547 2344 4.
569 2300 657 2334 Dist.
675 2300 726 2345 38.
749 2311 778 2344 q.
801 2311 828 2334 ι.
851 2304 915 2333 art.
938 2310 968 2333 2.
997 2310 1026 2343 q.
1045 2310 1074 2343 3.
1096 2302 1124 2331 et
1152 2296 1274 2341 Quodl.
1297 2308 1326 2342 q.
1346 2308 1374 2342 3.
1397 2301 1463 2330 art.
1485 2296 1536 2331 18.
1564 2302 1652 2341 corp.

611 2358 640 2387 et
661 2352 783 2397 Quodl.
802 2353 834 2387 8.
857 2357 921 2386 art.
941 2363 991 2386 [ο.
1014 2350 1133 2396 corp).

161 2445 221 2480 AD
244 2453 436 2479 SEPTIMUM
458 2442 508 2477 sic
530 2442 746 2488 proceditur.
761 2440 925 2482 Videtur,
947 2439 1043 2486 quod
1065 2446 1193 2473 Votum
1214 2449 1288 2472 non
1316 2436 1572 2472 solemnizetur
1592 2447 1655 2480 per

91 2498 359 2544 susceptionem
381 2497 472 2530 sacri
494 2495 641 2536 ordinis,
669 2502 703 2528 et
723 2506 786 2541 per
809 2493 1073 2539 professionem
1096 2492 1139 2526 ad
1163 2499 1298 2526 certam
1321 2490 1504 2536 regulam:
1526 2497 1654 2523 votum

92 2553 200 2594 enim,
222 2559 260 2585 ut
280 2551 416 2584 dictum
438 2557 492 2583 est
513 2549 593 2594 (art.
616 2561 643 2583 r.
667 2548 734 2594 huj.
758 2547 818 2593 q),
842 2555 894 2581 est
920 2545 1113 2593 promissio
1135 2546 1217 2579 Deo
1244 2544 1356 2578 facta:
1383 2555 1424 2577 ea
1441 2554 1540 2584 vero,
1563 2554 1654 2588 quae

91 2605 243 2640 exterius
261 2611 415 2650 aguntur
434 2603 476 2636 ad
487 2601 757 2636 solemnitatem
770 2600 995 2647 pertinentia,
1006 2610 1080 2633 non
1094 2599 1260 2632 videntur
1283 2597 1441 2631 ordinari
1458 2596 1500 2629 ad
1516 2596 1651 2638 Deum,

92 2659 154 2693 sed
181 2658 223 2692 ad
244 2657 432 2698 homines;
460 2666 546 2701 ergo
572 2665 635 2700 per
662 2654 828 2688 accidens
854 2665 891 2688 se
921 2653 1056 2687 habent
1083 2651 1126 2686 ad
1152 2660 1298 2693 votum3
1317 2661 1392 2683 non
1415 2661 1501 2695 ergo
1524 2649 1654 2683 solem-

92 2711 184 2746 nitas
201 2711 282 2745 talis
305 2717 356 2744 est
377 2709 519 2756 propria
543 2707 700 2743 conditio
727 2707 813 2741 voti.

165 2775 197 2798 2.
210 2764 445 2798 PRAETEREA.
460 2761 552 2796 Illud
567 2761 663 2807 quod
677 2761 829 2807 pertinet
839 2760 882 2794 ad
893 2759 1139 2794 conditionem
1155 2757 1303 2801 alicujus
1318 2756 1380 2798 rei,
1394 2755 1534 2789 videtur
1547 2766 1653 2801 posse

95 2824 302 2864 competere
324 2816 492 2851 omnibus
512 2814 593 2858 illis,
614 2816 649 2849 in
672 2814 798 2860 quibus
819 2825 874 2848 res
896 2813 957 2848 illa
978 2812 1176 2846 invenitur:
1199 2810 1261 2844 sed
1283 2809 1396 2844 multa
1418 2816 1567 2855 possunt
1588 2809 1651 2842 sub

95 2880 182 2906 voto
204 2871 344 2913 cadere,
367 2881 459 2917 quae
480 2880 554 2903 non
576 2868 756 2915 pertinent
776 2879 892 2914 neque
916 2867 959 2901 ad
981 2876 1124 2900 sacrum
1147 2863 1324 2905 ordinem,
1338 2874 1455 2909 neque
1477 2862 1655 2908 pertinent

241 2954 269 2981 S.
290 2953 413 2979 Tnoimc
434 2952 538 2978 Summa
564 2950 724 2984 Theologica.
745 2949 809 2975 V01.
831 2949 873 2974 III
1554 2949 1586 2976 41
