1859 3122
192 136 274 192 832
599 147 816 182 QUAESTIO
851 146 999 176 CXXIII.
1027 145 1269 176 ARTICULUS
1300 146 1328 174 1.

191 238 309 263 autem
337 228 380 262 ad
413 227 659 261 fortitudinem
686 227 816 261 mentis
848 227 1010 273 pertinet,
1046 227 1142 272 quod
1174 226 1419 260 infirmitatem
1454 227 1568 260 carnis
1600 225 1738 260 fortiter

190 281 289 323 ferat,
312 281 407 327 quod
437 281 590 326 pertinet
611 281 654 314 ad
675 281 843 314 virtutem
869 281 1073 326 patientiae,
1099 279 1157 314 vel
1181 279 1416 321 fortitudinis3
1443 287 1478 313 et
1497 280 1592 325 quod
1625 279 1738 313 homo

189 335 370 380 propriam
393 333 637 368 infirmitatem
656 342 904 379 recognoscat,
928 333 1023 379 quod
1046 333 1197 379 pertinet
1220 332 1262 366 ad
1284 331 1553 378 perfectionem,
1576 343 1666 379 quae
1688 332 1740 366 di-

191 388 279 421 citur
304 386 500 421 humilitas.

260 441 319 474 AD
353 451 560 475 SECUNDUM
594 440 798 482 dicendum,
826 440 922 486 quod
956 440 1170 474 exteriorem
1196 439 1334 473 virtutis
1370 447 1489 473 actum
1525 438 1740 484 quandoque

190 493 298 539 aliqui
321 493 479 527 efficiunt
499 504 573 527 non
600 493 772 528 habentes
794 493 963 527 virtutem
986 504 1027 527 ex
1047 493 1165 538 aliqua
1184 492 1252 526 alia
1271 504 1389 534 causa,
1405 503 1513 538 quam
1532 502 1574 525 ex
1592 491 1739 525 virtute:

191 555 225 581 et
246 547 326 581 ideo
348 547 485 581 Philos.
502 547 537 580 in
555 559 583 592 3.
602 547 762 581 Ethicor.
785 546 874 593 (cap.
900 547 947 591 8.)
971 547 1072 592 ponit
1093 547 1234 591 quinque
1257 545 1385 579 modos
1408 556 1546 587 eorum,
1569 545 1630 590 qui
1647 544 1742 578 simi-

190 600 392 634 litudinarie
414 600 579 634 dicuntur
599 599 720 642 fortes,
743 600 844 646 quasi
865 608 1071 634 exercentes
1094 607 1214 633 actum
1235 597 1452 633 fortitudinis
1479 605 1619 644 praeter
1635 597 1742 631 virtu-

190 662 282 696 tem3
302 654 397 699 quod
412 654 557 700 quidem
572 653 748 699 contingit
762 653 1081 699 tripliciter:primo
1096 652 1253 698 quidem,
1268 652 1351 698 quia
1363 651 1525 686 feruntur
1538 651 1575 685 in
1592 650 1627 685 id
1646 650 1742 696 quod

192 715 244 742 est
265 706 419 749 difficile,
442 718 483 740 ac
505 707 534 741 si
554 718 628 740 non
650 715 743 741 esset
764 705 931 748 difficile3
954 706 1049 751 quod
1070 706 1107 739 in
1128 714 1199 740 tres
1221 705 1350 739 modos
1371 705 1560 739 dividitur:
1587 704 1744 751 quando-

192 771 260 806 que
283 761 379 794 enim
400 760 472 794 hoc
495 760 623 794 accidit
643 768 786 806 propter
813 759 1079 805 ignorantiam3
1106 759 1189 804 quia
1209 758 1347 793 scilicet
1367 758 1481 792 homo
1502 769 1577 792 non
1594 757 1744 804 percipit

192 813 479 859 magnitudinem
501 812 648 859 periculi
666 825 672 846 :
695 813 910 858 quandoque
932 813 1004 846 hoc
1027 812 1157 846 accidit
1177 820 1320 858 propter
1338 811 1421 853 hoc,
1441 811 1536 857 quod
1554 811 1668 845 homo
1691 817 1745 845 est

191 867 308 901 bonae
335 867 411 912 spei
432 866 475 900 ad
497 866 655 912 pericula
675 866 875 908 vincenda3
898 874 981 911 puta
1003 877 1086 899 cum
1114 873 1278 911 expertus
1305 872 1358 899 est
1383 876 1421 899 se
1454 875 1560 910 saepe
1586 862 1744 910 pericula

193 920 365 954 evasisse:
385 921 601 965 quandoque
617 928 737 954 autem
751 920 823 954 hoc
838 919 967 953 accidit
981 927 1126 964 propter
1139 918 1339 959 scientiam,
1354 926 1388 952 et
1403 925 1515 951 artem
1530 916 1744 963 quamdam;

192 973 284 1007 sicut
306 973 482 1018 contingit
498 973 534 1006 in
550 972 731 1014 militibus,
754 973 814 1018 qui
828 981 972 1018 propter
986 972 1151 1018 peritiam
1174 982 1369 1013 armorum,
1388 978 1423 1005 et
1441 970 1651 1005 exercitium
1671 980 1745 1004 non

191 1035 357 1072 reputant
378 1026 500 1071 gravia
522 1026 680 1072 pericula
700 1025 796 1067 belli,
821 1026 1050 1059 aestimantes
1071 1036 1108 1059 se
1130 1036 1192 1071 per
1218 1036 1321 1059 suam
1349 1032 1462 1058 artem
1488 1034 1593 1070 posse
1620 1031 1744 1058 contra

193 1079 415 1116 eadefendi:
438 1079 528 1114 sicut
549 1079 722 1125 Vegetius
745 1079 830 1112 dicit
850 1079 886 1112 in
907 1078 966 1112 lib.
993 1089 1020 1112 1.
1048 1078 1091 1111 de
1118 1078 1170 1112 Re
1197 1077 1343 1111 militari
1372 1078 1460 1123 (cap.
1489 1077 1554 1120 1.):
1586 1076 1744 1111 «Nemo

193 1133 308 1167 facere
333 1133 469 1175 metuit,
493 1133 588 1178 quod
606 1144 643 1166 se
661 1133 751 1166 bene
771 1132 936 1166 didicisse
956 1131 1103 1165 confidit
1121 1144 1159 1165 »:
1179 1131 1245 1165 alio
1268 1131 1362 1165 modo
1385 1131 1459 1177 agit
1480 1129 1607 1176 aliquis
1626 1137 1746 1164 actum

192 1185 410 1220 fortitudinis
432 1186 507 1220 sine
529 1186 657 1219 virtute
673 1194 818 1231 propter
836 1184 1033 1230 impulsum
1052 1185 1238 1230 passionis,
1257 1184 1332 1218 sive
1349 1184 1522 1226 tristitiae,
1541 1195 1651 1229 quarn
1670 1182 1748 1217 vult

193 1239 377 1285 repellere,
398 1239 456 1273 vel
478 1239 587 1272 etiam
608 1239 700 1272 irae:
725 1240 818 1273 tertio
840 1238 935 1272 modo
963 1246 1106 1284 propter
1136 1237 1364 1279 electionem,
1393 1248 1468 1271 non
1495 1236 1640 1282 quidem
1666 1235 1746 1270 finis

194 1292 314 1334 debiti,
336 1292 396 1326 sed
419 1291 569 1337 alicujus
590 1291 799 1337 temporalis
822 1291 1009 1325 commodi
1031 1291 1249 1336 acquirendi,
1268 1298 1353 1335 puta
1370 1289 1521 1324 honoris
1539 1289 1747 1335 voluptatis,

194 1345 252 1379 vel
265 1345 372 1387 lucri3
386 1344 444 1379 vel
460 1344 608 1389 alicujus
623 1344 849 1378 incommodi
862 1344 1009 1385 vitandi,
1023 1352 1107 1389 puta
1120 1343 1298 1388 vituperii,
1312 1342 1526 1384 afflictionis,
1541 1341 1599 1376 vel
1612 1342 1746 1376 damni.

266 1399 325 1432 AD
342 1408 512 1432 TERTIUM
535 1397 738 1439 dicendum,
761 1397 857 1443 quod
880 1397 922 1430 ad
944 1396 1217 1430 similitudinem
1240 1395 1437 1442 corporalis
1457 1395 1673 1430 fortitudinis
1700 1395 1748 1429 di-

196 1452 287 1486 citur
309 1451 480 1486 fortitudo
506 1451 647 1485 animae
668 1462 759 1496 quae
777 1450 922 1496 ponitur
939 1450 1061 1491 virtus,
1080 1458 1118 1483 ut
1136 1449 1271 1483 dictum
1291 1457 1343 1483 est
1362 1449 1412 1493 (in
1427 1448 1520 1483 solut.
1540 1448 1581 1482 ad
1598 1449 1662 1492 1.):
1679 1459 1746 1482 nec

195 1515 316 1540 tamen
347 1513 398 1539 est
428 1513 552 1539 contra
581 1505 759 1538 rationem
788 1503 938 1545 virtutis,
968 1502 1064 1549 quod
1095 1514 1138 1537 ex
1163 1501 1317 1536 naturali
1342 1501 1594 1548 complexione
1621 1501 1748 1548 aliquis

196 1559 326 1593 habeat
347 1557 549 1593 naturalem
571 1557 843 1592 inclinationem
867 1557 910 1591 ad
923 1556 1103 1598 virtutem,
1119 1564 1156 1590 ut
1169 1567 1275 1601 supra
1295 1555 1459 1590 habitum
1477 1562 1530 1590 est
1544 1555 1628 1600 (1-2.
1646 1567 1676 1602 q.
1698 1555 1746 1601 63.

197 1617 262 1647 art.
285 1613 340 1658 1.).

764 1727 1106 1773 ARTICULUS
1137 1727 1192 1770 Π.
1680 1734 1748 1770 618

486 1825 639 1856 UTRUM
665 1824 920 1855 FORTITUDO
950 1825 1016 1853 SIT
1043 1823 1199 1854 VIRTUS
1227 1823 1457 1853 SPECIALIS.

293 1909 387 1948 (1-2.
410 1914 439 1948 q.
462 1902 512 1937 61.
535 1908 598 1937 art.
617 1914 645 1948 3.
667 1907 697 1936 et
716 1913 749 1946 4.
771 1907 800 1936 et
816 1913 844 1947 3.
867 1902 955 1936 Dist.
969 1913 1013 1947 33.
1033 1912 1062 1947 q.
1085 1910 1113 1934 ι.
1136 1905 1200 1935 art.
1222 1912 1249 1935 r.
1272 1912 1302 1946 q.
1320 1912 1348 1946 3.
1370 1905 1456 1946 corp.
1479 1904 1509 1934 et
1529 1898 1572 1933 ad
1592 1898 1653 1944 2.)-

269 1986 328 2019 ΑΙ)
350 1996 555 2020 SECUNDUM
582 1985 631 2019 sic
654 1984 867 2031 proceditur.
890 1984 1052 2026 Videtur,
1074 1983 1170 2029 quod
1203 1982 1374 2017 fortitudo
1404 1993 1478 2017 non
1509 1982 1554 2016 sit
1583 1980 1749 2028 specialis

198 2039 327 2073 virtus:
350 2038 476 2072 dicitur
498 2038 606 2080 enim,
634 2038 717 2084 Sap.
747 2038 780 2080 8,
806 2037 903 2083 quod
939 2039 1101 2083 sapientia
1124 2038 1342 2079 sobrietatem,
1365 2041 1394 2071 et
1413 2035 1628 2083 prudentiam
1647 2034 1748 2077 docet,

194 2093 371 2138 justiliam,
394 2096 421 2126 et
445 2093 622 2132 virtutem&
646 2100 680 2125 et
700 2091 844 2137 ponitur
864 2091 913 2124 ibi
937 2091 1047 2124 virtus
1069 2101 1133 2136 pro
1151 2089 1375 2132 fortitudine3
1397 2100 1480 2123 cum
1502 2100 1588 2134 ergo
1614 2099 1749 2122 nomen

199 2145 337 2179 virtutis
359 2145 402 2179 sit
424 2155 618 2178 commune
641 2144 808 2178 omnibus
829 2144 1028 2186 virtutibus,
1049 2143 1188 2178 videtur
1210 2142 1306 2189 quod
1324 2142 1495 2177 fortitudo
1513 2142 1557 2176 sit
1574 2140 1750 2188 generalis

199 2199 320 2233 virtus.

272 2263 301 2286 2.
336 2253 570 2287 PRAETEREA.
594 2251 718 2285 Ambr.
742 2251 827 2285 dicit
848 2251 883 2285 in
916 2262 943 2285 1.
973 2251 1016 2285 de
1047 2249 1120 2285 Off.
1159 2250 1247 2297 (cap.
1275 2251 1366 2296 399:
1400 2262 1418 2281 «
1446 2249 1530 2283 Non
1558 2247 1750 2282 mediocris

201 2307 310 2340 animi
332 2314 383 2340 est
404 2305 586 2346 fortitudo,
610 2316 700 2350 quae
722 2304 799 2338 sola
821 2303 979 2338 defendit
1000 2311 1212 2338 ornamenta
1238 2303 1409 2337 virtutum
1440 2302 1617 2344 omnium,
1649 2308 1682 2335 et
1702 2301 1752 2346 ju-

201 2360 293 2394 dicia
315 2359 480 2400 custodit,
503 2366 536 2392 et
558 2369 648 2403 quae
676 2357 880 2403 inexpiabili
902 2357 1038 2403 praelio
1061 2357 1229 2391 adversus
1252 2357 1374 2391 omnia
1395 2355 1481 2390 vitia
1503 2355 1672 2396 decertat,
1703 2354 1752 2388 in-

200 2414 295 2447 victa
314 2413 356 2446 ad
374 2412 527 2454 labores,
542 2411 642 2445 fortis
657 2411 699 2444 ad
714 2410 882 2456 pericula,
905 2411 1052 2455 rigidior
1067 2410 1234 2444 adversus
1248 2409 1462 2455 voluptates,
1478 2409 1564 2443 dura
1583 2407 1751 2441 adversus

200 2467 400 2508 illecebras,
423 2465 607 2499 avaritiam
631 2463 730 2509 fugat
759 2472 944 2509 tamquam
976 2464 1094 2497 labem
1124 2464 1329 2509 quamdam,
1358 2474 1448 2508 quae
1474 2461 1642 2495 virtutem
1673 2459 1753 2494 effe-

202 2520 314 2554 minet
335 2531 373 2552 »ε
398 2527 432 2553 et
454 2518 548 2552 idem
570 2525 694 2564 postea
717 2517 834 2550 subdit
855 2517 897 2550 de
921 2517 997 2550 aliis
1018 2517 1130 2551 vitiis:
1154 2517 1223 2550 hoc
1247 2524 1366 2550 autem
1390 2526 1465 2549 non
1487 2521 1604 2561 potest
1625 2523 1752 2548 conve-

202 2573 277 2607 nire
301 2572 407 2606 alicui
429 2571 575 2618 speciali
596 2570 735 2612 virtuti3
758 2581 844 2615 ergo
866 2569 1036 2604 fortitudo
1058 2581 1132 2604 non
1154 2578 1206 2604 est
1226 2568 1391 2615 specialis
1412 2568 1533 2602 virtus.

276 2638 304 2672 3.
327 2626 561 2660 PRAETEREA.
584 2624 729 2658 Nomen
752 2623 966 2657 fortitudinis
987 2635 1004 2656 a
1024 2623 1189 2657 firmitate
1213 2630 1395 2669 sumptum
1417 2632 1493 2655 esse
1514 2620 1671 2654 videtur:
1690 2618 1751 2653 sed

203 2678 350 2713 firmiter
379 2690 416 2713 se
446 2678 578 2712 habere
607 2677 758 2724 pertinet
789 2676 831 2709 ad
859 2687 1006 2710 omnem
1035 2677 1215 2718 virtutem,
1244 2684 1282 2710 ut
1311 2675 1439 2709 dicitur
1466 2674 1502 2708 in
1533 2683 1563 2707 2.
1593 2673 1751 2707 Ethicor.

206 2732 292 2780 (cap.
315 2733 379 2777 4.),·
403 2743 489 2777 crgo
512 2731 681 2765 fortitudo
704 2738 756 2764 est
775 2730 886 2763 virtus
908 2729 1094 2773 generalis.

276 2785 349 2819 SED
372 2795 525 2819 CONTRA
548 2792 612 2826 est,
633 2783 729 2830 quod
751 2793 805 2817 22.
824 2781 952 2817 Moral.
975 2783 1062 2828 (cap.
1081 2783 1124 2826 r.)
1148 2782 1299 2827 Gregor.
1315 2787 1551 2815 connumerat
1572 2789 1652 2812 eam
1674 2777 1751 2812 aliis

205 2838 402 2872 virtutibus.
