1859 3122
204 117 289 172 836
619 128 838 164 QUAEsrio
874 128 1022 158 cxxm.
1057 128 1299 158 ARTicULUs
1330 129 1370 158 v.

277 222 305 256 3.
327 210 562 244 PRAETEREA.
586 208 686 243 Bella
708 209 918 244 ordinantur
945 209 987 243 ad
1009 220 1138 255 pacem
1166 208 1406 255 temporalem
1431 209 1648 255 reipublicae
1675 221 1758 245 con-

202 264 426 298 servandam:
449 263 534 296 dicit
556 263 652 296 enirn
674 263 827 308 August.
856 264 898 297 de
926 263 1032 297 Civit.
1055 263 1125 297 Dei
1152 262 1225 306 (lib.
1252 275 1303 309 19.
1331 269 1402 309 cap.
1425 263 1492 308 12.)
1521 265 1616 309 quod
1647 264 1759 298 inten-

201 318 299 351 tione
321 317 418 362 pacis
439 316 534 349 bella
564 324 751 361 geruntur:
775 317 836 351 sed
859 328 923 362 pro
950 327 1037 362 pace
1058 316 1248 362 temporali
1270 315 1486 362 reipublicae
1512 328 1586 350 non
1606 317 1757 359 videtur,

202 370 296 416 quod
321 369 446 415 aliquis
469 369 595 403 debeat
615 381 652 403 se
668 370 827 414 periculo
847 370 973 404 mortis
993 380 1185 415 exponere:
1207 381 1289 403 curn
1316 369 1395 403 talis
1410 381 1477 415 pax
1497 370 1542 403 sit
1562 369 1758 404 multarum

201 423 430 457 lasciviarum
446 422 611 464 occasio3
633 433 720 468 ergo
734 423 884 465 videtur,
906 423 1003 469 quod
1024 423 1134 457 virtus
1148 422 1365 456 fortitudinis
1386 433 1459 456 non
1479 423 1650 458 consistat
1664 423 1760 458 circa

203 476 328 510 mortis
349 475 499 509 bellicae
522 475 691 521 pericula.

275 529 348 563 SED
371 539 525 563 CONTRA
549 537 611 570 est,
635 530 730 574 quod
754 529 889 564 Philos.
907 529 992 564 dicit
1012 530 1048 563 in
1071 541 1099 575 3.
1122 529 1281 563 Ethicor.
1299 529 1384 575 (sap.
1401 529 1463 575 6.),
1484 529 1581 575 quod
1602 529 1760 564 maxime

203 591 256 618 est
276 583 448 617 fortitudo
472 583 566 616 circa
588 591 756 625 mortem,
778 595 869 629 quae
892 591 945 617 est
966 583 1002 617 in
1023 583 1130 617 bello.

273 636 501 671 RESPONDEO
525 636 730 678 dicendum,
753 637 861 682 quod,
883 637 974 671 sicut
996 637 1132 670 dictum
1155 644 1207 670 est
1230 635 1462 682 (art.praec.),
1485 635 1656 670 fortitudo
1679 647 1761 670 con-

206 690 324 724 firmat
350 690 513 722 animum
544 689 703 723 hominis
726 698 851 723 contra
881 690 1039 723 maxima
1061 688 1230 734 pericula,
1258 700 1348 734 quae
1375 696 1455 723 sunt
1481 688 1639 735 pericula
1666 700 1760 722 mor-

205 744 267 778 tis:
295 743 355 777 sed
378 743 459 788 quia
481 742 652 777 fortitudo
679 743 789 777 virtus
817 751 879 786 est,
902 744 944 777 ad
980 744 1079 788 cujus
1116 743 1292 776 rationem
1309 743 1473 788 pertinet,
1502 743 1597 788 quod
1619 753 1762 788 semper

203 798 326 832 tendat
358 797 394 830 in
427 797 575 837 bonum,
604 807 828 842 consequens
855 805 918 838 est,
952 804 989 830 ut
1014 797 1128 830 homo
1157 795 1315 841 pericula
1348 796 1475 829 mortis
1504 806 1577 829 non
1608 795 1761 841 refugiat

204 858 348 895 propter
382 849 527 895 aliquod
556 850 694 883 bonum
720 850 1032 896 prosequendum:
1060 849 1219 896 pericula
1247 858 1366 883 autem
1388 850 1526 892 mortis,
1560 861 1651 896 quae
1678 857 1760 884 sunt

204 915 245 937 ex
268 903 501 948 aegritudine,
520 902 577 936 vel
599 914 640 937 ex
661 911 875 949 tempestate
898 904 1018 945 maris,
1039 902 1098 937 vel
1124 914 1167 937 ex
1180 903 1325 937 incursu
1347 903 1541 945 latronum,
1562 903 1619 937 vel
1642 905 1671 937 si
1692 914 1761 949 qua

206 957 274 990 alia
297 964 378 990 sunt
399 956 619 1001 hujusmodi,
637 968 711 990 non
737 957 902 991 videntur
921 957 1027 990 alicui
1055 957 1187 990 directe
1205 957 1395 990 imminere
1422 968 1463 990 ex
1481 957 1552 990 hoc
1570 956 1667 1003 quod
1684 968 1763 1003 pro-

203 1018 371 1055 sequatur
398 1009 542 1055 aliquod
569 1009 722 1043 bonum:
746 1010 807 1044 sed
834 1010 991 1056 pericula
1020 1010 1156 1051 mortis,
1188 1021 1278 1055 quae
1297 1010 1435 1044 suntin
1461 1009 1611 1052 bellicis,
1629 1010 1762 1044 directe

206 1063 398 1097 imminent
417 1063 559 1096 homini
580 1071 725 1109 propter
752 1063 897 1109 aliquod
918 1064 1067 1105 bonum,
1094 1064 1307 1109 inquantum
1333 1062 1500 1097 videlicet
1525 1062 1683 1097 defendit
1702 1063 1762 1097 bo-

204 1128 294 1150 num
314 1126 509 1149 commune
531 1127 594 1160 per
608 1117 740 1161 justum
760 1116 906 1150 bellum.
929 1116 1051 1150 Potest
1074 1124 1193 1150 autem
1209 1115 1354 1161 aliquod
1374 1127 1451 1150 esse
1472 1117 1605 1161 justum
1626 1115 1763 1150 bellum

203 1170 398 1215 dupliciter:
421 1181 484 1203 nno
506 1169 600 1203 modo
628 1169 806 1215 generale,
833 1169 924 1203 sicut
947 1181 1030 1203 cum
1052 1169 1161 1215 aliqui
1192 1170 1375 1203 decertant
1395 1169 1431 1202 in
1455 1170 1551 1203 acie:
1575 1170 1640 1204 alio
1667 1169 1762 1204 modo

203 1222 429 1269 particulare,
450 1230 535 1268 puta
561 1234 645 1257 cum
668 1222 794 1268 aliquis
817 1222 934 1268 judex,
956 1222 1013 1256 vel
1035 1223 1143 1256 etiam
1162 1233 1316 1268 persona
1337 1222 1474 1268 privata
1495 1233 1569 1256 non
1590 1223 1726 1257 recedit
1744 1233 1763 1256 a

202 1278 296 1321 justo
317 1275 450 1320 judicio
471 1275 601 1309 timore
624 1275 733 1321 gladii
754 1276 987 1318 imminentis,
1009 1275 1067 1309 vel
1089 1277 1348 1321 cujuscumque
1370 1275 1530 1321 periculi,
1558 1275 1698 1310 etiamsi
1719 1276 1764 1310 sit

205 1328 449 1370 mortiferum3
472 1329 623 1374 pertinet
642 1339 727 1374 ergo
752 1328 794 1361 ad
816 1328 1062 1362 fortitudinem
1086 1328 1292 1362 firmitatem
1313 1329 1423 1362 animi
1444 1329 1614 1374 praebere
1637 1337 1763 1363 contra

203 1382 361 1428 pericula
376 1383 513 1422 mortis,
535 1393 609 1415 non
631 1381 749 1415 solum
772 1392 863 1427 quae
877 1382 1067 1415 imminent
1083 1382 1118 1414 in
1133 1381 1228 1414 bello
1245 1381 1442 1422 communi,
1465 1381 1527 1415 sed
1547 1381 1655 1415 etiam
1671 1393 1761 1428 quae

204 1436 395 1469 imminent
416 1435 452 1468 in
471 1434 676 1480 particulari
693 1434 978 1480 impugnatione,
998 1445 1089 1480 quae
1105 1434 1292 1468 communi
1310 1434 1459 1468 nomine
1472 1433 1608 1468 bellurn
1620 1435 1690 1468 dici
1703 1446 1763 1481 po-

204 1497 291 1530 test3
321 1496 355 1522 et
382 1488 578 1522 secundum
606 1488 678 1522 hoc
707 1488 979 1521 concedendum
1007 1495 1070 1529 est,
1105 1488 1200 1532 quod
1222 1486 1393 1521 fortitudo
1421 1487 1564 1533 proprie
1591 1495 1643 1521 est
1669 1488 1763 1521 circa

205 1541 363 1588 pericula
385 1541 522 1582 mortis,
542 1552 632 1586 quae
656 1548 707 1575 est
721 1540 756 1574 in
778 1540 894 1575 bello:
917 1540 979 1575 sed
1003 1548 1037 1575 et
1052 1541 1146 1574 circa
1161 1539 1319 1586 pericula
1342 1541 1600 1586 cujuscumque
1619 1540 1764 1575 alterius

206 1595 332 1629 mortis
352 1594 461 1628 fortes
483 1594 573 1628 bene
603 1605 640 1628 se
661 1594 812 1628 habent:
853 1594 1061 1639 praesertim
1089 1594 1172 1640 quia
1206 1594 1464 1639 cujuscumque
1497 1593 1623 1628 mortis
1649 1593 1763 1628 homo

205 1656 320 1694 potest
343 1647 542 1694 periculum
556 1647 674 1681 subire
689 1655 834 1693 propter
848 1647 1035 1689 virtutem3
1056 1656 1139 1693 puta
1161 1659 1244 1681 cum
1264 1647 1390 1693 aliquis
1404 1658 1478 1681 non
1494 1646 1623 1693 refugit
1644 1647 1763 1681 amico

204 1701 399 1735 infirmanti
414 1701 563 1747 obsequi
573 1708 718 1747 propter
732 1701 902 1735 timorem
917 1700 1123 1735 mortiferae
1139 1700 1342 1734 infectionis
1355 1713 1362 1742 ;
1377 1700 1434 1734 vel
1450 1711 1533 1734 cum
1547 1712 1621 1734 non
1635 1700 1765 1747 refugit

204 1755 361 1790 itinerari
380 1754 423 1788 ad
439 1754 583 1800 aliquod
598 1755 696 1801 pium
715 1754 903 1800 negotium
917 1754 1208 1800 prosequendum
1222 1762 1366 1800 propter
1384 1754 1555 1788 timorem
1575 1753 1764 1800 naufragii,

204 1808 262 1842 vel
283 1808 476 1842 latronum.

276 1862 336 1895 AD
358 1871 507 1895 PRIMUM
526 1871 613 1906 ergo
629 1860 833 1902 dicendum,
857 1861 954 1907 quod
977 1869 1151 1907 martyres
1166 1860 1342 1894 sustinent
1354 1859 1562 1905 personales
1577 1860 1764 1906 impugna-

206 1916 322 1950 tiones
344 1922 489 1960 propter
510 1925 694 1948 summum
716 1914 864 1956 bonum,
888 1914 984 1960 quod
1007 1921 1059 1948 est
1079 1914 1196 1956 Deus3
1218 1913 1299 1947 ideo
1323 1924 1449 1947 eorum
1470 1912 1642 1947 fortitudo
1664 1925 1766 1959 prae-

208 1969 312 2015 cipue
335 1967 629 2002 commendatur:
652 1978 718 2001 nec
742 1975 794 2001 est
815 1975 911 2001 extra
929 1978 1043 2013 genus
1061 1966 1290 2008 fortitudinis,
1313 1977 1404 2012 quae
1427 1974 1480 2000 est
1501 1966 1596 2000 circa
1616 1966 1764 2002 bellica:

208 2022 301 2056 unde
328 2021 511 2055 dicuntur:
534 2022 647 2055 Fortes
661 2021 750 2066 facti
770 2022 806 2055 in
829 2021 907 2055 bello
930 2021 1052 2066 (Hebr.
1074 2020 1149 2065 IL).

279 2075 338 2109 AD
361 2084 567 2109 SECUNDUM
589 2074 794 2115 dicendum,
816 2074 912 2120 quod
935 2085 990 2108 res
1013 2074 1234 2108 domesticae
1255 2072 1314 2107 vel
1328 2073 1483 2106 urbanae
1502 2073 1766 2119 distinguuntur

210 2136 334 2163 contra
356 2139 410 2161 res
426 2127 582 2168 bellicas,
606 2138 696 2173 quae
715 2127 852 2161 scilicet
874 2128 1052 2174 pertinent
1074 2127 1116 2161 ad
1134 2127 1227 2161 bella
1252 2126 1477 2160 communia:
1493 2126 1529 2160 in
1543 2126 1627 2172 ipsis
1641 2135 1764 2161 tamen

208 2182 312 2216 rebus
339 2180 558 2222 domesticis,
576 2180 633 2214 vel
652 2180 795 2214 urbanis
817 2189 967 2226 possunt
987 2181 1177 2214 imminere
1199 2179 1358 2226 pericula
1376 2181 1502 2214 mortis
1517 2191 1558 2213 ex
1579 2180 1766 2226 impugna-

208 2235 364 2270 tionibus
380 2233 604 2279 quibusdam,
627 2244 718 2279 quae
740 2242 821 2267 sunt
836 2234 1013 2279 quaedam
1035 2233 1263 2279 particularia
1284 2232 1397 2274 bella3
1421 2241 1455 2267 et
1475 2233 1523 2267 ita
1539 2232 1646 2267 etiam
1669 2233 1764 2267 circa

208 2287 419 2334 hujusmodi
439 2294 556 2332 potest
578 2297 654 2320 esse
677 2286 818 2332 proprie
841 2287 934 2320 dicta
953 2286 1135 2320 fortitudo.

280 2341 340 2375 AD
363 2350 533 2374 TERrIUM
555 2339 757 2381 dicendum,
773 2340 869 2385 quod
887 2351 956 2386 pax
978 2339 1193 2385 reipublicae
1215 2347 1267 2373 est
1288 2339 1488 2373 secundum
1503 2350 1540 2373 se
1561 2339 1674 2374 bona:
1696 2350 1763 2374 nec

209 2394 366 2429 redditur
387 2392 483 2427 mala
505 2404 546 2426 ex
567 2393 650 2434 hoc,
678 2393 773 2438 quod
796 2393 905 2439 aliqui
928 2393 1021 2426 male
1044 2404 1084 2426 ea
1107 2400 1270 2427 utuntur:
1293 2403 1377 2426 nam
1400 2400 1434 2426 et
1460 2391 1563 2426 multi
1591 2391 1650 2425 alii
1671 2399 1764 2434 sunt,

209 2449 270 2494 qui
290 2449 380 2482 bene
403 2454 559 2488 utuntur,
581 2454 615 2481 et
636 2445 750 2480 multo
766 2447 890 2491 pejora
911 2445 1007 2479 mala
1029 2457 1090 2491 per
1105 2456 1185 2479 eam
1200 2445 1454 2491 prohibentur,
1477 2445 1629 2479 scilicet:
1650 2445 1765 2479 horni-

211 2501 312 2544 cidia,
332 2499 530 2545 sacrilegia,
552 2510 660 2545 quam
679 2510 720 2533 ex
740 2510 781 2534 ea
801 2499 1088 2540 occasionentur,
1105 2510 1194 2545 quae
1214 2498 1404 2545 praecipue
1419 2499 1597 2544 pertinent
1613 2498 1655 2532 ad
1677 2498 1762 2532 vitia

211 2566 338 2589 carnis.
