1859 3122
439 180 660 217 QuAr-:srro
694 180 839 210 cxxw.
873 180 1117 210 ART1CULus
1151 180 1207 210 1v.
1512 168 1594 224 849

111 264 339 299 RESPONDEO
363 262 568 305 dicendum,
591 262 698 309 quod,
721 262 814 297 sicut
834 262 971 297 dictum
993 270 1046 296 est
1067 261 1148 307 (art.
1164 273 1195 297 2.
1214 262 1281 308 huj.
1305 262 1365 308 q),
1388 266 1519 308 martyr
1551 261 1599 295 di-

41 317 131 352 citur
156 318 256 363 quasi
283 317 367 352 testis
379 316 460 363 fidei
483 316 707 359 Christianae,
730 327 792 363 per
813 327 922 363 quarn
948 315 1051 350 nobis
1078 314 1229 349 visibilia
1264 327 1328 361 pro
1362 314 1598 349 invisibilibus

42 370 308 406 contemnenda
331 378 590 416 proponuntur,
613 379 650 404 ut
671 370 799 404 dicitur
822 369 864 403 ad
888 369 995 403 Hebr.
1022 379 1094 403 11.:
1115 369 1158 402 ad
1180 369 1393 415 martyrium
1416 380 1502 415 ergo
1525 380 1599 415 per-

41 424 140 466 tinet,
163 432 200 458 ut
220 424 335 458 homo
362 423 570 458 testificetur
597 423 716 465 fidem,
743 435 782 458 se
805 434 912 470 opere
935 422 1128 457 ostendens
1151 423 1273 456 omnia
1296 423 1495 469 praesentia
1518 433 1600 456 con-

42 486 214 519 temnere,
237 485 274 511 ut
296 477 339 511 ad
360 475 488 518 futura,
511 485 545 511 et
566 476 757 511 invisibilia
778 477 872 511 bona
894 476 1094 523 perveniat:
1119 476 1290 522 quamdiu
1317 484 1437 510 autem
1458 475 1601 510 homini

43 537 203 565 remanet
224 530 296 564 vita
319 530 529 577 corporalis,
555 531 718 565 nondum
741 542 778 565 se
801 541 909 576 opere
933 530 1088 564 ostendit
1109 529 1310 576 corporalia
1339 538 1467 564 cuncta
1489 529 1601 576 despi-

43 596 141 619 cere:
165 593 430 619 consueverunt
451 585 547 619 enim
570 585 738 619 homines
757 592 790 618 et
810 584 1111 629 consanguineos,
1127 592 1161 617 et
1175 583 1298 617 omnia
1320 583 1414 617 bona
1437 594 1598 629 possessa

44 647 288 680 contemnere,
319 646 354 673 et
382 638 490 672 etiam
521 638 664 672 dolores
694 638 854 684 corporis
880 638 963 684 pati,
995 646 1031 671 ut
1052 639 1163 671 vitam
1195 646 1428 679 conservent3
1450 637 1545 671 unde
1568 645 1602 671 et

46 693 155 726 Satan
179 700 303 726 contra
320 691 387 737 Job
411 692 549 726 induxit
569 692 644 737 (Job
666 692 735 736 2.):
755 691 874 726 Pellem
892 698 958 738 pro
975 691 1070 737 pelle,
1097 696 1125 726 et
1145 696 1262 725 cuncta
1291 702 1372 736 quae
1394 691 1487 724 homo
1510 691 1602 725 habet

44 745 135 781 dabit
155 752 220 793 pro
247 747 360 780 anima
388 758 460 787 sua,
487 745 578 780 idest
604 756 667 791 pro
694 744 766 778 vita
793 755 856 778 sua
879 743 1078 790 corporali,
1102 752 1136 778 et
1157 744 1237 778 ideo
1261 745 1303 778 ad
1326 743 1522 790 perfectam
1552 755 1602 777 ra-

42 800 179 834 tionem
203 799 363 846 martyrii
384 800 584 846 requiritur,
608 798 704 845 quod
727 798 854 844 aliquis
876 806 1033 832 mortem
1055 798 1227 832 sustineat
1244 806 1388 844 propter
1404 798 1600 832 Christum.

115 853 173 887 AD
184 864 333 888 PR1MUM
344 865 431 899 ergo
447 853 650 894 dicendum,
667 852 762 898 quod
778 851 860 886 illae
880 852 1124 893 auctoritates,
1142 860 1176 886 et
1197 852 1226 886 si
1245 863 1336 898 quae
1355 851 1490 886 similes
1508 851 1602 885 inve-

44 907 199 949 niuntur,
220 906 417 953 loquuntur
438 907 481 941 de
503 906 675 952 martyrio
697 916 759 952 per
781 905 977 951 quamdam
999 904 1282 940 similitudinem.

115 960 174 994 AD
189 971 395 995 SECUNDUM
423 959 628 1001 dicendum,
655 960 751 1005 quod
774 959 810 992 in
832 958 995 1000 muliere,
1015 969 1106 1004 quae
1124 958 1368 1004 integritatem
1391 958 1507 992 carnis
1528 969 1604 1004 per-

45 1015 106 1056 dit,
119 1013 177 1048 vel
191 1014 235 1048 ad
250 1013 469 1060 perdendam
484 1024 564 1047 eam
579 1013 769 1047 damnatur
785 1012 978 1046 occasione
993 1011 1074 1046 fidei
1090 1011 1331 1053 Christianae,
1349 1022 1423 1045 non
1438 1019 1491 1045 est
1509 1011 1602 1057 apud

45 1067 213 1101 homines
235 1066 465 1101 manifestum
488 1075 606 1101 utrum
628 1066 699 1100 hoc
722 1065 852 1100 mulier
872 1066 1026 1111 patiatur
1047 1074 1191 1112 propter
1213 1076 1376 1100 amorem
1397 1064 1481 1099 fidei
1503 1065 1605 1099 Chri-

46 1122 193 1163 stianae,
214 1120 274 1155 vel
294 1121 409 1166 magis
431 1131 495 1166 pro
518 1127 728 1166 contemptu
751 1119 934 1161 castitatis,
962 1127 996 1153 et
1021 1119 1104 1153 ideo
1132 1119 1225 1164 apud
1246 1119 1414 1153 homines
1435 1130 1510 1152 non
1530 1119 1605 1152 red-

45 1174 139 1208 ditur
159 1185 222 1220 per
241 1173 313 1208 hoc
334 1173 583 1208 testimonium
604 1172 797 1216 sufficiens,
823 1172 918 1207 unde
943 1172 1015 1207 hoc
1037 1183 1111 1206 non
1133 1172 1274 1220 proprie
1296 1172 1405 1206 habet
1424 1172 1604 1206 rationem

47 1227 226 1273 martyrii:
249 1227 311 1261 sed
335 1226 427 1273 apud
447 1227 582 1269 Deum,
604 1226 665 1273 qui
687 1226 796 1261 corda
818 1233 1006 1268 scrutatur,
1028 1234 1147 1272 potest
1166 1226 1238 1260 hoc
1262 1226 1304 1260 ad
1325 1226 1528 1272 praemium
1550 1225 1606 1260 de-

46 1281 174 1328 putari,
195 1280 287 1315 sicut
308 1280 421 1315 Lucia
443 1280 540 1314 dixit.

116 1334 176 1368 AD
199 1344 370 1369 TERTmM
386 1333 590 1376 dicendum,
606 1333 713 1380 quod,
729 1333 822 1368 sicut
843 1344 948 1380 supra
964 1333 1100 1367 dictum
1119 1341 1172 1368 est
1191 1333 1360 1379 (q.praec.
1380 1338 1443 1368 art.
1460 1344 1492 1378 4.
1508 1333 1603 1379 ny),

47 1387 218 1423 fortitudo
240 1386 483 1434 principaliter
504 1387 667 1421 consistit
688 1387 783 1421 circa
805 1386 964 1433 pericula
986 1387 1123 1429 mortis,
1139 1388 1233 1421 circa
1252 1386 1322 1421 alia
1341 1394 1461 1421 autem
1484 1397 1607 1420 conse-

48 1449 216 1487 quenter,
239 1449 274 1475 et
294 1441 376 1475 ideo
397 1452 464 1475 nec
487 1441 699 1487 martyrium
718 1441 861 1487 proprie
883 1440 1011 1474 dicitur
1032 1452 1096 1486 pro
1119 1440 1197 1475 sola
1222 1440 1414 1475 tolerantia
1441 1440 1604 1481 carceris,

48 1494 106 1529 vel
127 1494 233 1536 exilii,
255 1493 313 1529 vel
334 1494 479 1540 rapinae
501 1494 717 1536 divitiarum,
748 1494 816 1528 nisi
844 1493 936 1528 forte
958 1494 1157 1528 secundum
1179 1494 1274 1540 quod
1302 1505 1345 1528 ex
1370 1494 1425 1528 his
1447 1494 1606 1540 sequitur

50 1559 158 1582 mors.

119 1602 178 1637 AD
206 1612 394 1641 QUARTUM
421 1601 625 1643 dicendum,
655 1601 750 1647 quod
778 1601 947 1635 meritum
969 1601 1131 1647 martyrii
1156 1612 1229 1635 non
1257 1609 1309 1636 est
1336 1609 1417 1647 post
1438 1609 1605 1642 mortem,

49 1656 110 1690 sed
132 1656 168 1689 in
189 1656 265 1702 ipsa
286 1654 489 1689 voluntaria
511 1655 721 1689 sustinentia
740 1654 882 1696 mortis;
902 1663 1008 1700 prout
1025 1654 1162 1689 scilicet
1181 1654 1307 1700 aliquis
1325 1654 1527 1689 voluntarie
1549 1666 1607 1701 pa-

49 1710 133 1743 titur
153 1709 390 1743 inflictionem
412 1709 556 1742 mortis:
580 1708 757 1753 contingit
777 1716 899 1742 tamen
915 1708 1143 1754 quandoque,
1158 1708 1254 1754 quod
1270 1708 1397 1754 aliquis
1416 1716 1496 1754 post
1514 1720 1608 1742 mor-

49 1762 135 1797 talia
155 1762 304 1796 vulnera
325 1773 390 1808 pro
413 1762 558 1796 Christo
581 1769 758 1807 suscepta,
780 1761 838 1795 vel
860 1772 1107 1807 quascumque
1135 1761 1221 1796 alias
1246 1761 1494 1796 tribulationes
1525 1773 1609 1796 con-

50 1818 204 1850 tinuatas
225 1827 338 1862 usque
360 1816 404 1849 ad
426 1824 593 1857 mortem,
612 1826 700 1860 quas
719 1826 737 1848 a
756 1815 1045 1860 persecutoribus
1063 1815 1194 1861 patitur
1208 1827 1272 1862 pro
1292 1815 1360 1849 fide
1380 1814 1528 1858 Christi,
1547 1815 1607 1849 diu

0 1905 2 1907 ,
50 1870 162 1904 vivat:
184 1869 221 1903 in
242 1880 314 1915 quo
336 1877 429 1903 statu
451 1876 550 1902 actus
572 1867 735 1914 martyrii
756 1868 962 1902 meritorius
985 1876 1048 1910 est,
1071 1876 1106 1902 et
1127 1869 1236 1903 etiam
1269 1869 1347 1915 ipso
1370 1868 1499 1903 eodem
1522 1876 1609 1903 tem-

51 1934 150 1968 pore,
172 1934 244 1969 quo
265 1922 475 1969 hujusmodi
497 1921 710 1956 afflictiones
732 1921 873 1967 patitur.

593 2080 938 2125 ARTICULUs
986 2081 1040 2123 v.
1541 2093 1605 2140 633

357 2201 509 2231 UTRUM
536 2201 647 2231 SOLA
672 2201 794 2231 FIDES
822 2202 889 2231 SIT
925 2202 1064 2232 CAUSA
1091 2192 1311 2232 MARTYRII.

314 2304 361 2347 (4.
388 2302 474 2337 Dist.
501 2313 557 2348 49.
584 2314 614 2348 q.
636 2314 664 2349 5.
693 2308 756 2338 art.
779 2314 808 2349 3.
833 2314 861 2348 q.
891 2313 921 2337 2.
949 2307 987 2336 et.
1015 2303 1109 2338 Rom.
1135 2302 1167 2337 8.
1194 2302 1262 2336 lact.
1291 2301 1349 2347 7.).

125 2405 185 2438 AD
212 2413 390 2443 QmNTUM
412 2402 462 2437 sic
484 2403 700 2449 proceditur.
721 2403 884 2445 Videtur,
907 2403 1003 2450 quod
1026 2402 1103 2437 sola
1125 2402 1212 2436 fides
1235 2402 1280 2436 sit
1302 2413 1409 2436 causa
1428 2401 1608 2446 martyrii:

56 2458 184 2492 dicitur
205 2457 301 2491 enim
327 2467 354 2490 1.
376 2456 452 2490 Pet.
473 2467 526 2499 4.:
549 2458 653 2491 Nemo
675 2463 820 2492 vestrum
833 2459 987 2503 patiatur
1004 2462 1041 2492 ut
1054 2456 1232 2498 homicida,
1249 2461 1307 2490 aut
1327 2456 1394 2499 fur,
1410 2460 1466 2489 aul
1484 2454 1611 2499 aliquid

55 2510 258 2557 hujusmodi:
285 2511 312 2545 si
333 2515 440 2544 autam
462 2515 496 2544 ut
517 2510 723 2552 christianus,
747 2523 811 2544 non
832 2512 1007 2552 erubescat,
1038 2510 1197 2556 glorificet
1218 2514 1323 2543 autem
1354 2509 1465 2542 Deum
1493 2509 1526 2541 in
1551 2509 1610 2541 isto

56 2565 185 2598 nomine
201 2577 210 2598 .·
233 2563 295 2597 sed
314 2575 356 2597 ex
373 2563 444 2596 hoc
464 2563 592 2597 dicitur
609 2563 735 2609 aliquis
755 2564 979 2605 christianus,
1003 2564 1086 2609 quia
1105 2571 1202 2598 tenet
1220 2563 1327 2596 fidem
1351 2561 1504 2603 Christi3
1524 2572 1609 2607 ergo

56 2617 133 2651 sola
155 2617 241 2651 fides
264 2617 400 2651 Christi
422 2617 481 2650 dat
501 2617 715 2663 patientibus
737 2618 899 2663 martyrii
920 2617 1085 2663 gloriam.

127 2681 159 2706 2.
180 2671 415 2705 PRAETEREA.
438 2670 574 2716 Martyr
595 2670 723 2705 dicitur
743 2672 845 2717 quasi
870 2672 985 2705 testis:
1013 2670 1260 2704 testimonium
1287 2676 1407 2702 autem
1438 2679 1511 2701 non
1538 2667 1612 2701 red-

57 2724 150 2758 ditur
170 2724 238 2758 nisi
258 2723 414 2758 veritati:
437 2734 510 2757 non
533 2732 654 2757 autem
678 2723 804 2770 aliquis
827 2724 955 2758 dicitur
976 2732 1111 2769 martyr
1134 2735 1175 2757 ex
1196 2721 1404 2756 testimonio
1424 2720 1612 2766 cujuslibet

57 2777 227 2819 veritatis,
248 2777 309 2811 sed
331 2776 451 2810 solum
473 2788 515 2811 ex
540 2777 748 2811 testimonio
776 2778 934 2812 veritatis
962 2778 1119 2811 divinae:
1148 2775 1307 2821 alioquin
1334 2775 1363 2809 si
1389 2775 1466 2820 quis
1498 2785 1613 2808 more-

57 2838 153 2864 retur
173 2841 238 2876 pro
253 2829 480 2864 confessione
494 2830 651 2864 veritatis
673 2831 906 2876 geometriae,
927 2829 986 2865 vel
1008 2830 1151 2864 alterius
1170 2828 1411 2875 speculativae
1429 2827 1611 2869 scientiae,

59 2890 151 2918 esset
172 2891 322 2929 martyr:
346 2883 441 2929 quod
462 2883 602 2918 videtur
622 2883 833 2926 ridiculum;
855 2895 942 2930 ergo
964 2883 1042 2918 sola
1064 2882 1150 2917 fides
1173 2890 1225 2916 est
1247 2881 1407 2927 martyrii
1430 2892 1548 2915 causa.
