1859 3122
470 195 688 231 QUAESTIO
722 195 864 225 CLXIV.
898 195 1142 226 ARTICULUS
1176 195 1221 225 ΙΙ.
1519 195 1626 239 1077

69 288 152 311 cum
174 276 300 311 dolore
323 277 455 322 pariat;
478 285 617 323 praeter
640 277 678 310 B.
701 277 902 323 Virgmem,
924 288 1016 323 quae
1030 278 1097 312 sine
1118 278 1327 323 corruptione
1349 278 1505 323 concepit,
1521 281 1548 311 et
1562 278 1629 311 sine

68 330 176 365 dolore
188 331 335 376 j›epet·il‚·
357 331 439 376 quia
462 332 536 375 ejus
559 330 750 377 conceptio
772 342 845 365 non
868 330 932 364 suit
946 331 1146 365 secundum
1168 330 1286 377 legem
1309 338 1456 365 naturae
1472 342 1491 364 a
1505 330 1628 377 primis

68 384 273 430 parentibus
287 384 464 418 derivata:
488 384 517 418 si
539 392 659 419 autem
682 384 800 431 aliqua
822 396 896 418 non
912 385 1081 431 concipit,
1100 396 1216 430 neque
1230 385 1332 430 parit,
1355 384 1486 430 patitur
1507 383 1632 418 sterili-

68 438 149 472 tatis
171 437 363 479 defectum‚
380 439 463 484 quia
478 438 739 484 praeponderat
755 438 881 484 poenis
895 438 1103 484 praedictis:
1120 438 1285 473 similiter
1299 439 1407 473 etiam
1423 446 1577 485 oportet,
1593 445 1631 472 ut

70 491 288 537 quicumque
310 499 443 525 terram
463 499 642 537 operatur,
665 493 699 526 in
715 492 845 526 sudore
867 491 985 526 vultus
1002 492 1170 527 comedat
1187 503 1338 538 panem3
1355 500 1390 526 et
1410 492 1478 538 ipsi
1493 492 1553 537 qui
1568 502 1631 537 per

69 557 106 580 se
129 545 385 591 agriculturam
405 557 479 580 non
501 554 679 588 exercent,
698 546 732 580 in
757 545 833 580 aliis
855 545 1036 580 laboribus
1059 554 1300 592 occupantur:
1323 546 1418 580 homo
1452 545 1550 579 enim
1571 556 1633 579 na-

68 601 172 634 scitur
193 599 234 633 ad
256 600 413 641 laborem,
434 608 472 633 ut
487 599 615 633 dicitur
631 600 697 645 Job
721 610 748 644 5.
765 612 773 643 3
795 607 829 634 et
851 600 900 634 sic
920 611 1051 646 panem
1066 599 1108 633 ab
1124 599 1202 633 aliis
1224 599 1259 633 in
1274 599 1404 633 sudore
1426 598 1544 633 vultus
1564 598 1633 633 ela-

69 654 237 688 boratum
256 653 487 687 manducant.

143 707 202 741 AD
225 717 414 746 QUARTUM
436 706 641 749 dicendum,
663 707 759 752 quod
782 706 884 741 locus
906 706 966 741 ille
987 706 1142 753 paradisi
1162 707 1350 748 terrestris,
1371 706 1536 752 quamvis
1559 717 1633 740 non

73 760 203 794 serviat
224 760 365 793 homini
389 760 431 793 ad
458 771 577 802 usum,
604 761 712 794 servit
741 769 863 794 tamen
891 760 922 794 ei
945 760 987 794 ad
1010 761 1283 802 documentum,
1319 760 1402 794 dum
1433 760 1633 806 cognoscit,

73 821 218 859 propter
240 821 430 858 peccatum
454 824 491 847 se
513 813 575 846 tali
597 813 681 847 1060
704 813 811 847 fuisse
831 814 1033 859 privatum3
1057 822 1090 848 et
1113 814 1199 847 dum
1226 825 1288 860 per
1315 825 1367 855 ea,
1391 825 1482 860 quae
1509 824 1636 860 corpo-

73 866 194 900 raliter
215 866 251 899 in
273 866 336 900 illo
359 866 526 912 paradiso
554 875 645 909 sunt,
674 867 858 900 instruitur
885 867 928 900 de
955 867 1010 900 his
1038 878 1128 912 quae
1155 867 1331 913 pertinent
1359 867 1401 900 ad
1428 867 1635 913 paradisum

74 919 282 960 coelestem,
306 931 377 965 quo
401 920 515 953 aditus
536 920 678 953 homini
700 928 931 965 praeparatur
953 931 1016 965 per
1038 920 1236 954 Christum.

145 973 204 1007 AD
227 983 407 1012 QUINTUM
425 973 630 1013 dicendum,
653 973 761 1018 quod,
784 971 889 1006 salvis
905 973 1097 1018 spiritualis
1111 984 1236 1007 sensus
1251 974 1441 1019 mysteriis,
1460 973 1520 1007 ille
1534 973 1637 1007 locus

74 1026 264 1073 praecipue
286 1026 427 1060 videtur
448 1037 525 1060 esse
543 1025 800 1060 inaccessibilis
822 1034 968 1071 propter
988 1026 1258 1061 vehementiam
1282 1035 1399 1061 aestus
1420 1027 1456 1061 in
1477 1027 1568 1061 locis
1590 1027 1639 1060 in-

73 1080 257 1115 termediis
280 1091 321 1113 ex
343 1079 607 1125 propinquitate
629 1079 737 1113 solis:
761 1087 795 1113 et
816 1079 886 1113 hoc
907 1079 1128 1125 significatur
1150 1091 1212 1124 per
1229 1080 1442 1114 flammeum
1465 1080 1637 1126 gladium,

74 1134 135 1180 qui
155 1133 331 1167 versatilis
350 1133 477 1166 dicitur
490 1140 637 1178 propter
650 1133 907 1178 proprietatem
930 1140 1050 1166 motus
1073 1133 1256 1167 circularis
1271 1133 1481 1179 hujusmodi
1500 1141 1639 1168 aestum

76 1186 276 1227 causantis;
299 1192 332 1219 et
353 1185 436 1231 quia
454 1193 574 1219 motus
603 1185 801 1230 corporalis
830 1193 1014 1219 creaturae
1041 1186 1241 1231 disponitur
1267 1187 1468 1221 ministerio
1496 1186 1641 1232 angelo-

76 1252 168 1281 rum,
189 1248 227 1273 ut
247 1246 344 1285 patet
364 1249 426 1284 per
448 1240 600 1283 August.
627 1250 655 1284 3.
684 1239 727 1273 de
751 1238 879 1273 Trinit.
910 1239 996 1286 (cap.
1024 1240 1087 1284 4.),
1117 1240 1375 1274 convenienter
1400 1241 1509 1275 etiam
1532 1239 1640 1274 simul

78 1305 161 1327 cum
183 1292 304 1339 gladio
326 1292 485 1326 versatili
507 1292 707 1326 Cherubim
724 1293 930 1338 adjungitur
951 1293 994 1326 ad
1011 1293 1284 1327 custodiendam
1302 1294 1400 1327 viam
1419 1294 1508 1340 ligni
1529 1294 1640 1335 vitae3

77 1348 171 1382 unde
193 1347 288 1392 Aug.
316 1346 402 1380 dicit
430 1347 466 1380 in
497 1358 548 1380 11.
581 1358 686 1393 super
722 1346 813 1380 Gen.
838 1346 880 1379 ad
910 1345 961 1380 lit.
988 1350 1073 1393 (cap.
1101 1347 1199 1391 40.).·
1232 1360 1249 1378 «
1272 1347 1351 1381 Hoc
1380 1359 1444 1392 per
1466 1346 1641 1381 coelestes

81 1401 202 1447 utique
226 1408 421 1445 potestates
445 1400 554 1434 etiam
570 1401 604 1434 in
624 1400 791 1446 paradiso
806 1399 936 1433 visibili
957 1399 1093 1433 factum
1116 1411 1193 1434 esse
1212 1401 1430 1435 credendum
1451 1409 1514 1443 est,
1528 1409 1567 1435 ut
1579 1412 1642 1447 per

81 1454 288 1501 angelicum
311 1454 550 1487 ministerium
574 1462 667 1488 esset
688 1453 759 1488 illic
782 1454 960 1499 quaedam
979 1454 1085 1499 ignea
1107 1454 1269 1488 custodia
1291 1468 1324 1491 »‚

151 1508 210 1542 AD
233 1517 385 1541 SEXTUM
408 1507 614 1548 dicendum,
636 1507 732 1553 quod
756 1507 870 1540 homo
889 1507 917 1540 si
933 1515 1014 1553 post
1028 1515 1217 1553 peccatum
1232 1508 1275 1542 de
1290 1508 1389 1553 ligno
1408 1508 1502 1543 vitae
1522 1520 1643 1542 come-

79 1561 198 1602 disset,
220 1572 294 1594 non
316 1569 461 1606 propter
482 1560 552 1594 hoc
575 1560 886 1594 immortalitatem
902 1569 1159 1606 recuperasset,
1178 1562 1239 1595 sed
1257 1561 1433 1596 beneficio
1456 1562 1549 1596 illius
1573 1562 1642 1596 cibi

79 1615 255 1661 potuisset
275 1614 386 1647 vitam
409 1615 525 1659 magis
548 1614 786 1660 prolongare3
814 1615 908 1649 unde
930 1615 1026 1660 quod
1054 1615 1200 1648 dicitur:
1224 1616 1266 1649 Et
1292 1617 1384 1650 vivet
1406 1617 1438 1649 in
1460 1622 1640 1658 aeternmn,

80 1668 234 1702 sumitur
254 1667 302 1700 ibi
321 1675 505 1701 aeternum
529 1679 593 1713 pro
614 1668 801 1701 diuturno:
824 1668 895 1702 hoc
916 1676 1034 1702 autem
1054 1679 1127 1702 non
1151 1669 1361 1715 expediebat
1374 1669 1527 1711 homini,
1549 1678 1587 1704 ut
1605 1670 1642 1703 in

81 1721 224 1755 miseria
251 1721 357 1765 hujus
378 1721 472 1754 vitae
495 1721 625 1755 diutius
645 1730 882 1767 permaneret.

152 1775 212 1809 AD
240 1784 432 1809 SEPTiMUM
461 1775 665 1816 dicendum,
694 1775 803 1821 quod,
830 1775 922 1809 sicut
949 1775 1042 1820 Aug.
1071 1775 1156 1809 dicit
1185 1787 1236 1810 11.
1264 1787 1370 1821 super
1398 1776 1489 1811 Gen.
1519 1777 1561 1811 ad
1592 1776 1641 1811 lit.

81 1830 167 1874 (cap.
186 1830 265 1872 39),
292 1828 432 1861 «verba
448 1828 537 1862 haec
561 1828 629 1862 Dei
649 1839 723 1862 non
745 1836 820 1862 tam
843 1837 923 1862 sunt
937 1829 1061 1874 primis
1080 1830 1284 1874 parentibus
1303 1829 1517 1872 insultantis,
1534 1842 1643 1876 quam

83 1889 257 1922 caeteros,
284 1892 329 1915 ne
355 1881 404 1914 ita
431 1881 649 1927 superbiant,
677 1882 898 1923 deterrentis,
925 1891 1070 1928 propter
1102 1894 1192 1928 quos
1218 1883 1286 1917 ista
1314 1884 1515 1930 conscripta
1543 1892 1643 1926 sunt3

82 1936 165 1980 quia
187 1934 325 1968 scilicet
347 1946 419 1968 non
435 1934 554 1968 solum
568 1935 689 1968 Adam
710 1946 784 1969 non
799 1935 863 1969 fuit
876 1935 1001 1978 factus,
1017 1935 1130 1982 qualis
1151 1936 1225 1970 fieri
1245 1937 1371 1980 voluit,
1387 1938 1447 1972 sed
1462 1950 1528 1972 nec
1543 1938 1643 1981 illud,

83 1988 126 2022 ad
149 1988 246 2034 quod
268 1987 383 2022 factus
404 1987 531 2030 fuerat,
554 1989 783 2022 conservavit
805 2002 837 2022 ».

154 2042 214 2075 AD
237 2052 427 2076 OCTAVUM
449 2042 654 2083 dicendum,
677 2043 773 2088 quod
795 2043 943 2076 vestitus
965 2043 1188 2077 necessarius
1211 2052 1263 2078 est
1281 2044 1423 2078 homini
1445 2045 1644 2079 secundum

84 2101 216 2128 statum
238 2095 436 2139 praesentis
459 2095 638 2136 miseriae,
660 2104 806 2141 propter
828 2096 914 2130 duo:
933 2098 1046 2142 primo
1069 2097 1215 2142 quidem
1237 2106 1382 2143 propter
1401 2098 1579 2133 defectum
1604 2099 1644 2132 ab

85 2147 318 2181 exterioribus
340 2149 587 2189 nocumentis;
610 2157 695 2194 puta
717 2150 943 2194 intemperati
971 2149 1113 2192 caloris,
1133 2159 1167 2184 et
1187 2150 1348 2196 frigoris:
1371 2152 1507 2186 secundo
1531 2153 1573 2186 ad
1595 2160 1646 2186 te-

86 2207 300 2246 gumentum
322 2201 558 2245 ignominiae,
580 2213 625 2235 ne
647 2202 829 2247 turpitudo
857 2203 1106 2237 membrorum
1134 2212 1313 2249 appareat,
1340 2205 1374 2238 in
1398 2206 1524 2251 quibus
1545 2217 1646 2252 prae-

86 2254 188 2299 cipue
222 2252 472 2287 manifestatur
497 2254 644 2288 rebellio
673 2255 788 2288 carnis
820 2255 863 2289 ad
889 2256 1064 2301 spiritum.
1092 2257 1192 2291 Haec
1219 2265 1339 2291 autem
1367 2258 1438 2292 duo
1465 2258 1500 2292 in
1528 2259 1646 2304 primo

85 2314 178 2340 statu
200 2317 275 2339 non
302 2315 422 2340 erant:
446 2307 528 2352 quia
554 2307 591 2340 in
613 2315 705 2341 statu
732 2307 794 2341 illo
823 2320 952 2355 corpus
974 2310 1133 2344 hominis
1159 2321 1233 2344 non
1255 2318 1396 2356 poterat
1416 2323 1478 2357 per
1501 2312 1646 2358 aliquod

87 2360 326 2393 extrinsecum
349 2359 454 2400 laedi,
476 2368 514 2394 ut
536 2361 570 2393 in
597 2371 624 2394 1.
645 2360 780 2394 dictum
801 2369 853 2395 est
876 2362 920 2407 (q.
940 2373 993 2408 97.
1017 2367 1080 2397 art.
1103 2363 1174 2407 2.).·
1189 2375 1255 2397 nec
1279 2364 1386 2397 etiam
1407 2373 1482 2398 erat
1503 2366 1537 2398 in
1554 2373 1646 2399 statu

86 2412 150 2446 illo
178 2412 297 2458 aliqua
323 2413 506 2458 turpitudo
533 2413 569 2446 in
596 2424 748 2460 corpore
774 2415 946 2457 hominis,
974 2427 1064 2461 quae
1092 2417 1135 2449 ad
1164 2416 1415 2451 confusionem
1442 2418 1647 2460 induceret;

87 2465 181 2498 unde
204 2465 332 2499 dicitur
356 2465 447 2499 Gen.
469 2476 519 2499 2.:
543 2467 630 2501 Erat
650 2473 758 2502 antem
780 2474 911 2514 uterque
934 2469 1049 2511 mulus,
1073 2469 1184 2503 Adam
1205 2470 1336 2512 scilicet,
1357 2476 1386 2505 et
1410 2483 1496 2505 uxor
1517 2474 1595 2514 ejus,
1618 2478 1648 2507 et

88 2531 153 2552 non
171 2520 420 2553 erubescebant.-
444 2520 513 2553 alia
536 2528 656 2554 autem
679 2522 768 2555 ratio
792 2522 834 2555 de
857 2522 936 2556 cibo
959 2531 1022 2563 est,
1045 2524 1103 2568 qui
1127 2531 1180 2556 est
1201 2524 1424 2558 necessarius
1447 2525 1490 2558 ad
1512 2524 1649 2559 fomen-

87 2580 164 2606 tum
187 2571 318 2606 caloris
340 2572 524 2614 naturalis,
548 2581 582 2606 et
604 2574 647 2607 ad
670 2575 830 2620 corporis
854 2584 1101 2621 augmentum.

160 2626 219 2659 AD
236 2635 374 2659 NONL'M
390 2625 594 2667 dicendum,
615 2627 722 2672 quod,
738 2629 829 2662 sicut
843 2629 937 2674 Aug.
954 2629 1039 2663 dicit
1059 2641 1070 2662 1
1083 2640 1108 2662 1.
1126 2641 1231 2675 super
1244 2630 1334 2664 Gen.
1351 2631 1393 2664 ad
1408 2631 1458 2665 lit.
1474 2632 1562 2678 (cap.
1574 2633 1646 2677 31),

91 2689 203 2711 «non
231 2686 283 2711 est
309 2679 540 2720 credendum,
568 2680 663 2725 quod
690 2681 796 2726 primi
822 2690 986 2726 parentes
1014 2691 1134 2716 essent
1160 2684 1325 2728 producti
1353 2683 1483 2718 clausis
1512 2686 1648 2728 oculis;

89 2731 279 2776 praecipue
302 2743 385 2764 cum
407 2732 450 2765 de
472 2733 622 2766 muliere
650 2733 798 2776 dicatur,
822 2735 917 2780 quod
938 2735 1024 2769 vidit
1045 2736 1181 2780 lignum,
1204 2736 1289 2781 qnod
1310 2742 1383 2771 essai
1401 2738 1594 2783 pulchrum,
1618 2745 1647 2774 et

90 2785 209 2818 bonum
232 2784 273 2817 ad
293 2785 503 2825 vescendum,-
528 2786 640 2830 aperti
662 2798 748 2831 ergo
764 2796 846 2822 sunt
868 2788 963 2822 oculi
984 2789 1175 2822 amborum
1199 2789 1241 2822 ad
1266 2789 1398 2835 aliquid
1421 2791 1646 2834 intuendum,

90 2844 124 2870 et
151 2837 396 2882 cogitandum,
419 2838 515 2883 quod
538 2846 641 2872 antea
663 2851 862 2886 numquam
891 2841 1128 2883 adverterant,
1155 2842 1293 2876 scilicet
1322 2843 1366 2877 ad
1388 2843 1544 2878 invicem
1568 2856 1649 2879 con-

92 2890 362 2936 cupiscendum,
381 2891 477 2936 quod
499 2899 580 2925 ante
600 2903 673 2925 non
695 2891 809 2927 fuerat
822 2907 853 2927 ».

236 2972 263 2998 S.
286 2973 407 2998 ΤΗΟΜΑΕ
429 2972 533 2998 Summa
559 2973 717 3007 Theologica.
739 2974 803 3000 Vol.
826 2975 876 3000 111.
1476 2982 1507 3011 (29
