1859 3122
521 184 739 221 QUAEsrto
772 184 885 214 cmv.
918 183 1162 214 ARTICULUS
1196 183 1223 212 1.
1567 184 1648 226 995

162 267 222 302 AD
237 276 408 302 TERTIUM
431 266 637 309 dicendum,
659 266 756 313 quod
779 266 861 313 quia
883 264 1012 300 mulier
1026 275 1162 300 vovens
1178 265 1448 308 continentiam,
1468 265 1652 312 quoddam

91 320 273 368 spirituale
295 320 569 354 matrimonium
591 319 676 354 facit
699 331 783 354 cum
805 319 898 362 Deo,
920 327 955 354 et
975 318 1217 365 sacrilegium,
1239 319 1335 365 quod
1358 319 1596 354 committitur
1616 319 1651 353 in

90 374 286 408 violatione
308 373 388 408 talis
411 373 583 415 mulieris,
606 381 659 408 est
680 373 865 420 quoddam
888 372 1103 407 adulterium
1125 372 1329 419 spirituale:
1352 380 1386 407 et
1407 372 1572 408 similiter
1593 372 1653 407 alii

91 427 191 462 modi
212 426 390 472 sacrilegii
413 428 632 461 reducuntur
655 427 696 461 ad
720 426 808 461 alias
829 426 966 473 species
988 425 1159 460 luxuriae.

162 481 221 515 AD
244 491 430 520 QUARTUM
453 481 658 522 dicendum,
677 480 772 526 quod
788 488 978 527 peccatum
1001 479 1184 526 conjugati
1206 491 1289 513 curn
1304 491 1367 514 sua
1387 491 1497 514 uxore
1511 491 1585 514 non
1601 488 1654 515 est

91 534 289 569 secundum
304 534 500 568 indebitam
515 534 716 576 materiam,
739 534 800 568 sed
823 533 1024 568 secundum
1047 532 1134 567 alias
1157 533 1456 575 circumstantias,
1475 545 1565 580 quae
1579 545 1654 568 non

91 588 313 622 constituunt
330 588 489 633 speciem
506 587 653 622 moralis
673 596 784 629 actus,
801 596 838 622 ut
853 588 987 622 dictum
1007 595 1059 622 est
1075 587 1125 631 (in
1144 594 1231 634 corp.
1251 592 1278 622 et
1295 599 1356 622 1-2.
1375 588 1474 633 q..18.
1493 593 1557 622 art.
1577 588 1652 633 IL).

161 641 220 676 AD
235 651 415 680 QUINTUM
437 641 645 683 dicendum,
661 641 770 688 quod,
789 642 880 675 sicut
901 641 1020 676 Gloss.
1044 641 1224 686 (interlin.)
1239 641 1324 675 dicit
1341 641 1486 684 ibidem,
1501 641 1655 675 immun-

91 694 175 729 ditia
190 694 335 740 ponitur
348 705 412 741 pro
428 694 565 728 luxuria
588 703 713 729 contra
728 703 914 730 naturam:
935 695 1159 741 impudicitia
1175 703 1295 729 autem
1317 702 1380 736 est,
1399 706 1490 741 quae
1510 694 1548 729 fit
1570 706 1653 729 cum

90 747 209 782 liberis
224 759 242 782 a
256 748 351 790 viro;
374 748 467 782 unde
489 748 629 782 videtur
649 749 691 782 ad
710 757 873 795 stuprum
895 749 1095 794 pertinere:
1118 748 1175 782 vel
1197 750 1305 782 etiam
1320 756 1439 794 potest
1457 748 1538 791 dici,
1557 749 1653 794 quod

90 801 313 847 impudicitia
335 801 487 847 pertinet
505 802 547 836 ad
568 802 746 848 quosdam
773 810 872 836 actus
895 802 1167 836 circumstantes
1191 810 1312 836 actum
1333 812 1548 845 venereum3
1562 802 1655 836 sicut

90 863 171 889 sunt
193 854 330 896 oscula,
351 862 478 897 tactus,
502 863 536 889 et
558 855 627 889 alia
649 855 868 900 hujusmodi.

162 908 222 943 AD
245 919 396 943 SEXTUM
419 909 623 951 dicendum,
650 909 746 955 quod
774 908 912 942 luxuria
931 908 1083 942 sumitur
1107 908 1241 943 ibidem
1262 920 1327 954 pro
1351 919 1579 956 quacumque
1601 920 1655 943 su-

91 961 303 1008 perfluitate,
325 970 363 996 ut
382 961 484 997 Glos.
507 963 648 1008 (interl.)
671 961 805 996 ibidem
826 962 922 996 dicit.

660 1079 1006 1124 ARTICULUS
1040 1077 1096 1122 Π.
1587 1102 1650 1138 743

243 1175 395 1206 UTRUM
422 1176 692 1206 FORNICATIO
722 1176 904 1205 SIMPLEX
931 1176 998 1205 SIT
1021 1176 1258 1206 PECCATUM
1285 1176 1506 1207 MORTALE.

361 1252 409 1297 (4.
430 1253 520 1287 Dist.
537 1263 594 1298 41.
617 1258 680 1288 art.
702 1265 734 1297 4.
757 1266 786 1299 q.
805 1266 832 1289 r.
852 1260 938 1300 corp.
962 1259 992 1288 et
1011 1265 1041 1299 q.
1064 1265 1082 1288 2
1105 1260 1194 1300 corp.
1213 1259 1243 1289 et
1263 1253 1305 1287 ad
1325 1254 1386 1300 2.).

166 1334 224 1369 AD
256 1345 463 1370 SECUNDUM
489 1336 540 1370 sic
567 1336 784 1382 proceditur.
805 1336 967 1379 Videtur,
995 1337 1091 1383 quod
1117 1335 1310 1371 fornicatio
1337 1335 1490 1383 simplex
1511 1347 1585 1370 non
1611 1336 1657 1370 sit

93 1396 284 1433 peccatum
306 1389 479 1423 mortale:
503 1401 544 1424 ea
567 1390 663 1424 enim
686 1402 777 1436 quae
799 1390 907 1425 simul
929 1399 1248 1432 connumerantur,
1270 1390 1435 1424 videntur
1454 1400 1531 1424 esse
1550 1389 1655 1424 unius

92 1441 258 1476 rationis:
273 1443 335 1476 sed
350 1442 542 1478 fornicatio
562 1451 844 1478 connumeratur
862 1444 1089 1490 quibusdam,
1108 1455 1198 1490 quae
1214 1455 1287 1478 non
1302 1451 1384 1478 sunt
1398 1451 1545 1490 peccata
1563 1455 1657 1477 mor-

91 1494 194 1530 talia:
217 1495 346 1530 dicitur
367 1497 462 1530 enim
487 1497 567 1531 Act.
595 1508 665 1542 15.:
690 1499 891 1532 Alutinarztis
907 1510 964 1532 vos
986 1499 1026 1532 ab
1048 1498 1228 1532 immolatis
1245 1498 1513 1538 simulacrorum,
1538 1502 1567 1532 et
1582 1509 1656 1532 san-

91 1550 201 1594 guine,
220 1554 247 1583 εἰ
263 1550 432 1594 suffocato,
456 1556 486 1585 et
498 1551 740 1596 fornicatione:
762 1551 908 1585 illorum
932 1559 1052 1585 autern
1073 1562 1158 1585 usus
1179 1562 1253 1585 non
1277 1559 1330 1585 est
1350 1559 1541 1597 peccatum
1563 1562 1657 1585 mor-

91 1601 174 1644 tale,
196 1603 397 1637 secundum
418 1603 505 1638 illud
528 1615 556 1638 1.
580 1605 622 1638 ad
647 1604 810 1638 Timoth.
833 1615 884 1647 4:
908 1605 1005 1639 Nihil
1023 1604 1235 1650 rajiciendmn
1257 1610 1314 1647 est,
1334 1605 1419 1650 quod
1440 1617 1514 1639 cnm
1533 1606 1656 1650 gratia-

91 1668 168 1690 rum
189 1658 315 1690 actione:
332 1659 530 1703 percipitur,-
555 1669 641 1703 ergo
664 1657 854 1692 fornicatio
877 1669 951 1692 non
973 1666 1026 1692 est
1047 1666 1237 1704 peccatum
1256 1657 1422 1693 mortale.

163 1719 194 1743 2.
217 1709 452 1745 PRAETEREA,
481 1710 632 1744 Nullum
654 1711 845 1746 mortalem
875 1720 1063 1758 peccatum
1093 1712 1188 1746 cadit
1208 1712 1270 1746 sub
1293 1719 1486 1757 praecepto
1514 1711 1655 1746 divino:

92 1762 154 1797 sed
178 1763 299 1798 Oseae
325 1775 352 1797 1.
375 1764 591 1810 praecipitur
613 1776 632 1797 a
653 1765 835 1798 Domino:
863 1765 960 1806 Vade,
984 1777 1070 1799 suma
1092 1766 1153 1800 tibi
1175 1777 1310 1800 uxorem
1327 1766 1607 1810 fornicationum,
1630 1771 1658 1801 et

85 1816 147 1862 fac
166 1816 251 1859 filios
264 1817 545 1862 fornicationum,-
570 1829 656 1863 ergo
679 1817 870 1852 fornicatio
892 1829 965 1851 non
989 1826 1041 1852 est
1062 1826 1251 1864 peccatum
1272 1818 1435 1853 mortale.

166 1881 194 1915 3.
216 1870 452 1905 PRAETERsz.
474 1870 625 1905 Nullum
644 1879 834 1917 peccatum
856 1870 1010 1906 mortale
1028 1872 1064 1905 in
1088 1872 1270 1918 Scriptura
1294 1872 1426 1906 Sancta
1449 1872 1583 1918 absque
1605 1883 1657 1906 re-

92 1923 333 1969 prehensione
356 1932 684 1967 commemoratur3
707 1925 768 1958 sed
783 1924 974 1959 fornicatio
998 1924 1150 1970 simplex
1171 1933 1483 1959 commemoratur
1505 1925 1541 1959 in
1565 1925 1656 1959 Scri-

93 1977 239 2023 pturain
249 1978 403 2023 antiquis
414 1978 577 2012 Patribus
593 1979 668 2012 sine
678 1978 975 2023 reprehensione:
991 1979 1082 2012 sicut
1096 1978 1237 2023 legitur,
1250 1978 1341 2013 Gen.
1357 1977 1407 2013 16.
1420 1979 1462 2012 de
1471 1979 1655 2012 Abraham

93 2030 190 2076 quod
217 2032 369 2065 accessit
395 2032 438 2065 ad
464 2032 564 2078 Agar
591 2031 761 2065 ancillam
788 2043 910 2073 suam3
934 2039 968 2066 et
989 2031 1080 2065 infra
1117 2043 1193 2077 cap.
1231 2043 1282 2078 30.
1310 2031 1442 2077 legitur
1468 2032 1510 2066 de
1532 2032 1656 2077 Jacob,

94 2084 191 2130 quod
213 2086 364 2119 accessit
385 2085 428 2119 ad
445 2085 593 2119 ancillas
615 2097 769 2119 uxorum
791 2097 937 2119 suarum
962 2085 1086 2127 Balan,
1103 2093 1137 2119 et
1151 2085 1329 2131 Zelphan3
1349 2093 1383 2119 et
1400 2085 1490 2119 infra
1505 2097 1582 2131 cap.
1604 2085 1656 2132 38.

93 2136 234 2183 legitur,
256 2138 352 2183 quod
369 2138 478 2183 Judas
501 2139 653 2172 accessit
674 2138 717 2172 ad
742 2137 915 2179 Thamar,
939 2150 1047 2184 quam
1075 2138 1278 2173 aestimavit
1300 2139 1547 2181 meretricem3
1570 2149 1656 2185 ergo

93 2189 285 2224 fornicatio
304 2191 456 2237 simplex
477 2203 552 2225 non
575 2199 626 2225 est
647 2200 838 2237 peccatum
862 2192 1027 2226 mortale.

164 2253 198 2286 4.
219 2244 454 2278 PRAETEREA.
480 2245 602 2279 Omne
624 2252 814 2290 peccatum
834 2245 986 2279 mortale
1011 2245 1248 2279 contrariatur
1267 2245 1449 2279 charitati:
1469 2245 1530 2280 sed
1552 2245 1658 2280 forni-

95 2297 189 2331 catio
211 2296 363 2343 simplex
384 2308 458 2331 non
481 2298 719 2331 contrariatur
741 2298 918 2340 charitati,
940 2310 1038 2344 neque
1061 2307 1236 2344 quantum
1259 2299 1302 2332 ad
1317 2298 1551 2333 dilectionem
1574 2298 1656 2340 Dei,

95 2350 178 2396 quia
198 2362 272 2384 non
295 2358 348 2384 est
369 2351 502 2385 directe
525 2359 716 2396 peccatum
731 2362 856 2386 contra
877 2352 1010 2394 Deum,
1032 2364 1089 2386 nec
1105 2352 1213 2386 etiam
1237 2360 1411 2398 quantum
1434 2352 1476 2386 ad
1499 2352 1659 2386 dilectio-

94 2415 179 2438 nem
197 2404 364 2450 proximi,
386 2404 469 2450 quia
483 2416 547 2450 per
560 2404 631 2438 hoc
653 2405 767 2438 homo
782 2404 871 2438 nulli
885 2405 1027 2439 homini
1041 2405 1125 2439 facit
1146 2406 1333 2451 injuriam3
1357 2417 1444 2451 ergo
1465 2405 1657 2440 fornicatio

94 2457 246 2503 simplex
266 2469 340 2491 non
363 2465 416 2491 est
437 2466 629 2504 peccatum
652 2458 814 2492 mortale.

170 2522 198 2555 ς.
222 2511 457 2545 PRAETEREA.
483 2511 605 2545 Omne
627 2520 816 2557 peccatum
837 2511 989 2546 mortale
1011 2512 1109 2546 ducit
1129 2512 1165 2545 in
1188 2512 1429 2558 perditionem
1452 2520 1654 2546 aeternam:

94 2564 165 2598 hoc
183 2572 304 2598 autem
325 2576 398 2598 non
412 2564 497 2598 facit
511 2564 702 2599 fornicatio
724 2565 875 2611 simplex
891 2578 898 2607 3
915 2566 997 2611 quia
1013 2577 1118 2611 super
1139 2565 1226 2599 illud
1247 2577 1272 2599 1.
1294 2565 1337 2598 ad
1362 2564 1457 2598 Tim.
1476 2575 1528 2607 4.:
1551 2566 1659 2600 Pietas

82 2618 137 2667 ,ad
159 2619 271 2651 omnia
301 2618 391 2652 utilis
412 2623 467 2660 est,
491 2618 576 2652 dicit
600 2618 718 2652 Gloss.
742 2619 930 2653 Ambros.:
957 2619 1123 2653 «Omnis
1154 2630 1318 2652 summae
1338 2618 1547 2664 disciplinae
1570 2618 1660 2652 chri-

94 2671 231 2704 stianae
252 2671 288 2704 in
311 2671 569 2712 misericordia,
585 2680 619 2705 et
634 2672 764 2717 pietate
779 2680 841 2713 est,
857 2684 966 2718 quarn
981 2672 1108 2717 aliquis
1124 2683 1288 2717 sequens,
1301 2671 1329 2706 si
1344 2671 1523 2705 lubricum
1539 2672 1656 2706 carnis

95 2723 260 2770 patiatur,
283 2724 359 2758 sine
382 2724 490 2757 dubio
509 2724 704 2770 vapulabit,
719 2725 780 2759 sed
801 2736 875 2759 non
897 2725 1025 2771 peribit
1040 2738 1079 2767 »3
1103 2736 1190 2770 ergo
1206 2724 1396 2759 fornicatio
1419 2725 1570 2771 simplex
1584 2736 1658 2759 non

98 2784 152 2811 est
172 2785 364 2822 peccatum
391 2777 556 2811 mortale.

168 2828 200 2863 6.
224 2829 459 2864 PRAETEREA.
484 2830 584 2864 Sicut
606 2831 757 2876 August.
781 2831 866 2865 dicit
886 2831 921 2865 in
943 2831 1002 2865 lib.
1026 2831 1069 2865 de
1085 2831 1187 2865 Bono
1211 2831 1320 2877 Conj.
1343 2831 1431 2878 (cap.
1457 2831 1541 2876 τά),
1562 2832 1657 2877 quod

98 2890 151 2916 est
172 2882 272 2917 cibus
305 2882 349 2916 ad
371 2883 525 2917 salutem
557 2884 730 2929 corporis,
752 2884 822 2918 hoc
854 2892 906 2919 est
929 2885 1140 2918 concubitus
1171 2885 1213 2918 ad
1235 2884 1390 2919 salutem
1411 2885 1567 2930 generis:
1596 2885 1657 2919 sed
