1859 3122
210 167 321 208 1216
559 174 780 210 QUAESTIO
816 173 1002 203 CLXXXV.
1036 171 1278 202 ARTICULUS
1310 170 1384 199 VII.

203 259 307 299 ratio,
327 268 419 303 quae
441 264 494 290 est
515 256 557 290 de
574 254 727 301 propriis
739 254 865 296 bonis3
884 261 922 288 ut
947 252 1085 287 scilicet
1110 259 1256 298 propter
1276 249 1560 285 immoderatum
1580 248 1762 292 affeetum,

206 320 240 346 et
261 323 365 345 usum
388 317 512 356 peccet
533 309 690 354 quidem,
713 308 742 341 si
763 307 1003 342 immoderate
1026 306 1091 340 sibi
1112 306 1276 347 retineat,
1299 313 1333 338 et
1359 304 1436 338 aliis
1462 315 1537 337 non
1563 302 1763 345 subveniat,

205 366 298 399 sicut
323 363 469 409 requirit
495 362 654 395 debitum
682 361 881 395 charitatis:
905 361 934 394 si
955 371 1042 394 vero
1065 371 1139 394 non
1161 367 1244 394 sunt
1261 358 1444 405 praedicta
1464 357 1559 391 bona
1582 357 1761 398 distincta,

206 428 332 452 eorum
355 415 554 449 distributio
576 414 660 448 fidei
678 415 752 459 ejus
780 414 1034 448 committitur:
1058 421 1092 447 et
1113 413 1142 446 si
1161 412 1307 458 quidem
1321 412 1358 445 in
1372 410 1520 445 modico
1536 409 1688 451 deficiat,
1704 407 1765 443 'vel

206 469 478 516 superabundet,
494 476 612 514 potest
632 467 703 501 hoc
726 467 803 501 fieri
826 467 958 513 absque
979 467 1097 500 bonae
1120 466 1203 499 fidei
1217 465 1452 507 detriment03
1467 463 1550 510 quia
1564 474 1638 497 non
1649 469 1768 509 potest

206 524 320 557 horno
347 522 382 555 in
405 520 534 555 talibus
562 519 802 566 punctualiter
823 520 985 566 accipere
1012 519 1110 561 illud,
1138 520 1235 565 quod
1261 518 1339 553 fieri
1365 525 1526 564 oportet:
1554 517 1584 551 si
1608 527 1695 550 vero
1722 515 1768 550 sit

207 576 340 610 multus
365 585 542 616 excessus,
564 585 638 607 non
665 581 783 618 potest
803 573 936 615 latere;
959 573 1054 607 unde
1075 573 1216 607 videtur
1235 572 1353 606 bonae
1380 571 1464 605 fidei
1484 580 1708 617 repugnare3
1735 574 1770 603 et

207 629 290 663 ideo
311 639 385 662 non
408 636 461 661 est
482 628 616 672 absque
638 634 788 672 peccato
816 626 984 661 mortali:
1012 626 1140 661 dicitur
1165 626 1274 667 enim,
1300 625 1428 659 Matth.
1446 633 1514 666 24„
1535 622 1633 669 quod
1657 623 1686 657 si
1711 621 1766 656 di-

207 683 292 717 xerit
308 681 416 715 malus
434 693 549 715 servus
561 682 597 714 in
616 680 710 715 corde
734 692 813 715 suo:
833 681 968 714 Moram
987 680 1073 725 facit
1089 679 1239 714 dominus
1259 691 1349 713 meus
1361 679 1486 719 venire,
1503 676 1600 723 quod
1615 675 1769 722 pertinet

210 736 253 770 ad
280 735 391 769 divini
411 734 534 780 judicii
548 741 809 780 contemptum,
831 739 861 768 et
875 735 1018 780 coeperit
1036 738 1203 779 percutere
1217 743 1386 767 conservos
1399 743 1482 773 suos,
1497 729 1595 776 quod
1616 730 1770 776 pertinet

211 789 254 823 ad
280 788 496 834 superbiam,
522 787 696 822 manducet
721 792 843 829 autm,
865 792 896 821 et
921 788 1012 821 bibat
1038 798 1111 821 cum
1133 787 1278 828 ebriosis,
1306 785 1404 831 quod
1430 784 1584 830 pertinet
1604 783 1652 816 ad
1673 782 1772 816 luxu-

210 843 312 884 riam,
329 843 436 876 veniet
453 841 603 875 dominns
630 842 718 875 servi
731 841 821 874 illius
840 841 876 874 in
899 839 948 874 die
970 851 1035 886 qua
1056 851 1121 873 non
1145 844 1267 885 sperat,
1286 843 1314 873 et
1339 838 1462 872 dividet
1482 849 1566 879 eum,
1594 835 1732 870 scilicet
1753 846 1772 869 a

211 896 383 931 societate
402 895 596 936 bonorum,
615 899 642 928 et
657 899 789 940 partem
811 896 877 939 ejus
894 898 994 940 ponet
1014 905 1087 928 cum
1111 893 1298 938 hypocritis,
1320 891 1457 925 scilicet
1482 890 1519 924 in
1540 888 1694 924 inferno.

282 950 342 983 AD
369 958 518 983 PRIMUM
538 959 624 993 ergo
644 947 848 988 dicendum,
868 947 963 993 quod
979 947 1129 980 verbum
1143 945 1231 979 illud
1246 945 1371 979 Ambr.
1386 955 1461 978 non
1475 942 1595 978 solum
1610 950 1664 977 est
1683 941 1773 976 refe-

211 1003 363 1037 rendum
387 1002 429 1035 ad
453 1001 760 1047 dispensationem
782 1011 902 1034 rerum
930 999 1270 1041 ecclesiasticarum,
1293 998 1354 1032 sed
1374 1007 1689 1043 quorumcumque
1712 995 1775 1029 bo-

211 1067 355 1097 norum,
378 1067 420 1090 ex
442 1055 569 1101 quibus
601 1059 743 1088 tenetur
770 1053 898 1100 aliquis
929 1053 1048 1087 debito
1081 1052 1264 1087 charitatis
1296 1051 1487 1097 providere
1518 1049 1774 1084 necessitatem

214 1109 452 1156 patientibus:
475 1119 550 1142 non
577 1116 697 1142 autem
724 1115 841 1154 potest
863 1107 1105 1147 determinari,
1128 1105 1272 1151 quando
1300 1105 1345 1139 sit
1364 1105 1431 1138 ista
1452 1103 1659 1144 necessitas,
1681 1111 1775 1148 quae

215 1164 258 1198 ad
272 1171 464 1210 peccatum
485 1161 640 1196 mortale
662 1161 817 1207 obliget3
844 1161 936 1195 sicut
961 1171 1026 1194 nec
1051 1168 1190 1194 caetera
1213 1158 1453 1205 particularia,
1475 1168 1567 1203 quae
1593 1156 1630 1190 in
1651 1156 1778 1190 huma-

214 1217 268 1251 nis
296 1216 432 1250 actibus
460 1216 749 1250 considerantur:
778 1214 910 1248 horum
940 1214 1036 1247 enim
1071 1212 1322 1247 determinatio
1350 1211 1562 1257 relinquitur
1593 1210 1777 1244 humanae

214 1270 435 1316 prudentiae.

286 1323 345 1357 AD
372 1332 580 1357 SECUNDUM
602 1321 806 1362 dicendum,
817 1321 913 1366 quod
931 1320 1026 1355 bona
1047 1319 1295 1354 Ecclesiarum
1316 1330 1391 1353 non
1405 1326 1489 1353 sunt
1504 1317 1625 1353 solum
1647 1327 1776 1363 expen-

220 1377 337 1411 denda
357 1376 394 1409 in
425 1387 510 1409 usus
539 1386 750 1421 pauperum,
777 1374 839 1408 sed
862 1374 972 1408 etiam
1001 1374 1037 1407 in
1068 1373 1158 1407 alios
1179 1384 1276 1414 usus,
1306 1380 1345 1407 ut
1370 1372 1507 1406 dictum
1533 1379 1588 1406 est
1613 1371 1665 1416 (in
1685 1377 1778 1417 corp.

216 1431 295 1475 art.)
308 1442 320 1470 ;
343 1437 378 1463 et
397 1429 493 1470 ideo,
515 1429 544 1462 si
565 1428 608 1462 de
630 1439 685 1469 eo,
708 1428 804 1473 quoi
826 1427 906 1461 usui
931 1426 1113 1473 Episcopi,
1138 1425 1197 1461 vel
1219 1425 1368 1471 alicujus
1399 1425 1521 1459 clerici
1548 1431 1601 1459 est
1633 1424 1779 1470 deputa-

217 1493 305 1525 tum,
328 1482 415 1516 velit
436 1482 563 1528 aliquis
585 1481 651 1515 sibi
669 1481 890 1522 subtrahere,
906 1489 941 1515 et
956 1480 1246 1525 consanguineis,
1261 1479 1319 1513 vel
1341 1478 1419 1513 aliis
1437 1479 1534 1520 dare,
1549 1489 1624 1512 non
1641 1484 1779 1524 peccat,

218 1536 420 1571 dummodo
448 1535 536 1569 illud
562 1534 671 1569 faciat
696 1535 895 1576 moderate,
930 1534 1021 1568 idest
1042 1542 1080 1567 ut
1100 1545 1174 1567 non
1196 1533 1393 1578 indigeant,
1420 1543 1495 1566 non
1523 1538 1644 1565 autem
1666 1538 1706 1565 ut
1733 1530 1780 1564 di-

216 1591 326 1625 tiores
344 1590 427 1623 inde
448 1589 551 1623 fiant:
574 1589 668 1622 unde
688 1588 912 1622 Ambr.dicit
929 1587 965 1621 in
985 1587 1045 1620 lib.
1064 1596 1091 1620 1.
1115 1587 1158 1620 de
1175 1585 1281 1621 Offic.
1307 1586 1458 1633 (cap.30.
1476 1590 1505 1620 et
1518 1585 1592 1620 hab.
1608 1591 1679 1632 cap.
1697 1597 1706 1620 :
1722 1584 1780 1619 Est

214 1644 401 1692 probanda,
429 1644 515 1678 Dist.
534 1643 623 1687 86).-
653 1642 786 1676 «Haec
806 1650 859 1676 est
881 1641 1112 1688 approbanda
1134 1640 1340 1682 liberalitas,
1362 1648 1402 1674 ut
1422 1640 1608 1686 proximos
1629 1638 1777 1673 seminis

217 1698 269 1732 tui
286 1709 359 1731 non
382 1697 569 1742 despicias,
591 1696 621 1730 si
636 1707 741 1742 egere
764 1705 986 1741 cognoscas;
1008 1706 1082 1728 non
1103 1702 1227 1728 tamen
1252 1702 1291 1728 ut
1318 1693 1401 1728 illos
1428 1693 1574 1728 ditiores
1595 1692 1672 1727 fieri
1691 1691 1781 1726 velis

219 1763 261 1786 ex
283 1762 338 1793 eo,
357 1751 453 1797 quod
475 1758 512 1784 tu
534 1758 636 1795 potes
659 1748 821 1784 conferre
847 1749 1014 1794 inopibus
1035 1762 1068 1782 ³).

290 1805 349 1838 AD
371 1813 544 1838 TERT1UM
568 1803 773 1845 dicendum,
801 1802 897 1848 quod
916 1813 990 1836 non
1012 1801 1136 1836 omnia
1161 1801 1258 1836 bona
1279 1800 1525 1835 Ecclesiarum
1546 1807 1629 1834 sunt
1653 1809 1783 1845 paupe-

218 1858 314 1892 ribus
336 1857 537 1903 largienda;
567 1857 635 1891 nisi
660 1856 753 1890 forte
774 1856 810 1890 in
834 1855 985 1890 articulo
1015 1855 1250 1897 necessitatis,
1278 1856 1314 1889 in
1341 1866 1412 1900 quo
1439 1865 1504 1899 pro
1532 1852 1782 1900 redemptione

221 1912 460 1957 captivorum,
483 1919 517 1945 et
536 1910 613 1944 aliis
631 1910 902 1944 necessitatibus
924 1920 1135 1955 pauperum,
1158 1909 1267 1942 etiam
1281 1919 1367 1942 vasa
1387 1907 1499 1942 cultui
1519 1907 1642 1941 divino
1665 1906 1783 1940 dicata

221 1965 476 2006 distrahuntur,
498 1971 536 1998 ut
558 1964 727 1998 Ambros.
756 1963 840 1997 dicit
865 1963 940 2008 (lib.
968 1963 1004 1997 de
1028 1963 1120 2009 Offic.
1143 1968 1214 2008 cap.
1236 1963 1290 1997 28.
1313 1966 1341 1996 et
1358 1962 1432 1996 hab.
1452 1967 1546 2007 cap.:
1565 1961 1711 2002 Aurum,
1731 1969 1782 1995 12.

222 2032 252 2066 q.
274 2020 320 2063 2.)
330 2030 340 2052 .·
364 2026 398 2052 et
418 2018 454 2051 in
474 2017 538 2051 tali
559 2017 772 2051 necessitate
795 2025 962 2062 peccaret
977 2015 1139 2057 clericos,
1162 2016 1190 2049 si
1208 2014 1317 2049 vellet
1343 2015 1386 2048 de
1407 2014 1512 2048 rebus
1531 2013 1716 2048 Ecclesiae
1736 2013 1784 2047 vi-

223 2084 316 2114 vere,
339 2071 540 2106 dummodo
562 2071 711 2105 haberet
730 2069 996 2116 patrimonialia
1017 2070 1123 2111 bona,
1146 2069 1190 2103 de
1213 2068 1340 2114 quibus
1362 2069 1482 2102 vivere
1508 2074 1640 2113 posset.

295 2126 354 2160 AD
377 2135 565 2164 QUARTUM
587 2124 793 2165 dicendum,
809 2124 905 2169 quod
927 2123 1022 2156 bona
1045 2122 1291 2156 Ecclesiarum
1312 2121 1434 2155 usibus
1455 2132 1654 2167 pauperum
1669 2120 1785 2154 deser-

223 2180 297 2214 vire
320 2179 466 2221 debent;
482 2186 516 2212 et
529 2179 610 2212 ideo
627 2178 655 2211 si
678 2177 755 2223 quis
777 2177 990 2210 necessitate
1005 2187 1079 2209 non
1098 2176 1311 2209 imminente
1327 2174 1538 2220 providendi
1556 2173 1783 2219 pauperibUS‚

224 2233 267 2267 de
288 2233 356 2274 his,
379 2243 470 2278 quae
492 2231 713 2277 superfluunt
735 2241 776 2264 ex
797 2230 1029 2275 proventibus
1051 2228 1248 2270 Ecclesiae,
1270 2228 1518 2274 possessiones
1541 2235 1647 2269 emat,
1668 2226 1728 2261 vel
1747 2226 1784 2260 in

223 2287 393 2321 thesauro
415 2293 567 2331 reponat
588 2285 624 2318 in
648 2284 809 2318 futurum
835 2283 977 2317 utilitati
1004 2282 1199 2325 Ecclesiae,
1222 2290 1256 2316 et
1277 2281 1548 2316 necessitatibus
1570 2291 1782 2326 pauperum,

224 2339 450 2374 laudabiliter
471 2338 572 2372 facit:
596 2338 625 2372 si
642 2349 728 2372 vero
743 2337 937 2371 necessitas
958 2336 1146 2370 immineat
1167 2335 1383 2381 pauperibus
1402 2334 1586 2380 erogandi,
1606 2333 1785 2379 superflua

226 2405 311 2427 cura
333 2400 396 2435 est,
419 2400 453 2427 et
470 2392 684 2433 inordinata,
708 2399 743 2425 et
761 2391 887 2436 aliquis
910 2390 945 2423 in
960 2389 1118 2423 futurum
1134 2396 1333 2431 conservet,
1355 2388 1452 2434 quod
1466 2388 1648 2422 Dominus
1666 2386 1786 2433 prohi-

225 2447 296 2489 bet,
318 2447 445 2481 Matth.
469 2445 513 2488 6.,
536 2446 680 2480 dicens:
700 2445 811 2480 Nolite
831 2444 949 2478 soliciti
970 2455 1030 2478 esse
1053 2444 1085 2477 in
1108 2444 1298 2477 crastinum.
