1859 3122
225 195 336 228 120‘0
578 197 800 232 QUAESTIO
835 197 1039 227 CLXXXIV.
1073 198 1316 228 ARTICULUS
1349 198 1422 228 VII.

290 279 364 314 SED
392 289 558 313 CONTRA.
579 278 680 312 Nulli
705 279 790 313 licet
818 291 836 313 a
858 280 989 325 majori
1010 287 1103 314 statu
1126 279 1170 313 ad
1192 280 1372 314 minorem
1397 279 1563 314 transire:
1586 279 1658 314 hoc
1680 279 1778 315 enim

219 341 312 367 esset
332 340 426 366 retro
450 332 626 378 aspicere:
654 332 715 366 sed
737 340 855 378 potest
877 332 1004 379 aliquis
1032 344 1051 366 a
1073 340 1165 367 statu
1187 333 1373 379 religionis
1399 333 1548 368 transire
1576 333 1619 367 ad
1646 340 1779 367 statum

218 386 478 431 episcopalem:
498 386 627 419 dicitur
642 386 737 419 enim
765 387 815 420 18.
839 398 870 432 q.
892 398 918 420 1.
938 388 1026 433 (sap.
1040 398 1052 421 .·
1073 387 1253 432 Statzctum)
1271 387 1367 433 quod
1389 400 1406 418 «
1421 398 1521 420 sacra
1536 386 1715 421 ordinatio
1735 387 1778 420 de

219 439 403 473 monacho
427 439 647 484 Episcopum
677 439 760 474 facit
771 453 811 482 »3
835 451 921 486 ergo
944 448 1054 474 status
1076 440 1342 487 Episcoporum
1369 448 1421 475 est
1442 440 1644 487 perfectior,
1671 451 1780 487 quam

219 500 330 526 status
352 492 617 538 religiosorum.

289 546 518 581 RESPONDEO
541 547 746 589 dicendum,
768 548 876 594 quod,
899 548 991 582 sicut
1017 548 1170 594 August.
1193 549 1277 583 dicit
1303 559 1353 583 12.
1382 560 1488 594 super
1511 548 1602 583 Gen.
1631 547 1664 582 al
1689 547 1779 582 liter.

217 600 305 646 (cup.
327 600 408 644 16),
434 611 611 646 «semper
629 612 739 647 agens
758 602 994 648 praestantius
1014 609 1066 636 est
1083 603 1239 648 patiente
1254 614 1291 636 »τ
1314 604 1350 636 in
1373 614 1505 648 genere
1529 610 1650 636 autem
1671 601 1781 647 perfe-

219 653 347 687 ctionis
370 654 569 688 secundum
599 655 820 701 Dionysium
850 655 935 702 (cap.
959 666 987 701 5.
1016 660 1044 690 et
1069 656 1101 690 6.
1126 655 1213 691 Coel.
1240 656 1368 702 Hicin),
1397 656 1568 703 Episcopi
1589 667 1626 690 se
1647 655 1783 690 habent
1837 671 1856 684 π

219 714 256 740 ut
276 705 505 752 perfectores,
533 707 693 753 religiosi
715 717 835 742 autem
858 716 895 742 ut
916 708 1080 755 perfecti,
1103 721 1258 755 quorum
1291 721 1405 744 unum
1426 710 1581 756 pertinet
1606 709 1649 743 ad
1672 709 1782 743 actio-

218 771 314 802 nem,
338 760 490 794 alterum
513 768 633 795 autem
654 763 696 796 ad
719 762 944 808 passionem3
968 763 1062 797 unde
1085 763 1317 798 manifestum
1340 772 1404 806 est,
1426 763 1522 810 quod
1539 770 1650 798 status
1671 761 1782 810 perfe-

220 813 349 847 ctionis
364 814 484 858 potior
506 822 559 848 est
579 814 616 848 in
637 814 837 861 Episcopis‚
859 827 968 862 quam
990 815 1026 849 in
1048 816 1236 862 religiosis.

289 867 348 900 AD
375 877 524 902 PRIMUM
547 879 633 914 ergo
661 869 866 912 dicendum,
893 870 989 916 quod
1015 870 1279 904 abrenuntiatio
1313 871 1539 917 propriarum
1568 869 1782 905 facultatum

217 920 390 966 dupliciter
412 922 632 956 considerari
654 930 787 968 potest:
810 935 874 957 mm
896 924 1004 967 modo,
1027 924 1228 959 secundum
1250 925 1346 970 quod
1369 932 1422 959 est
1443 925 1478 958 in
1502 932 1600 967 actu3
1625 931 1659 958 et
1676 923 1726 958 sic
1745 923 1782 957 in

219 985 260 1008 ea
282 986 355 1008 non
378 975 541 1009 consistit
568 976 804 1011 essentialiter
826 977 1010 1023 perfectio,
1033 979 1095 1013 sed
1128 986 1180 1013 est
1201 978 1384 1024 quoddam
1406 978 1636 1025 perfectionis
1657 978 1783 1012 instru-

219 1036 394 1070 mentum,
417 1029 508 1063 sicut
530 1041 635 1075 supra
655 1030 790 1064 dictum
813 1040 865 1066 est
896 1035 978 1077 (art.
996 1045 1023 1079 3.
1048 1034 1116 1078 huj.
1144 1034 1212 1079 (J.);
1237 1041 1270 1067 et
1291 1033 1374 1068 ideo
1396 1033 1486 1067 nihil
1512 1041 1644 1067 statum
1672 1031 1783 1079 perfe-

219 1081 348 1116 ctionis
371 1083 537 1128 prohibet
559 1095 635 1118 esse
654 1084 729 1118 sine
746 1085 1058 1121 abrenuntiatione
1078 1087 1327 1133 propriorum3
1344 1087 1438 1121 sicut
1459 1087 1568 1121 etiam
1590 1086 1783 1121 dicendum

219 1142 270 1170 est
289 1136 331 1170 de
354 1137 431 1170 aliis
455 1137 688 1172 exterioribus
711 1139 969 1174 observantiis:
993 1141 1059 1174 allo
1082 1141 1176 1175 modo
1199 1149 1318 1187 potest
1343 1140 1565 1175 considerari
1582 1140 1782 1175 secundum

218 1191 551 1236 praeparationem;
568 1200 605 1225 ut
626 1192 763 1226 scilicet
781 1193 895 1227 homo
918 1194 961 1228 sit
984 1203 1138 1240 paratus,
1153 1195 1181 1228 si
1203 1194 1308 1229 fuerit
1326 1206 1427 1241 opus,
1451 1195 1574 1229 omnia
1592 1194 1782 1236 dimittere,

218 1243 276 1277 vel
298 1243 527 1286 distribuere3
555 1253 589 1279 et
610 1245 680 1279 hoc
704 1246 858 1292 pertinet
880 1247 1013 1282 directe
1036 1249 1078 1281 ad
1101 1247 1382 1294 perfectionem3
1405 1248 1499 1282 unde
1522 1249 1674 1295 August.
1697 1248 1784 1282 dicit

218 1295 254 1329 in
276 1295 335 1330 lib.
360 1307 389 1331 2.
418 1298 460 1332 de
485 1298 573 1339 QQ.
597 1299 767 1345 Evangel.
791 1300 834 1346 (q.
857 1301 941 1345 11.).·
967 1302 1171 1336 «Ostendit
1191 1302 1373 1336 Dominus
1396 1301 1489 1336 filios
1516 1302 1712 1347 sapientiae
1733 1301 1783 1336 in-

218 1349 393 1395 telligere,
408 1363 482 1385 non
504 1352 539 1385 in
563 1353 786 1395 abstinendo,
809 1355 926 1388 necin
943 1355 1196 1389 manducando
1214 1367 1292 1390 esse
1314 1356 1498 1401 justitiam,
1513 1356 1575 1390 sed
1596 1356 1632 1389 in
1655 1367 1784 1402 aequa-

220 1404 384 1438 nimitate
413 1405 591 1440 tolerandi
619 1406 780 1453 inopiam
795 1420 834 1449 »ς
872 1408 966 1442 unde
998 1417 1031 1443 et
1052 1409 1253 1454 Apostolus
1283 1409 1368 1443 dicit
1391 1410 1524 1456 (Philip.
1551 1409 1624 1454 4.).·
1655 1409 1728 1444 Scio
1755 1414 1783 1444 et

220 1459 399 1501 abundare,
423 1465 450 1495 et
472 1462 652 1507 penuriam
672 1463 770 1508 pati.-
793 1462 836 1496 ad
858 1462 930 1496 hoc
954 1471 1074 1497 autem
1109 1464 1266 1497 maxime
1295 1471 1461 1498 tenentur
1482 1463 1663 1509 Episcopi,
1685 1463 1782 1509 quod

221 1515 344 1547 onmia
366 1525 430 1547 sua
451 1526 516 1560 pro
538 1515 679 1549 honore
699 1515 779 1557 Dei,
803 1524 837 1550 et
856 1516 970 1550 salute
992 1517 1048 1550 sui
1065 1517 1183 1563 gregis
1198 1525 1444 1560 contemnant,
1460 1529 1543 1551 cum
1558 1528 1648 1564 opus
1665 1516 1781 1559 fuerit,

219 1566 277 1600 vel
291 1568 506 1613 pauperibus
521 1569 575 1602 sui
590 1569 709 1616 gregis
724 1569 926 1615 largiendo,
940 1570 998 1604 vel
1012 1571 1173 1617 rapinam
1189 1571 1370 1606 bonorum
1384 1582 1535 1605 suorum
1550 1582 1633 1605 cum
1647 1571 1781 1617 gaudio

221 1621 442 1655 sustinendo.

292 1675 352 1709 AD
375 1686 581 1711 SECUNDUM
604 1676 808 1721 dicendum,
835 1678 931 1724 quod
952 1678 1024 1712 hoc
1051 1678 1169 1724 ipsum
1196 1678 1292 1725 quod
1314 1678 1485 1725 Episcopi
1504 1678 1694 1714 intendunt
1713 1678 1782 1722 his,

221 1739 312 1774 quae
327 1729 506 1774 pertinent
521 1731 563 1764 ad
579 1731 828 1776 proximorum
848 1731 1092 1775 dilectionem,
1106 1733 1272 1778 provenit
1286 1744 1328 1767 ex
1343 1733 1560 1767 abundantia
1579 1731 1782 1767 dilectionis

221 1782 382 1825 divinae,
405 1783 498 1818 unde
513 1784 694 1818 Dominus
716 1785 833 1831 primo
856 1797 875 1819 a
898 1786 1005 1820 Petro
1028 1786 1213 1832 quaesivit,
1237 1798 1281 1820 an
1297 1798 1380 1820 eum
1399 1786 1582 1833 diligeret,
1601 1794 1637 1821 et
1656 1794 1782 1833 postea

221 1836 253 1869 ei
268 1836 321 1870 sui
336 1837 454 1883 gregis
474 1849 598 1871 curam
618 1839 820 1881 commisit3
837 1847 870 1873 et
894 1839 1003 1884 Greg.
1027 1840 1112 1874 dicit
1125 1840 1160 1874 in
1176 1840 1352 1874 Pastorali
1368 1840 1471 1887 (part.
1490 1853 1517 1875 1.
1534 1840 1659 1887 cap.5.)
1675 1853 1685 1876 .·
1710 1839 1783 1874 «Si

221 1889 422 1925 dilectionis
443 1891 693 1926 testimonium
716 1901 767 1926 est
783 1904 867 1926 cura
883 1893 1084 1939 pastoralis,
1099 1894 1257 1940 quisquis
1271 1894 1459 1928 virtutibus
1478 1893 1619 1940 pollens
1633 1905 1782 1940 gregem

220 1943 291 1978 Dei
309 1945 425 1979 renuit
446 1956 604 1991 pascere,
623 1946 812 1981 Pastorem
834 1958 1018 1981 summum
1037 1947 1264 1982 convincitur
1281 1959 1355 1982 non
1372 1959 1492 1982 amare
1507 1959 1546 1981 »z
1566 1947 1638 1982 hoc
1660 1955 1781 1982 autem

221 2005 274 2031 est
294 1998 441 2043 majoris
464 1998 667 2034 dilectionis
697 2000 852 2045 signum,
874 2008 912 2034 ut
932 2001 1047 2035 homo
1068 2009 1215 2048 propter
1237 2001 1396 2036 amicum
1418 2001 1528 2036 etiarn
1558 2001 1618 2036 alii
1639 2001 1781 2044 serviat,

221 2062 330 2097 quam
352 2052 382 2086 si
403 2052 471 2086 soli
493 2053 612 2087 amico
630 2053 716 2087 velit
736 2054 880 2089 servire.

293 2106 353 2140 AD
381 2116 551 2141 TERTIUM
583 2107 786 2150 dicendum,
814 2109 922 2154 quod,
945 2110 1035 2143 sicut
1058 2109 1210 2155 Gregor.
1233 2109 1318 2144 dicit
1338 2109 1374 2143 in
1407 2109 1585 2144 Pastorali
1619 2109 1720 2157 (part.
1748 2121 1780 2145 2.

222 2166 290 2206 cap.
312 2161 356 2205 1.)
375 2172 384 2193 .·
416 2161 492 2195 «sit
514 2161 662 2195 Praesul
697 2162 839 2196 actione
870 2165 1094 2209 praecipuus,
1121 2175 1204 2210 prae
1236 2164 1372 2198 cunctis
1400 2163 1706 2211 contemplatione
1727 2175 1781 2198 su-

221 2223 370 2259 spensus
386 2227 403 2246 »
421 2227 429 2257 3
452 2215 534 2260 quia
557 2215 599 2248 ad
627 2215 724 2261 ipsos
746 2217 898 2262 pertinet
919 2228 992 2250 non
1012 2217 1131 2251 solum
1154 2226 1299 2264 propter
1316 2218 1465 2264 seipsos,
1487 2218 1548 2252 sed
1570 2227 1715 2265 propter
1731 2218 1782 2252 in-

221 2267 457 2301 structionem
480 2268 634 2302 aliorum
656 2269 913 2315 contemplari3
936 2271 1028 2304 unde
1053 2271 1206 2317 Gregor.
1228 2272 1313 2306 dicit
1338 2283 1444 2318 super
1464 2272 1594 2306 Ezech.
1615 2271 1717 2316 (hom.
1731 2271 1779 2318 5.)

223 2321 318 2367 quod
333 2322 376 2356 de
395 2321 560 2368 perfectis
574 2323 657 2357 viris
676 2332 757 2370 post
779 2324 1125 2370 contemplationem
1137 2337 1239 2360 suam
1254 2326 1483 2361 redeuntibus
1497 2326 1627 2361 dicitur
1639 2326 1695 2361 Ps.
1709 2336 1779 2369 44:

223 2375 423 2410 Memoriam
447 2376 697 2423 (abundantiae)
719 2379 892 2412 suavitatis
914 2383 987 2413 tuae
1006 2380 1210 2414 eructabunt.

737 2496 1080 2541 ARTICULUS
1114 2499 1238 2542 VIII.
1711 2511 1776 2558 875

320 2591 505 2621 UTRUM
548 2592 873 2623 PRESBYTERI
913 2594 1134 2634 CURATI,
1184 2595 1246 2624 ET
1289 2595 1690 2626 ARCHIDIACONI

459 2651 554 2681 SINT
588 2651 762 2694 MAJORIS
791 2653 1116 2693 PERFECTIONIS,
1152 2654 1275 2690 QUAM
1315 2655 1542 2684 RELIGIOSI.

760 2722 901 2767 (Quodl.
923 2734 950 2757 1.
970 2727 1032 2756 art.
1056 2734 1106 2767 14.
1125 2723 1166 2757 ιιιῖ
1191 2735 1222 2758 2.

349 2777 377 2808 et
404 2773 526 2817 chocll.
550 2786 576 2820 3.
605 2780 667 2809 art.
698 2786 748 2821 17.
781 2780 809 2809 at
835 2781 943 2822 opusc.
973 2776 1024 2810 18.
1057 2783 1129 2822 cup.
1156 2788 1210 2811 20.
1237 2783 1265 2811 et
1283 2788 1332 2812 21.
1359 2783 1387 2812 et
1421 2778 1540 2812 Matth.
1566 2778 1647 2825 19).

293 2856 352 2889 AD
381 2867 569 2891 OCTAVUM
599 2857 649 2891 sic
672 2858 886 2903 proceditur.
917 2858 1078 2900 Videtur,
1106 2859 1201 2904 quod
1236 2860 1345 2893 etiam
1366 2861 1562 2907 presbyteri
1590 2862 1713 2904 curati,
1743 2870 1778 2897 et

223 2909 467 2943 archidiaconi
490 2911 560 2944 sint
582 2911 728 2955 majoris
750 2911 991 2957 perfectionis,
1014 2923 1122 2957 quam
1149 2912 1326 2958 religiosi:
1359 2914 1443 2948 dicit
1468 2914 1564 2948 enirn
1588 2914 1776 2962 Chrysost.
