1859 3122
0 1981 7 2011 1

0 2014 7 2056 l

0 2063 7 2102 ἐ

458 167 679 203 QUAESTIO
713 167 832 197 XVIII.
867 167 1110 197 ARTICULUS
1144 167 1186 197 11.
1522 169 1596 211 145

121 250 348 284 RESPONDEO
367 250 572 291 dicendum,
587 250 683 296 quod
702 250 883 284 subtracto
899 261 953 293 eo,
969 250 1065 296 quod
1087 250 1147 284 dat
1164 250 1322 296 speciem
1338 250 1399 292 rei,
1414 250 1604 286 resolvitur

50 303 198 349 specieS,
220 310 253 336 ct
274 314 329 337 res
351 314 424 337 non
447 311 562 349 potest
585 304 711 338 eadem
735 315 938 337 remanere:
962 304 1054 337 sicut
1075 312 1215 338 remota
1233 303 1351 337 forma
1370 304 1531 350 corporis
1545 316 1605 338 na-

49 356 184 398 turalis,
204 367 278 390 non
299 365 464 390 remanet
482 357 577 390 idem
600 357 800 390 secundum
815 357 993 402 speciem:
1016 368 1095 403 spes
1118 365 1237 391 autem
1260 357 1385 403 recipit
1406 358 1564 404 speciem
1584 369 1603 391 a

50 421 114 445 suo
129 410 272 455 objecto
284 410 483 456 principali,
493 410 585 444 sicut
595 417 630 444 et
645 418 808 444 caeterae
822 410 983 452 virtutes,
995 418 1032 444 ut
1043 421 1085 444 ex
1098 410 1311 455 supradictis
1326 419 1422 456 patet
1438 411 1482 456 (q.
1493 417 1604 457 praec.

49 468 111 497 art.
134 474 162 508 5.
184 468 214 497 et
235 463 268 497 6.
289 468 318 497 ct
338 475 403 498 1-2.
427 475 455 509 q.
469 474 520 509 54.
541 468 604 497 art.
620 464 668 508 2.)
682 475 692 498 :
716 463 899 508 objectum
915 471 1035 497 autem
1050 463 1248 509 principale
1264 465 1339 508 ejus
1355 472 1408 498 est
1422 464 1604 498 beatitudo

49 523 204 557 aeterna,
219 516 529 562 secundumuquod
545 524 598 550 est
610 516 791 561 possibilis
804 516 929 550 haberi
945 528 987 550 ex
1001 516 1133 550 auxilio
1149 516 1282 558 divino,
1298 526 1335 550 ut
1348 528 1455 563 supra
1470 517 1606 551 dictum

50 577 102 603 est
124 568 202 613 (art.
223 581 249 604 1.
271 574 300 603 ct
321 581 351 604 2.
371 582 400 614 q.
415 570 565 615 praec.);
589 569 671 615 quia
694 580 781 614 ergo
803 569 940 603 bonum
963 570 1114 603 arduum
1136 570 1307 615 possibile
1328 582 1402 604 non
1425 571 1520 605 cadit
1540 570 1604 604 sub

50 622 188 657 ratione
210 622 298 668 spei,
320 623 388 656 nisi
410 623 609 656 secundum
632 623 728 668 quod
752 630 804 656 est
829 622 1000 664 futurum,
1021 623 1103 657 ideo
1127 634 1211 657 cum
1232 623 1415 657 beatitudo
1437 625 1509 669 jam
1533 635 1607 658 non

50 675 94 710 sit
113 675 242 717 futura,
265 675 327 710 sed
350 687 517 721 praesens
538 687 612 710 non
635 684 752 721 potest
773 676 821 709 ibi
843 687 919 710 esse
939 676 1049 710 virtus
1071 676 1166 722 spei;
1189 684 1224 710 et
1243 676 1326 710 ideo
1349 688 1441 722 spes,
1463 677 1555 711 sicut
1570 684 1604 711 et

50 728 148 770 fides,
171 737 365 762 evacuatur
387 730 422 762 in
443 729 569 774 patria,
591 737 625 762 et
646 737 814 763 neutrum
836 740 963 763 eorum
985 729 1021 762 in
1043 729 1155 763 beatis
1178 741 1254 763 esse
1276 738 1404 775 potest.

120 782 180 816 AD
209 792 357 816 PR1MUM
384 793 470 827 ergo
493 782 699 824 dicendum,
722 782 816 828 quod
841 782 1019 824 Christus,
1042 783 1107 816 etsi
1129 791 1221 817 esset
1247 783 1544 829 comprehensor,
1573 792 1607 818 et

51 846 112 881 per
133 846 359 880 consequens
385 835 521 877 beatus,
542 843 717 881 quantum
745 835 788 869 ad
816 835 975 869 divinam
1005 834 1226 877 fruitionem,
1249 844 1324 870 erat
1350 845 1473 871 tamen
1499 837 1607 871 simul

50 888 177 930 viator,
199 897 373 934 quantum
396 889 439 922 ad
460 889 733 934 passibilitatem
757 897 916 930 naturae,
938 900 1047 934 quam
1070 889 1187 923 adhuc
1210 890 1366 934 gerebat,
1385 898 1419 924 et
1435 890 1517 924 ideo
1533 889 1608 935 glo-

52 941 140 975 riam
160 941 466 988 impassibilitatis,
493 950 528 976 et
556 941 838 976 immortalitatis
868 953 1010 987 sperare
1040 942 1173 987 potuit:
1195 954 1269 976 non
1292 951 1414 977 tamen
1435 943 1483 977 ita
1511 943 1607 989 quod

51 995 199 1029 haberet
219 995 387 1029 virtutem
409 995 496 1041 spei,
519 1007 610 1041 quae
632 1007 706 1029 non
733 995 876 1041 respicit
902 995 1058 1041 gloriam
1085 996 1259 1041 corporis,
1289 997 1379 1030 sicut
1408 996 1607 1042 principale

53 1049 245 1094 objectum,
267 1048 328 1082 sed
350 1048 470 1094 potius
495 1048 704 1083 fruitionem
726 1049 896 1082 divinam.

122 1102 181 1135 AD
206 1112 412 1136 SECUNDUM
427 1102 632 1144 dicendum,
649 1102 744 1148 quod
766 1102 949 1136 beatitudo
967 1103 1187 1136 Sanctorum
1205 1103 1334 1137 dicitur
1352 1103 1424 1137 vita
1443 1111 1608 1145 aeterna;

53 1154 136 1201 quia
157 1166 220 1201 per
240 1155 311 1189 hoc
334 1155 430 1201 quod
452 1155 532 1189 Deo
560 1154 734 1197 fruuntur,
757 1155 958 1189 efficiuntur
985 1156 1258 1201 quodammodo
1286 1156 1477 1202 participes
1500 1165 1609 1190 aeter-

52 1208 170 1242 nitatis
197 1208 351 1250 divinae‚
375 1219 465 1254 quae
493 1209 631 1243 excedit
659 1220 767 1243 omne
793 1217 956 1255 tempus:
984 1217 1018 1244 et
1046 1210 1095 1243 ita
1124 1210 1347 1244 continuatio
1379 1211 1608 1245 beatitudinis

51 1272 125 1295 non
147 1261 405 1296 diversificatur
431 1273 494 1307 per
519 1273 698 1308 praesens,
726 1263 970 1308 praeteritum,
993 1271 1027 1297 et
1052 1262 1231 1306 futurum3
1259 1271 1293 1297 et
1313 1264 1395 1298 ideo
1418 1264 1513 1298 beati
1533 1275 1608 1298 non

51 1314 184 1348 habent
204 1326 305 1360 spem
327 1315 370 1348 de
393 1315 666 1350 continuatione
687 1316 928 1358 beatitudinis,
951 1316 1013 1351 sed
1034 1316 1168 1351 habent
1185 1317 1303 1363 ipsam
1323 1329 1416 1353 rem:
1433 1318 1516 1364 quia
1533 1329 1608 1352 non

53 1375 105 1402 est
125 1368 173 1401 ibi
193 1368 284 1402 ratio
306 1367 424 1402 futuri.

123 1421 182 1456 AD
205 1432 375 1456 TERTIUM
390 1422 595 1464 dicendum,
609 1422 706 1468 quod
722 1423 870 1457 durante
884 1423 1013 1457 virtute
1029 1424 1116 1470 spei,
1131 1424 1259 1458 eadem
1274 1436 1335 1470 spe
1349 1424 1476 1471 aliquis
1490 1432 1609 1471 sperat

52 1474 311 1509 beatitudinem
333 1475 411 1517 sibi,
433 1484 468 1510 et
489 1475 582 1510 aliis:
606 1476 667 1510 sed
689 1485 863 1510 evacuata
885 1488 946 1523 spe
967 1477 1004 1510 in
1031 1477 1155 1519 beatis,
1177 1478 1377 1512 secundum
1400 1490 1508 1524 quam
1532 1490 1607 1524 spe-

54 1528 178 1562 rabant
199 1528 264 1562 sibi
284 1528 554 1571 beatitudinem,
576 1537 720 1575 sperant
741 1529 887 1575 quidem
910 1530 988 1564 aliis
1009 1531 1281 1573 beatitudinem,
1302 1532 1363 1565 sed
1384 1543 1459 1565 non
1477 1532 1607 1566 virtute

54 1581 140 1627 spei,
161 1581 222 1615 sed
244 1581 360 1627 magis
381 1592 424 1615 ex
446 1593 571 1616 amore
599 1582 800 1616 charitatis:
829 1583 921 1617 sicut
942 1583 1051 1617 etiam
1075 1584 1135 1629 qui
1155 1584 1264 1618 habet
1291 1585 1505 1619 charitatem
1526 1585 1607 1626 Dei,

55 1634 182 1668 eadem
196 1634 368 1668 charitate
388 1635 503 1681 diligit
516 1635 739 1681 proximum:
764 1644 798 1670 et
815 1644 936 1670 tamen
954 1636 1081 1682 aliquis
1102 1645 1221 1683 potest
1235 1637 1383 1683 diligere
1401 1638 1607 1684 proximum

54 1698 127 1721 non
148 1687 284 1722 habens
305 1688 473 1722 virtutem
496 1688 690 1730 charitatis,
713 1689 774 1723 sed
797 1689 868 1723 alio
891 1689 1050 1735 quodam
1073 1701 1208 1725 amore.

124 1740 184 1775 AD
206 1751 393 1780 QUARTUM
409 1741 612 1783 dicendum,
627 1742 723 1788 quod
738 1754 821 1776 cum
835 1754 914 1789 spes
928 1743 972 1777 sit
989 1744 1100 1777 virtus
1114 1743 1323 1790 theologica
1337 1744 1473 1779 habens
1486 1744 1607 1779 Deum

55 1805 118 1839 pro
153 1794 306 1839 objecto,
339 1795 533 1841 principale
561 1795 743 1840 objectum
769 1796 843 1842 spei
869 1804 923 1830 est
948 1796 1063 1842 gloria
1090 1797 1244 1839 animae,
1266 1808 1357 1843 quae
1382 1798 1419 1831 in
1440 1797 1607 1832 fruitione

54 1847 174 1881 divina
197 1848 368 1890 consistit,
389 1859 463 1882 non
478 1856 598 1882 autem
617 1848 732 1894 gloria
748 1849 925 1894 corporis:
949 1849 1065 1895 gloria
1079 1850 1187 1884 etiam
1204 1851 1377 1897 corporis,
1392 1851 1458 1885 etsi
1478 1852 1610 1886 habeat

55 1900 233 1934 rationem
254 1901 354 1935 ardui
374 1913 438 1947 per
459 1902 771 1947 comparationem
790 1903 833 1936 ad
852 1911 1017 1937 naturam
1039 1903 1251 1946 humanam,
1268 1915 1342 1938 non
1361 1913 1483 1939 tamen
1501 1905 1610 1939 habet

55 1954 232 1988 rationem
254 1954 355 1988 ardui
375 1963 536 2001 respectu
558 1955 722 1990 habentis
744 1955 899 2001 gloriam
922 1957 1082 1991 animae:
1105 1965 1182 1991 tum
1204 1957 1287 2003 quia
1309 1957 1425 2003 gloria
1447 1959 1607 2004 corporis

57 2016 109 2042 est
129 2008 321 2042 minimum
339 2009 510 2055 quiddam
527 2009 564 2042 in
583 2011 854 2054 comparatione
874 2010 917 2044 ad
935 2010 1091 2055 gloriam
1114 2011 1272 2045 animae:
1294 2019 1372 2045 tum
1394 2012 1503 2046 etiam
1525 2012 1608 2058 quia

56 2061 188 2096 habens
211 2061 365 2107 gloriam
387 2063 528 2096 animae
549 2063 658 2096 habet
678 2063 752 2108 jam
773 2062 990 2098 sufficienter
1011 2075 1158 2098 causam
1181 2063 1318 2110 gloriae
1340 2065 1512 2111 corporis.

599 2232 941 2276 ARTICULUS
976 2233 1054 2276 ΙΠ.
1561 2256 1605 2292 92

383 2347 569 2377 UTRUM
615 2348 734 2377 SPES
779 2348 855 2377 SIT
898 2348 948 2378 IN
990 2348 1281 2379 DAMNATIS.

585 2440 626 2486 (3.
648 2441 735 2475 Dist.
757 2441 812 2476 26.
834 2453 864 2487 q.
883 2452 914 2476 2.
937 2446 1000 2476 art.
1018 2443 1076 2487 5.).

127 2538 186 2572 AD
205 2549 374 2574 TERTIUM
395 2539 446 2573 sic
465 2540 679 2585 proceditur.
701 2540 862 2582 Videtur,
884 2542 980 2586 quod
999 2541 1035 2575 in
1057 2541 1235 2576 damnatis
1257 2543 1300 2576 sit
1322 2553 1419 2586 spes:
1443 2541 1606 2576 diabolus

59 2591 154 2625 enim
175 2600 227 2626 est
248 2592 448 2634 damnatus,
470 2601 504 2627 et
523 2593 688 2639 princeps
708 2594 973 2635 damnatorum,
993 2595 1191 2629 secundum
1212 2594 1298 2628 illud
1318 2594 1443 2628 Matth.
1467 2605 1539 2639 25.:
1561 2595 1607 2629 Ita

59 2644 224 2680 maledicti
243 2647 278 2679 in
299 2647 403 2690 ignem
425 2651 604 2688 aeternum,
620 2648 822 2692 quiparatus
835 2652 879 2681 est
893 2647 1034 2689 diabolo,
1055 2653 1084 2682 et
1104 2648 1224 2693 angelis
1249 2650 1337 2692 ejus:
1360 2647 1421 2681 sed
1443 2647 1606 2682 diabolus

59 2697 166 2731 habet
191 2709 303 2743 spem,
325 2698 522 2732 secundum
548 2699 635 2733 illud
656 2700 722 2744 Job
750 2710 827 2742 4o.:
865 2701 948 2735 Ecca
972 2707 1038 2746 spes
1063 2703 1131 2746 ejus
1150 2701 1372 2746 frustrabitur
1398 2713 1491 2741 emm
1520 2712 1606 2747 ergo

16 2750 17 2754 ’
60 2751 208 2792 videtur,
230 2751 325 2796 quod
348 2751 508 2785 damnati
528 2752 683 2786 habeant
703 2764 815 2798 spem.

131 2814 162 2837 2.
183 2804 417 2838 PRAETEREA.
441 2804 541 2838 Sicut
561 2805 647 2839 fides
670 2813 723 2839 est
742 2805 909 2847 formata,
932 2814 966 2839 et
987 2805 1162 2847 informis,
1184 2806 1232 2839 ita
1255 2813 1288 2839 et
1314 2816 1411 2851 spes:
1435 2806 1496 2840 sed
1518 2806 1605 2841 fides

15 2855 19 2909 ἰ
61 2855 223 2891 informis
237 2865 355 2903 potest
369 2868 445 2892 esse
467 2857 503 2891 in
521 2857 768 2900 daemonibus,
796 2866 830 2893 et
856 2859 1044 2900 damnatis,
1071 2858 1269 2893 secundum
1295 2858 1380 2892 illud
1404 2859 1529 2904 Jacobi
1556 2870 1603 2897 ΖΛ
