1920 3142
274 143 328 185 42
727 139 946 175 QUAESTIO
981 140 1024 169 ΙΙ.
1058 139 1300 170 ARTICULUS
1333 140 1376 169 Π.

837 290 1182 334 ARTICULUS
1215 292 1271 334 ΙΙ.
1782 314 1822 339 12

328 398 481 428 UTRUM
504 397 840 428 CONVENIENTER
860 399 1222 429 DISTINGUANTUR
1243 399 1384 428 ACTUS
1412 398 1529 427 FIDEI
1556 399 1633 429 PER
1659 399 1767 439 HOC,

564 463 690 498 QUOD
719 463 798 492 EST
823 463 1018 493 CREDERE
1045 464 1151 503 DEO,
1179 464 1373 494 CREDERE
1400 464 1536 503 DEUM,

802 529 858 557 ET
887 529 1082 560 CREDERE
1108 530 1153 560 IN
1179 530 1315 559 DEUM.

270 617 309 661 (3.
332 616 419 650 Dist.
441 627 488 661 23.
511 627 540 661 q.
563 627 593 650 2.
615 620 677 649 art.
700 627 730 650 2.
753 620 780 649 at
809 615 895 650 Veri.
917 628 947 661 q.
970 628 996 651 Ι.
1020 621 1082 650 art.
1102 627 1133 662 7.
1155 616 1196 650 ad
1215 628 1244 662 7.
1267 617 1402 661 etsoan.
1423 628 1455 662 9.
1474 616 1543 651 lect.
1556 628 1583 662 3.
1599 620 1626 650 et
1642 617 1736 652 Rom.
1755 616 1817 662 4.).

341 704 400 738 AD
423 714 628 738 SECUNDUM
650 704 700 738 sic
721 703 936 750 proceditur.
955 704 1117 746 Videtur,
1136 705 1233 750 quod
1247 704 1544 739 inconvenienter
1562 704 1824 750 distinguantur

273 765 372 791 actus
393 756 476 791 fidei
496 769 559 803 per
579 757 661 798 hoc,
685 757 781 802 quod
804 765 856 791 est
877 757 1002 792 credar-a
1024 759 1108 799 Duo,
1132 758 1258 792 credere
1279 759 1403 800 Deum,
1431 763 1461 792 ot
1486 757 1613 792 credam
1633 759 1669 791 in
1690 758 1820 792 Deum:

272 810 376 844 unius
398 810 494 844 enim
515 811 658 844 habitus
680 822 771 844 unus
798 819 850 844 est
877 819 994 845 actus:
1022 811 1084 845 sed
1110 811 1196 845 fides
1218 819 1271 845 est
1291 822 1382 845 unus
1404 811 1558 853 habitus,
1580 822 1664 844 cum
1685 810 1730 844 sit
1754 821 1825 844 una

271 864 401 905 virtus3
424 874 509 909 ergo
532 863 830 897 inconvenienter
850 872 1032 909 ponuntur
1053 863 1172 910 plures
1194 872 1293 898 actus
1315 864 1408 898 fidei.

343 928 374 951 2.
398 917 633 951 PRAETEREA.
661 917 700 950 Id
722 917 818 962 quod
840 925 893 951 est
915 928 1111 951 commune
1139 917 1240 951 omni
1265 917 1361 951 actui
1388 916 1482 959 fidei,
1508 928 1583 950 non
1610 916 1715 950 debet
1740 916 1827 963 poni

272 978 310 1004 ut
330 970 553 1016 particularis
576 977 675 1004 actus
697 969 797 1005 fidei:
820 970 881 1004 sed
904 970 1030 1005 credere
1053 971 1123 1004 Deo
1145 971 1323 1004 invenitur
1346 970 1588 1004 communiter
1609 971 1645 1004 in
1667 969 1827 1015 quolibet

273 1031 354 1057 actu
376 1023 478 1064 fidei3
501 1023 583 1069 quia
605 1023 692 1057 fides
714 1023 875 1057 innititur
896 1024 1033 1069 primae
1058 1023 1221 1066 veritati3
1249 1034 1335 1069 ergo
1361 1023 1512 1065 videtur,
1538 1022 1634 1069 quod
1660 1023 1828 1057 inconve-

272 1077 412 1111 nienter
433 1076 671 1122 distinguatur
693 1087 712 1110 a
734 1077 948 1122 quibusdam
971 1076 1047 1110 aliis
1070 1077 1206 1111 actibus
1228 1076 1321 1110 fidei.

348 1141 376 1176 3.
399 1130 634 1164 PRAETEREA.
653 1129 692 1163 Id
712 1130 808 1175 quod
824 1130 993 1164 convenit
1007 1129 1117 1173 etiam
1135 1141 1208 1164 non
1228 1129 1403 1171 fidelibus,
1418 1141 1491 1164 non
1507 1137 1624 1176 potest
1636 1129 1723 1176 poni
1736 1129 1828 1164 inter

273 1183 356 1218 fidei
379 1191 500 1217 actus:
523 1183 584 1217 sed
607 1183 733 1218 credere
751 1184 861 1218 Deum
882 1196 942 1218 esse
964 1184 1132 1217 convenit
1154 1183 1263 1217 etiam
1282 1182 1500 1225 infidelibus3
1523 1193 1609 1229 ergo
1630 1193 1705 1217 non
1723 1182 1829 1217 debet

273 1237 360 1283 poni
379 1237 471 1270 inter
492 1244 591 1270 actus
614 1236 708 1270 fidei.

344 1300 376 1333 4.
399 1290 633 1325 PRAETEREA.
656 1290 795 1324 Moveri
816 1290 853 1323 in
878 1289 986 1324 finern
1009 1290 1163 1336 pertinet
1189 1290 1232 1323 ad
1258 1289 1495 1332 voluntatem,
1517 1290 1617 1335 cujus
1645 1289 1827 1335 objectum

275 1352 326 1379 est
348 1344 496 1386 bonum,
519 1352 554 1377 et
574 1343 672 1378 finis:
699 1344 761 1378 sed
789 1343 933 1377 credere
959 1354 1033 1377 non
1067 1351 1119 1377 est
1149 1351 1248 1377 actus
1277 1343 1484 1385 voluntatis,
1514 1343 1575 1378 sed
1603 1342 1827 1384 intellectus;

275 1409 362 1443 ergo
383 1409 457 1431 non
479 1397 583 1431 debet
603 1397 690 1443 poni
711 1396 909 1431 differentia
931 1408 1002 1431 una
1024 1397 1110 1442 ejus,
1131 1396 1226 1442 quod
1247 1404 1300 1431 est
1318 1396 1445 1432 credere
1459 1398 1493 1430 ‘in
1512 1397 1635 1438 Deum,
1656 1395 1752 1442 quod
1765 1395 1829 1429 im-

276 1459 395 1497 portat
416 1459 557 1485 motum
579 1452 615 1484 in
636 1450 756 1484 finem.

348 1504 421 1538 SED
438 1515 591 1539 CONTRA
606 1512 670 1546 est,
692 1504 788 1550 quod
810 1504 963 1549 August.
984 1504 1078 1537 hanc
1101 1503 1369 1537 distinctionem
1391 1503 1493 1549 ponit
1513 1503 1549 1536 in
1571 1502 1630 1536 lib.
1654 1502 1697 1537 de
1717 1499 1826 1536 Verb.

275 1558 385 1591 Dom.
409 1557 518 1601 (sarm.
541 1557 591 1592 61.
615 1564 686 1604 cap.
706 1557 768 1602 2.),
791 1565 826 1591 et
847 1568 952 1603 super
968 1556 1070 1601 Joan.
1094 1557 1204 1601 (tract.
1227 1557 1307 1602 29).

346 1611 575 1645 REspoxmzo
599 1611 804 1652 dicendum,
827 1610 923 1656 quod
946 1618 1046 1644 actus
1068 1609 1256 1655 cujuslibet
1282 1609 1475 1655 potentiae,
1495 1609 1554 1643 vel
1573 1608 1714 1643 habitus
1741 1608 1830 1642 acci-

275 1665 368 1711 pitur
390 1665 589 1698 secundum
612 1665 775 1698 ordinem
797 1664 991 1710 potentiae,
1006 1662 1063 1697 vel
1084 1663 1226 1697 habitus
1246 1663 1289 1697 ad
1307 1675 1412 1697 suum
1431 1663 1631 1708 objectum:
1648 1662 1829 1707 objectum

278 1726 398 1751 autem
420 1717 502 1751 fidei
523 1725 641 1763 potest
662 1717 835 1763 tripliciter
862 1716 1100 1751 considerari:
1129 1727 1212 1750 cum
1239 1717 1334 1750 enim
1363 1716 1507 1750 credere
1535 1716 1578 1749 ad
1607 1715 1830 1749 intellectum

278 1771 463 1816 pertineat,
486 1779 591 1817 prout
614 1778 666 1805 est
688 1782 707 1804 a
728 1770 914 1804 voluntate
941 1777 1061 1804 motus
1085 1769 1127 1803 ad
1156 1770 1434 1811 assentiendum,
1456 1776 1494 1802 ut
1515 1769 1650 1802 dictum
1673 1777 1725 1802 est
1746 1769 1829 1813 (art.

272 1830 384 1869 praec.
407 1824 448 1857 ιιιῑ
466 1824 524 1869 3.),
545 1832 662 1870 potest
684 1824 866 1869 objectum
888 1823 970 1857 fidei
993 1823 1106 1869 accipi
1120 1823 1172 1857 ‘tvl
1189 1834 1231 1857 ex
1248 1830 1347 1869 parte
1366 1822 1476 1868 ipsius
1491 1821 1704 1864 intellectus,
1718 1822 1770 1856 val
1788 1833 1830 1856 ex

279 1886 378 1923 parte
400 1877 594 1911 voluntatis
617 1877 840 1911 intellectum
863 1877 1060 1910 moventis:
1084 1876 1113 1910 si
1134 1876 1280 1922 quidem
1303 1887 1345 1910 ex
1365 1884 1465 1922 parte
1486 1875 1700 1917 intellectus,
1720 1875 1772 1909 sic
1794 1875 1830 1909 in

280 1931 422 1976 objecto
444 1931 526 1964 fidei
552 1931 614 1965 dno
641 1939 792 1977 possunt
818 1930 1048 1972 considerari,
1075 1930 1167 1964 sicut
1192 1941 1298 1976 supra
1326 1930 1461 1964 dictum
1483 1937 1536 1963 est
1559 1929 1604 1975 (q.
1626 1942 1653 1964 Ι.
1682 1935 1747 1964 art.
1773 1930 1830 1974 L),

280 1995 435 2030 quorum
457 1997 557 2017 unum
581 1993 633 2018 est
654 1984 838 2018 materiale
861 1984 1044 2029 objectum
1066 1983 1166 2017 fidei:
1191 1991 1225 2017 et
1243 1983 1292 2017 sic
1309 1983 1452 2029 ponitur
1467 1991 1567 2016 actus
1584 1982 1668 2016 fidei
1685 1982 1830 2017 credere

279 2038 420 2079 Deum3
448 2038 540 2083 quia,
567 2038 658 2071 sicut
685 2049 789 2083 supra
816 2037 951 2071 dictum
979 2045 1031 2071 est
1063 2036 1187 2082 (ibid),
1210 2036 1300 2070 nihil
1326 2036 1538 2082 proponitur
1563 2035 1667 2069 nobis
1694 2036 1737 2069 ad
1760 2047 1832 2070 cre-

281 2091 450 2132 dendum,
472 2091 539 2124 nisi
566 2090 763 2124 secundum
792 2090 887 2136 quod
915 2090 958 2124 ad
985 2090 1107 2124 Deum
1129 2090 1297 2136 pertinet:
1325 2089 1417 2123 aliud
1443 2097 1565 2123 autern
1591 2096 1645 2123 est
1669 2088 1831 2123 formalis

281 2144 371 2178 ratio
394 2144 535 2188 objecti,
558 2144 653 2189 quod
675 2152 728 2178 est
749 2144 839 2178 sicut
862 2144 1035 2185 medium,
1062 2151 1207 2189 propter
1228 2143 1324 2189 quod
1350 2142 1412 2176 tali
1439 2141 1598 2176 credibili
1625 2141 1829 2176 assentitur:

283 2205 317 2231 θῖ
338 2197 387 2231 sic
411 2197 554 2242 ponitur
576 2205 674 2230 actus
698 2196 778 2231 fidei
801 2197 945 2231 credere
972 2197 1070 2238 Deo3
1093 2196 1187 2242 quia,
1210 2196 1301 2230 sicut
1327 2207 1432 2242 supra
1460 2203 1510 2229 est
1540 2195 1675 2228 dictum
1702 2195 1830 2240 (ibid),

282 2249 434 2284 formale
457 2250 637 2294 objectum
661 2250 742 2283 fidei
761 2259 813 2284 est
833 2251 963 2284 veritas
984 2250 1109 2296 prima,
1133 2250 1189 2283 cui
1210 2250 1371 2283 inhaeret
1392 2249 1518 2290 homo,
1536 2256 1574 2282 ut
1587 2256 1731 2294 propter
1749 2260 1831 2283 eam

282 2304 423 2338 creditis
438 2303 666 2337 assentiatur:
683 2304 709 2337 si
724 2315 810 2337 vero
830 2303 1075 2337 consideretur
1091 2304 1184 2338 tertio
1202 2303 1312 2336 modo
1329 2303 1510 2348 objectum
1526 2301 1618 2343 fidei,
1633 2301 1831 2336 secundum

282 2357 378 2403 quod
393 2356 594 2390 intellectus
609 2364 659 2389 est
675 2365 794 2390 motus
811 2368 829 2389 a
843 2356 1040 2397 voluntate,
1056 2357 1104 2390 sic
1120 2357 1264 2402 ponitur
1279 2364 1378 2390 actus
1394 2355 1475 2389 fidei
1489 2355 1633 2389 credere
1645 2355 1680 2388 in
1691 2355 1830 2389 Deum:

282 2411 412 2444 veritas
435 2410 530 2444 enim
553 2410 666 2455 prima
690 2410 732 2443 ad
755 2410 979 2443 voluntatem
1000 2409 1161 2451 refertur,
1183 2410 1381 2444 secundum
1404 2409 1499 2454 quod
1521 2408 1629 2442 habet
1649 2408 1829 2443 rationem

280 2463 371 2498 finis.

352 2517 411 2551 AD
438 2527 585 2551 PRIMUM
613 2527 699 2561 ergo
723 2516 926 2556 dicendum,
950 2517 1043 2561 quod
1072 2528 1134 2562 per
1160 2516 1225 2550 ista
1251 2517 1318 2550 tria
1344 2527 1417 2550 non
1445 2515 1676 2561 designantur
1702 2515 1833 2550 diversi

282 2579 381 2604 actus
408 2569 499 2611 fidei,
527 2570 587 2604 scd
615 2581 705 2603 unus
736 2577 769 2603 et
800 2569 894 2602 idem
927 2577 1024 2603 actus
1055 2569 1190 2604 liabens
1222 2570 1401 2604 diversam
1432 2568 1645 2603 relationem
1676 2569 1719 2603 ad
1750 2568 1832 2602 fidei

281 2625 474 2670 objectum.

353 2677 395 2710 Et
417 2688 479 2722 per
500 2677 571 2709 hoc
594 2684 690 2722 patet
712 2675 898 2721 responsio
920 2685 969 2708 AD
993 2685 1209 2709 SECUNDUM.

354 2730 413 2763 An
437 2740 605 2764 TERTIUM
628 2729 832 2769 dicendum,
855 2728 950 2774 quod
971 2728 1114 2762 credere
1136 2729 1255 2762 Deum
1276 2740 1348 2762 non
1368 2729 1537 2762 convenit
1553 2727 1753 2762 infidelibus
1767 2727 1830 2761 sub

284 2794 325 2816 ca
355 2783 503 2824 ratione,
526 2794 593 2828 qua
621 2783 764 2829 ponitur
792 2790 890 2816 actus
921 2781 1021 2814 lidei:
1044 2793 1117 2815 non
1145 2782 1241 2815 enim
1269 2782 1416 2815 credunt
1442 2782 1561 2815 Deum
1584 2792 1659 2815 esse
1685 2781 1748 2815 sub
1775 2781 1831 2814 his

283 2836 559 2878 conditionibus,
582 2847 668 2881 quas
691 2835 777 2870 sides
800 2835 1031 2875 determinat3
1054 2842 1087 2868 et
1109 2834 1189 2868 ideo
1212 2846 1277 2869 nec
1301 2846 1383 2869 vere
1407 2835 1526 2869 Deum
1549 2834 1716 2869 credunt:
1736 2834 1831 2880 quia,
