1859 3122
554 158 773 195 ouans-rto
808 158 846 188 L.
881 158 1123 188 Anrtcurus
1157 159 1183 188 1.
1571 146 1650 201 383

98 241 240 287 quinque
260 239 414 286 politias,
436 251 527 287 quae
549 249 648 276 sunt:
665 241 889 283 aristocratia,
913 241 1118 283 limaci-atia,
1142 241 1302 286 tyrannis,
1321 240 1528 285 digocratia,
1552 239 1656 273 dumo-

99 295 227 334 cratia;
251 305 337 340 ergo
359 305 425 328 nec
447 295 646 329 secundum
669 306 819 339 regnum
843 294 947 328 debet
965 295 1058 328 sumi
1080 295 1275 339 regnativa.

173 359 201 393 3.
230 347 466 383 PRAETEREA.
502 348 616 394 Leges
646 359 780 394 ponere
807 359 881 382 non
910 347 1029 382 solum
1056 348 1209 394 pertinet
1239 348 1282 382 ad
1315 358 1429 392 reges,
1458 346 1520 381 sed
1547 347 1654 381 etiam

99 400 142 434 ad
157 401 333 447 quosdam
349 401 438 435 alios
454 402 684 447 principatus,
700 410 734 435 et
749 402 855 437 etiam
876 401 919 435 ad
942 401 1134 446 populum3
1150 410 1187 435 ut
1201 409 1298 447 patet
1316 413 1377 448 per
1400 401 1481 435 Isid.
1498 401 1533 434 in
1547 400 1606 434 lib.
1626 411 1654 445 5.

98 454 256 500 Etymol.
279 456 365 501 (cap.
391 457 476 500 m.):
499 456 560 489 sed
583 454 828 500 Philosophus
850 455 884 488 in
901 453 932 488 6.
962 455 1075 488 Etliic.
1100 455 1188 501 (cap.
1209 456 1255 500 S.)
1281 455 1382 500 ponit
1403 455 1655 501 Iegispositivam

98 516 236 554 partem
260 509 489 554 prudentiae3
511 509 808 542 inconvenienter
830 520 916 552 ergo
939 508 1023 542 loco
1047 510 1121 552 ejus
1145 510 1288 554 ponitur
1309 509 1505 553 regnativa.

170 561 244 596 SED
267 572 416 596 CONTRA
433 570 494 603 est,
517 562 613 608 quod
628 561 763 595 Philos.
787 562 871 595 dicit
892 562 927 594 in
947 573 974 605 ς.
998 561 1104 596 Polit.
1126 562 1214 607 (cup.
1234 562 1289 607 3.),
1307 562 1401 606 quod
1423 561 1598 608 prudentia
1613 567 1656 595 est

95 617 239 662 propria
259 617 562 662 virlzzsprincipim
587 626 672 659 ergo
695 615 859 660 specialis
882 615 1069 660 prudentia
1091 615 1195 648 debet
1217 626 1294 648 esse
1316 616 1512 660 regnativa.

170 669 398 703 Respoxmzo
419 670 623 709 dicendum,
640 669 746 715 quod,
762 669 855 702 sicut
869 679 910 702 ex
926 680 1030 714 supra
1046 668 1148 702 dictis
1163 676 1260 714 patet
1276 668 1320 714 (q.
1336 680 1390 713 47.
1406 674 1470 703 art.
1482 670 1513 703 3.
1532 674 1559 703 et
1573 670 1654 714 ro),

99 723 143 757 ad
165 723 392 769 prudentiam
415 723 567 769 pertinet
589 733 724 768 regere,
747 730 781 756 et
802 722 1029 768 praecipere3
1053 731 1087 755 et
1108 722 1189 755 ideo
1212 722 1272 755 ubi
1294 722 1473 756 invenitur
1491 723 1655 768 specialis

99 777 189 810 ratio
205 777 402 822 regiminis,
426 785 459 810 et
480 776 661 822 praecepti
676 777 711 810 in
726 776 894 810 humanis
915 776 1064 817 actibus,
1086 775 1134 808 ibi
1157 775 1266 809 etiam
1287 775 1468 809 invenitur
1489 776 1654 822 specialis

98 830 190 864 ratio
212 831 439 876 prudentiae:
463 829 694 864 manifestum
718 838 770 864 est
792 838 924 871 autem,
948 830 1043 875 quod
1059 829 1094 862 in
1110 840 1165 871 eo,
1181 829 1241 875 qui
1258 840 1332 863 non
1355 828 1475 862 solum
1498 829 1655 875 seipsum

98 884 208 918 habet
228 895 364 929 regere,
387 884 449 918 sed
471 884 580 917 etiam
603 883 905 918 communitatem
927 881 1125 928 perfectam
1149 882 1314 924 civitatis,
1338 882 1397 916 vel
1422 883 1535 928 regni,
1557 883 1656 916 inve—

98 937 194 971 nitur
214 937 390 984 specialis,
410 945 444 971 et
465 937 620 983 perfecta
641 938 732 971 ratio
748 937 953 982 regiminis:
968 944 1069 971 tanto
1086 936 1184 970 enim
1200 936 1363 981 regimen
1378 935 1568 982 perfectius
1592 944 1656 978 est,

98 999 233 1037 quanto
256 990 491 1025 universalius
506 998 568 1033 est,
585 991 627 1025 ad
642 990 744 1037 plura
758 1002 795 1024 se
812 990 1018 1032 extendens,
1041 1000 1075 1024 et
1096 989 1308 1024 ulteriorem
1326 989 1436 1023 finem
1459 990 1656 1035 attingens;

100 1052 134 1078 et
154 1045 236 1078 ideo
258 1046 345 1090 regi,
368 1044 410 1078 ad
432 1055 540 1090 quem
562 1044 716 1090 pertinet
736 1055 861 1089 regere
884 1043 1077 1086 civitatem,
1097 1042 1155 1077 vel
1169 1054 1334 1088 regnum,
1349 1043 1538 1089 prudentia
1561 1054 1657 1077 com-

98 1100 185 1144 petit
206 1098 405 1132 secundum
427 1097 634 1144 specialem,
665 1105 701 1132 et
728 1097 1028 1144 perfectissimam
1055 1098 1109 1131 sui
1131 1097 1330 1139 rationemg
1353 1105 1388 1131 et
1412 1104 1559 1143 propter
1584 1096 1655 1130 hoc

98 1152 285 1197 regnativa
305 1153 450 1198 ponitur
470 1151 608 1198 species
630 1151 852 1197 prudentiae.

169 1206 229 1240 AD
250 1215 398 1240 PRIMUM
421 1216 507 1251 ergo
526 1205 730 1246 dicendum,
753 1205 849 1250 quod
877 1204 1012 1246 onmia,
1034 1215 1125 1250 quae
1148 1212 1230 1238 sunt
1249 1204 1421 1238 virtutum
1449 1203 1656 1245 moralium,

97 1259 276 1306 pertinent
290 1259 333 1292 ad
347 1258 573 1305 prudentiam
595 1260 686 1292 sicut
707 1259 750 1292 ad
766 1258 998 1304 dirigentem;
1021 1258 1115 1292 unde
1131 1266 1165 1292 et
1178 1259 1265 1292 ratio
1286 1263 1373 1292 recta
1387 1257 1583 1304 prudentiae
1598 1269 1658 1304 po-

97 1313 193 1347 nitur
213 1313 249 1346 in
271 1312 478 1347 definitione
500 1312 639 1346 virtutis
660 1311 820 1354 moralis,
843 1320 881 1346 ut
902 1323 1009 1357 supra
1031 1311 1168 1346 dictum
1191 1320 1244 1346 est
1267 1311 1312 1358 (q.
1334 1323 1389 1358 47.
1417 1317 1480 1346 art.
1507 1324 1535 1358 5.
1562 1312 1604 1346 ad
1628 1324 1656 1347 1.

98 1372 126 1402 et
139 1379 200 1402 1-2.
219 1367 311 1413 q.58.
331 1371 395 1401 art.
417 1378 447 1401 2.
470 1365 511 1400 ad
532 1367 580 1411 4.)
592 1378 604 1407 ‚·
626 1373 659 1400 et
679 1366 761 1400 ideo
785 1367 892 1413 etiam
916 1365 1079 1400 executio
1098 1366 1264 1411 justitiae,
1287 1373 1393 1411 prout
1415 1365 1599 1399 ordinatur
1614 1366 1656 1399 ad

97 1420 236 1454 bonum
258 1431 466 1462 commune,
488 1419 584 1466 quod
606 1420 759 1465 pertinet
781 1419 824 1452 ad
839 1418 1000 1453 officium
1015 1419 1119 1465 regis,
1134 1419 1271 1465 indiget
1285 1419 1482 1453 directione
1504 1420 1656 1465 pruden-

99 1474 188 1517 tiae;
210 1474 304 1507 unde
326 1474 413 1507 istae
435 1473 525 1507 duae
546 1473 694 1507 virtutes
709 1481 790 1507 sunt
806 1473 963 1507 maxime
986 1473 1151 1519 propriae
1171 1473 1257 1518 regi,
1277 1472 1433 1506 scilicet:
1456 1473 1655 1518 prudentia,

100 1535 135 1562 et
155 1527 299 1572 justitia,
321 1527 521 1561 secundum
542 1526 630 1560 illud
652 1527 811 1560 Hierem.
835 1537 909 1572 23.:
933 1528 1096 1572 Regnabat
1116 1539 1186 1568 rex,
1209 1532 1238 1561 at
1258 1528 1382 1572 sapiens
1407 1528 1481 1567 crit,
1505 1531 1533 1561 et
1552 1527 1657 1572 faciut

95 1581 275 1626 judicium,
303 1586 331 1615 at
347 1582 512 1626 justitiam
535 1582 567 1614 in
589 1586 699 1621 terrm
720 1580 802 1626 quia
823 1588 945 1614 tamen
967 1581 1120 1625 dirigere
1142 1581 1257 1625 magis
1280 1580 1432 1624 pertinet
1454 1580 1497 1613 ad
1520 1591 1655 1626 regem,

100 1634 228 1680 exequi
251 1641 371 1668 autem
398 1633 441 1667 ad
463 1634 634 1676 subditos,
656 1634 738 1667 ideo
760 1634 945 1679 regnativa
968 1634 1084 1679 magis
1106 1634 1250 1679 ponitur
1271 1633 1407 1679 species
1434 1634 1656 1679 prudentiae,

99 1699 191 1734 quae
213 1695 265 1721 est
287 1687 469 1729 directiva,
491 1699 600 1733 quarn
621 1687 787 1732 justitiae,
811 1698 901 1732 quae
925 1696 977 1721 est
999 1687 1195 1722 executiva.

170 1741 229 1775 AD
253 1751 459 1775 SECUNDUM
487 1741 690 1782 dicendum,
721 1741 817 1786 quod
839 1752 991 1786 regnum
1015 1741 1106 1774 inter
1128 1741 1215 1774 alias
1237 1740 1380 1786 politias
1403 1749 1455 1774 est
1477 1740 1655 1786 optimum

99 1794 274 1840 regimen,
297 1802 336 1827 ut
356 1794 484 1827 dicitur
502 1794 537 1827 in
557 1794 588 1828 8.
611 1794 725 1828 Ethic.
749 1795 838 1840 (cap.
860 1795 949 1839 10.);
973 1802 1007 1828 et
1027 1794 1109 1828 ideo
1139 1795 1277 1840 species
1304 1794 1514 1840 prudentiae
1540 1794 1656 1839 magis

100 1847 222 1882 debuit
244 1847 470 1881 denominari
491 1859 511 1880 a
533 1858 661 1893 regno3
683 1847 731 1880 ita
753 1855 875 1881 tamen
895 1847 991 1893 quod
1013 1848 1077 1881 sub
1098 1848 1284 1893 regnativa
1303 1848 1657 1894 comprehendantur

102 1901 225 1936 omnia
247 1900 317 1935 alia
338 1901 515 1946 regimina
544 1909 652 1942 recta,
681 1911 756 1935 non
791 1909 910 1935 autem
941 1912 1119 1947 perversa,
1142 1913 1233 1948 quae
1259 1901 1381 1936 virtuti
1403 1909 1656 1948 opponuntur;

100 1954 194 1989 unde
212 1965 286 1988 non
308 1954 487 2000 pertinent
508 1954 551 1988 ad
573 1953 811 2000 prudentiam.

171 2009 230 2042 AD
254 2018 423 2042 TERT1UM
439 2007 642 2050 dicendum,
656 2008 752 2054 quod
773 2007 910 2042 Philos.
932 2008 1143 2042 denominat
1168 2008 1393 2054 regnativam
1422 2020 1441 2042 a
1468 2007 1655 2054 principali

101 2070 181 2096 actu
199 2062 305 2108 regis,
327 2062 387 2107 qui
409 2069 461 2095 est
481 2061 579 2107 leges
600 2072 752 2106 ponere:
772 2061 869 2108 quod
891 2062 957 2096 etsi
979 2062 1172 2096 conveniat
1189 2062 1279 2104 aliis,
1301 2073 1375 2096 non
1395 2062 1565 2096 convenit
1591 2062 1653 2103 eis,

100 2115 168 2150 nisi
189 2115 387 2150 secundum
409 2114 505 2161 quod
526 2115 741 2162 participant
762 2115 895 2161 aliquid
918 2116 961 2150 de
979 2115 1156 2162 regimine
1176 2115 1284 2162 regis.

650 2275 992 2321 ARTICULUS
1028 2276 1083 2319 ΙΙ.
1587 2287 1653 2329 284

160 2394 312 2424 UTRUM
339 2393 547 2424 POLITICA
574 2394 910 2425 CONVENIENTER
937 2395 1144 2424 PONATUR
1172 2394 1274 2424 PARS
1301 2394 1592 2424 PRUDENTIAE.

647 2494 761 2539 (Locis
780 2501 851 2541 sup.
874 2500 938 2529 art.
961 2506 988 2529 I.
1010 2494 1106 2539 not).

172 2593 231 2627 AD
253 2603 458 2627 SECUNDUM
480 2594 530 2628 sic
557 2595 772 2640 proceditur.
803 2595 965 2638 Videtur,
992 2596 1088 2642 quod
1117 2595 1263 2642 politica
1293 2607 1366 2629 non
1398 2595 1655 2629 convenienter

101 2655 255 2691 ponatur
284 2657 364 2691 pars
394 2647 620 2691 prudentiae:
651 2650 836 2695 regnativa
867 2650 964 2684 enim
995 2658 1047 2683 est
1076 2661 1155 2695 pars
1182 2649 1350 2694 politicae
1378 2649 1596 2694 prudentiae,
1617 2658 1653 2683 ut

102 2700 237 2733 dictum
260 2708 312 2734 est
335 2700 412 2743 (art.
429 2702 579 2746 praem:
601 2703 663 2736 sed
685 2714 764 2748 pars
786 2714 860 2736 non
882 2703 987 2737 debet
1008 2704 1116 2737 dividi
1145 2711 1268 2737 contra
1295 2710 1430 2743 totum;
1454 2714 1540 2747 ergo
1568 2703 1655 2748 poli-

100 2752 170 2786 tica
192 2764 266 2786 non
288 2752 393 2787 debet
414 2755 498 2799 poni
521 2754 590 2788 alia
611 2756 750 2801 species
772 2756 993 2802 prudentiae.

174 2815 204 2839 2.
219 2805 454 2840 PRAETEREA.
471 2807 616 2852 Species
630 2809 819 2842 habituum
834 2809 1099 2854 distinguuntur
1114 2809 1311 2843 secundum
1335 2809 1472 2843 diversa
1493 2809 1651 2855 objecta:

102 2858 162 2892 sed
185 2858 312 2893 eadem
334 2867 415 2893 sunt
430 2871 520 2905 quae
536 2869 677 2906 oportet
694 2870 906 2907 regnantem
921 2863 1138 2908 praecipere,
1153 2871 1187 2895 et
1202 2862 1381 2896 subditum
1401 2863 1546 2908 exequi3
1566 2875 1652 2909 ergo
