1859 3122
170 192 274 235 [192
541 188 758 224 QUAESTIO
792 186 997 217 CLXXXIV.
1030 186 1275 216 ARTICULUS
1308 186 1352 216 11.

160 273 335 313 charitati,
363 271 455 305 sicut
476 277 528 304 est
552 277 743 315 peccatum
764 266 937 310 mortale3
964 275 999 302 et
1024 267 1100 301 sine
1125 266 1189 301 tali
1213 266 1436 313 perfectione
1457 267 1613 303 charitas
1639 278 1717 302 esse

159 338 233 361 non
254 332 391 371 potest;
413 323 507 357 unde
530 331 583 357 est
603 322 646 356 de
668 323 880 356 necessitate
902 320 1044 355 salutis:
1068 321 1133 355 alio
1153 320 1261 364 modo,
1282 321 1498 367 inquantum
1520 322 1562 356 ab
1585 320 1716 356 affectu

159 379 318 414 hominis
341 376 538 411 excluditur
558 387 632 409 non
654 374 774 410 solum
794 374 894 416 illud,
914 374 1010 421 quod
1025 383 1077 409 est
1096 374 1259 409 charitati
1278 375 1511 418 contrarium,
1528 376 1591 410 sed
1608 377 1718 410 etiam

161 444 270 467 omne
291 431 390 472 illud,
414 430 508 476 quod
530 429 679 475 impedit
711 439 756 462 ne
791 427 937 462 affectus
965 428 1096 462 mentis
1116 427 1274 462 totaliter
1296 429 1468 474 dirigatur
1501 429 1544 463 ad
1576 429 1716 464 Deum:

160 486 235 521 sine
269 496 338 531 qua
372 483 590 530 perfectione
625 482 779 516 charitas
806 493 883 516 esse
908 490 1045 528 potest;
1079 491 1164 528 puta
1197 483 1230 516 in
1265 482 1528 529 incipientibus,
1556 490 1591 517 et
1615 482 1720 529 profi-

160 538 344 573 cientibus.

230 593 289 626 AD
314 601 463 626 PRIMUM
490 601 576 636 ergo
599 589 805 630 dicendum,
826 590 924 635 quod
942 589 1070 636 Apost.
1097 589 1146 622 ibi
1171 588 1330 635 loquitur
1351 589 1394 624 de
1415 589 1638 636 perfectione
1660 600 1720 636 pa·

159 646 257 687 triae,
280 655 370 691 quae
392 655 466 678 non
489 652 541 678 est
561 644 596 677 in
618 643 676 677 via
698 643 889 689 possibilis.

229 700 288 733 AD
311 708 517 733 SECUNDUM
539 697 744 738 dicendum,
767 697 863 743 quod
885 696 938 730 illi
959 698 1018 742 qui
1033 704 1114 731 sunt
1134 697 1171 730 in
1184 697 1253 731 hac
1272 696 1345 731 vita
1359 696 1519 743 perfecti,
1542 697 1579 731 in
1597 696 1720 732 multis

158 755 323 789 dicuntur
344 752 532 786 ostendere
555 751 755 785 secundum
782 758 930 797 peccata
956 750 1124 792 venialia,
1151 762 1242 796 quae
1269 759 1539 797 consequuntur
1561 762 1603 785 ex
1624 750 1719 785 infir-

158 809 281 842 mitate
303 806 498 853 praesentis
519 805 634 840 vitae:
657 812 691 838 et
704 813 878 850 quantum
901 805 944 838 ad
959 804 1030 838 hoc
1046 804 1156 838 etiam
1170 804 1305 838 habent
1319 804 1452 850 aliquid
1467 803 1734 851 imperfectum·

158 873 220 908 per
242 860 555 906 comparationem
583 859 625 892 ad
648 857 909 904 perfectionem
931 858 1079 904 patriae.

229 916 288 949 AD
308 924 479 948 TERTIUM
502 912 709 953 dicendum,
725 911 822 958 quod
841 912 933 945 sicut
954 920 1065 946 status
1088 911 1285 958 praesentis
1306 912 1401 946 vitae
1422 923 1497 946 non
1518 913 1662 958 patitur,
1681 919 1720 946 ut

156 971 272 1004 homo
293 979 436 1013 semper
459 975 540 1001 actu
561 966 694 1001 feratur
715 966 751 999 in
772 966 910 1008 Deum3
933 966 981 1000 ita
1004 966 1113 1000 etiam
1127 977 1202 1000 non
1216 965 1358 1011 patitur,
1374 965 1471 1012 quod
1491 973 1572 1000 actu
1586 965 1722 1000 feratur

156 1024 193 1057 in
208 1033 335 1057 omnes
349 1021 535 1067 proximos
547 1020 775 1065 singillatim:
792 1019 853 1053 sed
867 1018 1008 1061 sufficit,
1024 1020 1120 1065 quod
1131 1019 1263 1053 feratur
1279 1019 1522 1053 communiter
1536 1019 1572 1053 in
1587 1030 1717 1054 omnes

156 1077 192 1111 in
214 1075 418 1116 universali,
441 1082 476 1108 et
492 1074 528 1107 in
550 1073 712 1119 singulos
727 1072 968 1115 habitualiter,
987 1081 1022 1107 et
1043 1073 1244 1107 secundum
1268 1073 1379 1106 animi
1392 1073 1721 1119 praeparationem.

156 1132 281 1166 Potest
302 1138 423 1164 autem
445 1128 553 1162 etiam
576 1128 671 1161 circa
693 1127 926 1161 dilectionem
952 1127 1107 1173 proximi
1125 1127 1244 1173 duplex
1265 1126 1439 1173 perfectio
1462 1126 1608 1168 attendi,
1630 1126 1723 1161 sicut

157 1194 192 1219 et
213 1187 309 1218 circa
331 1182 565 1217 dilectionem
586 1181 673 1216 Dei:
696 1192 762 1214 mm
785 1181 942 1226 quidem,
965 1180 1042 1215 sine
1064 1191 1134 1226 qua
1157 1180 1312 1214 charitas
1335 1191 1411 1214 esse
1433 1191 1508 1214 non
1530 1187 1670 1226 potest;
1684 1187 1723 1215 ut

157 1238 295 1274 scilicet
315 1238 430 1271 homo
452 1235 542 1270 nihil
562 1235 694 1269 habeat
708 1235 743 1268 in
765 1233 907 1275 affectu,
928 1234 1024 1280 quod
1043 1234 1088 1268 sit
1106 1233 1328 1268 contrarium
1347 1232 1533 1267 dilectioni
1546 1233 1722 1280 proximi:

157 1293 225 1327 alia
245 1300 377 1333 autem,
399 1290 475 1324 sine
499 1301 568 1335 qua
591 1289 746 1322 charitas
767 1288 921 1322 inveniri
942 1296 1078 1334 potest:
1102 1299 1193 1334 quae
1220 1287 1367 1334 quidem
1394 1287 1589 1321 attenditur
1611 1287 1721 1334 tripli-

157 1347 259 1381 citer:
274 1346 386 1391 primo
401 1343 548 1390 quidem
566 1342 765 1376 secundum
786 1342 1035 1376 extensionem
1057 1341 1273 1383 dilectionis,
1292 1349 1330 1375 ut
1350 1341 1488 1376 scilicet
1505 1340 1633 1387 aliquis
1647 1352 1722 1375 non

159 1399 279 1434 solum
301 1397 425 1443 diligat
447 1396 598 1437 amicos,
621 1403 655 1429 et
675 1404 794 1436 notos,
816 1395 878 1428 sed
901 1395 1010 1429 etiam
1033 1403 1234 1437 extraneos,
1250 1402 1285 1428 et
1298 1393 1445 1429 ulterius
1460 1394 1647 1429 inimicos:
1663 1395 1722 1430 hoc

160 1453 269 1494 enirn,
291 1460 329 1486 ut
351 1451 436 1485 dicit
466 1450 618 1496 August.
642 1449 677 1482 in
703 1448 886 1483 Enchirid.
924 1448 1010 1494 (sap.
1033 1448 1110 1495 73),
1144 1453 1187 1483 est
1207 1449 1431 1494 perfectorum
1454 1449 1605 1494 filiorum
1631 1449 1720 1490 Det]

156 1506 292 1542 secundo
315 1504 515 1539 secundum
536 1503 788 1544 intentionem,
812 1513 903 1548 quae
931 1502 1132 1536 ostenditur
1159 1514 1201 1536 ex
1227 1502 1295 1544 his,
1322 1513 1414 1548 quae
1440 1502 1554 1536 homo
1576 1510 1723 1548 propter

158 1560 365 1607 proximum
388 1557 605 1598 contemnit,
628 1565 666 1591 ut
687 1556 825 1590 scilicet
846 1556 961 1590 horno
981 1564 1192 1590 contemnat
1212 1567 1287 1590 non
1301 1555 1420 1590 solum
1436 1555 1612 1590 exteriora
1626 1556 1723 1590 bona

158 1622 304 1661 propter
325 1613 542 1659 proximum,
565 1611 626 1646 sed
649 1611 759 1645 etiam
782 1610 996 1646 afflictiones
1019 1610 1239 1656 corporales,
1261 1618 1295 1644 et
1317 1610 1464 1644 ulterius
1485 1618 1654 1653 mortem,
1672 1621 1723 1646 se-

159 1668 317 1702 cundum
338 1666 425 1700 illud
437 1665 540 1711 Joan.
560 1676 631 1708 15.:
656 1666 823 1710 Majorem-
845 1664 1049 1698 dilationem
1063 1676 1156 1698 nemo
1172 1664 1278 1707 habet,
1299 1675 1399 1710 quam
1412 1669 1447 1698 ut
1465 1665 1614 1699 animam
1627 1676 1721 1699 suam

152 1726 260 1768 ponat
284 1722 355 1767 quis
371 1727 434 1767 pro
461 1721 576 1754 amicis
597 1720 684 1759 suiv
717 1720 809 1753 tertio
832 1727 1007 1764 quantum
1030 1718 1073 1751 ad
1097 1717 1267 1752 affectum
1289 1717 1504 1761 dilectionis,
1525 1726 1564 1752 ut
1584 1718 1723 1753 scilicet

159 1776 273 1809 homo
296 1785 360 1821 pro
383 1773 555 1820 proximis
577 1772 762 1819 impendat
782 1783 856 1806 non
877 1771 998 1806 solum
1020 1771 1236 1818 temporalia
1249 1771 1435 1814 beneficia,
1454 1771 1516 1806 sed
1532 1771 1643 1806 etiam
1655 1772 1723 1818 spi-

159 1828 312 1870 ritualia,
335 1836 369 1862 et
390 1827 537 1861 ulterius
559 1827 728 1873 seipsum,
751 1826 951 1860 secundum
972 1825 1060 1859 illud
1082 1826 1210 1872 Apost.
1226 1836 1257 1860 2.
1273 1825 1316 1859 ad
1336 1825 1422 1860 Cor.
1442 1836 1511 1860 12.:
1530 1826 1599 1872 Ego
1613 1831 1722 1861 autem

161 1883 368 1918 libentissima
390 1881 588 1928 impendam,
611 1885 639 1915 et
658 1879 928 1927 superimpendar
946 1881 1011 1926 ipse
1024 1886 1088 1926 pro
1111 1881 1287 1914 animabus
1307 1881 1434 1915 vestris.

731 2021 1076 2066 ARTICULUS
1105 2021 1185 2064 ΠΙ.
1650 2033 1720 2078 870

204 2131 357 2161 UTRUM
383 2129 624 2160 PERFEcrIo
654 2130 898 2160 cousrsrAT
925 2129 969 2160 IN
992 2129 1269 2169 PRAECEPTIS,
1296 2129 1353 2159 AN
1380 2129 1424 2160 IN
1452 2129 1680 2159 CONSILIIS.

256 2219 348 2264 (Lib.
364 2230 391 2264 3.
409 2217 524 2253 Conlr.
538 2229 568 2263 g.
585 2224 655 2264 cap.
667 2229 733 2264 130.
749 2222 776 2252 et
792 2218 913 2262 Quodl.
929 2230 958 2253 2.
976 2224 1047 2264 cap.
1062 2229 1115 2262 24.
1131 2217 1173 2252 αιῖ
1186 2229 1216 2252 2.
1232 2223 1260 2252 et
1274 2223 1380 2264 opusc.
1399 2227 1450 2264 17.
1470 2223 1540 2264 cap.
1558 2217 1620 2263 6.).

232 2309 291 2342 AD
314 2318 486 2343 TERTIUM
508 2307 557 2342 sic
580 2307 796 2354 proceditur.
823 2306 985 2349 Videtur,
1012 2307 1108 2353 quod
1135 2306 1308 2353 perfectio
1335 2307 1428 2341 vitae
1450 2318 1524 2341 non
1546 2306 1721 2341 consistat

158 2361 194 2395 in
210 2362 421 2408 praeceptis,
440 2361 502 2396 sed
523 2361 558 2395 in
575 2360 751 2395 consiliis:
774 2361 860 2394 dicit
882 2361 978 2395 enim
995 2361 1188 2402 Dominus,
1203 2360 1331 2394 Matth.
1358 2371 1426 2406 19.:
1445 2361 1545 2395 Sivis
1556 2360 1720 2407 perfectus

160 2427 232 2458 essa,
260 2415 355 2458 tude,
382 2415 484 2450 vende
513 2417 625 2449 omnia
646 2426 727 2460 quae
750 2415 855 2456 habes,
885 2420 911 2448 et
937 2414 979 2448 ιία
998 2416 1215 2461 pauperibus,
1242 2420 1272 2449 et
1297 2416 1384 2456 vani,
1406 2426 1534 2460 sequere
1560 2426 1630 2449 me:
1657 2414 1719 2449 sed

157 2468 251 2503 istud
275 2478 326 2503 est
349 2469 558 2511 consilium3
582 2479 667 2514 ergo
695 2467 868 2514 perfectio
892 2468 1086 2502 attenditur
1108 2468 1307 2502 secundum
1329 2467 1492 2510 consilia,
1515 2475 1549 2502 et
1568 2479 1643 2502 non
1669 2478 1721 2503 se-

160 2522 317 2556 cundum
341 2531 542 2568 praecepta.

231 2586 261 2609 2.
289 2577 524 2610 PRAETEREA.
541 2576 597 2610 Ad
620 2575 885 2610 observantiam
908 2584 1182 2621 praeceptorum
1199 2587 1326 2610 omnes
1340 2583 1521 2610 tenentur:
1544 2586 1628 2609 cum
1649 2575 1720 2610 sint

159 2629 202 2662 de
224 2630 437 2664 necessitate
459 2630 599 2671 salutis;
635 2630 662 2664 si
691 2641 777 2675 ergo
805 2628 976 2674 perfectio
1009 2630 1224 2663 christianae
1245 2629 1339 2663 vitae
1364 2630 1536 2663 consistat
1558 2629 1594 2662 in
1616 2639 1720 2675 prae-

160 2683 284 2728 ceptis,
306 2684 475 2728 sequstur,
500 2684 595 2729 quod
618 2682 790 2728 perfectio
814 2683 858 2717 sit
884 2684 926 2716 de
954 2684 1166 2717 necessitate
1188 2683 1323 2725 salutis,
1346 2691 1380 2717 et
1401 2683 1497 2729 quod
1519 2693 1647 2717 omnes
1674 2682 1718 2717 ad

160 2746 238 2769 eam
262 2745 460 2778 teneantur,
484 2737 579 2783 quod
603 2746 699 2783 patet
722 2748 798 2771 esse
820 2736 961 2770 falsum.

233 2801 260 2834 3.
284 2790 518 2824 Parmam.
552 2790 729 2824 Persectio
765 2790 979 2824 christianae
1002 2790 1095 2824 vitae
1124 2790 1316 2824 attenditur
1342 2790 1540 2824 secundum
1569 2789 1720 2824 charita—

157 2850 243 2884 tem,
266 2852 303 2877 ut
324 2845 457 2878 dictum
483 2853 534 2878 est
558 2844 634 2887 (Izrl.
663 2855 690 2879 1.
718 2845 785 2890 huj.
806 2845 874 2890 q.):
898 2844 958 2877 sed
978 2843 1150 2889 perfectio
1174 2844 1357 2877 charitatis
1379 2855 1452 2877 non
1474 2843 1614 2877 videtur
1635 2854 1718 2877 con-

159 2896 281 2930 sistere
303 2897 338 2931 in
362 2897 588 2931 observantia
611 2906 906 2944 praeceptorum:
930 2898 1012 2943 quia
1039 2897 1299 2943 perfectionem
1327 2897 1508 2931 charitatis
1536 2897 1717 2943 praecedit

391 2951 410 2970 ὓ
