1859 3122
179 181 288 224 1188
536 191 756 226 QUAESTIO
791 189 999 220 CLXXXIII.
1033 188 1276 219 ARTICULUS
1309 188 1370 218 111.

173 276 353 322 Episcopo
369 286 376 308 t
400 274 543 308 ordines
565 281 686 306 autem
709 271 944 306 ecclesiastici
962 270 1167 317 specialiter
1185 270 1452 315 distinguuntur
1468 270 1668 305 secundum
1687 270 1735 304 di-

173 341 277 364 versa
299 328 434 362 officia:
462 327 547 361 dicit
568 326 665 360 enim
687 325 767 359 Isid.
791 326 826 358 in
848 324 907 359 lib.
930 323 962 359 6.
984 323 1142 370 Etymol.
1167 323 1243 367 (loc.
1262 329 1335 370 sup.
1357 325 1450 367 cit.).·
1475 336 1494 356 «
1515 323 1734 359 Officiorum

173 382 327 430 plurima
349 392 482 426 genera
512 388 611 414 sunt:
638 380 700 413 sed
726 378 961 425 praecipuum
990 377 1078 411 illud
1107 385 1170 419 est,
1193 377 1289 423 quod
1319 377 1355 410 in
1385 377 1507 420 sacris,
1534 377 1735 424 divinisque

174 436 279 470 rebus
300 434 452 468 habetur
470 447 503 469 ».

710 561 1055 607 ART1CULUS
1091 561 1167 604 IV.
1664 572 1732 619 867

442 671 595 702 UTRUM
621 670 912 700 DIFFERENTIA
938 669 1147 699 STATUUM
1174 668 1473 699 ATTENDATUR

319 738 557 768 SECUNDUM
585 737 872 776 1NC1P1ENTES,
900 735 1225 774 PROFICIENTES,
1253 735 1309 764 ET
1337 734 1601 764 PERFECTOS.

551 825 662 872 (Schr.
685 838 715 872 q.
734 837 787 870 24.
811 830 874 860 art.
898 836 927 872 7.
950 830 979 859 et
996 825 1049 859 Ps.
1072 836 1127 869 24.
1149 829 1177 858 et
1197 824 1262 859 Isa.
1280 823 1367 869 44.).

248 916 308 950 AD
337 925 525 955 QUARTUM
554 915 603 949 sic
626 915 842 961 proceditur.
870 914 1032 955 Videtur,
1059 913 1157 960 quod
1184 912 1383 947 differentia
1409 920 1567 946 statuum
1591 923 1667 946 non
1693 919 1741 946 at-

177 969 343 1004 tendatur
364 969 564 1003 secundum
588 970 789 1014 incipientes,
809 969 1024 1014 proficientes,
1049 975 1083 1001 et
1098 967 1280 1013 perfectos:
1308 966 1534 1000 diversorum
1561 965 1658 1000 enirn
1680 976 1741 1011 ge—

177 1034 305 1057 nerum
327 1023 489 1056 diversae
511 1030 593 1056 sunt
615 1030 649 1056 et
670 1022 808 1068 species
831 1030 865 1055 et
887 1020 1109 1055 differentiae
1133 1019 1194 1064 [al.
1222 1025 1251 1054 et
1275 1021 1378 1066 specie
1410 1019 1650 1065 differentiae]:
1677 1019 1740 1053 sed

177 1076 377 1110 secundum
392 1076 485 1109 hanc
501 1075 739 1109 differentiam
755 1075 1011 1114 inchoationis,
1029 1072 1221 1118 profectus,
1237 1080 1271 1106 et
1289 1072 1519 1118 perfectionis
1534 1072 1741 1106 dividuntur

177 1130 308 1175 gradus
327 1129 522 1171 charitatis,
545 1136 583 1162 ut
604 1140 710 1174 supra
732 1129 896 1161 habitum
916 1136 968 1161 est
989 1128 1036 1172 (q.
1056 1139 1110 1171 24.
1131 1132 1194 1161 art.
1217 1128 1265 1172 9.)
1290 1138 1374 1160 cum
1397 1126 1440 1159 de
1463 1126 1638 1159 charitate
1662 1135 1741 1170 age-

178 1191 292 1225 retur;
315 1194 401 1228 ergo
416 1183 567 1224 videtur,
583 1183 679 1228 quod
696 1182 895 1216 secundum
911 1181 982 1214 hoc
994 1191 1067 1214 non
1080 1180 1125 1213 sit
1136 1179 1346 1226 accipienda
1359 1179 1558 1213 differentia
1573 1186 1742 1213 statuum.

249 1247 279 1270 2.
302 1237 538 1270 PRAETEREA.
562 1236 694 1277 Status,
717 1235 810 1269 sicut
832 1235 969 1269 dictum
992 1242 1045 1268 est
1066 1234 1146 1278 (art.
1170 1247 1197 1268 Ι.
1220 1234 1287 1279 huj.
1312 1233 1371 1279 q.)‚
1396 1233 1541 1279 respicit
1568 1232 1744 1266 conditio-

177 1302 262 1325 nem
283 1290 473 1331 servitutis,
495 1289 553 1323 vel
574 1289 764 1323 libertatis:
785 1288 828 1322 ad
851 1299 961 1334 quam
983 1299 1056 1321 non
1078 1287 1218 1321 videtur
1239 1287 1417 1333 pertinere
1439 1286 1624 1332 praedicta
1645 1284 1743 1320 diffe-

178 1344 291 1378 rentia
313 1343 574 1388 incipientium,
590 1342 869 1389 proficientium,
885 1350 919 1376 et
933 1341 1196 1387 perfectorum3
1213 1351 1299 1386 ergo
1317 1340 1616 1375 inconvenienter
1630 1347 1741 1374 status

180 1409 243 1444 per
263 1398 330 1432 ista
353 1397 530 1431 dividitur.
1094 1435 1104 1447 ..

256 1462 285 1497 3.
308 1451 544 1485 PRAETEREA.
567 1449 796 1496 Incipientes,
818 1448 1059 1496 proficientes,
1088 1456 1122 1482 et
1147 1447 1295 1494 perfecti
1320 1447 1490 1493 distingui
1507 1447 1674 1481 videntur
1694 1457 1744 1481 se-

182 1504 341 1538 cundum
362 1505 476 1549 magis,
501 1511 534 1538 et
557 1505 685 1543 minus;
710 1504 806 1549 quod
829 1502 968 1536 videtur
990 1502 1106 1548 magis
1128 1501 1306 1548 pertinere
1329 1501 1372 1534 ad
1390 1501 1570 1535 rationem
1590 1500 1742 1547 gradus:

181 1558 243 1593 sed
259 1558 327 1592 alia
342 1566 395 1592 est
408 1558 536 1592 divisio
553 1557 741 1603 graduum,
757 1565 791 1591 et
806 1565 975 1598 statuum,
990 1564 1028 1589 ut
1042 1567 1147 1602 supra
1163 1555 1299 1589 dictum
1315 1563 1367 1589 est
1381 1555 1463 1600 (art.
1479 1567 1510 1590 2.
1525 1554 1741 1601 et3.praec.);

181 1623 255 1646 non
277 1623 363 1657 ergo
387 1611 645 1646 convenienter
665 1611 835 1645 dividitur
857 1618 968 1644 status
990 1609 1189 1644 secundum
1210 1608 1435 1655 incipientes,
1454 1608 1695 1655 proficientes,
1710 1615 1745 1642 et

184 1665 372 1711 perfectos.

255 1719 329 1753 SED
352 1729 507 1753 CONTRA
530 1726 593 1760 est,
616 1718 712 1764 quod
736 1717 935 1763 Gregorius
957 1717 1043 1750 dicit
1063 1717 1099 1750 in
1118 1715 1247 1750 Moral.
1267 1716 1342 1760 (lib.
1361 1726 1416 1760 24.
1436 1722 1507 1762 cap.
1527 1715 1590 1761 7.).·
1615 1727 1633 1747 ‹<
1652 1713 1744 1748 Tres

183 1780 266 1807 sunt
296 1772 397 1806 modi
425 1783 704 1806 conversorum:
735 1771 933 1812 inchoatio,
964 1770 1150 1811 medietas,
1182 1778 1288 1815 atque
1317 1768 1490 1814 perfectio
1508 1781 1548 1812 »3
1579 1776 1614 1802 et
1639 1779 1746 1814 super

182 1826 312 1860 Ezech.
341 1826 442 1869 (hom.
470 1827 529 1871 15.)
559 1825 654 1867 dicit,
681 1825 778 1871 quod
808 1824 941 1859 «aliud
968 1832 1049 1858 sunt
1075 1823 1213 1857 virtutis
1244 1823 1402 1865 exordia,
1429 1822 1526 1857 aliud
1552 1821 1745 1869 profectus,

184 1880 279 1914 aliud
301 1879 474 1925 perfectio
493 1893 525 1912 n.

252 1933 482 1968 RESPONDEO
507 1933 712 1975 dicendum,
735 1932 844 1978 quod,
866 1932 958 1965 sicut
980 1942 1085 1977 supra
1107 1931 1243 1965 dictum
1266 1937 1318 1964 est
1332 1930 1413 1975 (art.
1433 1942 1459 1965 1.
1475 1930 1544 1975 huj.
1558 1929 1620 1975 q.),
1634 1935 1745 1962 status

184 1987 387 2022 libertatem
417 1986 571 2032 respicit,
599 1986 657 2020 vel
687 1986 913 2020 servitutem:
945 1985 1124 2019 invenitur
1155 1992 1276 2018 autem
1306 1984 1343 2017 in
1372 1983 1476 2017 rebus
1505 1981 1746 2029 spiritualibus

183 2041 301 2088 duplex
323 2041 485 2081 servitus,
508 2048 541 2073 et
563 2039 682 2086 duplex
700 2039 862 2074 libertas:
885 2051 951 2073 ιιηα
967 2039 1114 2084 quidem
1133 2044 1184 2072 est
1198 2038 1348 2072 servitus
1370 2037 1524 2083 peccati:
1541 2037 1646 2071 altera
1658 2046 1745 2069 vero

185 2102 236 2129 est
258 2094 409 2128 servitus
430 2093 604 2139 justitiae:
628 2093 792 2127 similiter
815 2093 924 2127 etiam
948 2100 1001 2126 est
1021 2092 1138 2138 duplex
1164 2091 1326 2125 libertas:
1354 2102 1423 2125 una
1449 2090 1596 2137 quidem
1624 2101 1643 2123 a
1668 2099 1748 2134 pec-

185 2155 288 2182 cato:
309 2147 378 2181 alia
398 2157 485 2180 vero
509 2157 528 2180 a
549 2146 694 2191 justitia,
710 2154 747 2180 ut
765 2154 862 2192 patet
883 2157 944 2192 per
967 2145 1199 2191 Apostolum,
1215 2145 1275 2190 qui
1297 2144 1382 2178 dicit
1404 2144 1447 2178 ad
1469 2143 1576 2177 Rom.
1593 2142 1641 2178 6.:
1659 2142 1746 2177 Cum

182 2202 270 2236 servi
294 2202 396 2235 essetis
409 2201 549 2247 peccati,
574 2200 669 2234 liberi
688 2200 802 2245 fuistis
818 2201 987 2244 justitiae:
1009 2211 1095 2233 nunc
1113 2209 1191 2232 vero
1214 2198 1344 2232 liberati
1367 2209 1387 2232 α
1403 2202 1549 2243 peccato,
1571 2198 1659 2231 servi
1676 2198 1746 2231 estis

176 2255 266 2301 facti
286 2255 380 2294 Deo,·
404 2261 456 2288 est
477 2261 598 2287 autem
620 2253 771 2286 servitus
793 2253 944 2298 peccati,
965 2252 1023 2285 vel
1045 2251 1214 2297 justitiae,
1237 2262 1320 2284 curn
1341 2250 1468 2296 aliquis
1487 2250 1545 2284 vel
1563 2261 1605 2284 ex
1623 2250 1746 2284 habitu

185 2308 325 2354 peccati
347 2307 390 2341 ad
412 2307 551 2340 malum
578 2305 781 2347 inclinatur,
807 2305 866 2339 vel
891 2317 933 2339 ex
953 2305 1078 2339 habitu
1107 2305 1262 2350 justitiae
1291 2304 1485 2338 inclinatur
1514 2304 1558 2338 ad
1585 2304 1745 2338 bonum:

185 2361 350 2396 similiter
371 2360 478 2394 etiam
497 2359 641 2394 libertas
664 2370 682 2392 a
705 2367 937 2404 peccatorem,
955 2369 1037 2391 cum
1057 2358 1184 2404 aliquis
1205 2358 1246 2391 ab
1266 2357 1499 2392 inclinatione
1517 2356 1657 2403 peccati
1672 2367 1747 2390 non

185 2423 389 2460 superatur:
412 2413 557 2447 libertas
579 2422 700 2446 autem
723 2423 742 2445 a
763 2411 896 2457 justitia
916 2419 979 2453 est,
1000 2423 1083 2445 cum
1099 2411 1225 2456 aliquis
1245 2418 1391 2456 propter
1409 2421 1573 2444 amorem
1593 2409 1747 2455 justitiae

185 2479 260 2502 non
280 2468 479 2502 retardatur
501 2478 520 2500 a
542 2465 659 2500 malo:
679 2473 931 2499 verumtamen
958 2465 1040 2510 quia
1067 2465 1180 2498 homo
1203 2464 1403 2498 secundum
1424 2462 1624 2498 naturalem
1644 2463 1749 2497 ratio-

185 2533 270 2555 nem
292 2522 335 2555 ad
356 2521 529 2566 justitiam
551 2519 753 2560 inclinatur,
769 2526 961 2563 peccatum
981 2525 1101 2551 autem
1122 2526 1174 2551 est
1192 2525 1316 2551 contra
1335 2517 1539 2551 naturalem
1557 2518 1748 2557 rationem,

187 2585 414 2620 consequens
441 2581 495 2613 est
522 2573 618 2619 quod
644 2572 788 2606 libertas
816 2582 835 2604 a
861 2579 1011 2617 peccato
1040 2572 1084 2605 sit
1109 2582 1193 2604 vera
1219 2571 1375 2613 libertas,
1402 2582 1494 2617 quae
1520 2570 1750 2616 conjungitur

187 2629 345 2663 servituti
367 2628 542 2673 justitiae3
565 2627 648 2672 quia
669 2637 731 2672 per
752 2633 944 2670 utrumque
964 2625 1077 2658 tendit
1095 2625 1208 2659 homo
1228 2625 1263 2658 in
1283 2625 1328 2666 id,
1345 2624 1440 2670 quod
1460 2631 1512 2659 est
1529 2625 1748 2658 conveniens

187 2682 269 2716 sibi:
294 2690 327 2715 et
348 2682 513 2715 similiter
534 2692 618 2714 vera
640 2679 790 2713 servitus
813 2687 865 2712 est
886 2679 1035 2711 servitus
1059 2679 1215 2723 peccati:
1240 2679 1297 2711 cui
1320 2679 1549 2724 conjungitur
1567 2677 1710 2712 libertas
1729 2688 1748 2711 a

189 2736 338 2780 justiti213
362 2735 444 2780 quia
467 2734 603 2768 scilicet
624 2745 687 2779 per
708 2733 778 2766 hoc
798 2732 911 2765 homo
931 2732 1123 2777 impeditur
1141 2729 1183 2764 a'b
1204 2743 1259 2773 eo,
1279 2732 1373 2777 quod
1394 2739 1446 2765 est
1463 2731 1647 2777 proprium
1662 2731 1748 2772 sibi3

190 2790 260 2822 hoc
284 2797 405 2822 autem
427 2788 522 2833 quod
546 2788 659 2820 homo
683 2785 856 2820 efficiatur
882 2796 1004 2818 servus
1030 2785 1196 2829 justitiae,
1223 2785 1280 2819 vel
1307 2785 1456 2831 peccati,
1484 2785 1661 2830 contingit
1686 2795 1749 2830 per

190 2842 391 2875 humanum
413 2841 590 2881 studium3
614 2841 704 2873 sicut
726 2838 924 2885 Apostolus
947 2838 1032 2871 dicit
1053 2838 1204 2871 ibidem:
1231 2839 1296 2872 Cui
1320 2839 1474 2873 exhibetis
1493 2850 1551 2872 vos
1574 2849 1682 2872 servos
1708 2837 1749 2872 ad

192 2894 417 2937 obediendiam,
438 2895 524 2929 servi
545 2896 613 2938 ejus
639 2895 722 2935 estis,
746 2893 798 2927 cui
817 2892 977 2933 obedistis,
992 2892 1059 2925 siva
1075 2892 1203 2937 peccati
1228 2891 1270 2925 acl
1297 2896 1447 2934 mortem,
1469 2893 1536 2926 sive
1558 2891 1748 2926 obeditionis

1844 133 1855 227 ἓ,

1848 231 1855 281 ε
