1905 3137
523 157 742 192 QUAESTIO
776 156 834 186 IX.
868 156 1114 187 ARTICULUS
1147 156 1192 186 11.
1581 143 1633 198 89

150 238 377 273 Rssspoxmzo
400 238 604 280 dicendum,
627 238 722 284 quod
746 246 882 272 certum
905 238 1077 283 judicium
1097 238 1139 271 de
1162 248 1197 271 re
1219 236 1336 283 aliqua
1358 236 1513 270 maxime
1533 236 1636 270 datur

80 303 121 326 ex
143 304 206 326 sua
228 303 352 334 causa3
374 301 408 326 et
437 292 518 326 ideo
548 292 746 326 secundum
777 291 941 326 ordinem
972 303 1163 325 causarum
1194 299 1335 337 oportet
1363 301 1438 324 esse
1470 290 1635 324 ordinem

79 345 311 391 judiciorum:
335 346 426 380 sicut
447 345 542 379 enim
566 356 673 379 causa
695 345 810 390 prima
832 352 884 378 est
906 355 1013 378 causa
1036 344 1234 378 secundae:
1254 344 1302 377 ita
1322 355 1384 390 per
1403 354 1551 377 causam
1571 343 1637 388 pri-

79 409 177 432 mam
198 398 374 443 judicatur
395 399 438 432 de
462 409 568 432 causa
591 398 764 432 secunda:
787 397 830 431 de
853 409 962 431 causa
981 405 1101 431 autem
1120 398 1234 443 prima
1253 409 1325 431 non
1346 404 1465 443 potest
1484 396 1635 442 judicari

78 462 141 498 per
163 451 270 486 aliam
293 463 460 494 causam;
482 460 516 486 et
536 451 617 485 ideo
645 450 829 496 judicium,
852 450 947 496 quod
978 450 1016 484 fit
1047 461 1108 495 per
1136 461 1282 485 causam
1310 451 1475 496 primam,
1498 458 1550 483 est
1570 449 1635 495 pri-

78 516 192 546 mum,
214 513 248 539 et
270 504 592 551 perfectissimum:
616 504 650 537 in
673 504 728 538 his
748 512 880 545 autem,
897 504 930 537 in
947 504 1074 549 quibus
1090 503 1222 549 aliquid
1246 512 1298 537 cst
1319 502 1633 549 perfectissimum,

77 569 212 592 nomen
235 569 430 592 commune
457 558 596 604 generis
624 558 872 603 appropriatur
899 557 965 599 his,
993 568 1084 603 quae
1112 556 1283 591 deliciunt
1309 568 1328 590 a
1355 556 1634 602 perfectissimo:

77 611 144 657 ipsi
166 620 285 645 autem
305 611 564 657 perfectissimo
585 611 771 657 adaptatur
791 611 886 644 aliud
906 610 1060 657 speciale
1080 621 1227 651 nornen,
1246 618 1284 644 ut
1301 618 1398 655 patet
1416 610 1451 643 in
1472 610 1635 655 Logicis:

77 676 162 698 nam
184 666 219 698 in
241 676 371 710 genere
395 664 683 698 convertibilium
705 664 803 705 illud,
820 664 915 710 quod
938 663 1117 709 significat
1137 663 1222 709 quod
1243 663 1321 709 quid
1339 668 1391 702 cst,
1413 662 1559 708 speciali
1574 674 1635 696 no-

78 718 175 752 mine
196 718 340 763 definitio
361 727 528 753 vocatur:
550 729 641 764 quae
664 725 784 752 autem
807 718 848 751 ab
871 718 941 751 hoc
965 717 1136 751 deficiunt
1163 716 1409 750 convertibilia
1437 716 1635 757 existentia,

77 782 212 806 nomen
224 782 418 806 commune
433 772 498 806 sibi
512 771 675 813 retinent,
691 771 826 805 scilicet
841 771 936 817 quod
949 772 1089 817 propria
1105 770 1288 812 dicuntur3
1303 769 1385 815 quia
1401 780 1487 814 ergo
1499 780 1634 803 nomen

77 825 246 859 scientiae
268 825 439 870 importat
460 825 655 871 quamdam
678 824 929 858 certitudinem
950 824 1083 869 judicii,
1107 832 1144 857 ut
1166 823 1302 857 dictum
1322 831 1374 857 est
1393 823 1475 867 (art.
1488 824 1635 868 pram),

78 878 108 912 si
128 878 274 924 quidem
297 878 471 912 certitudo
493 878 616 923 judicii
638 877 674 911 fit
696 889 759 923 per
781 877 994 911 altissimam
1010 888 1169 918 causam,
1184 877 1292 910 habet
1309 876 1465 922 speciale
1487 886 1635 917 nornen,

78 931 175 977 quod
197 940 249 965 est
270 932 461 978 sapientia:
485 932 614 966 dicitur
636 932 733 965 enim
755 931 897 977 sapiens
919 931 954 964 in
977 942 1197 976 unoquoque
1221 941 1363 976 genere,
1386 929 1446 975 qui
1467 929 1569 962 novit
1591 928 1637 962 al-

77 984 254 1018 tissimam
277 996 425 1019 causam
451 985 544 1019 illius
569 985 720 1031 generis,
744 996 805 1030 per
827 996 935 1030 quam
954 993 1072 1030 potest
1094 984 1137 1018 de
1159 983 1328 1017 omnibus
1350 983 1526 1027 judicare:
1555 982 1637 1016 sim—

77 1037 217 1083 pliciter
239 1046 358 1072 autem
381 1039 522 1084 sapiens
544 1038 683 1079 dicitur,
706 1040 765 1084 qui
786 1038 888 1071 novit
909 1037 1123 1071 altissimam
1150 1048 1297 1070 causam
1324 1035 1544 1082 simpliciter,
1571 1035 1637 1069 sci-

78 1090 163 1125 licet
187 1091 327 1133 Deum;
355 1100 389 1125 et
414 1092 496 1125 ideo
524 1092 684 1137 cognitio
712 1091 914 1125 divinarum
940 1102 1060 1124 rerum
1086 1099 1237 1124 vocatur
1262 1090 1445 1136 sapientia:
1474 1089 1635 1134 cognitio

78 1155 164 1178 vero
185 1156 305 1178 rerum
325 1145 568 1179 humanarum
589 1153 738 1179 vocatur
756 1146 901 1186 scicntia,
924 1144 1024 1190 quasi
1044 1143 1233 1177 communi
1250 1143 1399 1177 nomine
1417 1143 1636 1188 importante

80 1197 331 1232 certitudinem
352 1198 474 1243 judicii
496 1198 725 1244 appropriato
749 1198 791 1231 ad
813 1198 999 1243 judicium,
1023 1197 1118 1243 quod
1140 1197 1179 1231 fit
1199 1208 1262 1243 per
1284 1207 1410 1230 causas
1439 1195 1634 1237 secundas3

81 1258 116 1285 et
135 1251 218 1285 ideo
240 1251 290 1285 sic
313 1252 523 1297 accipiendo
546 1251 716 1286 scientiae
742 1262 890 1293 nomen,
916 1251 1061 1297 ponitur
1087 1251 1223 1284 donum
1251 1250 1458 1283 distinctum
1489 1260 1508 1282 a
1538 1248 1635 1282 dono

80 1304 293 1350 sapientiae,
316 1305 409 1339 unde
431 1304 569 1339 donum
595 1305 766 1339 scientiae
793 1313 845 1339 est
871 1304 988 1339 solum
1019 1304 1113 1338 circa
1139 1315 1194 1337 res
1220 1303 1411 1344 humanas,
1432 1300 1490 1335 vel
1511 1301 1632 1335 solum

83 1357 177 1392 circa
198 1368 252 1391 res
275 1365 424 1392 creatas.

150 1411 210 1446 AD
237 1422 385 1446 PRIMUM
407 1423 493 1458 ergo
516 1411 720 1453 dicendum,
743 1411 838 1457 quod
864 1410 948 1445 licet
975 1422 1034 1452 ea,›
1054 1410 1097 1444 de
1125 1409 1252 1456 quibus
1279 1417 1332 1443 est
1357 1408 1455 1450 fides,
1482 1407 1553 1442 sint
1579 1418 1634 1441 res

82 1464 234 1507 divinae,
257 1473 291 1499 et
313 1473 494 1508 aeternae3
515 1473 637 1499 tamen
659 1465 735 1510 ipsa
757 1465 843 1498 fides
866 1471 918 1498 est
939 1463 1122 1510 quoddam
1143 1462 1345 1508 temporale
1363 1462 1399 1495 in
1419 1461 1540 1495 animo
1564 1472 1635 1494 cre-

80 1518 213 1560 dentis;
235 1527 269 1552 et
290 1518 372 1552 ideo
394 1519 484 1552 scire
506 1518 590 1564 quid
613 1518 832 1552 credendum
854 1518 908 1559 sit,
931 1518 1084 1562 pertinet
1107 1516 1150 1550 ad
1173 1517 1310 1550 donum
1332 1514 1520 1549 scientiae:
1544 1515 1633 1548 scire

81 1579 202 1605 autern
222 1572 316 1617 ipsas
337 1582 392 1605 res
415 1571 564 1605 creditas
586 1571 786 1604 secundum
808 1572 941 1616 seipsas
963 1581 1025 1616 per
1047 1569 1243 1615 quamdam
1264 1569 1439 1602 unionem
1461 1567 1505 1601 ad
1526 1567 1632 1613 ipsas,

80 1624 231 1670 pertinet
251 1624 295 1658 ad
317 1624 453 1658 donum
475 1624 689 1670 sapientiae,
712 1625 805 1658 unde
827 1624 965 1658 donum
987 1623 1183 1669 sapientiae
1204 1622 1320 1668 magis
1342 1621 1535 1668 respondet
1553 1621 1634 1655 cha-

80 1678 184 1720 ritati,
206 1689 297 1724 quae
319 1678 395 1712 unit
415 1686 576 1712 mentem
596 1678 755 1712 hominis
778 1678 870 1712 Deo.

150 1732 210 1766 AD
225 1742 430 1766 SECUNDUM
449 1731 653 1773 dicendum,
677 1731 772 1777 quod
794 1731 885 1765 ratio
908 1729 969 1763 illa
994 1730 1168 1789 procedit,
1189 1704 1390 1764 secundum
1418 1728 1513 1774 quod
1541 1739 1638 1763 com-

80 1785 236 1818 muniter
256 1795 392 1818 nornen
414 1784 584 1818 scientiae
618 1785 790 1826 sumitur3
824 1785 872 1818 sic
907 1791 1027 1817 autem
1049 1783 1198 1817 scientia
1220 1794 1294 1816 non
1316 1783 1460 1828 ponitur
1481 1781 1636 1827 speciale

80 1837 228 1879 donum,
262 1837 323 1872 sed
358 1838 558 1871 secundum
591 1838 687 1883 quod
728 1837 953 1882 restringitur
987 1837 1030 1870 ad
1069 1836 1255 1881 judicium,
1289 1835 1385 1881 quod
1412 1834 1450 1868 fit
1482 1846 1544 1880 per
1581 1845 1636 1868 res

80 1899 227 1925 creatas.

161 1944 221 1978 AD
244 1953 415 1978 TERTIUM
436 1943 640 1985 dicendum,
660 1943 756 1989 quod
779 1944 870 1978 sicut
897 1954 1002 1989 supra
1030 1943 1166 1977 dictum
1189 1949 1241 1976 est
1266 1943 1312 1988 (q.
1346 1954 1369 1976 r.
1397 1946 1461 1975 art.
1480 1941 1538 1986 1.),
1564 1940 1637 1986 qui-

80 1997 166 2031 libet
196 1997 465 2043 cognoscitivus
498 1997 640 2031 habitus
673 1996 874 2031 formaliter
907 1997 1054 2042 quidem
1087 1996 1231 2042 respicit
1257 1995 1430 2036 medium,
1457 2006 1519 2040 per
1541 1993 1636 2040 quod

81 2050 213 2097 aliquid
241 2052 492 2097 cognoscitur;
515 2050 749 2084 materialiter
771 2058 892 2085 autem
914 2050 960 2091 id,
983 2049 1078 2095 quod
1105 2061 1169 2095 per
1194 2049 1356 2082 medium
1384 2047 1636 2093 cognoscitur3

80 2113 115 2139 et
131 2106 213 2151 quia
234 2105 268 2138 id
290 2105 387 2151 quod
409 2113 461 2139 est
486 2104 650 2146 formale,
672 2105 790 2151 potius
818 2113 881 2147 est,
908 2104 989 2138 ideo
1020 2103 1103 2138 illae
1130 2103 1301 2137 scientiae
1324 2113 1415 2148 quae
1439 2113 1481 2136 ex
1509 2101 1635 2148 princi-

80 2158 146 2205 piis
167 2158 433 2193 mathematicis
456 2157 677 2192 concludunt
699 2158 793 2193 circa
807 2157 999 2192 materiam
1021 2156 1234 2198 naturalem,
1258 2156 1374 2202 magis
1397 2166 1480 2189 cum
1501 2155 1636 2188 mathe-

82 2211 222 2245 maticis
242 2220 559 2253 connumerantur,
580 2219 704 2257 utpote
728 2211 777 2245 eis
804 2210 1007 2252 similiores,
1045 2210 1129 2244 licet
1161 2217 1335 2255 quantum
1366 2208 1408 2242 ad
1446 2208 1635 2242 materiam

82 2265 197 2310 magis
220 2265 437 2298 conveniant
458 2275 541 2298 cum
559 2263 734 2307 naturali;
756 2272 790 2298 et
811 2272 956 2310 propter
969 2264 1040 2298 hoc
1061 2263 1189 2296 dicitur
1199 2263 1235 2296 in
1250 2272 1280 2296 2.
1296 2261 1440 2308 Physic.
1456 2263 1533 2306 (tex.
1548 2261 1634 2306 20.);

82 2317 178 2364 quod
200 2325 282 2352 sunt
307 2318 423 2364 magis
445 2316 645 2352 naturales:
672 2325 707 2351 et
739 2317 820 2351 ideo
852 2329 935 2350 cum
961 2317 1076 2350 homo
1099 2327 1160 2362 per
1187 2327 1242 2350 res
1270 2322 1406 2349 creatas
1432 2315 1553 2348 Deum
1580 2324 1638 2347 co-

82 2370 235 2415 gnoscit,
257 2371 372 2416 magis
394 2370 533 2404 videtur
558 2370 629 2404 hoc
651 2370 827 2416 pertinere
855 2370 897 2403 ad
920 2370 1121 2411 scientiam,
1144 2369 1186 2403 ad
1209 2380 1318 2414 quam
1340 2367 1492 2414 pertinet
1508 2366 1638 2400 forma-

81 2423 171 2466 liter,
194 2435 303 2470 quam
325 2424 368 2458 ad
390 2424 616 2470 sapientiam,
636 2424 679 2458 ad
695 2435 803 2470 quam
819 2424 971 2469 pertinet
992 2422 1243 2464 materialiter3
1266 2430 1300 2456 et
1315 2433 1333 2456 e
1356 2431 1530 2455 converso
1554 2430 1635 2453 curn

82 2477 281 2511 secundum
299 2489 354 2512 res
377 2477 514 2511 divinas
528 2477 729 2522 judicamus
751 2477 794 2511 de
816 2477 920 2511 rebus
943 2477 1082 2518 creatis,
1109 2476 1224 2522 magis
1246 2475 1317 2509 hoc
1346 2474 1387 2508 ad
1411 2473 1636 2519 sapientiam,

83 2541 192 2576 quam
211 2530 254 2564 ad
277 2531 464 2565 scientiam
485 2532 647 2577 pertinet.
