<?xml version="1.0" encoding="UTF-8"?>
<!DOCTYPE html PUBLIC "-//W3C//DTD XHTML 1.0 Transitional//EN"
    "http://www.w3.org/TR/xhtml1/DTD/xhtml1-transitional.dtd">
<html xmlns="http://www.w3.org/1999/xhtml" xml:lang="en" lang="en">
 <head>
  <title>
</title>
<meta http-equiv="Content-Type" content="text/html;charset=utf-8" />
  <meta name='ocr-system' content='tesseract 3.04.00' />
  <meta name='ocr-capabilities' content='ocr_page ocr_carea ocr_par ocr_line ocrx_word'/>
</head>
<body>
  <div class='ocr_page' id='page_1' title='image "./divithomaeaquina03thomuoft_0929.png"; bbox 0 0 1859 3122; ppageno 0'>
   <div class='ocr_carea' id='block_1_1' title="bbox 480 171 1622 214">
    <p class='ocr_par' dir='ltr' id='par_1_1' title="bbox 480 171 1622 214">
     <span class='ocr_line' id='line_1_1' title="bbox 480 171 1622 214; baseline -0.004 -9"><span class='ocrx_word' id='word_1_1' title='bbox 480 175 700 211; x_wconf 79' lang='lat' dir='ltr'><strong>QUAESTIO</strong></span> <span class='ocrx_word' id='word_1_2' title='bbox 734 174 849 205; x_wconf 89' lang='lat' dir='ltr'>CXLI.</span> <span class='ocrx_word' id='word_1_3' title='bbox 882 173 1126 205; x_wconf 84' lang='lat' dir='ltr'>ARTICULUS</span> <span class='ocrx_word' id='word_1_4' title='bbox 1159 172 1216 203; x_wconf 89' lang='lat' dir='ltr'>IV.</span> <span class='ocrx_word' id='word_1_5' title='bbox 1542 171 1622 214; x_wconf 86' lang='lat'>921</span> 
     </span>
    </p>
   </div>
   <div class='ocr_carea' id='block_1_2' title="bbox 65 253 1636 2862">
    <p class='ocr_par' dir='ltr' id='par_1_2' title="bbox 66 253 1629 356">
     <span class='ocr_line' id='line_1_2' title="bbox 138 253 1629 302; baseline -0.003 -11"><span class='ocrx_word' id='word_1_6' title='bbox 138 256 212 291; x_wconf 77' lang='lat' dir='ltr'>SED</span> <span class='ocrx_word' id='word_1_7' title='bbox 234 266 389 291; x_wconf 80' lang='lat' dir='ltr'>CONTRA</span> <span class='ocrx_word' id='word_1_8' title='bbox 411 264 474 298; x_wconf 86' lang='lat' dir='ltr'>est,</span> <span class='ocrx_word' id='word_1_9' title='bbox 497 256 593 302; x_wconf 94' lang='lat' dir='ltr'>quod</span> <span class='ocrx_word' id='word_1_10' title='bbox 615 255 752 291; x_wconf 89' lang='lat' dir='ltr'>Philos.</span> <span class='ocrx_word' id='word_1_11' title='bbox 776 256 860 290; x_wconf 87' lang='lat' dir='ltr'>dicit</span> <span class='ocrx_word' id='word_1_12' title='bbox 881 256 916 289; x_wconf 96' lang='lat' dir='ltr'>in</span> <span class='ocrx_word' id='word_1_13' title='bbox 954 266 981 301; x_wconf 85' lang='lat'>3.</span> <span class='ocrx_word' id='word_1_14' title='bbox 1005 254 1120 289; x_wconf 88' lang='lat' dir='ltr'>Ethic.</span> <span class='ocrx_word' id='word_1_15' title='bbox 1152 253 1241 300; x_wconf 82' lang='lat' dir='ltr'>(cap.</span> <span class='ocrx_word' id='word_1_16' title='bbox 1264 253 1344 297; x_wconf 66' lang='grc' dir='ltr'>τα),</span> <span class='ocrx_word' id='word_1_17' title='bbox 1369 253 1466 299; x_wconf 90' lang='lat' dir='ltr'>quod</span> <span class='ocrx_word' id='word_1_18' title='bbox 1492 259 1629 298; x_wconf 82' lang='lat' dir='ltr'>tempe-</span> 
     </span>
     <span class='ocr_line' id='line_1_3' title="bbox 66 307 1364 356; baseline -0.003 -12"><span class='ocrx_word' id='word_1_19' title='bbox 66 310 179 344; x_wconf 89' lang='lat' dir='ltr'>rantia</span> <span class='ocrx_word' id='word_1_20' title='bbox 201 310 344 356; x_wconf 87' lang='lat' dir='ltr'>proprie</span> <span class='ocrx_word' id='word_1_21' title='bbox 363 317 416 344; x_wconf 91' lang='lat' dir='ltr'>est</span> <span class='ocrx_word' id='word_1_22' title='bbox 435 309 529 343; x_wconf 83' lang='lat' dir='ltr'>circa</span> <span class='ocrx_word' id='word_1_23' title='bbox 552 310 878 356; x_wconf 84' lang='lat' dir='ltr'>concupiscentias,</span> <span class='ocrx_word' id='word_1_24' title='bbox 898 317 932 343; x_wconf 93' lang='lat' dir='ltr'>et</span> <span class='ocrx_word' id='word_1_25' title='bbox 953 307 1210 342; x_wconf 82' lang='lat' dir='ltr'>delectationes</span> <span class='ocrx_word' id='word_1_26' title='bbox 1236 314 1364 340; x_wconf 86' lang='lat' dir='ltr'>tactus.</span> 
     </span>
    </p>

    <p class='ocr_par' dir='ltr' id='par_1_3' title="bbox 65 359 1631 1050">
     <span class='ocr_line' id='line_1_4' title="bbox 138 359 1627 408; baseline -0.004 -10"><span class='ocrx_word' id='word_1_27' title='bbox 138 363 366 398; x_wconf 55' lang='lat' dir='ltr'>Respoansso</span> <span class='ocrx_word' id='word_1_28' title='bbox 389 362 594 404; x_wconf 86' lang='lat' dir='ltr'>dicendum,</span> <span class='ocrx_word' id='word_1_29' title='bbox 614 364 722 408; x_wconf 83' lang='lat' dir='ltr'>quod,</span> <span class='ocrx_word' id='word_1_30' title='bbox 745 363 836 397; x_wconf 91' lang='lat' dir='ltr'>sicut</span> <span class='ocrx_word' id='word_1_31' title='bbox 858 373 964 408; x_wconf 86' lang='lat' dir='ltr'>supra</span> <span class='ocrx_word' id='word_1_32' title='bbox 991 362 1126 395; x_wconf 90' lang='lat' dir='ltr'>dictum</span> <span class='ocrx_word' id='word_1_33' title='bbox 1149 368 1202 395; x_wconf 87' lang='lat' dir='ltr'>est</span> <span class='ocrx_word' id='word_1_34' title='bbox 1230 360 1310 403; x_wconf 75' lang='lat' dir='ltr'>(art.</span> <span class='ocrx_word' id='word_1_35' title='bbox 1329 360 1474 406; x_wconf 71' lang='lat' dir='ltr'>praec),</span> <span class='ocrx_word' id='word_1_36' title='bbox 1497 359 1545 393; x_wconf 90' lang='lat' dir='ltr'>ita</span> <span class='ocrx_word' id='word_1_37' title='bbox 1573 366 1627 393; x_wconf 91' lang='lat' dir='ltr'>est</span> 
     </span>
     <span class='ocr_line' id='line_1_5' title="bbox 65 412 1626 462; baseline -0.003 -12"><span class='ocrx_word' id='word_1_38' title='bbox 65 416 304 462; x_wconf 80' lang='lat' dir='ltr'>temperantia</span> <span class='ocrx_word' id='word_1_39' title='bbox 327 418 420 450; x_wconf 86' lang='lat' dir='ltr'>circa</span> <span class='ocrx_word' id='word_1_40' title='bbox 444 416 767 462; x_wconf 82' lang='lat' dir='ltr'>concupiscentias,</span> <span class='ocrx_word' id='word_1_41' title='bbox 790 424 824 450; x_wconf 91' lang='lat' dir='ltr'>et</span> <span class='ocrx_word' id='word_1_42' title='bbox 843 415 1111 456; x_wconf 87' lang='lat' dir='ltr'>delectatione-s,</span> <span class='ocrx_word' id='word_1_43' title='bbox 1134 414 1226 448; x_wconf 88' lang='lat' dir='ltr'>sicut</span> <span class='ocrx_word' id='word_1_44' title='bbox 1247 412 1419 447; x_wconf 87' lang='lat' dir='ltr'>fortitudo</span> <span class='ocrx_word' id='word_1_45' title='bbox 1452 421 1504 446; x_wconf 88' lang='lat' dir='ltr'>est</span> <span class='ocrx_word' id='word_1_46' title='bbox 1531 412 1626 446; x_wconf 90' lang='lat' dir='ltr'>circa</span> 
     </span>
     <span class='ocr_line' id='line_1_6' title="bbox 66 466 1627 511; baseline -0.003 -7"><span class='ocrx_word' id='word_1_47' title='bbox 66 469 226 511; x_wconf 87' lang='lat' dir='ltr'>timores,</span> <span class='ocrx_word' id='word_1_48' title='bbox 249 478 284 504; x_wconf 92' lang='lat' dir='ltr'>et</span> <span class='ocrx_word' id='word_1_49' title='bbox 305 468 492 503; x_wconf 84' lang='lat' dir='ltr'>audacias:</span> <span class='ocrx_word' id='word_1_50' title='bbox 515 468 686 503; x_wconf 83' lang='lat' dir='ltr'>fortitudo</span> <span class='ocrx_word' id='word_1_51' title='bbox 710 478 831 503; x_wconf 88' lang='lat' dir='ltr'>autem</span> <span class='ocrx_word' id='word_1_52' title='bbox 855 477 906 503; x_wconf 85' lang='lat' dir='ltr'>est</span> <span class='ocrx_word' id='word_1_53' title='bbox 928 469 1022 502; x_wconf 88' lang='lat' dir='ltr'>circa</span> <span class='ocrx_word' id='word_1_54' title='bbox 1041 468 1202 509; x_wconf 86' lang='lat' dir='ltr'>timores,</span> <span class='ocrx_word' id='word_1_55' title='bbox 1219 475 1254 501; x_wconf 90' lang='lat' dir='ltr'>et</span> <span class='ocrx_word' id='word_1_56' title='bbox 1276 466 1443 501; x_wconf 82' lang='lat' dir='ltr'>audacias</span> <span class='ocrx_word' id='word_1_57' title='bbox 1464 474 1627 511; x_wconf 86' lang='lat' dir='ltr'>respectu</span> 
     </span>
     <span class='ocr_line' id='line_1_7' title="bbox 67 519 1626 569; baseline -0.003 -12"><span class='ocrx_word' id='word_1_58' title='bbox 67 523 311 557; x_wconf 85' lang='lat' dir='ltr'>maximorum</span> <span class='ocrx_word' id='word_1_59' title='bbox 347 523 541 564; x_wconf 85' lang='lat' dir='ltr'>malorum,</span> <span class='ocrx_word' id='word_1_60' title='bbox 571 523 698 569; x_wconf 91' lang='lat' dir='ltr'>quibus</span> <span class='ocrx_word' id='word_1_61' title='bbox 728 523 805 569; x_wconf 85' lang='lat' dir='ltr'>ipsa</span> <span class='ocrx_word' id='word_1_62' title='bbox 832 531 959 556; x_wconf 89' lang='lat' dir='ltr'>natura</span> <span class='ocrx_word' id='word_1_63' title='bbox 991 521 1220 567; x_wconf 78' lang='lat' dir='ltr'>extinguitur,</span> <span class='ocrx_word' id='word_1_64' title='bbox 1251 531 1342 566; x_wconf 86' lang='lat' dir='ltr'>quae</span> <span class='ocrx_word' id='word_1_65' title='bbox 1364 527 1446 554; x_wconf 90' lang='lat' dir='ltr'>sunt</span> <span class='ocrx_word' id='word_1_66' title='bbox 1468 519 1626 565; x_wconf 89' lang='lat' dir='ltr'>pericula</span> 
     </span>
     <span class='ocr_line' id='line_1_8' title="bbox 67 573 1627 622; baseline -0.003 -12"><span class='ocrx_word' id='word_1_67' title='bbox 67 576 213 619; x_wconf 88' lang='lat' dir='ltr'>mortis;</span> <span class='ocrx_word' id='word_1_68' title='bbox 236 576 329 610; x_wconf 90' lang='lat' dir='ltr'>unde</span> <span class='ocrx_word' id='word_1_69' title='bbox 352 576 516 610; x_wconf 87' lang='lat' dir='ltr'>similiter</span> <span class='ocrx_word' id='word_1_70' title='bbox 545 576 781 621; x_wconf 82' lang='lat' dir='ltr'>temperantia</span> <span class='ocrx_word' id='word_1_71' title='bbox 813 583 955 622; x_wconf 83' lang='lat' dir='ltr'>oportet</span> <span class='ocrx_word' id='word_1_72' title='bbox 982 575 1078 621; x_wconf 93' lang='lat' dir='ltr'>quod</span> <span class='ocrx_word' id='word_1_73' title='bbox 1113 575 1157 609; x_wconf 93' lang='lat' dir='ltr'>sit</span> <span class='ocrx_word' id='word_1_74' title='bbox 1187 574 1281 608; x_wconf 88' lang='lat' dir='ltr'>circa</span> <span class='ocrx_word' id='word_1_75' title='bbox 1313 573 1627 619; x_wconf 83' lang='lat' dir='ltr'>concupiscentias</span> 
     </span>
     <span class='ocr_line' id='line_1_9' title="bbox 67 626 1630 675; baseline -0.003 -12"><span class='ocrx_word' id='word_1_76' title='bbox 67 630 309 664; x_wconf 87' lang='lat' dir='ltr'>maximarum</span> <span class='ocrx_word' id='word_1_77' title='bbox 323 629 617 664; x_wconf 80' lang='lat' dir='ltr'>delectationum.</span> <span class='ocrx_word' id='word_1_78' title='bbox 638 629 681 663; x_wconf 86' lang='lat' dir='ltr'>Et</span> <span class='ocrx_word' id='word_1_79' title='bbox 695 629 777 675; x_wconf 90' lang='lat' dir='ltr'>quia</span> <span class='ocrx_word' id='word_1_80' title='bbox 793 629 985 663; x_wconf 80' lang='lat' dir='ltr'>delectatio</span> <span class='ocrx_word' id='word_1_81' title='bbox 1010 628 1241 674; x_wconf 87' lang='lat' dir='ltr'>consequitur</span> <span class='ocrx_word' id='word_1_82' title='bbox 1260 626 1511 673; x_wconf 85' lang='lat' dir='ltr'>operationem</span> <span class='ocrx_word' id='word_1_83' title='bbox 1530 634 1630 660; x_wconf 88' lang='lat' dir='ltr'>natu-</span> 
     </span>
     <span class='ocr_line' id='line_1_10' title="bbox 67 682 1629 729; baseline -0.003 -12"><span class='ocrx_word' id='word_1_84' title='bbox 67 683 192 726; x_wconf 84' lang='lat' dir='ltr'>ralem,</span> <span class='ocrx_word' id='word_1_85' title='bbox 214 691 314 718; x_wconf 88' lang='lat' dir='ltr'>tanto</span> <span class='ocrx_word' id='word_1_86' title='bbox 338 683 478 729; x_wconf 85' lang='lat' dir='ltr'>aliquae</span> <span class='ocrx_word' id='word_1_87' title='bbox 501 683 759 717; x_wconf 82' lang='lat' dir='ltr'>delectationes</span> <span class='ocrx_word' id='word_1_88' title='bbox 781 690 862 717; x_wconf 91' lang='lat' dir='ltr'>sunt</span> <span class='ocrx_word' id='word_1_89' title='bbox 880 682 1182 723; x_wconf 81' lang='lat' dir='ltr'>vehementiores,</span> <span class='ocrx_word' id='word_1_90' title='bbox 1204 689 1339 727; x_wconf 89' lang='lat' dir='ltr'>quanto</span> <span class='ocrx_word' id='word_1_91' title='bbox 1359 686 1629 725; x_wconf 87' lang='lat' dir='ltr'>consequuntur</span> 
     </span>
     <span class='ocr_line' id='line_1_11' title="bbox 68 733 1629 783; baseline -0.003 -12"><span class='ocrx_word' id='word_1_92' title='bbox 68 737 298 783; x_wconf 86' lang='lat' dir='ltr'>operationes</span> <span class='ocrx_word' id='word_1_93' title='bbox 319 737 435 783; x_wconf 84' lang='lat' dir='ltr'>magis</span> <span class='ocrx_word' id='word_1_94' title='bbox 457 736 660 771; x_wconf 82' lang='lat' dir='ltr'>naturales:</span> <span class='ocrx_word' id='word_1_95' title='bbox 684 736 840 770; x_wconf 80' lang='lat' dir='ltr'>maxime</span> <span class='ocrx_word' id='word_1_96' title='bbox 863 744 985 770; x_wconf 89' lang='lat' dir='ltr'>autern</span> <span class='ocrx_word' id='word_1_97' title='bbox 1006 734 1187 769; x_wconf 86' lang='lat' dir='ltr'>naturales</span> <span class='ocrx_word' id='word_1_98' title='bbox 1211 733 1424 768; x_wconf 84' lang='lat' dir='ltr'>animalibus</span> <span class='ocrx_word' id='word_1_99' title='bbox 1445 741 1530 767; x_wconf 88' lang='lat' dir='ltr'>sunt</span> <span class='ocrx_word' id='word_1_100' title='bbox 1547 744 1629 778; x_wconf 92' lang='lat' dir='ltr'>ope-</span> 
     </span>
     <span class='ocr_line' id='line_1_12' title="bbox 67 789 1628 836; baseline -0.003 -12"><span class='ocrx_word' id='word_1_101' title='bbox 67 790 238 832; x_wconf 85' lang='lat' dir='ltr'>rationes,</span> <span class='ocrx_word' id='word_1_102' title='bbox 259 791 387 836; x_wconf 89' lang='lat' dir='ltr'>quibus</span> <span class='ocrx_word' id='word_1_103' title='bbox 411 798 644 824; x_wconf 87' lang='lat' dir='ltr'>conservatur</span> <span class='ocrx_word' id='word_1_104' title='bbox 665 798 790 824; x_wconf 89' lang='lat' dir='ltr'>natura</span> <span class='ocrx_word' id='word_1_105' title='bbox 812 789 986 823; x_wconf 88' lang='lat' dir='ltr'>individui</span> <span class='ocrx_word' id='word_1_106' title='bbox 1008 800 1070 834; x_wconf 91' lang='lat' dir='ltr'>per</span> <span class='ocrx_word' id='word_1_107' title='bbox 1092 789 1224 830; x_wconf 87' lang='lat' dir='ltr'>cibum,</span> <span class='ocrx_word' id='word_1_108' title='bbox 1240 796 1274 822; x_wconf 92' lang='lat' dir='ltr'>et</span> <span class='ocrx_word' id='word_1_109' title='bbox 1287 796 1426 834; x_wconf 88' lang='lat' dir='ltr'>potum,</span> <span class='ocrx_word' id='word_1_110' title='bbox 1446 794 1480 820; x_wconf 91' lang='lat' dir='ltr'>et</span> <span class='ocrx_word' id='word_1_111' title='bbox 1501 794 1628 820; x_wconf 86' lang='lat' dir='ltr'>natura</span> 
     </span>
     <span class='ocr_line' id='line_1_13' title="bbox 68 839 1631 890; baseline -0.003 -12"><span class='ocrx_word' id='word_1_112' title='bbox 68 843 203 890; x_wconf 86' lang='lat' dir='ltr'>speciei</span> <span class='ocrx_word' id='word_1_113' title='bbox 223 855 287 890; x_wconf 94' lang='lat' dir='ltr'>per</span> <span class='ocrx_word' id='word_1_114' title='bbox 309 844 606 889; x_wconf 86' lang='lat' dir='ltr'>conjunctionem</span> <span class='ocrx_word' id='word_1_115' title='bbox 628 844 748 884; x_wconf 88' lang='lat' dir='ltr'>maris,</span> <span class='ocrx_word' id='word_1_116' title='bbox 767 850 802 877; x_wconf 87' lang='lat' dir='ltr'>et</span> <span class='ocrx_word' id='word_1_117' title='bbox 823 842 1023 884; x_wconf 83' lang='lat' dir='ltr'>foeminae3</span> <span class='ocrx_word' id='word_1_118' title='bbox 1047 850 1081 876; x_wconf 93' lang='lat' dir='ltr'>et</span> <span class='ocrx_word' id='word_1_119' title='bbox 1102 842 1182 876; x_wconf 91' lang='lat' dir='ltr'>ideo</span> <span class='ocrx_word' id='word_1_120' title='bbox 1200 842 1295 875; x_wconf 89' lang='lat' dir='ltr'>circa</span> <span class='ocrx_word' id='word_1_121' title='bbox 1309 840 1568 875; x_wconf 84' lang='lat' dir='ltr'>delectationes</span> <span class='ocrx_word' id='word_1_122' title='bbox 1585 839 1631 873; x_wconf 87' lang='lat' dir='ltr'>ci-</span> 
     </span>
     <span class='ocr_line' id='line_1_14' title="bbox 67 895 1631 942; baseline -0.003 -11"><span class='ocrx_word' id='word_1_123' title='bbox 67 897 210 939; x_wconf 87' lang='lat' dir='ltr'>borum,</span> <span class='ocrx_word' id='word_1_124' title='bbox 232 905 266 931; x_wconf 91' lang='lat' dir='ltr'>et</span> <span class='ocrx_word' id='word_1_125' title='bbox 287 905 452 942; x_wconf 86' lang='lat' dir='ltr'>potuum,</span> <span class='ocrx_word' id='word_1_126' title='bbox 475 905 509 931; x_wconf 93' lang='lat' dir='ltr'>et</span> <span class='ocrx_word' id='word_1_127' title='bbox 530 897 624 931; x_wconf 83' lang='lat' dir='ltr'>circa</span> <span class='ocrx_word' id='word_1_128' title='bbox 647 896 905 930; x_wconf 88' lang='lat' dir='ltr'>delectationes</span> <span class='ocrx_word' id='word_1_129' title='bbox 928 907 1167 929; x_wconf 81' lang='lat' dir='ltr'>venereorum</span> <span class='ocrx_word' id='word_1_130' title='bbox 1190 903 1242 929; x_wconf 92' lang='lat' dir='ltr'>est</span> <span class='ocrx_word' id='word_1_131' title='bbox 1260 895 1403 940; x_wconf 90' lang='lat' dir='ltr'>proprie</span> <span class='ocrx_word' id='word_1_132' title='bbox 1429 902 1631 939; x_wconf 86' lang='lat' dir='ltr'>temperan-</span> 
     </span>
     <span class='ocr_line' id='line_1_15' title="bbox 67 947 1631 996; baseline -0.003 -12"><span class='ocrx_word' id='word_1_133' title='bbox 67 950 136 984; x_wconf 89' lang='lat' dir='ltr'>tia:</span> <span class='ocrx_word' id='word_1_134' title='bbox 154 950 364 996; x_wconf 73' lang='lat' dir='ltr'>huJusmodi</span> <span class='ocrx_word' id='word_1_135' title='bbox 387 959 507 984; x_wconf 86' lang='lat' dir='ltr'>autem</span> <span class='ocrx_word' id='word_1_136' title='bbox 534 949 792 984; x_wconf 85' lang='lat' dir='ltr'>delectationes</span> <span class='ocrx_word' id='word_1_137' title='bbox 816 957 1086 994; x_wconf 87' lang='lat' dir='ltr'>consequuntur</span> <span class='ocrx_word' id='word_1_138' title='bbox 1116 959 1263 982; x_wconf 88' lang='lat' dir='ltr'>sensum</span> <span class='ocrx_word' id='word_1_139' title='bbox 1292 956 1428 990; x_wconf 71' lang='lat' dir='ltr'>tactus,</span> <span class='ocrx_word' id='word_1_140' title='bbox 1459 947 1553 981; x_wconf 87' lang='lat' dir='ltr'>unde</span> <span class='ocrx_word' id='word_1_141' title='bbox 1580 958 1631 980; x_wconf 91' lang='lat' dir='ltr'>re-</span> 
     </span>
     <span class='ocr_line' id='line_1_16' title="bbox 67 1001 1241 1050; baseline -0.002 -13"><span class='ocrx_word' id='word_1_142' title='bbox 67 1002 250 1049; x_wconf 86' lang='lat' dir='ltr'>linquitur,</span> <span class='ocrx_word' id='word_1_143' title='bbox 273 1004 369 1050; x_wconf 90' lang='lat' dir='ltr'>quod</span> <span class='ocrx_word' id='word_1_144' title='bbox 392 1004 629 1049; x_wconf 84' lang='lat' dir='ltr'>temperantia</span> <span class='ocrx_word' id='word_1_145' title='bbox 652 1003 696 1037; x_wconf 90' lang='lat' dir='ltr'>sit</span> <span class='ocrx_word' id='word_1_146' title='bbox 717 1003 811 1036; x_wconf 89' lang='lat' dir='ltr'>circa</span> <span class='ocrx_word' id='word_1_147' title='bbox 833 1001 1092 1036; x_wconf 83' lang='lat' dir='ltr'>delectationes</span> <span class='ocrx_word' id='word_1_148' title='bbox 1114 1010 1241 1036; x_wconf 86' lang='lat' dir='ltr'>tactus.</span> 
     </span>
    </p>

    <p class='ocr_par' dir='ltr' id='par_1_4' title="bbox 67 1054 1631 1475">
     <span class='ocr_line' id='line_1_17' title="bbox 140 1054 1631 1103; baseline -0.003 -12"><span class='ocrx_word' id='word_1_149' title='bbox 140 1057 201 1091; x_wconf 88' lang='lat' dir='ltr'>AD</span> <span class='ocrx_word' id='word_1_150' title='bbox 219 1067 367 1091; x_wconf 79' lang='lat' dir='ltr'>PRIMUM</span> <span class='ocrx_word' id='word_1_151' title='bbox 390 1068 477 1103; x_wconf 84' lang='lat' dir='ltr'>ergo</span> <span class='ocrx_word' id='word_1_152' title='bbox 497 1057 702 1097; x_wconf 90' lang='lat' dir='ltr'>dicendum,</span> <span class='ocrx_word' id='word_1_153' title='bbox 725 1056 821 1102; x_wconf 91' lang='lat' dir='ltr'>quod</span> <span class='ocrx_word' id='word_1_154' title='bbox 843 1056 996 1101; x_wconf 83' lang='lat' dir='ltr'>August.</span> <span class='ocrx_word' id='word_1_155' title='bbox 1019 1055 1066 1089; x_wconf 90' lang='lat' dir='ltr'>ibi</span> <span class='ocrx_word' id='word_1_156' title='bbox 1087 1054 1228 1088; x_wconf 86' lang='lat' dir='ltr'>videtur</span> <span class='ocrx_word' id='word_1_157' title='bbox 1250 1054 1413 1100; x_wconf 90' lang='lat' dir='ltr'>accipere</span> <span class='ocrx_word' id='word_1_158' title='bbox 1431 1062 1631 1100; x_wconf 88' lang='lat' dir='ltr'>temperan-</span> 
     </span>
     <span class='ocr_line' id='line_1_18' title="bbox 67 1107 1629 1156; baseline -0.003 -12"><span class='ocrx_word' id='word_1_159' title='bbox 67 1110 168 1153; x_wconf 90' lang='lat' dir='ltr'>tiam,</span> <span class='ocrx_word' id='word_1_160' title='bbox 182 1122 256 1144; x_wconf 89' lang='lat' dir='ltr'>non</span> <span class='ocrx_word' id='word_1_161' title='bbox 271 1111 471 1145; x_wconf 90' lang='lat' dir='ltr'>secundum</span> <span class='ocrx_word' id='word_1_162' title='bbox 486 1110 582 1156; x_wconf 92' lang='lat' dir='ltr'>quod</span> <span class='ocrx_word' id='word_1_163' title='bbox 598 1118 650 1143; x_wconf 88' lang='lat' dir='ltr'>est</span> <span class='ocrx_word' id='word_1_164' title='bbox 663 1109 829 1155; x_wconf 89' lang='lat' dir='ltr'>specialis</span> <span class='ocrx_word' id='word_1_165' title='bbox 844 1109 955 1143; x_wconf 87' lang='lat' dir='ltr'>virtus</span> <span class='ocrx_word' id='word_1_166' title='bbox 973 1109 1111 1142; x_wconf 85' lang='lat' dir='ltr'>habens</span> <span class='ocrx_word' id='word_1_167' title='bbox 1127 1109 1403 1142; x_wconf 88' lang='lat' dir='ltr'>determinatam</span> <span class='ocrx_word' id='word_1_168' title='bbox 1426 1107 1629 1149; x_wconf 85' lang='lat' dir='ltr'>materiam,</span> 
     </span>
     <span class='ocr_line' id='line_1_19' title="bbox 68 1161 1631 1209; baseline -0.003 -11"><span class='ocrx_word' id='word_1_169' title='bbox 68 1164 130 1198; x_wconf 90' lang='lat' dir='ltr'>sed</span> <span class='ocrx_word' id='word_1_170' title='bbox 152 1163 351 1198; x_wconf 88' lang='lat' dir='ltr'>secundum</span> <span class='ocrx_word' id='word_1_171' title='bbox 374 1163 471 1209; x_wconf 89' lang='lat' dir='ltr'>quod</span> <span class='ocrx_word' id='word_1_172' title='bbox 493 1163 537 1197; x_wconf 89' lang='lat' dir='ltr'>ad</span> <span class='ocrx_word' id='word_1_173' title='bbox 559 1174 641 1197; x_wconf 91' lang='lat' dir='ltr'>eam</span> <span class='ocrx_word' id='word_1_174' title='bbox 659 1163 812 1208; x_wconf 85' lang='lat' dir='ltr'>pertinet</span> <span class='ocrx_word' id='word_1_175' title='bbox 832 1162 1035 1196; x_wconf 85' lang='lat' dir='ltr'>moderatio</span> <span class='ocrx_word' id='word_1_176' title='bbox 1063 1161 1212 1195; x_wconf 88' lang='lat' dir='ltr'>rationis</span> <span class='ocrx_word' id='word_1_177' title='bbox 1239 1161 1275 1194; x_wconf 90' lang='lat' dir='ltr'>in</span> <span class='ocrx_word' id='word_1_178' title='bbox 1303 1172 1531 1207; x_wconf 88' lang='lat' dir='ltr'>quacumque</span> <span class='ocrx_word' id='word_1_179' title='bbox 1558 1172 1631 1194; x_wconf 85' lang='lat' dir='ltr'>ma—</span> 
     </span>
     <span class='ocr_line' id='line_1_20' title="bbox 68 1213 1631 1263; baseline -0.003 -12"><span class='ocrx_word' id='word_1_180' title='bbox 68 1217 175 1260; x_wconf 83' lang='lat' dir='ltr'>teria3</span> <span class='ocrx_word' id='word_1_181' title='bbox 197 1217 294 1263; x_wconf 88' lang='lat' dir='ltr'>quod</span> <span class='ocrx_word' id='word_1_182' title='bbox 315 1217 468 1263; x_wconf 89' lang='lat' dir='ltr'>pertinet</span> <span class='ocrx_word' id='word_1_183' title='bbox 489 1217 533 1250; x_wconf 89' lang='lat' dir='ltr'>ad</span> <span class='ocrx_word' id='word_1_184' title='bbox 556 1215 763 1262; x_wconf 81' lang='lat' dir='ltr'>generalem</span> <span class='ocrx_word' id='word_1_185' title='bbox 786 1215 1034 1250; x_wconf 87' lang='lat' dir='ltr'>conditionem</span> <span class='ocrx_word' id='word_1_186' title='bbox 1054 1215 1205 1256; x_wconf 88' lang='lat' dir='ltr'>virtutis,</span> <span class='ocrx_word' id='word_1_187' title='bbox 1233 1214 1398 1260; x_wconf 71' lang='lat' dir='ltr'>quamvis</span> <span class='ocrx_word' id='word_1_188' title='bbox 1424 1214 1533 1248; x_wconf 87' lang='lat' dir='ltr'>etiam</span> <span class='ocrx_word' id='word_1_189' title='bbox 1560 1213 1631 1247; x_wconf 86' lang='lat' dir='ltr'>dici</span> 
     </span>
     <span class='ocr_line' id='line_1_21' title="bbox 71 1267 1630 1317; baseline -0.003 -13"><span class='ocrx_word' id='word_1_190' title='bbox 71 1271 194 1317; x_wconf 90' lang='lat' dir='ltr'>possit,</span> <span class='ocrx_word' id='word_1_191' title='bbox 221 1271 316 1316; x_wconf 90' lang='lat' dir='ltr'>quod</span> <span class='ocrx_word' id='word_1_192' title='bbox 338 1269 399 1304; x_wconf 87' lang='lat' dir='ltr'>ille</span> <span class='ocrx_word' id='word_1_193' title='bbox 435 1270 495 1316; x_wconf 90' lang='lat' dir='ltr'>qui</span> <span class='ocrx_word' id='word_1_194' title='bbox 525 1278 644 1316; x_wconf 88' lang='lat' dir='ltr'>potest</span> <span class='ocrx_word' id='word_1_195' title='bbox 665 1269 866 1303; x_wconf 84' lang='lat' dir='ltr'>refraenare</span> <span class='ocrx_word' id='word_1_196' title='bbox 892 1269 1069 1302; x_wconf 73' lang='lat' dir='ltr'>maximas</span> <span class='ocrx_word' id='word_1_197' title='bbox 1097 1268 1355 1302; x_wconf 81' lang='lat' dir='ltr'>delectationes</span> <span class='ocrx_word' id='word_1_198' title='bbox 1383 1267 1498 1301; x_wconf 88' lang='lat' dir='ltr'>multo</span> <span class='ocrx_word' id='word_1_199' title='bbox 1523 1268 1630 1301; x_wconf 88' lang='lat' dir='ltr'>etiam</span> 
     </span>
     <span class='ocr_line' id='line_1_22' title="bbox 71 1320 1630 1370; baseline -0.003 -13"><span class='ocrx_word' id='word_1_200' title='bbox 71 1323 188 1369; x_wconf 84' lang='lat' dir='ltr'>magis</span> <span class='ocrx_word' id='word_1_201' title='bbox 221 1331 340 1370; x_wconf 90' lang='lat' dir='ltr'>potest</span> <span class='ocrx_word' id='word_1_202' title='bbox 371 1322 573 1357; x_wconf 87' lang='lat' dir='ltr'>refraenare</span> <span class='ocrx_word' id='word_1_203' title='bbox 603 1323 762 1357; x_wconf 89' lang='lat' dir='ltr'>minores</span> <span class='ocrx_word' id='word_1_204' title='bbox 799 1322 1076 1364; x_wconf 85' lang='lat' dir='ltr'>delectationes;</span> <span class='ocrx_word' id='word_1_205' title='bbox 1107 1330 1141 1356; x_wconf 90' lang='lat' dir='ltr'>et</span> <span class='ocrx_word' id='word_1_206' title='bbox 1169 1322 1251 1355; x_wconf 87' lang='lat' dir='ltr'>ideo</span> <span class='ocrx_word' id='word_1_207' title='bbox 1279 1321 1323 1355; x_wconf 87' lang='lat' dir='ltr'>ad</span> <span class='ocrx_word' id='word_1_208' title='bbox 1352 1320 1630 1366; x_wconf 87' lang='lat' dir='ltr'>temperantiam</span> 
     </span>
     <span class='ocr_line' id='line_1_23' title="bbox 71 1373 1630 1423; baseline -0.002 -13"><span class='ocrx_word' id='word_1_209' title='bbox 71 1376 315 1423; x_wconf 89' lang='lat' dir='ltr'>principaliter</span> <span class='ocrx_word' id='word_1_210' title='bbox 335 1377 492 1423; x_wconf 90' lang='lat' dir='ltr'>quidem,</span> <span class='ocrx_word' id='word_1_211' title='bbox 508 1384 543 1410; x_wconf 92' lang='lat' dir='ltr'>et</span> <span class='ocrx_word' id='word_1_212' title='bbox 563 1376 705 1422; x_wconf 88' lang='lat' dir='ltr'>proprie</span> <span class='ocrx_word' id='word_1_213' title='bbox 727 1377 880 1422; x_wconf 88' lang='lat' dir='ltr'>pertinet</span> <span class='ocrx_word' id='word_1_214' title='bbox 893 1375 1075 1410; x_wconf 89' lang='lat' dir='ltr'>moderari</span> <span class='ocrx_word' id='word_1_215' title='bbox 1091 1374 1402 1421; x_wconf 88' lang='lat' dir='ltr'>concupiscentias</span> <span class='ocrx_word' id='word_1_216' title='bbox 1421 1373 1630 1408; x_wconf 87' lang='lat' dir='ltr'>delectatio-</span> 
     </span>
     <span class='ocr_line' id='line_1_24' title="bbox 73 1429 1155 1475; baseline -0.002 -11"><span class='ocrx_word' id='word_1_217' title='bbox 73 1441 162 1464; x_wconf 89' lang='lat' dir='ltr'>num</span> <span class='ocrx_word' id='word_1_218' title='bbox 183 1437 318 1473; x_wconf 87' lang='lat' dir='ltr'>tactus;</span> <span class='ocrx_word' id='word_1_219' title='bbox 345 1430 558 1464; x_wconf 88' lang='lat' dir='ltr'>secundario</span> <span class='ocrx_word' id='word_1_220' title='bbox 581 1437 702 1464; x_wconf 88' lang='lat' dir='ltr'>autem</span> <span class='ocrx_word' id='word_1_221' title='bbox 724 1429 810 1463; x_wconf 90' lang='lat' dir='ltr'>alias</span> <span class='ocrx_word' id='word_1_222' title='bbox 833 1429 1155 1475; x_wconf 88' lang='lat' dir='ltr'>concupiscentias.</span> 
     </span>
    </p>

    <p class='ocr_par' dir='ltr' id='par_1_5' title="bbox 73 1481 1633 1689">
     <span class='ocr_line' id='line_1_25' title="bbox 143 1481 1633 1529; baseline -0.002 -11"><span class='ocrx_word' id='word_1_223' title='bbox 143 1484 203 1517; x_wconf 87' lang='lat' dir='ltr'>AD</span> <span class='ocrx_word' id='word_1_224' title='bbox 231 1494 438 1518; x_wconf 78' lang='lat' dir='ltr'><strong>SECUNDUM</strong></span> <span class='ocrx_word' id='word_1_225' title='bbox 459 1483 664 1525; x_wconf 88' lang='lat' dir='ltr'>dicendum,</span> <span class='ocrx_word' id='word_1_226' title='bbox 687 1483 784 1529; x_wconf 90' lang='lat' dir='ltr'>quod</span> <span class='ocrx_word' id='word_1_227' title='bbox 806 1482 1052 1528; x_wconf 85' lang='lat' dir='ltr'>Philosophus</span> <span class='ocrx_word' id='word_1_228' title='bbox 1073 1482 1122 1515; x_wconf 89' lang='lat' dir='ltr'>ibi</span> <span class='ocrx_word' id='word_1_229' title='bbox 1143 1481 1251 1516; x_wconf 87' lang='lat' dir='ltr'>refert</span> <span class='ocrx_word' id='word_1_230' title='bbox 1268 1492 1403 1516; x_wconf 88' lang='lat' dir='ltr'>nomen</span> <span class='ocrx_word' id='word_1_231' title='bbox 1430 1489 1633 1526; x_wconf 89' lang='lat' dir='ltr'>temperan-</span> 
     </span>
     <span class='ocr_line' id='line_1_26' title="bbox 75 1534 1631 1581; baseline -0.001 -11"><span class='ocrx_word' id='word_1_232' title='bbox 75 1536 145 1571; x_wconf 90' lang='lat' dir='ltr'>tiae</span> <span class='ocrx_word' id='word_1_233' title='bbox 169 1536 212 1570; x_wconf 92' lang='lat' dir='ltr'>ad</span> <span class='ocrx_word' id='word_1_234' title='bbox 234 1537 524 1571; x_wconf 87' lang='lat' dir='ltr'>moderationem</span> <span class='ocrx_word' id='word_1_235' title='bbox 547 1536 764 1570; x_wconf 81' lang='lat' dir='ltr'>exteriorum</span> <span class='ocrx_word' id='word_1_236' title='bbox 786 1547 918 1577; x_wconf 87' lang='lat' dir='ltr'>rerum,</span> <span class='ocrx_word' id='word_1_237' title='bbox 933 1536 1019 1569; x_wconf 89' lang='lat' dir='ltr'>dum</span> <span class='ocrx_word' id='word_1_238' title='bbox 1038 1535 1175 1569; x_wconf 87' lang='lat' dir='ltr'>scilicet</span> <span class='ocrx_word' id='word_1_239' title='bbox 1193 1535 1320 1581; x_wconf 89' lang='lat' dir='ltr'>aliquis</span> <span class='ocrx_word' id='word_1_240' title='bbox 1334 1535 1447 1569; x_wconf 89' lang='lat' dir='ltr'>tendit</span> <span class='ocrx_word' id='word_1_241' title='bbox 1460 1535 1496 1568; x_wconf 84' lang='lat' dir='ltr'>in</span> <span class='ocrx_word' id='word_1_242' title='bbox 1513 1534 1631 1580; x_wconf 85' lang='lat' dir='ltr'>aliqua</span> 
     </span>
     <span class='ocr_line' id='line_1_27' title="bbox 74 1587 1630 1636; baseline -0.001 -12"><span class='ocrx_word' id='word_1_243' title='bbox 74 1590 141 1624; x_wconf 91' lang='lat' dir='ltr'>sibi</span> <span class='ocrx_word' id='word_1_244' title='bbox 163 1598 474 1632; x_wconf 87' lang='lat' dir='ltr'>commensurata;</span> <span class='ocrx_word' id='word_1_245' title='bbox 495 1601 570 1624; x_wconf 91' lang='lat' dir='ltr'>non</span> <span class='ocrx_word' id='word_1_246' title='bbox 592 1598 713 1623; x_wconf 86' lang='lat' dir='ltr'>autem</span> <span class='ocrx_word' id='word_1_247' title='bbox 735 1598 841 1636; x_wconf 88' lang='lat' dir='ltr'>prout</span> <span class='ocrx_word' id='word_1_248' title='bbox 862 1589 1011 1624; x_wconf 90' lang='lat' dir='ltr'>refertur</span> <span class='ocrx_word' id='word_1_249' title='bbox 1033 1589 1075 1623; x_wconf 87' lang='lat' dir='ltr'>ad</span> <span class='ocrx_word' id='word_1_250' title='bbox 1090 1589 1382 1624; x_wconf 86' lang='lat' dir='ltr'>moderationem</span> <span class='ocrx_word' id='word_1_251' title='bbox 1397 1587 1630 1623; x_wconf 86' lang='lat' dir='ltr'>affectionum</span> 
     </span>
     <span class='ocr_line' id='line_1_28' title="bbox 73 1643 1056 1689; baseline 0 -12"><span class='ocrx_word' id='word_1_252' title='bbox 73 1643 228 1685; x_wconf 88' lang='lat' dir='ltr'>animae,</span> <span class='ocrx_word' id='word_1_253' title='bbox 247 1654 338 1689; x_wconf 88' lang='lat' dir='ltr'>quae</span> <span class='ocrx_word' id='word_1_254' title='bbox 356 1643 510 1689; x_wconf 87' lang='lat' dir='ltr'>pertinet</span> <span class='ocrx_word' id='word_1_255' title='bbox 531 1643 574 1677; x_wconf 91' lang='lat' dir='ltr'>ad</span> <span class='ocrx_word' id='word_1_256' title='bbox 595 1643 765 1677; x_wconf 85' lang='lat' dir='ltr'>virtutem</span> <span class='ocrx_word' id='word_1_257' title='bbox 785 1643 1056 1689; x_wconf 87' lang='lat' dir='ltr'>temperantiae.</span> 
     </span>
    </p>

    <p class='ocr_par' dir='ltr' id='par_1_6' title="bbox 71 1695 1633 2329">
     <span class='ocr_line' id='line_1_29' title="bbox 143 1695 1632 1742; baseline -0.001 -11"><span class='ocrx_word' id='word_1_258' title='bbox 143 1696 204 1731; x_wconf 89' lang='lat' dir='ltr'>AD</span> <span class='ocrx_word' id='word_1_259' title='bbox 227 1706 399 1731; x_wconf 78' lang='lat' dir='ltr'>TERTIUM</span> <span class='ocrx_word' id='word_1_260' title='bbox 420 1697 625 1738; x_wconf 88' lang='lat' dir='ltr'>dicendum,</span> <span class='ocrx_word' id='word_1_261' title='bbox 647 1696 744 1742; x_wconf 90' lang='lat' dir='ltr'>quod</span> <span class='ocrx_word' id='word_1_262' title='bbox 759 1695 1016 1732; x_wconf 88' lang='lat' dir='ltr'>delectationes</span> <span class='ocrx_word' id='word_1_263' title='bbox 1037 1695 1191 1730; x_wconf 87' lang='lat' dir='ltr'>aliorum</span> <span class='ocrx_word' id='word_1_264' title='bbox 1214 1707 1385 1730; x_wconf 90' lang='lat' dir='ltr'>sensuum</span> <span class='ocrx_word' id='word_1_265' title='bbox 1400 1695 1502 1729; x_wconf 86' lang='lat' dir='ltr'>aliter</span> <span class='ocrx_word' id='word_1_266' title='bbox 1520 1706 1557 1729; x_wconf 91' lang='lat' dir='ltr'>se</span> <span class='ocrx_word' id='word_1_267' title='bbox 1570 1695 1632 1729; x_wconf 91' lang='lat' dir='ltr'>ha-</span> 
     </span>
     <span class='ocr_line' id='line_1_30' title="bbox 71 1749 1632 1792; baseline -0.001 -8"><span class='ocrx_word' id='word_1_268' title='bbox 71 1750 158 1784; x_wconf 89' lang='lat' dir='ltr'>bent</span> <span class='ocrx_word' id='word_1_269' title='bbox 177 1750 214 1784; x_wconf 81' lang='lat' dir='ltr'>in</span> <span class='ocrx_word' id='word_1_270' title='bbox 234 1750 456 1792; x_wconf 89' lang='lat' dir='ltr'>hominibus,</span> <span class='ocrx_word' id='word_1_271' title='bbox 480 1759 514 1784; x_wconf 92' lang='lat' dir='ltr'>et</span> <span class='ocrx_word' id='word_1_272' title='bbox 535 1750 637 1784; x_wconf 90' lang='lat' dir='ltr'>aliter</span> <span class='ocrx_word' id='word_1_273' title='bbox 658 1750 693 1783; x_wconf 87' lang='lat' dir='ltr'>in</span> <span class='ocrx_word' id='word_1_274' title='bbox 716 1750 793 1783; x_wconf 88' lang='lat' dir='ltr'>aliis</span> <span class='ocrx_word' id='word_1_275' title='bbox 816 1749 1050 1784; x_wconf 87' lang='lat' dir='ltr'>animalibus:</span> <span class='ocrx_word' id='word_1_276' title='bbox 1071 1750 1109 1783; x_wconf 87' lang='lat' dir='ltr'>in</span> <span class='ocrx_word' id='word_1_277' title='bbox 1131 1749 1208 1784; x_wconf 88' lang='lat' dir='ltr'>aliis</span> <span class='ocrx_word' id='word_1_278' title='bbox 1231 1751 1326 1784; x_wconf 88' lang='lat' dir='ltr'>enim</span> <span class='ocrx_word' id='word_1_279' title='bbox 1347 1749 1561 1784; x_wconf 87' lang='lat' dir='ltr'>animalibus</span> <span class='ocrx_word' id='word_1_280' title='bbox 1589 1760 1632 1783; x_wconf 86' lang='lat' dir='ltr'>ex</span> 
     </span>
     <span class='ocr_line' id='line_1_31' title="bbox 75 1802 1632 1845; baseline -0.001 -8"><span class='ocrx_word' id='word_1_281' title='bbox 75 1803 153 1837; x_wconf 86' lang='lat' dir='ltr'>aliis</span> <span class='ocrx_word' id='word_1_282' title='bbox 175 1803 337 1838; x_wconf 86' lang='lat' dir='ltr'>sensibus</span> <span class='ocrx_word' id='word_1_283' title='bbox 359 1814 433 1837; x_wconf 91' lang='lat' dir='ltr'>non</span> <span class='ocrx_word' id='word_1_284' title='bbox 456 1812 648 1838; x_wconf 88' lang='lat' dir='ltr'>causantur</span> <span class='ocrx_word' id='word_1_285' title='bbox 669 1802 938 1845; x_wconf 88' lang='lat' dir='ltr'>delectationes,</span> <span class='ocrx_word' id='word_1_286' title='bbox 960 1803 1028 1837; x_wconf 92' lang='lat' dir='ltr'>nisi</span> <span class='ocrx_word' id='word_1_287' title='bbox 1042 1803 1077 1836; x_wconf 87' lang='lat' dir='ltr'>in</span> <span class='ocrx_word' id='word_1_288' title='bbox 1093 1803 1219 1837; x_wconf 92' lang='lat' dir='ltr'>ordine</span> <span class='ocrx_word' id='word_1_289' title='bbox 1242 1803 1285 1836; x_wconf 89' lang='lat' dir='ltr'>ad</span> <span class='ocrx_word' id='word_1_290' title='bbox 1300 1802 1481 1837; x_wconf 87' lang='lat' dir='ltr'>sensibilia</span> <span class='ocrx_word' id='word_1_291' title='bbox 1495 1810 1632 1837; x_wconf 86' lang='lat' dir='ltr'>tactus:</span> 
     </span>
     <span class='ocr_line' id='line_1_32' title="bbox 73 1855 1632 1902; baseline 0 -12"><span class='ocrx_word' id='word_1_292' title='bbox 73 1858 166 1891; x_wconf 91' lang='lat' dir='ltr'>sicut</span> <span class='ocrx_word' id='word_1_293' title='bbox 186 1855 245 1890; x_wconf 90' lang='lat' dir='ltr'>leo</span> <span class='ocrx_word' id='word_1_294' title='bbox 267 1856 465 1891; x_wconf 86' lang='lat' dir='ltr'>delectatur</span> <span class='ocrx_word' id='word_1_295' title='bbox 485 1857 610 1891; x_wconf 90' lang='lat' dir='ltr'>videns</span> <span class='ocrx_word' id='word_1_296' title='bbox 632 1867 790 1898; x_wconf 87' lang='lat' dir='ltr'>cervum,</span> <span class='ocrx_word' id='word_1_297' title='bbox 812 1856 871 1890; x_wconf 88' lang='lat' dir='ltr'>vel</span> <span class='ocrx_word' id='word_1_298' title='bbox 893 1856 1040 1890; x_wconf 87' lang='lat' dir='ltr'>audiens</span> <span class='ocrx_word' id='word_1_299' title='bbox 1061 1867 1191 1890; x_wconf 89' lang='lat' dir='ltr'>vocem</span> <span class='ocrx_word' id='word_1_300' title='bbox 1214 1857 1301 1901; x_wconf 87' lang='lat' dir='ltr'>ejus,</span> <span class='ocrx_word' id='word_1_301' title='bbox 1323 1864 1469 1902; x_wconf 89' lang='lat' dir='ltr'>propter</span> <span class='ocrx_word' id='word_1_302' title='bbox 1491 1856 1632 1891; x_wconf 88' lang='lat' dir='ltr'>cibum:</span> 
     </span>
     <span class='ocr_line' id='line_1_33' title="bbox 72 1909 1630 1956; baseline -0.001 -12"><span class='ocrx_word' id='word_1_303' title='bbox 72 1909 188 1944; x_wconf 90' lang='lat' dir='ltr'>homo</span> <span class='ocrx_word' id='word_1_304' title='bbox 212 1917 332 1944; x_wconf 87' lang='lat' dir='ltr'>autem</span> <span class='ocrx_word' id='word_1_305' title='bbox 355 1909 553 1944; x_wconf 88' lang='lat' dir='ltr'>delectatur</span> <span class='ocrx_word' id='word_1_306' title='bbox 574 1910 773 1944; x_wconf 90' lang='lat' dir='ltr'>secundum</span> <span class='ocrx_word' id='word_1_307' title='bbox 789 1909 879 1943; x_wconf 86' lang='lat' dir='ltr'>alios</span> <span class='ocrx_word' id='word_1_308' title='bbox 901 1921 1038 1951; x_wconf 91' lang='lat' dir='ltr'>sensus,</span> <span class='ocrx_word' id='word_1_309' title='bbox 1059 1921 1134 1943; x_wconf 90' lang='lat' dir='ltr'>non</span> <span class='ocrx_word' id='word_1_310' title='bbox 1156 1909 1276 1943; x_wconf 89' lang='lat' dir='ltr'>solum</span> <span class='ocrx_word' id='word_1_311' title='bbox 1298 1918 1443 1956; x_wconf 86' lang='lat' dir='ltr'>propter</span> <span class='ocrx_word' id='word_1_312' title='bbox 1463 1910 1547 1951; x_wconf 93' lang='lat' dir='ltr'>hoc,</span> <span class='ocrx_word' id='word_1_313' title='bbox 1567 1909 1630 1944; x_wconf 91' lang='lat' dir='ltr'>sed</span> 
     </span>
     <span class='ocr_line' id='line_1_34' title="bbox 73 1962 1631 2010; baseline -0.001 -12"><span class='ocrx_word' id='word_1_314' title='bbox 73 1964 183 1998; x_wconf 90' lang='lat' dir='ltr'>etiam</span> <span class='ocrx_word' id='word_1_315' title='bbox 200 1972 346 2010; x_wconf 88' lang='lat' dir='ltr'>propter</span> <span class='ocrx_word' id='word_1_316' title='bbox 367 1964 659 1998; x_wconf 80' lang='lat' dir='ltr'>convenientiam</span> <span class='ocrx_word' id='word_1_317' title='bbox 681 1963 923 2005; x_wconf 74' lang='lat' dir='ltr'>sensibilium,</span> <span class='ocrx_word' id='word_1_318' title='bbox 946 1971 981 1997; x_wconf 90' lang='lat' dir='ltr'>et</span> <span class='ocrx_word' id='word_1_319' title='bbox 1001 1963 1050 1997; x_wconf 90' lang='lat' dir='ltr'>sic</span> <span class='ocrx_word' id='word_1_320' title='bbox 1075 1965 1169 1997; x_wconf 88' lang='lat' dir='ltr'>circa</span> <span class='ocrx_word' id='word_1_321' title='bbox 1191 1962 1449 1997; x_wconf 86' lang='lat' dir='ltr'>delectationes</span> <span class='ocrx_word' id='word_1_322' title='bbox 1476 1962 1631 1997; x_wconf 90' lang='lat' dir='ltr'>aliorum</span> 
     </span>
     <span class='ocr_line' id='line_1_35' title="bbox 73 2016 1631 2063; baseline -0.001 -12"><span class='ocrx_word' id='word_1_323' title='bbox 73 2028 256 2059; x_wconf 89' lang='lat' dir='ltr'>sensuum,</span> <span class='ocrx_word' id='word_1_324' title='bbox 277 2018 314 2051; x_wconf 88' lang='lat' dir='ltr'>in</span> <span class='ocrx_word' id='word_1_325' title='bbox 336 2025 509 2063; x_wconf 88' lang='lat' dir='ltr'>quantum</span> <span class='ocrx_word' id='word_1_326' title='bbox 528 2016 727 2051; x_wconf 89' lang='lat' dir='ltr'>referuntur</span> <span class='ocrx_word' id='word_1_327' title='bbox 749 2017 792 2050; x_wconf 88' lang='lat' dir='ltr'>ad</span> <span class='ocrx_word' id='word_1_328' title='bbox 811 2016 1068 2051; x_wconf 90' lang='lat' dir='ltr'>delectationes</span> <span class='ocrx_word' id='word_1_329' title='bbox 1081 2024 1208 2058; x_wconf 88' lang='lat' dir='ltr'>tactus,</span> <span class='ocrx_word' id='word_1_330' title='bbox 1225 2025 1277 2051; x_wconf 88' lang='lat' dir='ltr'>est</span> <span class='ocrx_word' id='word_1_331' title='bbox 1290 2016 1541 2062; x_wconf 83' lang='lat' dir='ltr'>temperantia,</span> <span class='ocrx_word' id='word_1_332' title='bbox 1556 2027 1631 2050; x_wconf 90' lang='lat' dir='ltr'>non</span> 
     </span>
     <span class='ocr_line' id='line_1_36' title="bbox 73 2069 1632 2117; baseline -0.001 -13"><span class='ocrx_word' id='word_1_333' title='bbox 73 2070 328 2117; x_wconf 89' lang='lat' dir='ltr'>principaliter,</span> <span class='ocrx_word' id='word_1_334' title='bbox 350 2070 412 2105; x_wconf 90' lang='lat' dir='ltr'>sed</span> <span class='ocrx_word' id='word_1_335' title='bbox 435 2082 477 2105; x_wconf 78' lang='lat' dir='ltr'>ex</span> <span class='ocrx_word' id='word_1_336' title='bbox 499 2070 751 2116; x_wconf 88' lang='lat' dir='ltr'>consequenti:</span> <span class='ocrx_word' id='word_1_337' title='bbox 779 2070 995 2116; x_wconf 88' lang='lat' dir='ltr'>inquantum</span> <span class='ocrx_word' id='word_1_338' title='bbox 1027 2078 1147 2104; x_wconf 90' lang='lat' dir='ltr'>autem</span> <span class='ocrx_word' id='word_1_339' title='bbox 1169 2069 1351 2104; x_wconf 85' lang='lat' dir='ltr'>sensibilia</span> <span class='ocrx_word' id='word_1_340' title='bbox 1378 2069 1533 2103; x_wconf 91' lang='lat' dir='ltr'>aliorum</span> <span class='ocrx_word' id='word_1_341' title='bbox 1554 2080 1632 2103; x_wconf 84' lang='lat' dir='ltr'>sen-</span> 
     </span>
     <span class='ocr_line' id='line_1_37' title="bbox 73 2123 1631 2170; baseline -0.001 -12"><span class='ocrx_word' id='word_1_342' title='bbox 73 2135 179 2158; x_wconf 90' lang='lat' dir='ltr'>suum</span> <span class='ocrx_word' id='word_1_343' title='bbox 201 2132 283 2158; x_wconf 91' lang='lat' dir='ltr'>sunt</span> <span class='ocrx_word' id='word_1_344' title='bbox 304 2124 527 2158; x_wconf 86' lang='lat' dir='ltr'>delectabilia</span> <span class='ocrx_word' id='word_1_345' title='bbox 550 2132 695 2170; x_wconf 88' lang='lat' dir='ltr'>propter</span> <span class='ocrx_word' id='word_1_346' title='bbox 716 2124 770 2158; x_wconf 90' lang='lat' dir='ltr'>sui</span> <span class='ocrx_word' id='word_1_347' title='bbox 784 2124 1086 2165; x_wconf 81' lang='lat' dir='ltr'>convenientiam,</span> <span class='ocrx_word' id='word_1_348' title='bbox 1101 2124 1193 2158; x_wconf 88' lang='lat' dir='ltr'>sicut</span> <span class='ocrx_word' id='word_1_349' title='bbox 1207 2135 1291 2157; x_wconf 90' lang='lat' dir='ltr'>cum</span> <span class='ocrx_word' id='word_1_350' title='bbox 1306 2123 1502 2157; x_wconf 87' lang='lat' dir='ltr'>delectatur</span> <span class='ocrx_word' id='word_1_351' title='bbox 1516 2123 1631 2157; x_wconf 90' lang='lat' dir='ltr'>homo</span> 
     </span>
     <span class='ocr_line' id='line_1_38' title="bbox 74 2176 1632 2223; baseline -0.001 -12"><span class='ocrx_word' id='word_1_352' title='bbox 74 2177 111 2211; x_wconf 89' lang='lat' dir='ltr'>in</span> <span class='ocrx_word' id='word_1_353' title='bbox 132 2188 224 2212; x_wconf 92' lang='lat' dir='ltr'>sono</span> <span class='ocrx_word' id='word_1_354' title='bbox 253 2177 344 2212; x_wconf 91' lang='lat' dir='ltr'>bene</span> <span class='ocrx_word' id='word_1_355' title='bbox 373 2178 638 2219; x_wconf 89' lang='lat' dir='ltr'>harmonizato,</span> <span class='ocrx_word' id='word_1_356' title='bbox 667 2179 734 2211; x_wconf 85' lang='lat' dir='ltr'>ista</span> <span class='ocrx_word' id='word_1_357' title='bbox 763 2176 952 2211; x_wconf 86' lang='lat' dir='ltr'>delectatio</span> <span class='ocrx_word' id='word_1_358' title='bbox 974 2188 1048 2211; x_wconf 91' lang='lat' dir='ltr'>non</span> <span class='ocrx_word' id='word_1_359' title='bbox 1070 2177 1223 2223; x_wconf 87' lang='lat' dir='ltr'>pertinet</span> <span class='ocrx_word' id='word_1_360' title='bbox 1245 2176 1288 2211; x_wconf 85' lang='lat' dir='ltr'>ad</span> <span class='ocrx_word' id='word_1_361' title='bbox 1316 2177 1632 2211; x_wconf 86' lang='lat' dir='ltr'>conservationem</span> 
     </span>
     <span class='ocr_line' id='line_1_39' title="bbox 73 2229 1633 2277; baseline -0.001 -13"><span class='ocrx_word' id='word_1_362' title='bbox 73 2238 238 2273; x_wconf 90' lang='lat' dir='ltr'>naturae;</span> <span class='ocrx_word' id='word_1_363' title='bbox 261 2231 354 2264; x_wconf 90' lang='lat' dir='ltr'>unde</span> <span class='ocrx_word' id='word_1_364' title='bbox 376 2242 451 2264; x_wconf 91' lang='lat' dir='ltr'>non</span> <span class='ocrx_word' id='word_1_365' title='bbox 472 2231 605 2264; x_wconf 89' lang='lat' dir='ltr'>habent</span> <span class='ocrx_word' id='word_1_366' title='bbox 618 2230 827 2275; x_wconf 83' lang='lat' dir='ltr'>hujusmodi</span> <span class='ocrx_word' id='word_1_367' title='bbox 841 2230 1027 2275; x_wconf 86' lang='lat' dir='ltr'>passiones</span> <span class='ocrx_word' id='word_1_368' title='bbox 1041 2229 1142 2265; x_wconf 88' lang='lat' dir='ltr'>illam</span> <span class='ocrx_word' id='word_1_369' title='bbox 1156 2229 1468 2277; x_wconf 88' lang='lat' dir='ltr'>principalitatem,</span> <span class='ocrx_word' id='word_1_370' title='bbox 1484 2238 1522 2263; x_wconf 92' lang='lat' dir='ltr'>ut</span> <span class='ocrx_word' id='word_1_371' title='bbox 1537 2230 1633 2263; x_wconf 87' lang='lat' dir='ltr'>circa</span> 
     </span>
     <span class='ocr_line' id='line_1_40' title="bbox 75 2283 872 2329; baseline -0.001 -11"><span class='ocrx_word' id='word_1_372' title='bbox 75 2294 135 2318; x_wconf 88' lang='lat' dir='ltr'>eas</span> <span class='ocrx_word' id='word_1_373' title='bbox 156 2284 445 2318; x_wconf 88' lang='lat' dir='ltr'>antonomastice</span> <span class='ocrx_word' id='word_1_374' title='bbox 466 2284 704 2329; x_wconf 88' lang='lat' dir='ltr'>temperantia</span> <span class='ocrx_word' id='word_1_375' title='bbox 723 2283 872 2317; x_wconf 83' lang='lat' dir='ltr'>dicatur.</span> 
     </span>
    </p>

    <p class='ocr_par' dir='ltr' id='par_1_7' title="bbox 73 2336 1636 2702">
     <span class='ocr_line' id='line_1_41' title="bbox 144 2336 1632 2384; baseline -0.001 -12"><span class='ocrx_word' id='word_1_376' title='bbox 144 2337 204 2372; x_wconf 90' lang='lat' dir='ltr'>AD</span> <span class='ocrx_word' id='word_1_377' title='bbox 220 2347 407 2376; x_wconf 82' lang='lat' dir='ltr'><strong>QUARTUM</strong></span> <span class='ocrx_word' id='word_1_378' title='bbox 423 2337 628 2378; x_wconf 88' lang='lat' dir='ltr'>dicendum,</span> <span class='ocrx_word' id='word_1_379' title='bbox 640 2336 736 2383; x_wconf 90' lang='lat' dir='ltr'>quod</span> <span class='ocrx_word' id='word_1_380' title='bbox 748 2336 1006 2372; x_wconf 85' lang='lat' dir='ltr'>delectationes</span> <span class='ocrx_word' id='word_1_381' title='bbox 1021 2337 1222 2384; x_wconf 87' lang='lat' dir='ltr'>spirituales</span> <span class='ocrx_word' id='word_1_382' title='bbox 1239 2337 1304 2372; x_wconf 92' lang='lat' dir='ltr'>etsi</span> <span class='ocrx_word' id='word_1_383' title='bbox 1315 2336 1514 2371; x_wconf 87' lang='lat' dir='ltr'>secundum</span> <span class='ocrx_word' id='word_1_384' title='bbox 1529 2347 1632 2370; x_wconf 90' lang='lat' dir='ltr'>suam</span> 
     </span>
     <span class='ocr_line' id='line_1_42' title="bbox 74 2389 1635 2436; baseline -0.001 -12"><span class='ocrx_word' id='word_1_385' title='bbox 74 2398 241 2425; x_wconf 90' lang='lat' dir='ltr'>naturam</span> <span class='ocrx_word' id='word_1_386' title='bbox 262 2391 333 2425; x_wconf 86' lang='lat' dir='ltr'>sint</span> <span class='ocrx_word' id='word_1_387' title='bbox 351 2391 506 2436; x_wconf 68' lang='lat' dir='ltr'>maiores</span> <span class='ocrx_word' id='word_1_388' title='bbox 528 2389 825 2424; x_wconf 84' lang='lat' dir='ltr'>delectationibus</span> <span class='ocrx_word' id='word_1_389' title='bbox 847 2390 1111 2436; x_wconf 77' lang='lat' dir='ltr'>corporalibus,</span> <span class='ocrx_word' id='word_1_390' title='bbox 1133 2399 1255 2425; x_wconf 86' lang='lat' dir='ltr'>tamen</span> <span class='ocrx_word' id='word_1_391' title='bbox 1274 2401 1347 2424; x_wconf 89' lang='lat' dir='ltr'>non</span> <span class='ocrx_word' id='word_1_392' title='bbox 1366 2390 1413 2424; x_wconf 88' lang='lat' dir='ltr'>ita</span> <span class='ocrx_word' id='word_1_393' title='bbox 1436 2389 1635 2435; x_wconf 88' lang='lat' dir='ltr'>percipiun-</span> 
     </span>
     <span class='ocr_line' id='line_1_43' title="bbox 73 2442 1634 2490; baseline -0.001 -12"><span class='ocrx_word' id='word_1_394' title='bbox 73 2452 130 2479; x_wconf 90' lang='lat' dir='ltr'>tur</span> <span class='ocrx_word' id='word_1_395' title='bbox 156 2455 283 2487; x_wconf 80' lang='lat' dir='ltr'>sensu3</span> <span class='ocrx_word' id='word_1_396' title='bbox 306 2452 341 2478; x_wconf 88' lang='lat' dir='ltr'>et</span> <span class='ocrx_word' id='word_1_397' title='bbox 361 2455 424 2490; x_wconf 91' lang='lat' dir='ltr'>per</span> <span class='ocrx_word' id='word_1_398' title='bbox 446 2455 671 2489; x_wconf 90' lang='lat' dir='ltr'>consequens</span> <span class='ocrx_word' id='word_1_399' title='bbox 692 2455 766 2477; x_wconf 90' lang='lat' dir='ltr'>non</span> <span class='ocrx_word' id='word_1_400' title='bbox 786 2444 835 2477; x_wconf 87' lang='lat' dir='ltr'>ita</span> <span class='ocrx_word' id='word_1_401' title='bbox 856 2444 1092 2478; x_wconf 88' lang='lat' dir='ltr'>vehementer</span> <span class='ocrx_word' id='word_1_402' title='bbox 1114 2443 1273 2478; x_wconf 83' lang='lat' dir='ltr'>afficiunt</span> <span class='ocrx_word' id='word_1_403' title='bbox 1299 2443 1497 2489; x_wconf 88' lang='lat' dir='ltr'>appetitum</span> <span class='ocrx_word' id='word_1_404' title='bbox 1525 2442 1634 2476; x_wconf 87' lang='lat' dir='ltr'>sensi-</span> 
     </span>
     <span class='ocr_line' id='line_1_44' title="bbox 74 2495 1633 2542; baseline -0.003 -10"><span class='ocrx_word' id='word_1_405' title='bbox 74 2497 200 2539; x_wconf 90' lang='lat' dir='ltr'>tivum,</span> <span class='ocrx_word' id='word_1_406' title='bbox 223 2505 347 2532; x_wconf 89' lang='lat' dir='ltr'>contra</span> <span class='ocrx_word' id='word_1_407' title='bbox 371 2498 470 2542; x_wconf 78' lang='lat' dir='ltr'>cujus</span> <span class='ocrx_word' id='word_1_408' title='bbox 492 2497 669 2542; x_wconf 82' lang='lat' dir='ltr'>impetum</span> <span class='ocrx_word' id='word_1_409' title='bbox 690 2497 825 2530; x_wconf 89' lang='lat' dir='ltr'>bonum</span> <span class='ocrx_word' id='word_1_410' title='bbox 848 2497 996 2531; x_wconf 88' lang='lat' dir='ltr'>rationis</span> <span class='ocrx_word' id='word_1_411' title='bbox 1019 2504 1251 2531; x_wconf 80' lang='lat' dir='ltr'>conservatur</span> <span class='ocrx_word' id='word_1_412' title='bbox 1278 2508 1340 2542; x_wconf 93' lang='lat' dir='ltr'>per</span> <span class='ocrx_word' id='word_1_413' title='bbox 1366 2495 1545 2530; x_wconf 84' lang='lat' dir='ltr'>moralem</span> <span class='ocrx_word' id='word_1_414' title='bbox 1566 2495 1633 2528; x_wconf 89' lang='lat' dir='ltr'>vir-</span> 
     </span>
     <span class='ocr_line' id='line_1_45' title="bbox 74 2548 1632 2596; baseline -0.002 -12"><span class='ocrx_word' id='word_1_415' title='bbox 74 2558 205 2593; x_wconf 83' lang='lat' dir='ltr'>tutem3</span> <span class='ocrx_word' id='word_1_416' title='bbox 239 2550 297 2584; x_wconf 89' lang='lat' dir='ltr'>vel</span> <span class='ocrx_word' id='word_1_417' title='bbox 324 2550 518 2584; x_wconf 89' lang='lat' dir='ltr'>dicendum</span> <span class='ocrx_word' id='word_1_418' title='bbox 540 2550 636 2595; x_wconf 89' lang='lat' dir='ltr'>quod</span> <span class='ocrx_word' id='word_1_419' title='bbox 664 2549 922 2584; x_wconf 87' lang='lat' dir='ltr'>delectationes</span> <span class='ocrx_word' id='word_1_420' title='bbox 944 2550 1156 2596; x_wconf 80' lang='lat' dir='ltr'>spirituales,</span> <span class='ocrx_word' id='word_1_421' title='bbox 1182 2561 1245 2596; x_wconf 90' lang='lat' dir='ltr'>per</span> <span class='ocrx_word' id='word_1_422' title='bbox 1266 2561 1303 2583; x_wconf 92' lang='lat' dir='ltr'>se</span> <span class='ocrx_word' id='word_1_423' title='bbox 1327 2548 1522 2594; x_wconf 89' lang='lat' dir='ltr'>loquendo,</span> <span class='ocrx_word' id='word_1_424' title='bbox 1549 2556 1632 2582; x_wconf 88' lang='lat' dir='ltr'>sunt</span> 
     </span>
     <span class='ocr_line' id='line_1_46' title="bbox 75 2602 1636 2648; baseline -0.002 -10"><span class='ocrx_word' id='word_1_425' title='bbox 75 2603 273 2638; x_wconf 89' lang='lat' dir='ltr'>secundum</span> <span class='ocrx_word' id='word_1_426' title='bbox 295 2603 493 2645; x_wconf 80' lang='lat' dir='ltr'>rationem3</span> <span class='ocrx_word' id='word_1_427' title='bbox 516 2603 610 2637; x_wconf 88' lang='lat' dir='ltr'>unde</span> <span class='ocrx_word' id='word_1_428' title='bbox 632 2614 707 2637; x_wconf 90' lang='lat' dir='ltr'>non</span> <span class='ocrx_word' id='word_1_429' title='bbox 728 2611 809 2637; x_wconf 90' lang='lat' dir='ltr'>sunt</span> <span class='ocrx_word' id='word_1_430' title='bbox 835 2603 1091 2637; x_wconf 83' lang='lat' dir='ltr'>refraenandae</span> <span class='ocrx_word' id='word_1_431' title='bbox 1112 2603 1182 2637; x_wconf 88' lang='lat' dir='ltr'>nisi</span> <span class='ocrx_word' id='word_1_432' title='bbox 1203 2614 1266 2648; x_wconf 85' lang='lat' dir='ltr'>per</span> <span class='ocrx_word' id='word_1_433' title='bbox 1285 2603 1463 2644; x_wconf 86' lang='lat' dir='ltr'>accidens,</span> <span class='ocrx_word' id='word_1_434' title='bbox 1486 2602 1636 2647; x_wconf 84' lang='lat' dir='ltr'>inquan-</span> 
     </span>
     <span class='ocr_line' id='line_1_47' title="bbox 74 2655 1630 2702; baseline -0.002 -11"><span class='ocrx_word' id='word_1_435' title='bbox 74 2665 153 2691; x_wconf 91' lang='lat' dir='ltr'>tum</span> <span class='ocrx_word' id='word_1_436' title='bbox 174 2657 312 2691; x_wconf 84' lang='lat' dir='ltr'>scilicet</span> <span class='ocrx_word' id='word_1_437' title='bbox 332 2668 403 2690; x_wconf 88' lang='lat' dir='ltr'>una</span> <span class='ocrx_word' id='word_1_438' title='bbox 425 2656 617 2691; x_wconf 90' lang='lat' dir='ltr'>delectatio</span> <span class='ocrx_word' id='word_1_439' title='bbox 639 2655 831 2702; x_wconf 87' lang='lat' dir='ltr'>spiritualis</span> <span class='ocrx_word' id='word_1_440' title='bbox 853 2657 1001 2690; x_wconf 88' lang='lat' dir='ltr'>retrahit</span> <span class='ocrx_word' id='word_1_441' title='bbox 1020 2657 1061 2690; x_wconf 90' lang='lat' dir='ltr'>ab</span> <span class='ocrx_word' id='word_1_442' title='bbox 1077 2656 1146 2690; x_wconf 82' lang='lat' dir='ltr'>alia</span> <span class='ocrx_word' id='word_1_443' title='bbox 1160 2656 1304 2702; x_wconf 90' lang='lat' dir='ltr'>potiori,</span> <span class='ocrx_word' id='word_1_444' title='bbox 1324 2664 1358 2689; x_wconf 92' lang='lat' dir='ltr'>et</span> <span class='ocrx_word' id='word_1_445' title='bbox 1373 2656 1487 2700; x_wconf 83' lang='lat' dir='ltr'>magis</span> <span class='ocrx_word' id='word_1_446' title='bbox 1502 2655 1630 2688; x_wconf 88' lang='lat' dir='ltr'>debita.</span> 
     </span>
    </p>

    <p class='ocr_par' dir='ltr' id='par_1_8' title="bbox 75 2708 1635 2862">
     <span class='ocr_line' id='line_1_48' title="bbox 146 2708 1633 2755; baseline -0.002 -11"><span class='ocrx_word' id='word_1_447' title='bbox 146 2710 206 2744; x_wconf 88' lang='lat' dir='ltr'>AD</span> <span class='ocrx_word' id='word_1_448' title='bbox 234 2720 414 2749; x_wconf 78' lang='lat' dir='ltr'>QUINTUM</span> <span class='ocrx_word' id='word_1_449' title='bbox 436 2708 640 2751; x_wconf 88' lang='lat' dir='ltr'>dicendum,</span> <span class='ocrx_word' id='word_1_450' title='bbox 663 2709 759 2755; x_wconf 92' lang='lat' dir='ltr'>quod</span> <span class='ocrx_word' id='word_1_451' title='bbox 780 2720 855 2743; x_wconf 91' lang='lat' dir='ltr'>non</span> <span class='ocrx_word' id='word_1_452' title='bbox 877 2721 1004 2743; x_wconf 91' lang='lat' dir='ltr'>omnes</span> <span class='ocrx_word' id='word_1_453' title='bbox 1031 2709 1288 2744; x_wconf 86' lang='lat' dir='ltr'>delectationes</span> <span class='ocrx_word' id='word_1_454' title='bbox 1309 2716 1424 2742; x_wconf 89' lang='lat' dir='ltr'>tactus</span> <span class='ocrx_word' id='word_1_455' title='bbox 1454 2708 1633 2754; x_wconf 89' lang='lat' dir='ltr'>pertinent</span> 
     </span>
     <span class='ocr_line' id='line_1_49' title="bbox 78 2760 1635 2809; baseline -0.002 -11"><span class='ocrx_word' id='word_1_456' title='bbox 78 2763 121 2798; x_wconf 90' lang='lat' dir='ltr'>ad</span> <span class='ocrx_word' id='word_1_457' title='bbox 141 2772 290 2797; x_wconf 85' lang='lat' dir='ltr'>naturae</span> <span class='ocrx_word' id='word_1_458' title='bbox 313 2762 650 2805; x_wconf 84' lang='lat' dir='ltr'>conservationem3</span> <span class='ocrx_word' id='word_1_459' title='bbox 670 2770 705 2796; x_wconf 92' lang='lat' dir='ltr'>et</span> <span class='ocrx_word' id='word_1_460' title='bbox 724 2762 808 2797; x_wconf 90' lang='lat' dir='ltr'>ideo</span> <span class='ocrx_word' id='word_1_461' title='bbox 829 2773 904 2797; x_wconf 89' lang='lat' dir='ltr'>non</span> <span class='ocrx_word' id='word_1_462' title='bbox 926 2770 1080 2809; x_wconf 88' lang='lat' dir='ltr'>oportet,</span> <span class='ocrx_word' id='word_1_463' title='bbox 1103 2762 1199 2808; x_wconf 88' lang='lat' dir='ltr'>quod</span> <span class='ocrx_word' id='word_1_464' title='bbox 1221 2762 1315 2796; x_wconf 88' lang='lat' dir='ltr'>circa</span> <span class='ocrx_word' id='word_1_465' title='bbox 1338 2772 1465 2796; x_wconf 91' lang='lat' dir='ltr'>omnes</span> <span class='ocrx_word' id='word_1_466' title='bbox 1481 2760 1635 2795; x_wconf 88' lang='lat' dir='ltr'>delecta-</span> 
     </span>
     <span class='ocr_line' id='line_1_50' title="bbox 75 2815 656 2862; baseline -0.002 -12"><span class='ocrx_word' id='word_1_467' title='bbox 75 2816 193 2850; x_wconf 85' lang='lat' dir='ltr'>tiones</span> <span class='ocrx_word' id='word_1_468' title='bbox 214 2824 329 2851; x_wconf 87' lang='lat' dir='ltr'>tactus</span> <span class='ocrx_word' id='word_1_469' title='bbox 343 2816 388 2850; x_wconf 88' lang='lat' dir='ltr'>sit</span> <span class='ocrx_word' id='word_1_470' title='bbox 408 2815 656 2862; x_wconf 89' lang='lat' dir='ltr'>temperantia.</span> 
     </span>
    </p>
   </div>
  </div>
 </body>
</html>
