1859 3122
175 181 260 234 464
579 189 799 224 QUAESTIO
834 189 935 219 [ΧΠ.
970 190 1215 221 Ain-tentus
1248 189 1321 219 vti.

175 271 396 305 stitutionem
418 278 584 304 tenentur
600 283 606 305 :
626 271 708 317 quia
730 271 897 313 redditus,
915 282 1004 318 quos
1025 271 1170 313 habent,
1185 278 1266 305 sunt
1281 270 1381 317 quasi
1396 270 1570 317 stipendia
1593 270 1636 304 ad
1654 270 1725 304 hoc

174 325 344 366 instituta,
366 332 404 357 ut
424 324 595 369 justitiam
619 333 833 358 conservent
854 325 889 358 in
911 333 1022 358 terra:
1046 325 1080 358 in
1104 324 1181 358 aliis
1205 334 1324 358 autem
1348 324 1487 358 casibus
1510 323 1727 358 enumeratis

174 389 246 411 non
269 388 410 423 semper
431 377 610 421 obligatur
636 377 763 423 aliquis
793 378 835 411 ad
858 378 1136 412 restituendum:
1163 389 1236 412 non
1264 379 1359 412 enim
1381 388 1522 424 semper
1543 377 1726 419 consilium,

174 430 231 464 vel
254 431 412 472 adulatio,
429 430 484 463 vel
503 430 633 476 aliquid
650 431 857 476 hujusmodi
874 440 926 465 est
941 431 1065 465 efficax
1082 443 1188 465 causa
1211 432 1375 477 rapinae3
1395 431 1488 465 unde
1509 439 1592 465 tunc
1609 430 1727 465 solum

174 492 313 517 tenetur
335 484 534 525 consiliator,
559 492 618 517 aut
634 485 745 530 palpo,
769 485 859 518 idest
881 485 1056 526 adulator,
1079 486 1122 518 ad
1145 485 1419 526 restitutionem,
1442 485 1585 531 quando
1604 484 1728 530 proba—

174 537 291 571 biliter
313 537 493 571 aestimari
515 545 642 583 potest,
666 538 761 583 quod
784 549 825 571 ex
843 538 1051 583 hujusmodi
1071 539 1184 572 causis
1205 537 1309 571 fuerit
1326 538 1457 584 injusta
1476 538 1637 584 acceptio
1653 537 1730 571 sub-

176 598 309 623 secuta.

247 644 305 677 AD
328 654 475 678 PRIMUM
504 655 589 689 ergo
619 644 822 686 dicendum,
850 645 945 690 quod
972 656 1045 679 non
1073 645 1191 679 solum
1218 653 1342 691 peccat
1364 644 1434 687 ille,
1457 645 1516 690 qui
1538 652 1728 690 peccatum

177 697 372 742 exequitur,
386 697 446 731 sed
463 698 571 731 etiam
587 698 646 743 qui
662 709 891 744 quocumque
907 699 1018 732 modo
1036 699 1174 744 peccati
1194 707 1246 733 est
1263 710 1380 740 causa,
1400 699 1474 732 sive
1493 697 1728 740 consiliando,

177 750 250 783 sive
273 750 539 796 praecipiendo,
563 751 636 784 sive
659 751 786 796 quovis
809 751 879 786 alio
903 752 1025 786 modo.

248 803 307 836 AD
327 814 531 838 SECUNDUM
555 804 758 846 dicendum,
781 805 876 850 quod
899 805 1140 852 principaliter
1161 813 1300 840 tenetur
1319 806 1502 840 restituere
1517 805 1588 848 ille,
1604 807 1662 852 qui
1679 813 1731 840 est

178 856 382 902 principalis
397 857 432 890 in
448 856 562 899 fact03
585 858 829 904 principaliter
844 858 989 904 quidem
1000 860 1220 905 praecipiens,
1237 859 1448 893 secundario
1464 870 1550 892 vero
1565 870 1730 904 exequens,

179 918 213 943 et
235 918 497 956 consequenter
519 910 578 944 alii
600 922 662 957 per
685 911 866 945 ordinem:
890 923 962 945 uno
989 920 1111 946 tamen
1133 912 1340 946 restituente
1361 912 1424 955 illi,
1450 913 1507 958 qui
1530 923 1653 958 passus
1679 919 1732 946 est

179 963 365 1005 damnum,
388 963 477 997 alius
497 963 614 998 eidem
636 965 820 999 restituere
843 976 915 999 non
937 973 1096 999 tenetur:
1120 965 1180 999 sed
1204 965 1265 1007 illi,
1288 965 1348 1011 qui
1366 973 1447 999 sunt
1465 964 1677 1011 principales
1695 965 1730 999 ln

178 1016 286 1058 facto,
299 1025 332 1050 et
347 1017 389 1050 ad
406 1028 495 1062 quos
511 1028 565 1051 res
581 1018 751 1063 pervenit,
767 1026 932 1052 tenentur
947 1018 1023 1052 aliis
1039 1019 1236 1060 restituere,
1251 1019 1310 1064 qui
1326 1019 1571 1053 restituerunt:
1587 1018 1731 1065 quando

179 1078 299 1104 autem
323 1069 449 1115 aliquis
472 1071 645 1116 praecipit
666 1072 834 1116 injustam
858 1072 1120 1118 acceptionem,
1142 1083 1233 1118 quae
1251 1083 1325 1106 non
1344 1072 1578 1118 subsequitur,
1593 1083 1666 1106 non
1681 1079 1733 1106 est

179 1123 355 1158 restitutio
383 1123 566 1167 facienda3
594 1136 676 1158 cum
699 1125 873 1159 restitutio
901 1124 1143 1171 principaliter
1170 1126 1353 1160 ordinetur
1379 1126 1421 1160 ad
1444 1125 1730 1172 reintegrandam

178 1188 254 1210 rem
276 1178 362 1222 ejus,
384 1177 443 1223 qui
465 1177 593 1223 injuste
617 1186 669 1212 est
690 1178 952 1212 damnificatus.

249 1230 308 1265 AD
332 1240 501 1265 TERTIUM
528 1231 732 1273 dicendum,
755 1232 850 1277 quod
876 1243 949 1266 non
972 1243 1115 1278 semper
1140 1232 1199 1267 ille
1228 1233 1287 1279 qui
1309 1244 1381 1267 non
1405 1232 1609 1267 manifestat
1628 1231 1734 1267 latro-

178 1295 274 1325 nem,
296 1292 436 1317 tenetur
457 1284 500 1317 ad
523 1285 798 1326 restitutionem,
822 1294 881 1319 aut
902 1285 962 1331 qui
983 1297 1056 1319 non
1079 1286 1206 1328 obstat,
1225 1286 1283 1320 vel
1306 1287 1365 1332 qui
1384 1297 1457 1320 non
1484 1285 1732 1332 reprehendit;

178 1336 239 1370 sed
261 1336 378 1370 solum
401 1337 543 1382 quando
566 1338 740 1371 incumbit
763 1338 867 1372 alicui
887 1350 928 1372 ex
950 1338 1087 1381 offici03
1104 1339 1194 1373 sicut
1216 1339 1433 1385 principibus
1455 1348 1582 1382 terrae,
1604 1339 1731 1385 quibus

180 1402 220 1424 ex
242 1390 313 1423 hoc
336 1402 409 1424 non
429 1390 582 1424 multum
604 1392 770 1425 imminet
796 1391 1013 1437 periculum:
1037 1401 1180 1438 propter
1201 1393 1271 1426 hoc
1288 1393 1384 1426 enim
1399 1400 1575 1439 potestate
1590 1391 1732 1439 publica

180 1444 373 1489 potiuntur,
397 1452 434 1478 ut
455 1444 523 1478 sint
544 1445 697 1490 justitiae
722 1445 898 1479 custodes.

700 1574 1042 1619 ARTICULUS
1071 1575 1192 1618 VIII.
1664 1596 1724 1631 351

417 1682 568 1712 UTRUM
606 1683 706 1717 QUIS
749 1683 982 1713 TENEATUR
1020 1684 1182 1712 STATIM
1216 1683 1499 1723 RESTITUERE,

462 1749 515 1778 AN
538 1748 651 1778 VERO
674 1748 824 1777 POSSIT
847 1748 1206 1778 RESTITUTIONEM
1228 1748 1448 1777 DIFFERRE.

612 1836 659 1880 (4.
683 1837 769 1870 Dist.
786 1847 833 1882 17.
857 1848 886 1882 q.
902 1849 929 1882 3.
952 1842 1015 1871 art.
1032 1848 1062 1871 2.
1085 1849 1114 1882 q.
1133 1848 1164 1880 4.
1186 1836 1227 1870 ad
1245 1836 1302 1882 3.).

254 1924 312 1958 AD
329 1933 516 1958 OCTAVUM
531 1925 581 1957 sic
604 1924 820 1970 proceditur.
841 1924 1002 1966 Videtur,
1026 1924 1121 1970 quod
1140 1935 1213 1958 non
1228 1932 1390 1958 teneatur
1409 1923 1536 1969 aliquis
1551 1923 1735 1958 restituere

183 1977 315 2018 statim,
330 1977 389 2011 sed
413 1977 530 2022 potius
552 1977 648 2011 licite
670 1978 782 2023 possit
805 1978 1066 2012 restitutionem
1082 1977 1240 2012 differre:
1263 1985 1453 2023 praecepta
1469 1977 1563 2011 enim
1587 1976 1736 2010 affirma-

183 2032 255 2064 tiva
276 2042 348 2064 non
372 2030 533 2075 obligant
555 2031 597 2064 ad
621 2042 778 2076 semper:
803 2031 863 2065 sed
878 2031 1072 2065 necessitas
1088 2031 1294 2065 restituendi
1309 2031 1473 2065 imminet
1488 2042 1528 2065 ex
1544 2038 1735 2077 praecepto

186 2083 419 2125 affirmativog
439 2095 525 2129 ergo
547 2095 619 2117 non
644 2084 822 2129 obligatur
844 2085 957 2118 homo
982 2085 1023 2118 ad
1047 2085 1166 2118 statim
1182 2084 1451 2118 restituendum.

257 2148 287 2171 2.
303 2137 537 2171 PRAETEREA.
559 2137 689 2171 Nullus
711 2146 850 2172 tenetur
872 2138 914 2171 ad
937 2137 1177 2183 impossibile:
1201 2138 1261 2171 sed
1284 2138 1498 2184 quandoque
1518 2137 1644 2183 aliquis
1662 2148 1735 2171 non

186 2199 303 2237 potest
323 2191 443 2224 statim
464 2191 667 2232 restituere,
690 2202 776 2237 ergo
798 2191 916 2225 nullus
938 2199 1076 2225 tenetur
1104 2191 1145 2224 ad
1168 2191 1287 2225 statim
1310 2191 1579 2225 restituendum.

260 2257 286 2290 3.
304 2245 536 2279 PRAETEREA.
552 2244 743 2278 Restitutio
760 2253 810 2278 est
825 2245 970 2291 quidam
987 2252 1085 2278 actus
1096 2245 1245 2285 virtutis,
1261 2244 1397 2278 scilicet
1411 2244 1580 2290 justitiae:
1595 2251 1736 2290 tempus

188 2306 307 2332 antem
331 2306 381 2332 est
404 2310 472 2331 una
500 2297 542 2331 de
565 2298 852 2339 circumstantiis,
884 2309 974 2343 quae
998 2298 1223 2343 requiruntur
1245 2298 1287 2331 ad
1316 2306 1414 2331 actus
1435 2298 1626 2339 virtutum,
1653 2308 1735 2331 cum

187 2363 273 2396 ergo
294 2351 382 2384 aliae
406 2351 694 2384 circumstantiae
717 2362 789 2383 non
812 2351 881 2384 sint
903 2351 1160 2385 determinatae
1184 2351 1218 2384 in
1243 2351 1378 2385 actibus
1400 2351 1583 2392 virtutum,
1602 2351 1662 2384 sed
1682 2350 1738 2384 de-

186 2404 428 2439 terminabiles
450 2405 646 2438 secundum
664 2404 839 2438 rationem
864 2404 1083 2449 prudentiae,
1106 2404 1244 2438 videtur
1259 2404 1353 2450 quod
1369 2415 1434 2438 nec
1450 2404 1484 2437 in
1503 2404 1736 2445 restitutione,

187 2459 230 2492 sit
248 2467 388 2504 tempus
411 2458 706 2499 determinatum3
730 2465 766 2491 ut
788 2457 924 2491 scilicet
947 2457 1073 2502 aliquis
1092 2465 1253 2491 teneatur
1272 2458 1313 2491 ad
1333 2457 1451 2491 statim
1469 2457 1736 2491 restituendum.

259 2512 332 2545 SED
361 2522 513 2546 CONTRA
536 2519 598 2552 est,
626 2510 720 2556 quod
748 2511 874 2544 eadem
900 2510 990 2544 ratio
1014 2521 1088 2543 esse
1115 2511 1253 2544 videtur
1274 2510 1309 2543 in
1336 2510 1513 2552 omnibus,
1541 2521 1631 2556 quae
1657 2517 1738 2544 sunt

186 2565 422 2599 restituenda:
444 2564 505 2598 sed
527 2563 597 2605 ille,
614 2564 672 2609 qui
696 2564 864 2597 conducit
886 2575 994 2609 opera
1018 2564 1230 2597 mercenarii
1251 2575 1323 2597 non
1346 2571 1463 2609 potest
1484 2562 1624 2597 differre
1643 2563 1739 2597 resti-

186 2618 376 2659 tutionem,
407 2626 444 2651 ut
470 2625 565 2664 patet
592 2628 653 2663 per
679 2616 765 2650 illud
793 2616 886 2662 quod
915 2617 1064 2650 habetur
1092 2617 1202 2650 Levit.
1236 2628 1307 2663 19.:
1348 2617 1424 2651 Non
1451 2617 1637 2650 morabitur
1662 2621 1739 2662 opus

188 2673 384 2705 vmcanarii
406 2673 453 2705 tm'
474 2671 710 2717 affinitatisque
730 2682 845 2710 mamm
871 2681 955 2713 ergo
979 2682 1094 2715 neque
1118 2670 1150 2703 in
1175 2670 1251 2704 aliis
1271 2669 1552 2704 restitutionibus
1567 2669 1737 2703 faciendis

189 2732 305 2768 potest
327 2724 400 2757 fieri
423 2724 558 2765 dilatio,
580 2724 640 2757 sed
664 2723 782 2757 statim
807 2724 987 2757 restituere
1010 2732 1161 2768 oportet.

261 2777 488 2811 Ruspomno
516 2777 719 2818 dicendum,
750 2776 844 2821 quod
875 2776 965 2809 sicut
995 2777 1156 2821 accipere
1187 2788 1261 2810 rem
1291 2776 1444 2810 alienam
1472 2783 1523 2810 est
1549 2783 1736 2822 peccatum

191 2838 315 2863 contra
337 2830 520 2874 justitiam,
542 2830 589 2864 ita
611 2830 718 2863 etiam
741 2829 898 2863 detinere
922 2840 1021 2863 eam:
1053 2830 1134 2874 quia
1158 2841 1219 2875 per
1240 2830 1311 2863 hoc
1339 2829 1433 2875 quod
1457 2829 1583 2875 aliquis
1606 2828 1738 2863 detinet

192 2895 265 2916 rem
297 2883 448 2917 alienam
482 2883 592 2917 invito
621 2883 782 2925 domino,
810 2882 958 2928 impedit
984 2894 1064 2916 eum
1095 2883 1135 2916 ab
1164 2893 1227 2916 usu
1255 2882 1302 2916 rei
1330 2893 1434 2924 suae;
1463 2890 1496 2916 et
1522 2882 1569 2916 sic
1599 2882 1628 2915 ei
1656 2881 1739 2915 facit
