<?xml version="1.0" encoding="UTF-8"?>
<!DOCTYPE html PUBLIC "-//W3C//DTD XHTML 1.0 Transitional//EN"
    "http://www.w3.org/TR/xhtml1/DTD/xhtml1-transitional.dtd">
<html xmlns="http://www.w3.org/1999/xhtml" xml:lang="en" lang="en">
 <head>
  <title>
</title>
<meta http-equiv="Content-Type" content="text/html;charset=utf-8" />
  <meta name='ocr-system' content='tesseract 3.04.00' />
  <meta name='ocr-capabilities' content='ocr_page ocr_carea ocr_par ocr_line ocrx_word'/>
</head>
<body>
  <div class='ocr_page' id='page_1' title='image "./divithomaeaquina03thomuoft_0658.png"; bbox 0 0 1859 3122; ppageno 0'>
   <div class='ocr_carea' id='block_1_1' title="bbox 179 147 1355 200">
    <p class='ocr_par' dir='ltr' id='par_1_1' title="bbox 179 147 1355 200">
     <span class='ocr_line' id='line_1_1' title="bbox 179 147 1355 200; baseline -0.001 -13"><span class='ocrx_word' id='word_1_1' title='bbox 179 147 263 200; x_wconf 72' lang='grc'>650</span> <span class='ocrx_word' id='word_1_2' title='bbox 557 156 775 192; x_wconf 87' lang='lat' dir='ltr'><strong>QUAESTIO</strong></span> <span class='ocrx_word' id='word_1_3' title='bbox 808 156 985 186; x_wconf 80' lang='lat' dir='ltr'>LXXXIX.</span> <span class='ocrx_word' id='word_1_4' title='bbox 1019 156 1263 187; x_wconf 88' lang='lat' dir='ltr'><strong>ARTICULUS</strong></span> <span class='ocrx_word' id='word_1_5' title='bbox 1297 157 1355 186; x_wconf 84' lang='lat' dir='ltr'>IX.</span> 
     </span>
    </p>
   </div>
   <div class='ocr_carea' id='block_1_2' title="bbox 175 236 1756 1944">
    <p class='ocr_par' dir='ltr' id='par_1_2' title="bbox 175 236 1744 861">
     <span class='ocr_line' id='line_1_2' title="bbox 248 236 1734 284; baseline -0.001 -12"><span class='ocrx_word' id='word_1_6' title='bbox 248 238 307 272; x_wconf 79' lang='lat' dir='ltr'>An</span> <span class='ocrx_word' id='word_1_7' title='bbox 327 247 533 272; x_wconf 75' lang='lat' dir='ltr'>SECUNDUM</span> <span class='ocrx_word' id='word_1_8' title='bbox 555 237 762 279; x_wconf 87' lang='lat' dir='ltr'>dicendum,</span> <span class='ocrx_word' id='word_1_9' title='bbox 784 237 880 283; x_wconf 90' lang='lat' dir='ltr'>quod</span> <span class='ocrx_word' id='word_1_10' title='bbox 894 237 1009 271; x_wconf 92' lang='lat' dir='ltr'>homo</span> <span class='ocrx_word' id='word_1_11' title='bbox 1030 245 1150 284; x_wconf 89' lang='lat' dir='ltr'>potest</span> <span class='ocrx_word' id='word_1_12' title='bbox 1170 236 1272 272; x_wconf 87' lang='lat' dir='ltr'>alteri</span> <span class='ocrx_word' id='word_1_13' title='bbox 1292 237 1501 283; x_wconf 84' lang='lat' dir='ltr'>promittere</span> <span class='ocrx_word' id='word_1_14' title='bbox 1523 236 1657 283; x_wconf 83' lang='lat' dir='ltr'>aliquid</span> <span class='ocrx_word' id='word_1_15' title='bbox 1671 236 1734 271; x_wconf 87' lang='lat' dir='ltr'>sub</span> 
     </span>
     <span class='ocr_line' id='line_1_3' title="bbox 176 289 1740 339; baseline 0 -15"><span class='ocrx_word' id='word_1_16' title='bbox 176 293 380 339; x_wconf 85' lang='lat' dir='ltr'>juramento</span> <span class='ocrx_word' id='word_1_17' title='bbox 402 290 587 337; x_wconf 73' lang='lat' dir='ltr'><em>dupliciter.</em></span> <span class='ocrx_word' id='word_1_18' title='bbox 621 291 693 325; x_wconf 83' lang='lat' dir='ltr'>Uno</span> <span class='ocrx_word' id='word_1_19' title='bbox 714 290 822 332; x_wconf 82' lang='lat' dir='ltr'>modo,</span> <span class='ocrx_word' id='word_1_20' title='bbox 851 290 996 336; x_wconf 88' lang='lat' dir='ltr'>quando</span> <span class='ocrx_word' id='word_1_21' title='bbox 1022 291 1200 337; x_wconf 88' lang='lat' dir='ltr'>promittit</span> <span class='ocrx_word' id='word_1_22' title='bbox 1221 290 1354 336; x_wconf 89' lang='lat' dir='ltr'>aliquid</span> <span class='ocrx_word' id='word_1_23' title='bbox 1380 290 1560 337; x_wconf 84' lang='lat' dir='ltr'><strong>pertinens</strong></span> <span class='ocrx_word' id='word_1_24' title='bbox 1583 289 1627 325; x_wconf 88' lang='lat' dir='ltr'>ad</span> <span class='ocrx_word' id='word_1_25' title='bbox 1648 289 1740 324; x_wconf 81' lang='lat' dir='ltr'>utili-</span> 
     </span>
     <span class='ocr_line' id='line_1_4' title="bbox 176 343 1738 390; baseline 0 -12"><span class='ocrx_word' id='word_1_26' title='bbox 176 354 287 384; x_wconf 82' lang='lat' dir='ltr'>tatem</span> <span class='ocrx_word' id='word_1_27' title='bbox 308 344 418 389; x_wconf 87' lang='lat' dir='ltr'>ipsius</span> <span class='ocrx_word' id='word_1_28' title='bbox 430 356 438 386; x_wconf 88' lang='lat'>;</span> <span class='ocrx_word' id='word_1_29' title='bbox 452 352 537 390; x_wconf 88' lang='lat' dir='ltr'>puta</span> <span class='ocrx_word' id='word_1_30' title='bbox 551 344 581 378; x_wconf 90' lang='lat' dir='ltr'>si</span> <span class='ocrx_word' id='word_1_31' title='bbox 602 344 665 378; x_wconf 85' lang='lat' dir='ltr'>sub</span> <span class='ocrx_word' id='word_1_32' title='bbox 687 345 892 389; x_wconf 84' lang='lat' dir='ltr'>juramento</span> <span class='ocrx_word' id='word_1_33' title='bbox 911 344 1108 390; x_wconf 78' lang='lat' dir='ltr'>promittat,</span> <span class='ocrx_word' id='word_1_34' title='bbox 1127 355 1164 378; x_wconf 93' lang='lat' dir='ltr'>se</span> <span class='ocrx_word' id='word_1_35' title='bbox 1179 344 1394 378; x_wconf 84' lang='lat' dir='ltr'>serviturum</span> <span class='ocrx_word' id='word_1_36' title='bbox 1409 344 1453 386; x_wconf 90' lang='lat' dir='ltr'>ei,</span> <span class='ocrx_word' id='word_1_37' title='bbox 1469 344 1528 378; x_wconf 91' lang='lat' dir='ltr'>vel</span> <span class='ocrx_word' id='word_1_38' title='bbox 1545 343 1738 390; x_wconf 86' lang='lat' dir='ltr'>pecuniam</span> 
     </span>
     <span class='ocr_line' id='line_1_5' title="bbox 178 397 1738 443; baseline 0 -12"><span class='ocrx_word' id='word_1_39' title='bbox 178 399 362 439; x_wconf 71' lang='lat' dir='ltr'>daturum,</span> <span class='ocrx_word' id='word_1_40' title='bbox 385 406 420 431; x_wconf 90' lang='lat' dir='ltr'>et</span> <span class='ocrx_word' id='word_1_41' title='bbox 441 409 460 431; x_wconf 90' lang='lat' dir='ltr'>a</span> <span class='ocrx_word' id='word_1_42' title='bbox 480 397 543 431; x_wconf 89' lang='lat' dir='ltr'>tali</span> <span class='ocrx_word' id='word_1_43' title='bbox 565 397 806 443; x_wconf 81' lang='lat' dir='ltr'>promissione</span> <span class='ocrx_word' id='word_1_44' title='bbox 828 405 947 443; x_wconf 89' lang='lat' dir='ltr'>potest</span> <span class='ocrx_word' id='word_1_45' title='bbox 966 397 1151 431; x_wconf 84' lang='lat' dir='ltr'>absolvere</span> <span class='ocrx_word' id='word_1_46' title='bbox 1170 397 1241 439; x_wconf 84' lang='lat' dir='ltr'>ille,</span> <span class='ocrx_word' id='word_1_47' title='bbox 1261 397 1319 431; x_wconf 90' lang='lat' dir='ltr'>cui</span> <span class='ocrx_word' id='word_1_48' title='bbox 1339 397 1532 443; x_wconf 81' lang='lat' dir='ltr'>promissio</span> <span class='ocrx_word' id='word_1_49' title='bbox 1554 397 1648 431; x_wconf 82' lang='lat' dir='ltr'>facta</span> <span class='ocrx_word' id='word_1_50' title='bbox 1667 404 1738 431; x_wconf 85' lang='lat' dir='ltr'>est:</span> 
     </span>
     <span class='ocr_line' id='line_1_6' title="bbox 175 450 1739 497; baseline -0.001 -12"><span class='ocrx_word' id='word_1_51' title='bbox 175 451 386 497; x_wconf 72' lang='lat' dir='ltr'>intelligitur</span> <span class='ocrx_word' id='word_1_52' title='bbox 408 451 505 485; x_wconf 89' lang='lat' dir='ltr'>enim</span> <span class='ocrx_word' id='word_1_53' title='bbox 526 452 600 497; x_wconf 84' lang='lat' dir='ltr'>jam</span> <span class='ocrx_word' id='word_1_54' title='bbox 623 451 655 485; x_wconf 93' lang='lat' dir='ltr'>ei</span> <span class='ocrx_word' id='word_1_55' title='bbox 681 451 832 485; x_wconf 75' lang='lat' dir='ltr'>solvisse</span> <span class='ocrx_word' id='word_1_56' title='bbox 854 451 1086 497; x_wconf 89' lang='lat' dir='ltr'>promissum,</span> <span class='ocrx_word' id='word_1_57' title='bbox 1117 451 1260 497; x_wconf 90' lang='lat' dir='ltr'>quando</span> <span class='ocrx_word' id='word_1_58' title='bbox 1282 450 1368 485; x_wconf 87' lang='lat' dir='ltr'>facit</span> <span class='ocrx_word' id='word_1_59' title='bbox 1401 451 1444 485; x_wconf 87' lang='lat' dir='ltr'>de</span> <span class='ocrx_word' id='word_1_60' title='bbox 1467 461 1510 485; x_wconf 89' lang='lat' dir='ltr'>eo</span> <span class='ocrx_word' id='word_1_61' title='bbox 1538 450 1739 485; x_wconf 90' lang='lat' dir='ltr'>secundum</span> 
     </span>
     <span class='ocr_line' id='line_1_7' title="bbox 178 503 1742 550; baseline -0.001 -11"><span class='ocrx_word' id='word_1_62' title='bbox 178 505 253 549; x_wconf 86' lang='lat' dir='ltr'>ejus</span> <span class='ocrx_word' id='word_1_63' title='bbox 274 503 499 538; x_wconf 83' lang='lat' dir='ltr'>voluntatem</span> <span class='ocrx_word' id='word_1_64' title='bbox 521 503 582 549; x_wconf 90' lang='lat' dir='ltr'>[al.</span> <span class='ocrx_word' id='word_1_65' title='bbox 611 504 816 548; x_wconf 59' lang='lat' dir='ltr'>utilitatem}</span> <span class='ocrx_word' id='word_1_66' title='bbox 838 504 917 538; x_wconf 78' lang='lat' dir='ltr'>Alio</span> <span class='ocrx_word' id='word_1_67' title='bbox 941 504 1034 538; x_wconf 78' lang='lat' dir='ltr'>modo</span> <span class='ocrx_word' id='word_1_68' title='bbox 1053 504 1231 550; x_wconf 86' lang='lat' dir='ltr'>promittit</span> <span class='ocrx_word' id='word_1_69' title='bbox 1252 503 1379 550; x_wconf 87' lang='lat' dir='ltr'>aliquis</span> <span class='ocrx_word' id='word_1_70' title='bbox 1407 503 1520 546; x_wconf 90' lang='lat' dir='ltr'>alteri,</span> <span class='ocrx_word' id='word_1_71' title='bbox 1543 503 1640 550; x_wconf 88' lang='lat' dir='ltr'>quod</span> <span class='ocrx_word' id='word_1_72' title='bbox 1665 514 1742 550; x_wconf 91' lang='lat' dir='ltr'>per-</span> 
     </span>
     <span class='ocr_line' id='line_1_8' title="bbox 176 557 1740 603; baseline -0.001 -12"><span class='ocrx_word' id='word_1_73' title='bbox 176 558 266 592; x_wconf 85' lang='lat' dir='ltr'>tinet</span> <span class='ocrx_word' id='word_1_74' title='bbox 287 558 330 591; x_wconf 88' lang='lat' dir='ltr'>ad</span> <span class='ocrx_word' id='word_1_75' title='bbox 351 558 531 592; x_wconf 78' lang='lat' dir='ltr'>honorem</span> <span class='ocrx_word' id='word_1_76' title='bbox 553 558 633 599; x_wconf 91' lang='lat' dir='ltr'>Dei,</span> <span class='ocrx_word' id='word_1_77' title='bbox 655 557 714 592; x_wconf 78' lang='lat' dir='ltr'>vel</span> <span class='ocrx_word' id='word_1_78' title='bbox 735 557 927 591; x_wconf 88' lang='lat' dir='ltr'>utilitatem</span> <span class='ocrx_word' id='word_1_79' title='bbox 950 557 1124 600; x_wconf 79' lang='lat' dir='ltr'>aliorum3</span> <span class='ocrx_word' id='word_1_80' title='bbox 1143 566 1229 603; x_wconf 84' lang='lat' dir='ltr'>puta</span> <span class='ocrx_word' id='word_1_81' title='bbox 1250 557 1279 591; x_wconf 88' lang='lat' dir='ltr'>si</span> <span class='ocrx_word' id='word_1_82' title='bbox 1301 557 1428 603; x_wconf 83' lang='lat' dir='ltr'>aliquis</span> <span class='ocrx_word' id='word_1_83' title='bbox 1450 557 1513 592; x_wconf 93' lang='lat' dir='ltr'>sub</span> <span class='ocrx_word' id='word_1_84' title='bbox 1535 558 1740 602; x_wconf 87' lang='lat' dir='ltr'>juramento</span> 
     </span>
     <span class='ocr_line' id='line_1_9' title="bbox 177 610 1741 658; baseline 0 -13"><span class='ocrx_word' id='word_1_85' title='bbox 177 612 363 658; x_wconf 77' lang='lat' dir='ltr'>promittat</span> <span class='ocrx_word' id='word_1_86' title='bbox 379 611 497 653; x_wconf 86' lang='lat' dir='ltr'>alicui,</span> <span class='ocrx_word' id='word_1_87' title='bbox 520 622 558 645; x_wconf 91' lang='lat' dir='ltr'>se</span> <span class='ocrx_word' id='word_1_88' title='bbox 580 611 795 645; x_wconf 89' lang='lat' dir='ltr'>intraturum</span> <span class='ocrx_word' id='word_1_89' title='bbox 806 611 1034 657; x_wconf 81' lang='lat' dir='ltr'>religionem,</span> <span class='ocrx_word' id='word_1_90' title='bbox 1048 610 1106 645; x_wconf 87' lang='lat' dir='ltr'>vel</span> <span class='ocrx_word' id='word_1_91' title='bbox 1121 611 1267 657; x_wconf 83' lang='lat' dir='ltr'>aliquod</span> <span class='ocrx_word' id='word_1_92' title='bbox 1282 622 1372 656; x_wconf 90' lang='lat' dir='ltr'>opus</span> <span class='ocrx_word' id='word_1_93' title='bbox 1383 611 1524 656; x_wconf 87' lang='lat' dir='ltr'>pietatis</span> <span class='ocrx_word' id='word_1_94' title='bbox 1541 610 1741 652; x_wconf 78' lang='lat' dir='ltr'>facturum3</span> 
     </span>
     <span class='ocr_line' id='line_1_10' title="bbox 177 664 1744 711; baseline -0.001 -11"><span class='ocrx_word' id='word_1_95' title='bbox 177 674 211 700; x_wconf 87' lang='lat' dir='ltr'>et</span> <span class='ocrx_word' id='word_1_96' title='bbox 236 674 321 700; x_wconf 88' lang='lat' dir='ltr'>tunc</span> <span class='ocrx_word' id='word_1_97' title='bbox 342 665 414 707; x_wconf 88' lang='lat' dir='ltr'>ille,</span> <span class='ocrx_word' id='word_1_98' title='bbox 437 665 495 699; x_wconf 88' lang='lat' dir='ltr'>cui</span> <span class='ocrx_word' id='word_1_99' title='bbox 524 665 754 711; x_wconf 83' lang='lat' dir='ltr'>promittitur,</span> <span class='ocrx_word' id='word_1_100' title='bbox 781 676 856 699; x_wconf 90' lang='lat' dir='ltr'>non</span> <span class='ocrx_word' id='word_1_101' title='bbox 883 673 1001 711; x_wconf 90' lang='lat' dir='ltr'>potest</span> <span class='ocrx_word' id='word_1_102' title='bbox 1023 664 1210 699; x_wconf 86' lang='lat' dir='ltr'>absolvere</span> <span class='ocrx_word' id='word_1_103' title='bbox 1240 665 1532 711; x_wconf 82' lang='lat' dir='ltr'>promittentem3</span> <span class='ocrx_word' id='word_1_104' title='bbox 1559 664 1643 710; x_wconf 88' lang='lat' dir='ltr'>quia</span> <span class='ocrx_word' id='word_1_105' title='bbox 1663 675 1744 710; x_wconf 86' lang='lat' dir='ltr'>pro-</span> 
     </span>
     <span class='ocr_line' id='line_1_11' title="bbox 177 717 1741 764; baseline -0.001 -11"><span class='ocrx_word' id='word_1_106' title='bbox 177 719 301 753; x_wconf 86' lang='lat' dir='ltr'>missio</span> <span class='ocrx_word' id='word_1_107' title='bbox 322 730 397 753; x_wconf 88' lang='lat' dir='ltr'>non</span> <span class='ocrx_word' id='word_1_108' title='bbox 420 726 473 753; x_wconf 87' lang='lat' dir='ltr'>est</span> <span class='ocrx_word' id='word_1_109' title='bbox 492 717 588 752; x_wconf 85' lang='lat' dir='ltr'>facta</span> <span class='ocrx_word' id='word_1_110' title='bbox 609 718 642 752; x_wconf 90' lang='lat' dir='ltr'>ei</span> <span class='ocrx_word' id='word_1_111' title='bbox 662 718 918 764; x_wconf 80' lang='lat' dir='ltr'>principaliter,</span> <span class='ocrx_word' id='word_1_112' title='bbox 940 718 1003 752; x_wconf 85' lang='lat' dir='ltr'>sed</span> <span class='ocrx_word' id='word_1_113' title='bbox 1027 718 1130 753; x_wconf 89' lang='lat' dir='ltr'>Deo:</span> <span class='ocrx_word' id='word_1_114' title='bbox 1151 718 1221 752; x_wconf 88' lang='lat' dir='ltr'>nisi</span> <span class='ocrx_word' id='word_1_115' title='bbox 1245 717 1337 753; x_wconf 87' lang='lat' dir='ltr'>forte</span> <span class='ocrx_word' id='word_1_116' title='bbox 1358 718 1403 753; x_wconf 90' lang='lat' dir='ltr'>sit</span> <span class='ocrx_word' id='word_1_117' title='bbox 1423 718 1636 764; x_wconf 89' lang='lat' dir='ltr'>interposita</span> <span class='ocrx_word' id='word_1_118' title='bbox 1657 728 1741 752; x_wconf 92' lang='lat' dir='ltr'>con-</span> 
     </span>
     <span class='ocr_line' id='line_1_12' title="bbox 177 770 1742 819; baseline -0.001 -12"><span class='ocrx_word' id='word_1_119' title='bbox 177 773 277 815; x_wconf 90' lang='lat' dir='ltr'>ditio,</span> <span class='ocrx_word' id='word_1_120' title='bbox 298 773 438 807; x_wconf 88' lang='lat' dir='ltr'>ratione</span> <span class='ocrx_word' id='word_1_121' title='bbox 460 772 560 818; x_wconf 85' lang='lat' dir='ltr'>cujus</span> <span class='ocrx_word' id='word_1_122' title='bbox 581 772 714 819; x_wconf 82' lang='lat' dir='ltr'>possit3</span> <span class='ocrx_word' id='word_1_123' title='bbox 735 771 886 814; x_wconf 86' lang='lat' dir='ltr'>scilicet,</span> <span class='ocrx_word' id='word_1_124' title='bbox 907 772 938 806; x_wconf 88' lang='lat' dir='ltr'>si</span> <span class='ocrx_word' id='word_1_125' title='bbox 950 771 1002 806; x_wconf 84' lang='lat' dir='ltr'>illi</span> <span class='ocrx_word' id='word_1_126' title='bbox 1015 771 1202 814; x_wconf 75' lang='lat' dir='ltr'>videbitur,</span> <span class='ocrx_word' id='word_1_127' title='bbox 1218 772 1276 806; x_wconf 88' lang='lat' dir='ltr'>cui</span> <span class='ocrx_word' id='word_1_128' title='bbox 1289 771 1520 818; x_wconf 87' lang='lat' dir='ltr'>promittitur,</span> <span class='ocrx_word' id='word_1_129' title='bbox 1533 771 1593 806; x_wconf 86' lang='lat' dir='ltr'>vel</span> <span class='ocrx_word' id='word_1_130' title='bbox 1607 770 1742 818; x_wconf 83' lang='lat' dir='ltr'>aliquid</span> 
     </span>
     <span class='ocr_line' id='line_1_13' title="bbox 177 826 376 861; baseline 0 -1"><span class='ocrx_word' id='word_1_131' title='bbox 177 826 273 861; x_wconf 88' lang='lat' dir='ltr'>aliud</span> <span class='ocrx_word' id='word_1_132' title='bbox 295 826 376 861; x_wconf 89' lang='lat' dir='ltr'>tale.</span> 
     </span>
    </p>

    <p class='ocr_par' dir='ltr' id='par_1_3' title="bbox 175 877 1756 1944">
     <span class='ocr_line' id='line_1_14' title="bbox 247 877 1743 925; baseline -0.001 -11"><span class='ocrx_word' id='word_1_133' title='bbox 247 881 307 914; x_wconf 86' lang='lat' dir='ltr'>AD</span> <span class='ocrx_word' id='word_1_134' title='bbox 330 890 502 915; x_wconf 70' lang='lat' dir='ltr'>TERTIUM</span> <span class='ocrx_word' id='word_1_135' title='bbox 524 879 730 921; x_wconf 89' lang='lat' dir='ltr'>dicendum,</span> <span class='ocrx_word' id='word_1_136' title='bbox 752 879 850 925; x_wconf 89' lang='lat' dir='ltr'>quod</span> <span class='ocrx_word' id='word_1_137' title='bbox 872 878 1090 925; x_wconf 83' lang='lat' dir='ltr'>quandoque</span> <span class='ocrx_word' id='word_1_138' title='bbox 1111 877 1212 921; x_wconf 89' lang='lat' dir='ltr'>illud,</span> <span class='ocrx_word' id='word_1_139' title='bbox 1234 878 1332 925; x_wconf 91' lang='lat' dir='ltr'>quod</span> <span class='ocrx_word' id='word_1_140' title='bbox 1348 878 1443 913; x_wconf 87' lang='lat' dir='ltr'>cadit</span> <span class='ocrx_word' id='word_1_141' title='bbox 1457 878 1520 913; x_wconf 91' lang='lat' dir='ltr'>sub</span> <span class='ocrx_word' id='word_1_142' title='bbox 1535 879 1743 925; x_wconf 81' lang='lat' dir='ltr'>juramento</span> 
     </span>
     <span class='ocr_line' id='line_1_15' title="bbox 176 931 1744 980; baseline -0.002 -12"><span class='ocrx_word' id='word_1_143' title='bbox 176 933 426 980; x_wconf 84' lang='lat' dir='ltr'>promissorio,</span> <span class='ocrx_word' id='word_1_144' title='bbox 449 941 501 967; x_wconf 91' lang='lat' dir='ltr'>est</span> <span class='ocrx_word' id='word_1_145' title='bbox 523 932 713 967; x_wconf 85' lang='lat' dir='ltr'>manifeste</span> <span class='ocrx_word' id='word_1_146' title='bbox 735 943 939 978; x_wconf 80' lang='lat' dir='ltr'>repugnans</span> <span class='ocrx_word' id='word_1_147' title='bbox 959 931 1139 977; x_wconf 87' lang='lat' dir='ltr'>justitiae:</span> <span class='ocrx_word' id='word_1_148' title='bbox 1160 932 1212 966; x_wconf 76' lang='lat' dir='ltr'>vel</span> <span class='ocrx_word' id='word_1_149' title='bbox 1233 933 1316 978; x_wconf 88' lang='lat' dir='ltr'>quia</span> <span class='ocrx_word' id='word_1_150' title='bbox 1338 940 1391 966; x_wconf 87' lang='lat' dir='ltr'>est</span> <span class='ocrx_word' id='word_1_151' title='bbox 1418 939 1630 978; x_wconf 87' lang='lat' dir='ltr'>peccatum;</span> <span class='ocrx_word' id='word_1_152' title='bbox 1651 931 1744 966; x_wconf 89' lang='lat' dir='ltr'>sicut</span> 
     </span>
     <span class='ocr_line' id='line_1_16' title="bbox 178 985 1744 1034; baseline -0.001 -13"><span class='ocrx_word' id='word_1_153' title='bbox 178 999 262 1022; x_wconf 82' lang='lat' dir='ltr'>curn</span> <span class='ocrx_word' id='word_1_154' title='bbox 285 987 412 1034; x_wconf 87' lang='lat' dir='ltr'>aliquis</span> <span class='ocrx_word' id='word_1_155' title='bbox 430 989 535 1033; x_wconf 84' lang='lat' dir='ltr'>jurat,</span> <span class='ocrx_word' id='word_1_156' title='bbox 558 997 595 1021; x_wconf 92' lang='lat' dir='ltr'>se</span> <span class='ocrx_word' id='word_1_157' title='bbox 617 986 798 1020; x_wconf 87' lang='lat' dir='ltr'>facturum</span> <span class='ocrx_word' id='word_1_158' title='bbox 820 985 1081 1020; x_wconf 86' lang='lat' dir='ltr'>homicidium:</span> <span class='ocrx_word' id='word_1_159' title='bbox 1103 985 1156 1020; x_wconf 61' lang='lat' dir='ltr'>vul</span> <span class='ocrx_word' id='word_1_160' title='bbox 1177 985 1261 1031; x_wconf 91' lang='lat' dir='ltr'>quia</span> <span class='ocrx_word' id='word_1_161' title='bbox 1283 993 1335 1020; x_wconf 87' lang='lat' dir='ltr'>est</span> <span class='ocrx_word' id='word_1_162' title='bbox 1356 985 1505 1032; x_wconf 81' lang='lat' dir='ltr'>majoris</span> <span class='ocrx_word' id='word_1_163' title='bbox 1526 985 1613 1019; x_wconf 89' lang='lat' dir='ltr'>boni</span> <span class='ocrx_word' id='word_1_164' title='bbox 1632 985 1744 1031; x_wconf 86' lang='lat' dir='ltr'>impe-</span> 
     </span>
     <span class='ocr_line' id='line_1_17' title="bbox 177 1038 1746 1086; baseline -0.002 -11"><span class='ocrx_word' id='word_1_165' title='bbox 177 1041 348 1083; x_wconf 79' lang='lat' dir='ltr'>ditivum3</span> <span class='ocrx_word' id='word_1_166' title='bbox 370 1041 463 1075; x_wconf 86' lang='lat' dir='ltr'>sicut</span> <span class='ocrx_word' id='word_1_167' title='bbox 484 1052 569 1074; x_wconf 89' lang='lat' dir='ltr'>cum</span> <span class='ocrx_word' id='word_1_168' title='bbox 596 1040 724 1086; x_wconf 89' lang='lat' dir='ltr'>aliquis</span> <span class='ocrx_word' id='word_1_169' title='bbox 745 1041 850 1086; x_wconf 82' lang='lat' dir='ltr'>jurat,</span> <span class='ocrx_word' id='word_1_170' title='bbox 873 1050 910 1073; x_wconf 90' lang='lat' dir='ltr'>se</span> <span class='ocrx_word' id='word_1_171' title='bbox 931 1050 1006 1073; x_wconf 90' lang='lat' dir='ltr'>non</span> <span class='ocrx_word' id='word_1_172' title='bbox 1024 1039 1241 1073; x_wconf 90' lang='lat' dir='ltr'>intraturum</span> <span class='ocrx_word' id='word_1_173' title='bbox 1258 1038 1494 1085; x_wconf 86' lang='lat' dir='ltr'>religionem:</span> <span class='ocrx_word' id='word_1_174' title='bbox 1515 1046 1550 1073; x_wconf 92' lang='lat' dir='ltr'>et</span> <span class='ocrx_word' id='word_1_175' title='bbox 1566 1038 1637 1073; x_wconf 90' lang='lat' dir='ltr'>tale</span> <span class='ocrx_word' id='word_1_176' title='bbox 1654 1039 1746 1083; x_wconf 81' lang='lat' dir='ltr'>jura-</span> 
     </span>
     <span class='ocr_line' id='line_1_18' title="bbox 177 1090 1747 1140; baseline -0.002 -11"><span class='ocrx_word' id='word_1_177' title='bbox 177 1103 342 1130; x_wconf 87' lang='lat' dir='ltr'>mentum</span> <span class='ocrx_word' id='word_1_178' title='bbox 365 1094 632 1140; x_wconf 80' lang='lat' dir='ltr'>dispensatione</span> <span class='ocrx_word' id='word_1_179' title='bbox 654 1105 728 1128; x_wconf 91' lang='lat' dir='ltr'>non</span> <span class='ocrx_word' id='word_1_180' title='bbox 750 1093 907 1139; x_wconf 83' lang='lat' dir='ltr'>indiget:</span> <span class='ocrx_word' id='word_1_181' title='bbox 929 1093 991 1127; x_wconf 87' lang='lat' dir='ltr'>sed</span> <span class='ocrx_word' id='word_1_182' title='bbox 1013 1093 1050 1126; x_wconf 90' lang='lat' dir='ltr'>in</span> <span class='ocrx_word' id='word_1_183' title='bbox 1071 1093 1190 1139; x_wconf 87' lang='lat' dir='ltr'>primo</span> <span class='ocrx_word' id='word_1_184' title='bbox 1221 1104 1305 1127; x_wconf 90' lang='lat' dir='ltr'>casu</span> <span class='ocrx_word' id='word_1_185' title='bbox 1338 1100 1481 1127; x_wconf 91' lang='lat' dir='ltr'>tenetur</span> <span class='ocrx_word' id='word_1_186' title='bbox 1514 1091 1642 1138; x_wconf 86' lang='lat' dir='ltr'>aliquis</span> <span class='ocrx_word' id='word_1_187' title='bbox 1674 1090 1747 1126; x_wconf 84' lang='lat' dir='ltr'>tale</span> 
     </span>
     <span class='ocr_line' id='line_1_19' title="bbox 175 1146 1748 1193; baseline -0.001 -11"><span class='ocrx_word' id='word_1_188' title='bbox 175 1149 421 1193; x_wconf 79' lang='lat' dir='ltr'>juramentum</span> <span class='ocrx_word' id='word_1_189' title='bbox 442 1159 517 1182; x_wconf 90' lang='lat' dir='ltr'>non</span> <span class='ocrx_word' id='word_1_190' title='bbox 539 1159 700 1182; x_wconf 87' lang='lat' dir='ltr'>servare:</span> <span class='ocrx_word' id='word_1_191' title='bbox 724 1148 760 1181; x_wconf 90' lang='lat' dir='ltr'>in</span> <span class='ocrx_word' id='word_1_192' title='bbox 783 1146 944 1181; x_wconf 88' lang='lat' dir='ltr'>secundo</span> <span class='ocrx_word' id='word_1_193' title='bbox 967 1154 1088 1181; x_wconf 88' lang='lat' dir='ltr'>autem</span> <span class='ocrx_word' id='word_1_194' title='bbox 1123 1158 1208 1180; x_wconf 88' lang='lat' dir='ltr'>casu</span> <span class='ocrx_word' id='word_1_195' title='bbox 1242 1146 1382 1181; x_wconf 88' lang='lat' dir='ltr'>licitum</span> <span class='ocrx_word' id='word_1_196' title='bbox 1405 1154 1459 1181; x_wconf 84' lang='lat' dir='ltr'>est</span> <span class='ocrx_word' id='word_1_197' title='bbox 1480 1154 1514 1181; x_wconf 88' lang='lat' dir='ltr'>et</span> <span class='ocrx_word' id='word_1_198' title='bbox 1535 1157 1690 1188; x_wconf 84' lang='lat' dir='ltr'>servare,</span> <span class='ocrx_word' id='word_1_199' title='bbox 1712 1153 1748 1179; x_wconf 92' lang='lat' dir='ltr'>et</span> 
     </span>
     <span class='ocr_line' id='line_1_20' title="bbox 177 1198 1746 1247; baseline -0.002 -11"><span class='ocrx_word' id='word_1_200' title='bbox 177 1213 252 1236; x_wconf 87' lang='lat' dir='ltr'>non</span> <span class='ocrx_word' id='word_1_201' title='bbox 274 1213 429 1244; x_wconf 72' lang='lat' dir='ltr'>servare,</span> <span class='ocrx_word' id='word_1_202' title='bbox 451 1210 490 1235; x_wconf 91' lang='lat' dir='ltr'>ut</span> <span class='ocrx_word' id='word_1_203' title='bbox 511 1213 618 1247; x_wconf 88' lang='lat' dir='ltr'>supra</span> <span class='ocrx_word' id='word_1_204' title='bbox 640 1201 777 1235; x_wconf 86' lang='lat' dir='ltr'>dictum</span> <span class='ocrx_word' id='word_1_205' title='bbox 800 1209 853 1235; x_wconf 88' lang='lat' dir='ltr'>est</span> <span class='ocrx_word' id='word_1_206' title='bbox 876 1200 955 1245; x_wconf 68' lang='lat' dir='ltr'>(art.</span> <span class='ocrx_word' id='word_1_207' title='bbox 976 1211 1005 1246; x_wconf 89' lang='lat'>7.</span> <span class='ocrx_word' id='word_1_208' title='bbox 1028 1200 1096 1246; x_wconf 78' lang='lat' dir='ltr'>huj.</span> <span class='ocrx_word' id='word_1_209' title='bbox 1119 1212 1149 1246; x_wconf 82' lang='lat' dir='ltr'>q.</span> <span class='ocrx_word' id='word_1_210' title='bbox 1172 1199 1214 1234; x_wconf 79' lang='lat' dir='ltr'>ad</span> <span class='ocrx_word' id='word_1_211' title='bbox 1235 1201 1296 1245; x_wconf 90' lang='lat'><strong><em>2.).</em></strong></span> <span class='ocrx_word' id='word_1_212' title='bbox 1321 1199 1555 1246; x_wconf 83' lang='lat' dir='ltr'>Quandoque</span> <span class='ocrx_word' id='word_1_213' title='bbox 1576 1210 1663 1233; x_wconf 86' lang='lat' dir='ltr'>vero</span> <span class='ocrx_word' id='word_1_214' title='bbox 1686 1198 1746 1233; x_wconf 88' lang='lat' dir='ltr'>ali-</span> 
     </span>
     <span class='ocr_line' id='line_1_21' title="bbox 178 1251 1747 1301; baseline -0.001 -13"><span class='ocrx_word' id='word_1_215' title='bbox 178 1256 261 1301; x_wconf 83' lang='lat' dir='ltr'>quid</span> <span class='ocrx_word' id='word_1_216' title='bbox 283 1256 346 1290; x_wconf 86' lang='lat' dir='ltr'>sub</span> <span class='ocrx_word' id='word_1_217' title='bbox 369 1256 572 1301; x_wconf 86' lang='lat' dir='ltr'>juramento</span> <span class='ocrx_word' id='word_1_218' title='bbox 595 1255 827 1301; x_wconf 84' lang='lat' dir='ltr'>promittitur,</span> <span class='ocrx_word' id='word_1_219' title='bbox 850 1254 892 1288; x_wconf 86' lang='lat' dir='ltr'>de</span> <span class='ocrx_word' id='word_1_220' title='bbox 915 1265 987 1300; x_wconf 91' lang='lat' dir='ltr'>quo</span> <span class='ocrx_word' id='word_1_221' title='bbox 1010 1253 1159 1288; x_wconf 87' lang='lat' dir='ltr'>dubium</span> <span class='ocrx_word' id='word_1_222' title='bbox 1181 1261 1244 1295; x_wconf 87' lang='lat' dir='ltr'>est,</span> <span class='ocrx_word' id='word_1_223' title='bbox 1267 1261 1387 1287; x_wconf 90' lang='lat' dir='ltr'>utrum</span> <span class='ocrx_word' id='word_1_224' title='bbox 1409 1255 1455 1288; x_wconf 88' lang='lat' dir='ltr'>sit</span> <span class='ocrx_word' id='word_1_225' title='bbox 1474 1252 1615 1287; x_wconf 84' lang='lat' dir='ltr'>licitum</span> <span class='ocrx_word' id='word_1_226' title='bbox 1632 1251 1692 1287; x_wconf 93' lang='lat' dir='ltr'>vel</span> <span class='ocrx_word' id='word_1_227' title='bbox 1707 1251 1747 1286; x_wconf 88' lang='grc'>11-</span> 
     </span>
     <span class='ocr_line' id='line_1_22' title="bbox 178 1305 1746 1355; baseline -0.001 -13"><span class='ocrx_word' id='word_1_228' title='bbox 178 1308 329 1351; x_wconf 88' lang='lat' dir='ltr'>licitum,</span> <span class='ocrx_word' id='word_1_229' title='bbox 350 1309 555 1355; x_wconf 86' lang='lat' dir='ltr'>proficuum</span> <span class='ocrx_word' id='word_1_230' title='bbox 576 1308 635 1342; x_wconf 88' lang='lat' dir='ltr'>vel</span> <span class='ocrx_word' id='word_1_231' title='bbox 656 1310 840 1350; x_wconf 78' lang='lat' dir='ltr'>nocivum,</span> <span class='ocrx_word' id='word_1_232' title='bbox 864 1316 924 1341; x_wconf 87' lang='lat' dir='ltr'>aut</span> <span class='ocrx_word' id='word_1_233' title='bbox 954 1307 1176 1353; x_wconf 87' lang='lat' dir='ltr'>simpliciter,</span> <span class='ocrx_word' id='word_1_234' title='bbox 1206 1315 1266 1341; x_wconf 87' lang='lat' dir='ltr'>aut</span> <span class='ocrx_word' id='word_1_235' title='bbox 1298 1307 1335 1341; x_wconf 92' lang='lat' dir='ltr'>in</span> <span class='ocrx_word' id='word_1_236' title='bbox 1369 1307 1490 1353; x_wconf 86' lang='lat' dir='ltr'>aliquo</span> <span class='ocrx_word' id='word_1_237' title='bbox 1525 1318 1629 1341; x_wconf 89' lang='lat' dir='ltr'>casu:</span> <span class='ocrx_word' id='word_1_238' title='bbox 1653 1305 1746 1340; x_wconf 88' lang='lat' dir='ltr'>etin</span> 
     </span>
     <span class='ocr_line' id='line_1_23' title="bbox 178 1360 1748 1408; baseline -0.002 -12"><span class='ocrx_word' id='word_1_239' title='bbox 178 1362 250 1396; x_wconf 85' lang='lat' dir='ltr'>hoc</span> <span class='ocrx_word' id='word_1_240' title='bbox 273 1371 392 1408; x_wconf 86' lang='lat' dir='ltr'>potest</span> <span class='ocrx_word' id='word_1_241' title='bbox 413 1362 561 1408; x_wconf 85' lang='lat' dir='ltr'>quilibet</span> <span class='ocrx_word' id='word_1_242' title='bbox 583 1362 783 1408; x_wconf 81' lang='lat' dir='ltr'>Episcopus</span> <span class='ocrx_word' id='word_1_243' title='bbox 806 1362 1025 1407; x_wconf 84' lang='lat' dir='ltr'>dispensare.</span> <span class='ocrx_word' id='word_1_244' title='bbox 1059 1360 1291 1406; x_wconf 87' lang='lat' dir='ltr'>Quandoque</span> <span class='ocrx_word' id='word_1_245' title='bbox 1323 1371 1410 1394; x_wconf 85' lang='lat' dir='ltr'>vero</span> <span class='ocrx_word' id='word_1_246' title='bbox 1444 1360 1508 1394; x_wconf 89' lang='lat' dir='ltr'>sub</span> <span class='ocrx_word' id='word_1_247' title='bbox 1542 1362 1748 1406; x_wconf 87' lang='lat' dir='ltr'>juramento</span> 
     </span>
     <span class='ocr_line' id='line_1_24' title="bbox 178 1413 1748 1461; baseline -0.001 -12"><span class='ocrx_word' id='word_1_248' title='bbox 178 1416 399 1461; x_wconf 82' lang='lat' dir='ltr'>promittitur</span> <span class='ocrx_word' id='word_1_249' title='bbox 421 1415 567 1461; x_wconf 88' lang='lat' dir='ltr'>aliquid,</span> <span class='ocrx_word' id='word_1_250' title='bbox 590 1416 686 1461; x_wconf 87' lang='lat' dir='ltr'>quod</span> <span class='ocrx_word' id='word_1_251' title='bbox 710 1423 762 1450; x_wconf 92' lang='lat' dir='ltr'>est</span> <span class='ocrx_word' id='word_1_252' title='bbox 783 1413 973 1448; x_wconf 87' lang='lat' dir='ltr'>manifeste</span> <span class='ocrx_word' id='word_1_253' title='bbox 994 1414 1146 1456; x_wconf 85' lang='lat' dir='ltr'>licitum,</span> <span class='ocrx_word' id='word_1_254' title='bbox 1170 1421 1204 1448; x_wconf 89' lang='lat' dir='ltr'>et</span> <span class='ocrx_word' id='word_1_255' title='bbox 1225 1413 1330 1449; x_wconf 88' lang='lat' dir='ltr'>utile:</span> <span class='ocrx_word' id='word_1_256' title='bbox 1354 1423 1388 1448; x_wconf 89' lang='lat' dir='ltr'>et</span> <span class='ocrx_word' id='word_1_257' title='bbox 1408 1413 1444 1447; x_wconf 89' lang='lat' dir='ltr'>in</span> <span class='ocrx_word' id='word_1_258' title='bbox 1462 1413 1526 1448; x_wconf 92' lang='lat' dir='ltr'>tali</span> <span class='ocrx_word' id='word_1_259' title='bbox 1542 1415 1748 1460; x_wconf 90' lang='lat' dir='ltr'>juramento</span> 
     </span>
     <span class='ocr_line' id='line_1_25' title="bbox 179 1465 1750 1514; baseline -0.001 -11"><span class='ocrx_word' id='word_1_260' title='bbox 179 1481 253 1503; x_wconf 92' lang='lat' dir='ltr'>non</span> <span class='ocrx_word' id='word_1_261' title='bbox 274 1469 414 1503; x_wconf 80' lang='lat' dir='ltr'>videtur</span> <span class='ocrx_word' id='word_1_262' title='bbox 435 1468 568 1503; x_wconf 79' lang='lat' dir='ltr'>habere</span> <span class='ocrx_word' id='word_1_263' title='bbox 591 1468 716 1503; x_wconf 87' lang='lat' dir='ltr'>locum</span> <span class='ocrx_word' id='word_1_264' title='bbox 738 1467 970 1514; x_wconf 83' lang='lat' dir='ltr'>dispensatio,</span> <span class='ocrx_word' id='word_1_265' title='bbox 992 1466 1051 1501; x_wconf 86' lang='lat' dir='ltr'>vel</span> <span class='ocrx_word' id='word_1_266' title='bbox 1073 1467 1326 1509; x_wconf 84' lang='lat' dir='ltr'>commutatio,</span> <span class='ocrx_word' id='word_1_267' title='bbox 1355 1467 1425 1502; x_wconf 89' lang='lat' dir='ltr'>nisi</span> <span class='ocrx_word' id='word_1_268' title='bbox 1459 1467 1593 1513; x_wconf 77' lang='lat' dir='ltr'>ahquid</span> <span class='ocrx_word' id='word_1_269' title='bbox 1619 1465 1750 1501; x_wconf 84' lang='lat' dir='ltr'>melius</span> 
     </span>
     <span class='ocr_line' id='line_1_26' title="bbox 182 1519 1750 1567; baseline -0.002 -10"><span class='ocrx_word' id='word_1_270' title='bbox 182 1530 349 1557; x_wconf 87' lang='lat' dir='ltr'>occurrat</span> <span class='ocrx_word' id='word_1_271' title='bbox 371 1523 414 1556; x_wconf 89' lang='lat' dir='ltr'>ad</span> <span class='ocrx_word' id='word_1_272' title='bbox 437 1533 675 1556; x_wconf 88' lang='lat' dir='ltr'>communem</span> <span class='ocrx_word' id='word_1_273' title='bbox 697 1521 890 1556; x_wconf 87' lang='lat' dir='ltr'>utilitatem</span> <span class='ocrx_word' id='word_1_274' title='bbox 911 1520 1131 1563; x_wconf 85' lang='lat' dir='ltr'>faciendum,</span> <span class='ocrx_word' id='word_1_275' title='bbox 1154 1521 1251 1567; x_wconf 92' lang='lat' dir='ltr'>quod</span> <span class='ocrx_word' id='word_1_276' title='bbox 1280 1520 1440 1554; x_wconf 84' lang='lat' dir='ltr'>maxime</span> <span class='ocrx_word' id='word_1_277' title='bbox 1472 1520 1614 1555; x_wconf 87' lang='lat' dir='ltr'>videtur</span> <span class='ocrx_word' id='word_1_278' title='bbox 1645 1519 1750 1566; x_wconf 91' lang='lat' dir='ltr'>perti-</span> 
     </span>
     <span class='ocr_line' id='line_1_27' title="bbox 181 1573 1751 1622; baseline -0.001 -12"><span class='ocrx_word' id='word_1_279' title='bbox 181 1587 265 1610; x_wconf 86' lang='lat' dir='ltr'>nere</span> <span class='ocrx_word' id='word_1_280' title='bbox 289 1576 331 1610; x_wconf 87' lang='lat' dir='ltr'>ad</span> <span class='ocrx_word' id='word_1_281' title='bbox 354 1584 573 1622; x_wconf 82' lang='lat' dir='ltr'>potestatem</span> <span class='ocrx_word' id='word_1_282' title='bbox 593 1576 727 1622; x_wconf 85' lang='lat' dir='ltr'>Papae,</span> <span class='ocrx_word' id='word_1_283' title='bbox 750 1575 811 1621; x_wconf 88' lang='lat' dir='ltr'>qui</span> <span class='ocrx_word' id='word_1_284' title='bbox 831 1575 941 1609; x_wconf 90' lang='lat' dir='ltr'>habet</span> <span class='ocrx_word' id='word_1_285' title='bbox 963 1586 1087 1609; x_wconf 88' lang='lat' dir='ltr'>curam</span> <span class='ocrx_word' id='word_1_286' title='bbox 1109 1573 1322 1609; x_wconf 88' lang='lat' dir='ltr'>universalis</span> <span class='ocrx_word' id='word_1_287' title='bbox 1339 1573 1547 1617; x_wconf 86' lang='lat' dir='ltr'>Ecclesiae3</span> <span class='ocrx_word' id='word_1_288' title='bbox 1563 1573 1623 1608; x_wconf 91' lang='lat' dir='ltr'>vel</span> <span class='ocrx_word' id='word_1_289' title='bbox 1640 1573 1751 1608; x_wconf 87' lang='lat' dir='ltr'>etiam</span> 
     </span>
     <span class='ocr_line' id='line_1_28' title="bbox 181 1625 1751 1675; baseline -0.002 -11"><span class='ocrx_word' id='word_1_290' title='bbox 181 1629 345 1665; x_wconf 87' lang='lat' dir='ltr'>absoluta</span> <span class='ocrx_word' id='word_1_291' title='bbox 366 1629 551 1671; x_wconf 77' lang='lat' dir='ltr'>relaxatio,</span> <span class='ocrx_word' id='word_1_292' title='bbox 574 1629 669 1675; x_wconf 89' lang='lat' dir='ltr'>quod</span> <span class='ocrx_word' id='word_1_293' title='bbox 692 1629 803 1663; x_wconf 87' lang='lat' dir='ltr'>etiam</span> <span class='ocrx_word' id='word_1_294' title='bbox 825 1629 869 1662; x_wconf 86' lang='lat' dir='ltr'>ad</span> <span class='ocrx_word' id='word_1_295' title='bbox 890 1629 1029 1674; x_wconf 87' lang='lat' dir='ltr'>Papam</span> <span class='ocrx_word' id='word_1_296' title='bbox 1063 1628 1216 1675; x_wconf 86' lang='lat' dir='ltr'>pertinet</span> <span class='ocrx_word' id='word_1_297' title='bbox 1249 1628 1286 1661; x_wconf 90' lang='lat' dir='ltr'>in</span> <span class='ocrx_word' id='word_1_298' title='bbox 1320 1627 1489 1662; x_wconf 89' lang='lat' dir='ltr'>omnibus</span> <span class='ocrx_word' id='word_1_299' title='bbox 1523 1625 1751 1674; x_wconf 86' lang='lat' dir='ltr'>generaliter,</span> 
     </span>
     <span class='ocr_line' id='line_1_29' title="bbox 182 1680 1752 1730; baseline -0.003 -12"><span class='ocrx_word' id='word_1_300' title='bbox 182 1696 274 1730; x_wconf 91' lang='lat' dir='ltr'>quae</span> <span class='ocrx_word' id='word_1_301' title='bbox 297 1684 340 1718; x_wconf 84' lang='lat' dir='ltr'>ad</span> <span class='ocrx_word' id='word_1_302' title='bbox 362 1683 669 1730; x_wconf 84' lang='lat' dir='ltr'>dispensationem</span> <span class='ocrx_word' id='word_1_303' title='bbox 691 1694 812 1717; x_wconf 86' lang='lat' dir='ltr'>rerum</span> <span class='ocrx_word' id='word_1_304' title='bbox 834 1681 1172 1716; x_wconf 83' lang='lat' dir='ltr'>Ecclesiasticarum</span> <span class='ocrx_word' id='word_1_305' title='bbox 1193 1681 1384 1728; x_wconf 88' lang='lat' dir='ltr'>pertinent,</span> <span class='ocrx_word' id='word_1_306' title='bbox 1405 1692 1512 1727; x_wconf 87' lang='lat' dir='ltr'>super</span> <span class='ocrx_word' id='word_1_307' title='bbox 1533 1692 1620 1727; x_wconf 89' lang='lat' dir='ltr'>quas</span> <span class='ocrx_word' id='word_1_308' title='bbox 1642 1680 1752 1715; x_wconf 87' lang='lat' dir='ltr'>habet</span> 
     </span>
     <span class='ocr_line' id='line_1_30' title="bbox 183 1734 1756 1784; baseline -0.002 -13"><span class='ocrx_word' id='word_1_309' title='bbox 183 1737 445 1784; x_wconf 84' lang='lat' dir='ltr'>plenitudinem</span> <span class='ocrx_word' id='word_1_310' title='bbox 479 1737 686 1782; x_wconf 86' lang='lat' dir='ltr'>potestatis:</span> <span class='ocrx_word' id='word_1_311' title='bbox 714 1736 807 1770; x_wconf 88' lang='lat' dir='ltr'>sicut</span> <span class='ocrx_word' id='word_1_312' title='bbox 833 1743 866 1770; x_wconf 90' lang='lat' dir='ltr'>et</span> <span class='ocrx_word' id='word_1_313' title='bbox 900 1736 944 1770; x_wconf 89' lang='lat' dir='ltr'>ad</span> <span class='ocrx_word' id='word_1_314' title='bbox 979 1746 1276 1781; x_wconf 89' lang='lat' dir='ltr'>unumquemque</span> <span class='ocrx_word' id='word_1_315' title='bbox 1306 1735 1461 1781; x_wconf 87' lang='lat' dir='ltr'>pertinet</span> <span class='ocrx_word' id='word_1_316' title='bbox 1492 1735 1631 1769; x_wconf 87' lang='lat' dir='ltr'>irritare</span> <span class='ocrx_word' id='word_1_317' title='bbox 1663 1734 1756 1780; x_wconf 87' lang='lat' dir='ltr'>jura-</span> 
     </span>
     <span class='ocr_line' id='line_1_31' title="bbox 183 1787 1753 1836; baseline -0.002 -11"><span class='ocrx_word' id='word_1_318' title='bbox 183 1799 360 1833; x_wconf 78' lang='lat' dir='ltr'>mentum,</span> <span class='ocrx_word' id='word_1_319' title='bbox 383 1791 479 1836; x_wconf 88' lang='lat' dir='ltr'>quod</span> <span class='ocrx_word' id='word_1_320' title='bbox 502 1802 522 1824; x_wconf 91' lang='lat' dir='ltr'>a</span> <span class='ocrx_word' id='word_1_321' title='bbox 543 1790 610 1824; x_wconf 79' lang='lat' dir='ltr'>sibi</span> <span class='ocrx_word' id='word_1_322' title='bbox 631 1790 780 1824; x_wconf 86' lang='lat' dir='ltr'>subditis</span> <span class='ocrx_word' id='word_1_323' title='bbox 810 1789 948 1824; x_wconf 86' lang='lat' dir='ltr'>factum</span> <span class='ocrx_word' id='word_1_324' title='bbox 970 1796 1033 1831; x_wconf 89' lang='lat' dir='ltr'>est,</span> <span class='ocrx_word' id='word_1_325' title='bbox 1057 1789 1151 1823; x_wconf 89' lang='lat' dir='ltr'>circa</span> <span class='ocrx_word' id='word_1_326' title='bbox 1173 1800 1215 1823; x_wconf 85' lang='lat' dir='ltr'>ea</span> <span class='ocrx_word' id='word_1_327' title='bbox 1237 1800 1329 1834; x_wconf 91' lang='lat' dir='ltr'>quae</span> <span class='ocrx_word' id='word_1_328' title='bbox 1363 1789 1439 1833; x_wconf 90' lang='lat' dir='ltr'>ejus</span> <span class='ocrx_word' id='word_1_329' title='bbox 1472 1787 1642 1834; x_wconf 88' lang='lat' dir='ltr'>potestati</span> <span class='ocrx_word' id='word_1_330' title='bbox 1674 1787 1753 1822; x_wconf 90' lang='lat' dir='ltr'>sub-</span> 
     </span>
     <span class='ocr_line' id='line_1_32' title="bbox 183 1840 1755 1890; baseline -0.002 -12"><span class='ocrx_word' id='word_1_331' title='bbox 183 1845 330 1887; x_wconf 81' lang='lat' dir='ltr'>duntur3</span> <span class='ocrx_word' id='word_1_332' title='bbox 354 1845 447 1878; x_wconf 86' lang='lat' dir='ltr'>sicut</span> <span class='ocrx_word' id='word_1_333' title='bbox 466 1852 566 1890; x_wconf 86' lang='lat' dir='ltr'>pater</span> <span class='ocrx_word' id='word_1_334' title='bbox 592 1852 711 1890; x_wconf 87' lang='lat' dir='ltr'>potest</span> <span class='ocrx_word' id='word_1_335' title='bbox 728 1843 867 1878; x_wconf 90' lang='lat' dir='ltr'>irritare</span> <span class='ocrx_word' id='word_1_336' title='bbox 882 1844 1128 1889; x_wconf 87' lang='lat' dir='ltr'>juramentum</span> <span class='ocrx_word' id='word_1_337' title='bbox 1143 1841 1296 1889; x_wconf 83' lang='lat' dir='ltr'>puellae,</span> <span class='ocrx_word' id='word_1_338' title='bbox 1313 1850 1347 1876; x_wconf 88' lang='lat' dir='ltr'>et</span> <span class='ocrx_word' id='word_1_339' title='bbox 1359 1843 1412 1876; x_wconf 92' lang='lat' dir='ltr'>vir</span> <span class='ocrx_word' id='word_1_340' title='bbox 1426 1841 1559 1884; x_wconf 81' lang='lat' dir='ltr'>uxoris,</span> <span class='ocrx_word' id='word_1_341' title='bbox 1573 1849 1612 1876; x_wconf 93' lang='lat' dir='ltr'>ut</span> <span class='ocrx_word' id='word_1_342' title='bbox 1625 1840 1755 1876; x_wconf 86' lang='lat' dir='ltr'>dicitur</span> 
     </span>
     <span class='ocr_line' id='line_1_33' title="bbox 184 1895 1563 1944; baseline -0.001 -13"><span class='ocrx_word' id='word_1_343' title='bbox 184 1898 293 1932; x_wconf 88' lang='lat' dir='ltr'>Num.</span> <span class='ocrx_word' id='word_1_344' title='bbox 320 1909 371 1943; x_wconf 82' lang='lat'>30.</span> <span class='ocrx_word' id='word_1_345' title='bbox 396 1899 486 1932; x_wconf 86' lang='lat' dir='ltr'>sicut</span> <span class='ocrx_word' id='word_1_346' title='bbox 509 1906 544 1932; x_wconf 87' lang='lat' dir='ltr'>et</span> <span class='ocrx_word' id='word_1_347' title='bbox 565 1909 673 1944; x_wconf 88' lang='lat' dir='ltr'>supra</span> <span class='ocrx_word' id='word_1_348' title='bbox 696 1897 739 1932; x_wconf 88' lang='lat' dir='ltr'>de</span> <span class='ocrx_word' id='word_1_349' title='bbox 761 1905 848 1931; x_wconf 85' lang='lat' dir='ltr'>voto</span> <span class='ocrx_word' id='word_1_350' title='bbox 871 1897 1010 1931; x_wconf 90' lang='lat' dir='ltr'>dictum</span> <span class='ocrx_word' id='word_1_351' title='bbox 1033 1905 1085 1931; x_wconf 90' lang='lat' dir='ltr'>est</span> <span class='ocrx_word' id='word_1_352' title='bbox 1111 1897 1156 1942; x_wconf 84' lang='lat' dir='ltr'>(q.</span> <span class='ocrx_word' id='word_1_353' title='bbox 1174 1902 1288 1943; x_wconf 68' lang='lat' dir='ltr'>praec.</span> <span class='ocrx_word' id='word_1_354' title='bbox 1311 1901 1375 1931; x_wconf 83' lang='lat' dir='ltr'>art.</span> <span class='ocrx_word' id='word_1_355' title='bbox 1398 1895 1430 1931; x_wconf 82' lang='lat'>8.</span> <span class='ocrx_word' id='word_1_356' title='bbox 1452 1899 1482 1930; x_wconf 79' lang='lat' dir='ltr'>et</span> <span class='ocrx_word' id='word_1_357' title='bbox 1501 1895 1563 1942; x_wconf 88' lang='lat'><em>9.).</em></span> 
     </span>
    </p>
   </div>
   <div class='ocr_carea' id='block_1_3' title="bbox 752 2025 1748 2082">
    <p class='ocr_par' dir='ltr' id='par_1_4' title="bbox 752 2025 1748 2082">
     <span class='ocr_line' id='line_1_34' title="bbox 752 2025 1748 2082; baseline -0.002 -12"><span class='ocrx_word' id='word_1_358' title='bbox 752 2025 1097 2072; x_wconf 80' lang='lat' dir='ltr'><strong>ARTICULUS</strong></span> <span class='ocrx_word' id='word_1_359' title='bbox 1121 2025 1177 2068; x_wconf 77' lang='grc' dir='ltr'>Χ.</span> <span class='ocrx_word' id='word_1_360' title='bbox 1682 2045 1748 2082; x_wconf 77' lang='lat'>491</span> 
     </span>
    </p>
   </div>
   <div class='ocr_carea' id='block_1_4' title="bbox 318 2133 1626 2238">
    <p class='ocr_par' dir='ltr' id='par_1_5' title="bbox 318 2133 1626 2238">
     <span class='ocr_line' id='line_1_35' title="bbox 584 2133 1364 2177; baseline -0.004 -12"><span class='ocrx_word' id='word_1_361' title='bbox 584 2135 737 2165; x_wconf 76' lang='lat' dir='ltr'><strong>UTRUM</strong></span> <span class='ocrx_word' id='word_1_362' title='bbox 764 2134 1061 2177; x_wconf 86' lang='lat' dir='ltr'><strong>JURAMENTUM</strong></span> <span class='ocrx_word' id='word_1_363' title='bbox 1092 2133 1364 2163; x_wconf 80' lang='lat' dir='ltr'><strong>IMPEDIATUR</strong></span> 
     </span>
     <span class='ocr_line' id='line_1_36' title="bbox 318 2197 1626 2238; baseline -0.003 -8"><span class='ocrx_word' id='word_1_364' title='bbox 318 2201 396 2231; x_wconf 89' lang='lat' dir='ltr'>PER</span> <span class='ocrx_word' id='word_1_365' title='bbox 429 2200 629 2235; x_wconf 75' lang='lat' dir='ltr'><strong>ALIQUAM</strong></span> <span class='ocrx_word' id='word_1_366' title='bbox 663 2199 978 2231; x_wconf 78' lang='lat' dir='ltr'>CONDITIONEM</span> <span class='ocrx_word' id='word_1_367' title='bbox 1009 2199 1246 2238; x_wconf 84' lang='lat' dir='ltr'>PERSONAE,</span> <span class='ocrx_word' id='word_1_368' title='bbox 1280 2198 1364 2228; x_wconf 91' lang='lat' dir='ltr'>VEL</span> <span class='ocrx_word' id='word_1_369' title='bbox 1397 2197 1626 2227; x_wconf 89' lang='lat' dir='ltr'><strong>TEMPORIS.</strong></span> 
     </span>
    </p>
   </div>
   <div class='ocr_carea' id='block_1_5' title="bbox 712 2286 1232 2334">
    <p class='ocr_par' dir='ltr' id='par_1_6' title="bbox 712 2286 1232 2334">
     <span class='ocr_line' id='line_1_37' title="bbox 712 2286 1232 2334; baseline -0.002 -13"><span class='ocrx_word' id='word_1_370' title='bbox 712 2287 752 2334; x_wconf 80' lang='lat'>(3.</span> <span class='ocrx_word' id='word_1_371' title='bbox 774 2288 865 2323; x_wconf 80' lang='lat' dir='ltr'>Dist.</span> <span class='ocrx_word' id='word_1_372' title='bbox 883 2299 935 2333; x_wconf 75' lang='lat'>39.</span> <span class='ocrx_word' id='word_1_373' title='bbox 958 2288 993 2321; x_wconf 81' lang='lat' dir='ltr'>in</span> <span class='ocrx_word' id='word_1_374' title='bbox 1019 2294 1126 2334; x_wconf 76' lang='lat' dir='ltr'>expos.</span> <span class='ocrx_word' id='word_1_375' title='bbox 1155 2286 1232 2331; x_wconf 69' lang='lat' dir='ltr'>lit).</span> 
     </span>
    </p>
   </div>
   <div class='ocr_carea' id='block_1_6' title="bbox 187 2373 1761 2905">
    <p class='ocr_par' dir='ltr' id='par_1_7' title="bbox 187 2373 1761 2637">
     <span class='ocr_line' id='line_1_38' title="bbox 261 2373 1756 2422; baseline -0.003 -10"><span class='ocrx_word' id='word_1_376' title='bbox 261 2378 320 2412; x_wconf 86' lang='lat' dir='ltr'>AD</span> <span class='ocrx_word' id='word_1_377' title='bbox 343 2387 519 2412; x_wconf 78' lang='lat' dir='ltr'>DECIMUM</span> <span class='ocrx_word' id='word_1_378' title='bbox 541 2376 592 2410; x_wconf 90' lang='lat' dir='ltr'>sic</span> <span class='ocrx_word' id='word_1_379' title='bbox 614 2376 831 2422; x_wconf 84' lang='lat' dir='ltr'>proceditur.</span> <span class='ocrx_word' id='word_1_380' title='bbox 855 2376 1016 2418; x_wconf 83' lang='lat' dir='ltr'>Videtur,</span> <span class='ocrx_word' id='word_1_381' title='bbox 1038 2376 1134 2422; x_wconf 85' lang='lat' dir='ltr'>quod</span> <span class='ocrx_word' id='word_1_382' title='bbox 1155 2377 1401 2422; x_wconf 86' lang='lat' dir='ltr'>juramentum</span> <span class='ocrx_word' id='word_1_383' title='bbox 1431 2385 1506 2408; x_wconf 91' lang='lat' dir='ltr'>non</span> <span class='ocrx_word' id='word_1_384' title='bbox 1539 2373 1756 2420; x_wconf 85' lang='lat' dir='ltr'>impediatur</span> 
     </span>
     <span class='ocr_line' id='line_1_39' title="bbox 188 2427 1759 2477; baseline -0.003 -12"><span class='ocrx_word' id='word_1_385' title='bbox 188 2442 250 2477; x_wconf 85' lang='lat' dir='ltr'>per</span> <span class='ocrx_word' id='word_1_386' title='bbox 273 2431 431 2476; x_wconf 86' lang='lat' dir='ltr'>aliquam</span> <span class='ocrx_word' id='word_1_387' title='bbox 454 2430 703 2464; x_wconf 85' lang='lat' dir='ltr'>conditionem</span> <span class='ocrx_word' id='word_1_388' title='bbox 726 2441 912 2474; x_wconf 81' lang='lat' dir='ltr'>personae,</span> <span class='ocrx_word' id='word_1_389' title='bbox 934 2429 993 2464; x_wconf 87' lang='lat' dir='ltr'>vel</span> <span class='ocrx_word' id='word_1_390' title='bbox 1014 2429 1206 2475; x_wconf 90' lang='lat' dir='ltr'>temporis:</span> <span class='ocrx_word' id='word_1_391' title='bbox 1228 2430 1474 2474; x_wconf 84' lang='lat' dir='ltr'>juramentum</span> <span class='ocrx_word' id='word_1_392' title='bbox 1493 2427 1591 2462; x_wconf 87' lang='lat' dir='ltr'>enim</span> <span class='ocrx_word' id='word_1_393' title='bbox 1609 2427 1653 2461; x_wconf 90' lang='lat' dir='ltr'>ad</span> <span class='ocrx_word' id='word_1_394' title='bbox 1674 2437 1759 2462; x_wconf 91' lang='lat' dir='ltr'>con-</span> 
     </span>
     <span class='ocr_line' id='line_1_40' title="bbox 188 2480 1761 2529; baseline -0.003 -11"><span class='ocrx_word' id='word_1_395' title='bbox 188 2485 434 2518; x_wconf 78' lang='lat' dir='ltr'>firmationem</span> <span class='ocrx_word' id='word_1_396' title='bbox 455 2484 647 2525; x_wconf 81' lang='lat' dir='ltr'>inducitur,</span> <span class='ocrx_word' id='word_1_397' title='bbox 669 2492 706 2517; x_wconf 86' lang='lat' dir='ltr'>ut</span> <span class='ocrx_word' id='word_1_398' title='bbox 727 2491 824 2528; x_wconf 84' lang='lat' dir='ltr'>patet</span> <span class='ocrx_word' id='word_1_399' title='bbox 846 2495 908 2529; x_wconf 77' lang='lat' dir='ltr'>per</span> <span class='ocrx_word' id='word_1_400' title='bbox 929 2482 1151 2529; x_wconf 82' lang='lat' dir='ltr'>Apostolum</span> <span class='ocrx_word' id='word_1_401' title='bbox 1172 2482 1215 2516; x_wconf 90' lang='lat' dir='ltr'>ad</span> <span class='ocrx_word' id='word_1_402' title='bbox 1232 2482 1345 2516; x_wconf 88' lang='lat' dir='ltr'>Hebr.</span> <span class='ocrx_word' id='word_1_403' title='bbox 1365 2481 1416 2516; x_wconf 83' lang='lat'>6.:</span> <span class='ocrx_word' id='word_1_404' title='bbox 1436 2481 1498 2516; x_wconf 90' lang='lat' dir='ltr'>sed</span> <span class='ocrx_word' id='word_1_405' title='bbox 1518 2480 1662 2515; x_wconf 86' lang='lat' dir='ltr'>cuilibet</span> <span class='ocrx_word' id='word_1_406' title='bbox 1677 2491 1761 2515; x_wconf 91' lang='lat' dir='ltr'>con-</span> 
     </span>
     <span class='ocr_line' id='line_1_41' title="bbox 187 2534 1756 2582; baseline -0.003 -10"><span class='ocrx_word' id='word_1_407' title='bbox 187 2540 286 2572; x_wconf 75' lang='lat' dir='ltr'>venit</span> <span class='ocrx_word' id='word_1_408' title='bbox 308 2538 525 2572; x_wconf 82' lang='lat' dir='ltr'>confirmare</span> <span class='ocrx_word' id='word_1_409' title='bbox 548 2537 684 2571; x_wconf 88' lang='lat' dir='ltr'>dictum</span> <span class='ocrx_word' id='word_1_410' title='bbox 707 2548 823 2578; x_wconf 87' lang='lat' dir='ltr'>suum,</span> <span class='ocrx_word' id='word_1_411' title='bbox 847 2545 880 2570; x_wconf 80' lang='lat' dir='ltr'>et</span> <span class='ocrx_word' id='word_1_412' title='bbox 899 2536 1061 2582; x_wconf 83' lang='lat' dir='ltr'>quolibet</span> <span class='ocrx_word' id='word_1_413' title='bbox 1078 2545 1256 2582; x_wconf 77' lang='lat' dir='ltr'>tempor03</span> <span class='ocrx_word' id='word_1_414' title='bbox 1275 2546 1361 2581; x_wconf 87' lang='lat' dir='ltr'>ergo</span> <span class='ocrx_word' id='word_1_415' title='bbox 1380 2535 1532 2576; x_wconf 84' lang='lat' dir='ltr'>videtur,</span> <span class='ocrx_word' id='word_1_416' title='bbox 1551 2534 1647 2580; x_wconf 90' lang='lat' dir='ltr'>quod</span> <span class='ocrx_word' id='word_1_417' title='bbox 1664 2535 1756 2580; x_wconf 87' lang='lat' dir='ltr'>jura-</span> 
     </span>
     <span class='ocr_line' id='line_1_42' title="bbox 190 2587 1726 2637; baseline -0.003 -11"><span class='ocrx_word' id='word_1_418' title='bbox 190 2600 354 2626; x_wconf 80' lang='lat' dir='ltr'>mentum</span> <span class='ocrx_word' id='word_1_419' title='bbox 376 2603 450 2625; x_wconf 87' lang='lat' dir='ltr'>non</span> <span class='ocrx_word' id='word_1_420' title='bbox 474 2591 690 2637; x_wconf 89' lang='lat' dir='ltr'>impediatur</span> <span class='ocrx_word' id='word_1_421' title='bbox 712 2602 773 2636; x_wconf 85' lang='lat' dir='ltr'>per</span> <span class='ocrx_word' id='word_1_422' title='bbox 796 2590 953 2635; x_wconf 79' lang='lat' dir='ltr'>aliquam</span> <span class='ocrx_word' id='word_1_423' title='bbox 977 2590 1225 2624; x_wconf 87' lang='lat' dir='ltr'>conditionem</span> <span class='ocrx_word' id='word_1_424' title='bbox 1247 2599 1435 2635; x_wconf 89' lang='lat' dir='ltr'>personae,</span> <span class='ocrx_word' id='word_1_425' title='bbox 1457 2587 1516 2622; x_wconf 89' lang='lat' dir='ltr'>vel</span> <span class='ocrx_word' id='word_1_426' title='bbox 1540 2587 1726 2634; x_wconf 87' lang='lat' dir='ltr'>temporis.</span> 
     </span>
    </p>

    <p class='ocr_par' dir='ltr' id='par_1_8' title="bbox 188 2640 1760 2905">
     <span class='ocr_line' id='line_1_43' title="bbox 261 2640 1754 2690; baseline -0.004 -10"><span class='ocrx_word' id='word_1_427' title='bbox 261 2656 291 2679; x_wconf 87' lang='lat'>2.</span> <span class='ocrx_word' id='word_1_428' title='bbox 319 2646 556 2680; x_wconf 70' lang='lat' dir='ltr'>PRAETEREA.</span> <span class='ocrx_word' id='word_1_429' title='bbox 579 2645 698 2690; x_wconf 87' lang='lat' dir='ltr'>Majus</span> <span class='ocrx_word' id='word_1_430' title='bbox 720 2652 773 2678; x_wconf 83' lang='lat' dir='ltr'>est</span> <span class='ocrx_word' id='word_1_431' title='bbox 794 2645 911 2689; x_wconf 79' lang='lat' dir='ltr'>jurare</span> <span class='ocrx_word' id='word_1_432' title='bbox 934 2655 996 2688; x_wconf 82' lang='lat' dir='ltr'>per</span> <span class='ocrx_word' id='word_1_433' title='bbox 1018 2644 1151 2685; x_wconf 89' lang='lat' dir='ltr'>Deum,</span> <span class='ocrx_word' id='word_1_434' title='bbox 1183 2653 1292 2689; x_wconf 89' lang='lat' dir='ltr'>quam</span> <span class='ocrx_word' id='word_1_435' title='bbox 1321 2653 1384 2688; x_wconf 89' lang='lat' dir='ltr'>per</span> <span class='ocrx_word' id='word_1_436' title='bbox 1416 2641 1625 2686; x_wconf 79' lang='lat' dir='ltr'>Evangelia,</span> <span class='ocrx_word' id='word_1_437' title='bbox 1658 2640 1754 2675; x_wconf 88' lang='lat' dir='ltr'>unde</span> 
     </span>
     <span class='ocr_line' id='line_1_44' title="bbox 190 2694 1753 2745; baseline -0.004 -11"><span class='ocrx_word' id='word_1_438' title='bbox 190 2699 382 2745; x_wconf 81' lang='lat' dir='ltr'>Chrysost.</span> <span class='ocrx_word' id='word_1_439' title='bbox 405 2699 491 2732; x_wconf 86' lang='lat' dir='ltr'>dicit</span> <span class='ocrx_word' id='word_1_440' title='bbox 531 2698 660 2743; x_wconf 79' lang='lat' dir='ltr'>(homil.</span> <span class='ocrx_word' id='word_1_441' title='bbox 694 2708 751 2742; x_wconf 76' lang='lat'>44.</span> <span class='ocrx_word' id='word_1_442' title='bbox 786 2698 821 2731; x_wconf 80' lang='lat' dir='ltr'>in</span> <span class='ocrx_word' id='word_1_443' title='bbox 854 2703 947 2742; x_wconf 60' lang='lat' dir='ltr'>opero</span> <span class='ocrx_word' id='word_1_444' title='bbox 981 2697 1182 2743; x_wconf 61' lang='lat' dir='ltr'>imperfecto,</span> <span class='ocrx_word' id='word_1_445' title='bbox 1205 2708 1225 2730; x_wconf 85' lang='grc' dir='ltr'><em>α</em></span> <span class='ocrx_word' id='word_1_446' title='bbox 1245 2696 1361 2741; x_wconf 72' lang='lat' dir='ltr'>med.):</span> <span class='ocrx_word' id='word_1_447' title='bbox 1390 2707 1408 2727; x_wconf 64' lang='lat' dir='ltr'>a</span> <span class='ocrx_word' id='word_1_448' title='bbox 1431 2695 1470 2729; x_wconf 88' lang='lat' dir='ltr'>Si</span> <span class='ocrx_word' id='word_1_449' title='bbox 1492 2694 1612 2740; x_wconf 89' lang='lat' dir='ltr'>aliqua</span> <span class='ocrx_word' id='word_1_450' title='bbox 1645 2704 1753 2728; x_wconf 86' lang='lat' dir='ltr'>causa</span> 
     </span>
     <span class='ocr_line' id='line_1_45' title="bbox 188 2746 1760 2796; baseline -0.004 -10"><span class='ocrx_word' id='word_1_451' title='bbox 188 2751 305 2794; x_wconf 83' lang='lat' dir='ltr'>fuerit,</span> <span class='ocrx_word' id='word_1_452' title='bbox 328 2752 515 2786; x_wconf 84' lang='lat' dir='ltr'>modicum</span> <span class='ocrx_word' id='word_1_453' title='bbox 537 2751 678 2785; x_wconf 79' lang='lat' dir='ltr'>videtur</span> <span class='ocrx_word' id='word_1_454' title='bbox 697 2750 829 2792; x_wconf 88' lang='lat' dir='ltr'>facere,</span> <span class='ocrx_word' id='word_1_455' title='bbox 852 2750 913 2796; x_wconf 91' lang='lat' dir='ltr'>qui</span> <span class='ocrx_word' id='word_1_456' title='bbox 932 2751 1028 2796; x_wconf 84' lang='lat' dir='ltr'>jurat</span> <span class='ocrx_word' id='word_1_457' title='bbox 1047 2761 1110 2796; x_wconf 87' lang='lat' dir='ltr'>per</span> <span class='ocrx_word' id='word_1_458' title='bbox 1131 2750 1271 2784; x_wconf 85' lang='lat' dir='ltr'>Deum:</span> <span class='ocrx_word' id='word_1_459' title='bbox 1294 2749 1355 2784; x_wconf 86' lang='lat' dir='ltr'>sed</span> <span class='ocrx_word' id='word_1_460' title='bbox 1378 2748 1439 2794; x_wconf 91' lang='lat' dir='ltr'>qui</span> <span class='ocrx_word' id='word_1_461' title='bbox 1458 2749 1552 2794; x_wconf 81' lang='lat' dir='ltr'>jurat</span> <span class='ocrx_word' id='word_1_462' title='bbox 1569 2758 1632 2793; x_wconf 87' lang='lat' dir='ltr'>per</span> <span class='ocrx_word' id='word_1_463' title='bbox 1646 2746 1760 2780; x_wconf 90' lang='lat' dir='ltr'>Evan-</span> 
     </span>
     <span class='ocr_line' id='line_1_46' title="bbox 190 2799 1758 2851; baseline -0.004 -11"><span class='ocrx_word' id='word_1_464' title='bbox 190 2806 295 2851; x_wconf 81' lang='lat' dir='ltr'>gelia,</span> <span class='ocrx_word' id='word_1_465' title='bbox 318 2806 434 2851; x_wconf 85' lang='lat' dir='ltr'>majus</span> <span class='ocrx_word' id='word_1_466' title='bbox 457 2805 591 2851; x_wconf 86' lang='lat' dir='ltr'>aliquid</span> <span class='ocrx_word' id='word_1_467' title='bbox 613 2804 741 2839; x_wconf 84' lang='lat' dir='ltr'>secisse</span> <span class='ocrx_word' id='word_1_468' title='bbox 762 2803 920 2838; x_wconf 87' lang='lat' dir='ltr'>videtur:</span> <span class='ocrx_word' id='word_1_469' title='bbox 944 2803 1071 2849; x_wconf 90' lang='lat' dir='ltr'>quibus</span> <span class='ocrx_word' id='word_1_470' title='bbox 1093 2803 1287 2837; x_wconf 87' lang='lat' dir='ltr'>dicendum</span> <span class='ocrx_word' id='word_1_471' title='bbox 1309 2809 1380 2837; x_wconf 90' lang='lat' dir='ltr'>est:</span> <span class='ocrx_word' id='word_1_472' title='bbox 1410 2800 1529 2843; x_wconf 88' lang='lat' dir='ltr'>Stulti,</span> <span class='ocrx_word' id='word_1_473' title='bbox 1552 2799 1758 2846; x_wconf 82' lang='lat' dir='ltr'>Scripturae</span> 
     </span>
     <span class='ocr_line' id='line_1_47' title="bbox 190 2852 1757 2905; baseline -0.003 -13"><span class='ocrx_word' id='word_1_474' title='bbox 190 2867 334 2905; x_wconf 84' lang='lat' dir='ltr'>propter</span> <span class='ocrx_word' id='word_1_475' title='bbox 355 2859 476 2893; x_wconf 88' lang='lat' dir='ltr'>Deum</span> <span class='ocrx_word' id='word_1_476' title='bbox 498 2858 613 2892; x_wconf 86' lang='lat' dir='ltr'>factae</span> <span class='ocrx_word' id='word_1_477' title='bbox 636 2865 729 2899; x_wconf 90' lang='lat' dir='ltr'>sunt,</span> <span class='ocrx_word' id='word_1_478' title='bbox 751 2868 826 2892; x_wconf 88' lang='lat' dir='ltr'>non</span> <span class='ocrx_word' id='word_1_479' title='bbox 856 2857 955 2891; x_wconf 89' lang='lat' dir='ltr'>Deus</span> <span class='ocrx_word' id='word_1_480' title='bbox 989 2864 1136 2902; x_wconf 88' lang='lat' dir='ltr'>propter</span> <span class='ocrx_word' id='word_1_481' title='bbox 1170 2856 1371 2902; x_wconf 88' lang='lat' dir='ltr'>Scripturas</span> <span class='ocrx_word' id='word_1_482' title='bbox 1392 2867 1434 2890; x_wconf 81' lang='lat' dir='ltr'>»t</span> <span class='ocrx_word' id='word_1_483' title='bbox 1469 2854 1530 2889; x_wconf 88' lang='lat' dir='ltr'>sed</span> <span class='ocrx_word' id='word_1_484' title='bbox 1565 2852 1757 2899; x_wconf 88' lang='lat' dir='ltr'>cujuslibet</span> 
     </span>
    </p>
   </div>
  </div>
 </body>
</html>
