1859 3122
513 145 736 180 QUAESTIO
770 143 919 174 XXVIII.
955 143 1197 173 ARTICULUS
1233 143 1290 172 111.
1586 144 1666 186 243

182 230 242 264 AD
265 239 471 264 SECUNDUM
501 227 707 269 dicendum,
737 226 834 272 quod
864 236 947 259 cum
969 233 1181 270 perventum
1203 224 1307 259 suerit
1330 225 1372 258 ad
1399 224 1671 266 beatitudinem,

112 283 354 329 unusquisque
386 282 525 327 attingit
560 281 755 315 terminum
784 279 849 314 sibi
877 278 1074 324 praefixum
1101 289 1142 312 ex
1174 277 1499 323 praedestinatione
1530 277 1671 319 divina;

111 349 178 372 nec
201 336 345 370 restabit
360 336 506 370 ulterius
530 334 674 380 aliquid,
690 345 761 379 quo
775 333 957 373 tendatur3
980 332 1144 377 quamvis
1159 332 1194 365 in
1218 331 1277 366 illa
1299 331 1555 366 terminatione
1578 342 1668 365 unus

110 390 295 437 perveniat
317 390 360 423 ad
380 390 558 434 majorem
580 387 885 434 propinquitatem
907 386 988 427 Dei,
1005 385 1094 419 alius
1114 385 1156 419 ad
1180 385 1379 427 minore1n;
1402 393 1436 419 et
1454 385 1535 419 ideo
1555 385 1672 418 unius-

112 446 284 490 cujusque
308 444 480 489 gaudium
504 443 569 476 erit
590 442 737 488 plenum
764 452 807 474 ex
829 448 928 485 parte
951 439 1157 484 gaudentis:
1181 439 1263 485 quia
1287 439 1565 484 uniuscujusque
1584 438 1673 472 desi-

110 498 250 532 derium
273 496 376 543 plene
398 496 630 542 quietabitur:
654 494 719 529 erit
739 503 861 528 tamen
889 493 1060 539 gaudium
1089 493 1193 526 unius
1220 494 1348 538 majus,
1376 505 1486 539 quam
1513 492 1670 535 alterius,

110 559 255 597 propter
278 550 477 595 pleniorem
500 548 813 595 participationem
837 547 978 580 divinae
1005 546 1245 581 beatitudinis.

179 605 238 638 AD
262 615 433 638 TERTIUM
449 603 653 644 dicendum,
668 601 763 647 quod
780 600 1059 646 comprehensio
1073 600 1245 646 importat
1264 599 1526 645 plenitudinem
1550 600 1672 645 cogni-

108 658 216 692 tionis
239 669 281 692 ex
303 666 401 703 parte
424 657 474 690 rei
496 656 680 701 cognitae3
704 663 741 688 ut
762 654 900 688 scilicet
914 662 1054 687 tantum
1071 661 1315 698 cognoscatur
1329 665 1395 694 res,
1417 661 1591 699 quantum
1615 664 1671 687 co-

109 711 236 757 gnosci
257 719 392 756 potest:
423 710 531 744 habet
560 718 682 744 tamen
711 708 819 742 etiam
847 707 1008 752 cognitio
1032 706 1190 752 aliquam
1216 706 1478 752 plenitudinem
1501 718 1542 740 ex
1570 714 1669 752 parte

109 765 375 810 cognoscentis,
402 764 493 798 sicut
519 771 554 797 et
580 763 622 796 de
649 762 781 808 gaudio
810 761 947 795 dictum
974 769 1026 795 est
1048 761 1099 805 (in
1128 762 1257 807 sorp.);
1287 760 1380 794 unde
1409 768 1443 794 et
1469 760 1668 806 Apostolus

109 819 195 852 dicit
216 818 258 852 ad
283 817 427 852 Coloss.
455 829 499 852 1.:
523 817 733 863 [inpleamini
751 817 915 861 agnitione
936 815 1117 849 voluntatis
1135 816 1202 859 ejus
1221 815 1253 848 in
1276 815 1368 848 omni
1384 815 1557 860 supientia,
1578 819 1605 848 ct
1624 815 1671 848 in-

109 872 233 907 tellecta
258 871 435 918 spirituali.

661 991 1006 1038 ARTICULUS
1040 993 1115 1034 IV.
1607 1012 1669 1048 172

551 1103 704 1132 UTRUM
732 1102 935 1131 GAUDIUM
962 1100 1029 1129 SIT
1056 1100 1228 1130 VIRTUS.

178 1192 237 1226 AD
265 1202 453 1231 QUARTUM
480 1191 529 1226 sic
557 1190 772 1237 proceditur.
799 1189 962 1231 Videtur,
990 1189 1087 1235 quod
1121 1188 1294 1234 gaudium
1321 1187 1365 1221 sit
1386 1188 1514 1221 virtus:
1542 1186 1669 1220 vitium

107 1246 203 1280 enim
226 1246 462 1280 contrariatur
483 1245 622 1279 virtuti:
643 1245 704 1278 sed
726 1244 866 1278 tristitia
889 1243 1034 1288 ponitur
1055 1242 1195 1284 vitium,
1217 1250 1255 1276 ut
1276 1248 1373 1287 patet
1395 1241 1437 1275 de
1460 1240 1612 1282 accidia,
1635 1248 1670 1274 et

107 1299 150 1333 de
171 1300 322 1342 invidia3
342 1310 428 1345 ergo
451 1299 560 1332 etiam
583 1297 756 1344 gaudium
779 1297 884 1331 debet
904 1296 991 1343 poni
1013 1296 1134 1330 virtus.

179 1363 210 1386 2.
245 1353 481 1387 PRAETEREA.
517 1352 618 1386 Sicut
648 1363 763 1393 amor,
795 1358 829 1384 et
858 1362 938 1396 spes
970 1357 1052 1384 sunt
1082 1349 1269 1395 passiones
1296 1348 1486 1394 quaedam,
1517 1359 1669 1394 quarum

108 1406 290 1451 objectum
312 1415 365 1440 est
385 1407 539 1448 bonum3
562 1405 610 1440 ita
632 1414 665 1439 et
688 1404 877 1450 gaudium:
905 1403 967 1438 sed
996 1414 1100 1437 amor
1127 1411 1161 1437 et
1188 1414 1268 1449 spes
1296 1410 1478 1448 ponuntur
1504 1400 1668 1444 virtute53

108 1471 194 1505 ergo
218 1467 252 1493 et
273 1459 445 1505 gaudium
467 1459 571 1492 debet
597 1459 683 1504 poni
704 1458 827 1491 virtus.

181 1525 209 1558 3.
232 1513 468 1547 PRAETEREA.
490 1512 687 1557 Praecepta
709 1511 798 1556 legis
813 1511 942 1544 dantur
958 1510 1000 1544 de
1012 1510 1151 1544 actibus
1166 1509 1356 1544 virtutum:
1373 1509 1435 1543 sed
1451 1508 1668 1554 praecipitur

107 1566 222 1608 nobis,
249 1566 345 1612 quod
372 1566 408 1599 in
434 1566 514 1599 Deo
543 1565 776 1611 gaudeamus,
803 1564 1003 1598 secundum
1030 1563 1118 1597 illud
1145 1563 1189 1597 ad
1215 1563 1346 1609 Philip.
1373 1573 1425 1605 4.:
1457 1562 1601 1598 Gaudete
1634 1563 1668 1595 in

110 1620 261 1654 Domino
286 1626 429 1666 sculpam
453 1630 540 1663 ergo
563 1619 734 1665 gaudium
758 1626 809 1652 est
835 1619 957 1652 virtus.

178 1673 252 1708 SED
285 1684 439 1708 CONTRA
470 1681 533 1714 est,
561 1672 656 1718 quod
683 1684 800 1718 neque
829 1679 1112 1705 connumeratur
1137 1671 1228 1705 inter
1253 1671 1402 1705 virtutes
1429 1670 1668 1715 theologicas,

108 1737 224 1772 neque
244 1727 335 1760 inter
355 1727 502 1760 virtutes
524 1725 694 1767 morales,
715 1737 832 1771 neque
854 1725 945 1758 inter
966 1725 1114 1759 virtutes
1135 1724 1409 1766 intellectuales,
1430 1732 1468 1758 ut
1490 1736 1532 1758 ex
1551 1735 1670 1770 supra-

107 1779 210 1814 dictis
233 1788 329 1824 patet
352 1779 428 1823 (1-2.
444 1791 472 1825 t]-
491 1790 542 1825 57.
565 1779 620 1814 60.
644 1784 671 1813 et
693 1779 776 1823 62).

176 1833 404 1867 RESPONDEO
424 1832 629 1874 dicendum,
648 1831 745 1878 quod
759 1831 881 1873 virtus,
897 1831 988 1865 sicut
1002 1843 1108 1877 supra
1122 1831 1285 1865 habitum
1301 1839 1354 1865 est
1370 1830 1446 1875 (1-2.
1457 1842 1486 1876 q.
1497 1842 1542 1876 55.
1561 1835 1624 1864 art.
1637 1842 1668 1865 2.

105 1891 134 1921 et
153 1887 216 1931 4.),
241 1894 293 1920 est
313 1886 455 1919 habitus
478 1885 624 1931 quidam
647 1885 868 1930 operativus:
897 1893 931 1918 et
954 1885 1034 1919 ideo
1058 1885 1258 1919 secundum
1280 1886 1462 1931 propriam
1490 1884 1668 1918 rationem

104 1939 212 1974 habet
237 1939 511 1973 inclinationem
531 1939 574 1972 ad
597 1938 755 1984 aliquem
773 1946 913 1973 actum:
937 1946 989 1972 est
1011 1947 1132 1972 autem
1156 1938 1382 1984 contingens,
1402 1949 1443 1971 ex
1458 1949 1529 1972 uno
1544 1937 1668 1971 habitu

104 1992 222 2038 plures
247 2001 347 2027 actus
370 1993 530 2038 ejusdem
553 1992 702 2026 rationis
724 1992 909 2025 ordinatos
931 1992 1133 2037 provenire,
1156 2003 1310 2038 quorum
1333 2003 1423 2025 unus
1442 1999 1611 2037 sequatur
1626 2002 1668 2025 ex

108 2045 239 2088 alter03
262 2054 297 2080 et
318 2046 401 2092 quia
427 2046 643 2091 posteriores
667 2053 765 2079 actus
792 2056 866 2078 non
892 2045 1093 2091 procedunt
1119 2045 1161 2079 ab
1195 2045 1320 2079 habitu
1354 2045 1487 2087 virtuti,
1512 2045 1582 2079 nisi
1606 2056 1668 2090 per

108 2107 230 2133 actum
251 2099 429 2145 priorem,
451 2099 533 2133 inde
556 2107 608 2133 est
626 2098 723 2144 quod
745 2098 855 2132 virtus
874 2109 947 2132 non
970 2098 1148 2140 definitur,
1163 2110 1229 2132 nec
1254 2099 1519 2140 denominatur,
1538 2098 1605 2132 nisi
1624 2097 1666 2131 ab

106 2160 187 2186 actu
218 2153 347 2198 priori;
374 2152 538 2198 quamvis
566 2152 675 2186 etiam
702 2151 762 2185 alii
784 2160 883 2185 actus
912 2152 953 2185 ab
977 2163 1018 2185 ea
1046 2160 1328 2198 consequantur:
1357 2151 1589 2186 manifestum
1616 2159 1668 2185 est

105 2214 226 2241 autem
249 2218 291 2241 ex
312 2207 379 2249 his,
402 2218 493 2253 quae
515 2218 621 2252 supra
644 2207 688 2241 de
715 2206 940 2252 passionibus
963 2206 1058 2240 dicta
1080 2214 1163 2240 sunt
1189 2207 1267 2251 (1-2.
1295 2218 1324 2252 q.
1347 2218 1393 2252 25.
1416 2211 1479 2240 art.
1502 2218 1532 2241 2.
1553 2210 1582 2240 ct
1602 2206 1665 2250 4.),

105 2260 201 2306 quod
224 2271 328 2294 amor
350 2268 402 2294 est
423 2260 538 2305 prima
560 2259 703 2294 affectio
731 2259 945 2306 appetitivae
967 2260 1161 2304 potentiae,
1189 2271 1231 2293 ex
1253 2271 1322 2305 qua
1344 2259 1503 2306 sequitur
1525 2267 1558 2293 et
1580 2258 1668 2292 desi-

104 2313 256 2355 derium,
279 2322 314 2348 et
335 2314 524 2360 gaudium;
547 2322 581 2347 et
602 2314 683 2348 ideo
703 2313 845 2347 habitus
865 2313 1003 2347 virtutis
1021 2313 1118 2346 idem
1137 2321 1201 2355 est,
1221 2313 1281 2358 qui
1300 2313 1449 2346 inclinat
1464 2312 1506 2346 ad
1521 2312 1667 2357 diligen-

105 2366 202 2408 dum,
226 2376 260 2401 et
286 2367 565 2401 desiderandum
591 2367 726 2401 bonum
751 2366 934 2408 dilectum,
963 2375 996 2400 et
1018 2367 1061 2400 ad
1084 2367 1316 2412 gaudendum
1339 2367 1381 2400 de
1404 2378 1467 2400 eo:
1495 2366 1556 2400 sed
1584 2365 1667 2411 quia

104 2419 249 2455 dilectio
271 2421 364 2454 inter
384 2421 452 2454 hos
480 2429 580 2455 actus
606 2429 659 2454 est
684 2421 792 2466 prior,
819 2419 902 2453 inde
929 2428 981 2454 est
1007 2420 1104 2465 quod
1129 2420 1240 2454 virtus
1266 2431 1339 2454 non
1367 2419 1620 2453 denominatur
1647 2431 1667 2454 a

104 2473 250 2518 gaudio,
270 2485 336 2508 nec
361 2485 380 2507 a
401 2474 591 2516 desiderio,
614 2474 676 2508 sed
700 2485 720 2507 a
742 2473 955 2515 dilectione3
979 2481 1013 2507 et
1034 2473 1162 2507 dicitur
1185 2473 1356 2514 charitasg
1389 2472 1439 2506 sic
1468 2483 1555 2517 ergo
1583 2484 1671 2518 gau-

104 2527 204 2560 dium
230 2538 305 2561 non
327 2535 380 2561 est
406 2527 526 2573 aliqua
552 2527 664 2562 virtus
686 2539 706 2561 a
733 2527 906 2561 charitate
933 2526 1113 2568 distincta,
1141 2527 1202 2561 sed
1230 2535 1283 2560 est
1309 2526 1455 2572 quidam
1483 2525 1666 2561 charitatis

105 2587 216 2622 actus,
247 2580 321 2614 sive
354 2579 525 2614 effectus:
554 2589 588 2614 et
619 2588 766 2626 propter
795 2580 867 2614 hoc
898 2587 1180 2614 connumeratur
1211 2581 1301 2614 inter
1330 2579 1477 2620 fructus,
1507 2586 1545 2612 ut
1570 2587 1667 2625 patet

107 2632 225 2667 Galat.
252 2644 280 2678 ς.

175 2687 234 2720 AD
262 2697 410 2722 PRIMUM
437 2698 524 2733 ergo
551 2687 755 2729 dicendum,
783 2687 880 2733 quod
900 2687 1051 2728 tristitia,
1079 2697 1170 2732 quae
1193 2694 1245 2720 est
1265 2685 1403 2727 vitium,
1431 2692 1597 2719 causatur
1623 2697 1665 2720 ex

104 2739 312 2774 inordinato
339 2751 463 2774 amore
486 2741 563 2783 sui;
589 2740 686 2786 quod
707 2752 781 2774 non
804 2748 856 2775 est
883 2739 1028 2786 aliquod
1055 2739 1210 2786 speciale
1237 2739 1375 2780 vitium,
1397 2738 1460 2772 sed
1486 2739 1664 2784 quaedam

106 2792 281 2838 generalis
296 2794 394 2827 radix
412 2793 594 2835 vitiorum,
614 2801 652 2828 ut
672 2805 779 2839 supra
797 2793 934 2827 dictum
953 2801 1006 2827 est
1024 2793 1102 2838 (1-2.
1118 2805 1147 2838 t]-
1168 2803 1219 2838 77.
1235 2797 1300 2826 art.
1314 2792 1386 2836 4.);
1409 2799 1444 2825 et
1460 2791 1542 2825 ideo
1561 2803 1665 2838 opor-

105 2846 173 2882 tuit
192 2846 352 2888 tristitias
374 2847 550 2895 quasdam
565 2846 796 2894 particulares
813 2858 947 2892 ponere
963 2845 1133 2892 specialia
1147 2845 1251 2887 vitia3
1274 2845 1443 2891 quianon
1459 2844 1664 2881 derivantur
