1859 3122
421 198 642 234 QUAESTIO
677 198 913 228 CLXXXVIII.
948 198 1192 228 ARTICULUS
1226 198 1252 227 Ι.
1511 197 1617 240 1251

456 442 811 503 QUAESTIO
856 441 1229 489 CLXXXVIII.

96 566 160 596 DE
188 565 507 596 DIFFERENTIA
534 565 851 604 RELIGIONUM,
882 565 932 596 IN
960 565 1081 596 OCTO
1108 565 1371 597 ARTICULOS
1398 564 1575 596 DIVISA.

130 703 272 738 Deinde
295 705 601 740 considerandum
623 713 676 740 est
698 706 741 740 de
765 705 963 740 differentia
985 706 1214 751 religionum.

560 794 660 828 Circa
682 806 781 840 quum
808 800 1013 840 qnaerzcntzcr
1039 799 1121 829 octo.

130 863 267 898 Primo.
291 864 422 899 Utrum
445 866 514 899 sint
535 865 697 900 diversae
719 866 925 911 religiones,
947 866 1005 900 vel
1027 878 1097 900 una
1119 874 1271 901 tantum.

131 916 312 951 Secundo.
337 919 468 952 Utrum
491 918 611 964 aliqua
634 919 761 965 religio
785 920 919 953 institui
947 920 1060 965 possit
1082 920 1124 953 ad
1148 932 1257 966 opera
1279 920 1373 954 vitae
1398 919 1549 954 activae.

130 970 268 1006 Tertio.
293 973 424 1007 Utrum
447 973 563 1020 aliqua
586 973 714 1020 religio
739 974 852 1020 possit
873 974 1032 1008 ordinari
1055 975 1097 1008 ad
1121 975 1362 1010 militandum.

132 1025 286 1066 Quarto.
312 1027 443 1060 Utrum
466 1027 578 1073 possit
607 1027 743 1061 institui
772 1027 889 1073 aliqua
916 1027 1044 1072 religio
1067 1028 1110 1061 ad
1132 1028 1427 1074 praedicandum,
1451 1036 1485 1062 et
1505 1028 1626 1073 hujus-

60 1079 161 1112 modi
183 1091 292 1125 opera
315 1080 525 1114 exercenda.

132 1131 284 1172 Quinto.
309 1133 440 1167 Utrum
462 1133 574 1179 possit
601 1132 720 1178 aliqua
742 1132 871 1177 religio
893 1133 1030 1167 institui
1052 1134 1094 1167 ad
1117 1133 1276 1167 studium
1299 1134 1483 1168 scientiae.

131 1185 252 1220 Sexto.
277 1186 408 1220 Utrum
429 1185 568 1232 religio,
583 1196 674 1231 quae
694 1186 880 1220 ordinatur
895 1186 939 1219 ad
954 1186 1066 1220 vitam
1090 1187 1424 1233 contemplativam,
1439 1187 1483 1221 sit
1504 1187 1625 1233 potior

57 1248 112 1280 ea,
135 1250 226 1284 quae
248 1239 433 1273 ordinatur
451 1238 494 1272 ad
516 1239 628 1272 vitam
652 1239 820 1272 activam.

131 1291 305 1338 Septimo.
329 1292 461 1326 Utrum
483 1292 615 1326 habere
639 1292 771 1338 aliquid
796 1294 831 1326 in
850 1293 1039 1327 communi
1066 1293 1242 1327 diminuat
1264 1293 1306 1327 de
1329 1293 1551 1340 perfectione
1573 1305 1625 1328 re-

57 1344 214 1390 ligionis.

131 1398 287 1433 Octavo.
311 1398 443 1432 Utrum
465 1397 592 1444 religio
615 1397 863 1432 solitariorum
885 1398 930 1432 sit
946 1397 1180 1444 praeferenda
1203 1398 1371 1445 religioni
1391 1400 1427 1433 in
1449 1399 1623 1434 societate

57 1460 269 1486 viventium.

629 1592 975 1637 ARTICULUS
1009 1593 1042 1635 1.
1555 1615 1625 1653 900

436 1701 590 1730 UTRUM
617 1701 684 1730 SIT
717 1701 902 1729 TANTUM
935 1700 1024 1730 UNA
1056 1701 1246 1730 RELIGIO.

649 1786 753 1832 (Infr.
783 1791 846 1820 art.
870 1787 902 1821 6.
923 1786 1042 1832 corp).

130 1875 190 1910 AD
218 1886 368 1910 PRIMUM
390 1876 439 1910 sic
452 1876 669 1922 proceditur.
684 1875 846 1917 Videtur,
863 1876 959 1922 quod
974 1887 1048 1910 non
1068 1876 1111 1910 sit
1132 1876 1201 1910 nisi
1222 1887 1293 1909 una
1315 1883 1454 1910 tantum
1471 1875 1600 1921 religio
1617 1889 1624 1911 ε

58 1929 96 1963 in
118 1940 161 1963 eo
185 1929 283 1963 enirn
316 1930 413 1976 quod
439 1929 608 1971 totaliter,
637 1937 671 1963 et
692 1928 848 1975 perfecte
882 1929 1045 1971 habetur,
1073 1929 1258 1964 diversitas
1281 1940 1357 1963 esse
1388 1940 1462 1963 non
1484 1937 1625 1975 potest3

58 1990 204 2029 propter
226 1983 323 2029 quod
356 1994 431 2016 non
460 1990 580 2029 potest
610 1993 687 2016 esse
720 1982 789 2016 nisi
818 1993 931 2015 unum
958 1983 1117 2028 primum
1146 1994 1332 2016 summum
1354 1982 1504 2024 bonum,
1531 1991 1570 2016 ut
1590 1983 1627 2016 in

63 2047 92 2070 1.
114 2036 277 2070 habitum
299 2044 353 2070 est
376 2037 420 2082 (q.
443 2036 476 2071 6.
504 2041 567 2070 art.
590 2048 620 2071 2.
635 2048 662 2082 3.
686 2041 713 2070 et
733 2035 799 2080 4.);
819 2035 892 2077 sed,
912 2037 1003 2069 sicut
1031 2035 1184 2081 Gregor.
1208 2036 1294 2069 dicit
1315 2047 1421 2082 super
1442 2035 1624 2070 Ezechiel.

61 2089 164 2133 (hom.
184 2090 271 2134 20),
297 2103 315 2122 «
331 2101 416 2124 cum
437 2090 515 2135 quis
535 2101 644 2124 omne
660 2089 758 2135 quod
778 2088 898 2131 habet,
914 2100 1023 2123 omne
1047 2089 1143 2134 quod
1164 2089 1262 2130 vivit,
1281 2100 1391 2123 omne
1406 2088 1502 2134 quod
1518 2089 1622 2135 sapit,

60 2143 304 2189 omnipotenti
321 2143 402 2178 Deo
424 2144 576 2184 voverit,
598 2142 854 2176 holocaustum
881 2150 934 2176 est
954 2156 986 2184 »,
1009 2142 1084 2176 sine
1106 2153 1176 2188 qua
1197 2141 1325 2188 religio
1344 2153 1422 2176 esse
1444 2153 1518 2176 non
1545 2142 1628 2176 dici-

58 2203 134 2238 tur3
158 2207 244 2242 ergo
267 2196 417 2239 videtur,
436 2196 532 2242 quod
554 2195 749 2241 religiones
770 2206 844 2229 non
863 2195 933 2229 sint
954 2195 1102 2237 multae,
1129 2195 1191 2229 sed
1213 2207 1284 2229 una
1306 2203 1459 2229 tantum.

132 2259 163 2283 2.
186 2250 422 2284 PRAETEREA.
445 2249 497 2282 Ea
519 2260 609 2295 quae
633 2248 881 2282 essentialibus
900 2249 1132 2290 conveniunt,
1153 2260 1229 2282 non
1251 2248 1536 2282 diversificantur
1557 2248 1626 2283 nisi

61 2314 124 2349 per
145 2303 331 2337 accidens:
354 2303 417 2338 sed
436 2303 511 2337 sine
532 2302 643 2336 tribus
665 2302 758 2336 votis
782 2301 1030 2336 essentialibus
1052 2302 1238 2348 religionis
1252 2313 1326 2336 non
1342 2310 1396 2336 est
1410 2301 1528 2347 aliqua
1550 2301 1629 2336 reli-

62 2356 136 2402 gio,
159 2364 197 2390 ut
219 2368 326 2403 supra
346 2356 511 2390 habitum
527 2363 579 2389 est
600 2356 647 2401 (q.
671 2355 748 2390 166.
771 2360 833 2390 art.
850 2355 882 2390 6.
904 2360 932 2389 et
950 2356 1018 2401 7.),·
1035 2366 1121 2401 ergo
1140 2355 1292 2397 videtur,
1315 2355 1412 2401 quod
1430 2355 1528 2400 ipsae
1549 2354 1628 2389 reli-

60 2410 189 2456 giones
211 2410 331 2456 specie
351 2421 425 2444 non
447 2408 743 2450 diversificentur,
769 2408 831 2443 sed
853 2408 973 2442 solum
999 2420 1062 2454 per
1085 2408 1262 2442 accidens.

136 2474 165 2508 3.
187 2463 424 2497 PRAETEREA.
449 2462 569 2496 Status
591 2460 822 2507 perfectionis
845 2463 1015 2496 convenit
1037 2469 1071 2495 et
1096 2461 1287 2506 religiosis,
1315 2469 1349 2496 et
1376 2461 1567 2508 episcopis,
1590 2469 1628 2495 ut

61 2527 170 2562 supra
191 2516 355 2550 habitum
389 2525 441 2550 est
470 2515 513 2560 (q.
541 2515 607 2560 185.
630 2519 693 2548 art.
713 2526 740 2560 5.
768 2520 798 2550 et
831 2515 900 2561 7.):
923 2514 984 2548 sed
1016 2515 1244 2560 episcopatus
1266 2525 1340 2548 non
1368 2514 1628 2549 diversificatur

61 2569 193 2615 specie,
216 2569 277 2603 sed
299 2581 402 2611 unus,
421 2569 640 2613 ubicumque
661 2567 786 2611 fuerit;
802 2568 896 2602 unde
919 2568 1068 2601 Hieron.
1088 2567 1174 2601 dicit
1196 2567 1239 2601 ad
1263 2567 1459 2613 Evagrium
1481 2568 1628 2614 Episco-

60 2634 150 2669 pum
173 2622 278 2668 (epist.
298 2623 386 2668 85.):
409 2634 426 2653 «
449 2621 679 2666 Ubicumque
712 2620 820 2655 fuerit
852 2621 1065 2666 Episcopus,
1087 2621 1161 2654 sive
1188 2620 1340 2662 Romae,
1364 2621 1438 2655 sive
1461 2621 1628 2667 Eugubii,

61 2675 137 2709 sive
157 2673 488 2720 Constantinopoli,
503 2674 578 2708 sive
588 2674 732 2720 Rhegii,
752 2675 915 2720 ejusdem
937 2674 1055 2708 meriti
1074 2682 1137 2716 est,
1153 2673 1315 2719 ejusdem
1334 2682 1369 2708 et
1386 2674 1580 2709 sacerdotii
1595 2685 1626 2707 n:

64 2739 152 2773 ergo
171 2728 248 2774 pari
267 2728 408 2761 ratione
431 2738 501 2761 una
522 2726 601 2761 sola
623 2735 676 2761 est
693 2727 836 2772 religio.

131 2790 164 2823 4.
186 2781 422 2815 PRAETEREA.
454 2780 509 2814 Ab
542 2780 706 2814 Ecclesia
739 2780 943 2814 tollendum
974 2788 1027 2814 est
1057 2791 1167 2815 omne
1192 2780 1228 2814 id
1256 2780 1353 2826 quod
1373 2779 1628 2815 confusionem

58 2833 233 2867 inducere
255 2841 394 2879 potest:
417 2833 479 2867 sed
502 2844 545 2867 ex
567 2833 770 2867 diversitate
797 2833 1017 2879 religionum
1042 2833 1184 2868 videtur
1211 2834 1388 2879 quaedam
1416 2845 1523 2880 posse
1546 2844 1630 2867 con-

62 2885 156 2921 fusio
177 2886 301 2920 induci
325 2886 363 2920 in
388 2885 524 2932 populo
547 2886 756 2929 christiano,
779 2895 816 2921 ut
838 2887 1018 2933 quaedam
1040 2887 1230 2921 decretalis
1253 2887 1339 2922 dicit
1359 2888 1451 2934 (cap.
1469 2901 1478 2922 :
1501 2888 1552 2922 Ne
1569 2889 1626 2922 ni-
