1859 3122
169 179 278 208 1010
574 179 794 213 QUAESTIO
830 179 942 207 CLIV.
975 179 1219 209 ARTICULUS
1251 180 1309 209 XI.

234 259 294 292 AD
317 269 523 292 SECUNDUM
545 258 752 300 dicendum,
775 259 871 304 quod
884 256 1080 293 bestialitas
1095 259 1212 294 differt
1226 271 1245 293 a
1263 260 1411 303 malitia,
1430 272 1520 307 quae
1538 261 1722 296 humanae

162 312 285 345 virtuti
307 311 501 357 opponitur
521 322 584 357 per
606 311 803 357 quemdam
825 323 1011 346 excessum
1035 313 1130 346 circa
1156 313 1323 347 eamdem
1348 315 1556 357 materiam3
1584 322 1619 348 et
1639 315 1721 349 ideo

165 366 207 398 ad
230 365 327 398 idem
350 375 462 409 genus
485 365 607 398 reduci
628 372 756 410 potest.

234 418 292 451 AD
316 428 487 452 TERTIUM
504 418 709 460 dicendum,
725 418 821 464 quod
836 418 1038 452 luxuriosus
1052 430 1127 453 non
1145 419 1297 453 intendit
1312 420 1584 465 generationem
1597 420 1724 454 huma-

161 482 260 512 nam,
282 471 343 504 sed
367 470 649 505 delectationem
671 482 879 514 veneream,
902 483 1008 517 quam
1021 479 1139 518 potest
1160 471 1288 518 aliquis
1310 473 1460 519 experiri
1481 473 1557 507 sine
1573 473 1722 515 actibus,

161 535 204 557 ex
230 523 357 569 quibus
385 523 544 569 sequitur
570 523 732 558 humana
759 525 964 570 generatim
993 533 1028 559 et
1052 525 1123 559 hoc
1152 533 1214 568 est,
1241 526 1337 571 quod
1364 526 1545 572 quaeritur
1572 526 1608 559 in
1633 526 1721 560 vitio

161 584 287 610 contra
307 585 393 610 natu
403 588 490 610 ram.

706 707 1050 751 ARTICULUS
1078 708 1179 750 XII.
1654 731 1718 767 753

273 815 426 845 UTRUM
447 816 604 845 VITIUM
628 816 805 846 CONTRA
826 817 1036 846 NATURAM
1057 817 1123 846 SIT
1144 817 1352 846 MAXIMUM
1373 817 1609 847 PECCATUM

637 881 766 911 INTER
803 882 973 910 SPECIES
1007 882 1238 912 LUXURIAE.

163 966 264 1010 (Infr.
293 979 322 1012 q.
350 979 421 1013 170.
444 973 507 1002 art.
534 981 560 1003 I.
589 969 631 1002 ad
657 980 687 1003 2.
715 974 743 1003 et
769 981 846 1004 1-2,
874 981 903 1015 q.
932 981 976 1015 73.
1005 974 1067 1003 art.
1095 981 1124 1015 7.
1153 974 1182 1003 et
1207 980 1240 1013 4.
1262 970 1349 1003 Dist.
1376 979 1427 1013 41.
1454 973 1516 1003 art.
1543 980 1576 1013 4.
1604 969 1715 1015 q.‘3.).

231 1056 290 1090 AD
313 1066 572 1090 DUODEciMUM
589 1058 639 1091 sic
657 1057 872 1102 proceditur.
893 1057 1054 1099 Videtur,
1070 1057 1166 1103 quod
1179 1057 1309 1091 vitium
1325 1065 1450 1091 contra
1467 1065 1634 1091 naturam
1647 1067 1723 1090 non

161 1110 205 1142 sit
226 1109 427 1143 maximum
451 1118 643 1155 peccatum
665 1111 756 1144 inter
772 1111 909 1157 species
932 1110 1108 1144 luxuriae:
1131 1119 1232 1145 tanto
1256 1111 1351 1145 enim
1368 1111 1513 1157 aliquod
1532 1119 1723 1157 peccatum

162 1170 215 1196 est
236 1163 392 1207 gravius,
413 1171 548 1208 quanto
571 1163 689 1209 magis
713 1165 951 1198 contrariatur
973 1164 1156 1198 charitati:
1182 1165 1244 1198 sed
1263 1166 1378 1210 magis
1399 1165 1565 1199 videntur
1586 1171 1725 1199 contra·
1776 1166 1778 1168 ’

162 1215 245 1248 riari
273 1216 438 1250 charitati
460 1217 616 1262 proximi
646 1216 874 1259 adulterium,
905 1225 940 1251 et
969 1226 1144 1263 stuprum,
1167 1226 1202 1251 et
1224 1226 1356 1264 raptus,
1385 1229 1475 1264 quae
1509 1226 1662 1263 vergunt
1687 1219 1723 1252 in

161 1269 329 1314 injuriam
350 1269 518 1315 proximi,
541 1281 648 1315 quam
669 1279 818 1316 peccata
838 1278 962 1304 contra
981 1279 1159 1312 naturam,
1181 1282 1243 1317 per
1265 1283 1355 1316 quae
1374 1271 1493 1305 nullus
1503 1263 1617 1305 'alteri
1636 1271 1724 1316 inju-

160 1322 288 1364 riatur3
302 1334 388 1368 ergo
404 1331 595 1368 peccatum
611 1330 735 1357 contra
750 1332 915 1357 naturam
930 1335 1004 1357 non
1019 1332 1071 1357 est
1085 1324 1283 1357 maximum
1299 1325 1390 1358 inter
1401 1325 1536 1370 species
1549 1324 1720 1358 luxuriae.

233 1386 265 1409 2.
288 1375 526 1410 PRAETEREA.
548 1375 614 1409 Illa
636 1384 786 1422 peccata
808 1377 974 1410 videntur
997 1388 1073 1410 esse
1095 1377 1320 1421 gravissima,
1342 1388 1433 1422 quae
1455 1385 1580 1411 contra
1600 1377 1721 1411 Deum

163 1429 458 1463 committuntur:
483 1429 544 1463 sed
563 1428 796 1474 sacrilegium
811 1429 944 1463 directe
961 1430 1199 1464 committitur
1213 1438 1338 1464 contra
1354 1431 1492 1465 Deum:
1512 1431 1594 1476 quia
1607 1430 1723 1476 vergit

161 1481 197 1515 in
221 1481 348 1527 injuria
372 1482 481 1515 divini
504 1481 637 1524 cultus;
654 1493 741 1527 ergo
764 1482 995 1528 sacrilegium
1014 1490 1066 1517 est
1080 1484 1221 1529 gravius
1242 1491 1444 1529 peccatum,
1466 1494 1575 1528 quam
1594 1483 1720 1517 vitium

163 1543 289 1569 contra
310 1543 488 1568 naturam.

234 1600 263 1632 3.
286 1588 524 1623 PRAETEREA.
541 1588 662 1623 Tanto
682 1588 828 1634 aliquod
842 1597 1034 1635 peccatum
1054 1589 1196 1623 videtur
1210 1600 1287 1623 esse
1310 1589 1464 1634 gravius,
1479 1597 1614 1635 quanto
1629 1599 1724 1623 exer-

161 1649 260 1675 cetur
281 1641 317 1675 in
340 1653 548 1687 personam,
576 1653 685 1688 quam
713 1642 829 1687 magis
852 1641 999 1687 diligere
1022 1642 1216 1676 debemus:
1245 1642 1307 1676 sed
1334 1643 1534 1676 secundum
1557 1642 1718 1676 ordinem

160 1695 342 1729 charitatis
365 1695 481 1740 magis
504 1696 676 1729 debemus
692 1695 839 1741 diligere
855 1707 1026 1741 personas
1042 1696 1145 1729 nobis
1161 1696 1383 1739 conjunctas,
1399 1706 1490 1741 quae
1509 1695 1719 1741 polluuntur

162 1760 224 1794 per
250 1748 441 1790 incestum,
465 1760 574 1794 quam
601 1760 774 1794 personas
802 1757 998 1790 extraneas,
1021 1760 1120 1795 quae
1147 1749 1327 1782 interdum
1352 1748 1562 1795 polluuntur
1589 1759 1652 1794 per
1675 1748 1725 1782 vi-

158 1802 249 1836 tium
261 1810 386 1835 contra
405 1810 589 1844 naturam3
606 1813 693 1848 ergo
706 1802 863 1836 incestus
874 1810 926 1836 est
943 1803 1087 1847 gravius
1102 1810 1303 1847 peccatum,
1323 1813 1433 1848 quam
1450 1802 1578 1836 vitium
1593 1809 1719 1836 contra

163 1864 341 1889 naturam.

230 1919 262 1951 4.
287 1909 526 1943 PRAETEREA.
551 1908 589 1942 Si
612 1909 739 1942 vitium
763 1917 888 1942 contra
909 1916 1075 1942 naturam
1099 1916 1152 1942 est
1173 1908 1437 1954 gravissimum,
1451 1908 1602 1950 videtur,
1625 1907 1722 1954 quod

159 1970 261 1996 tanto
284 1963 328 1996 sit
351 1962 508 2008 gravius,
531 1970 665 2008 quanto
682 1970 734 1996 est
750 1962 865 2007 magis
882 1970 1007 1996 contra
1025 1970 1210 1995 naturam:
1233 1962 1297 1995 sed
1319 1962 1476 1995 maxime
1490 1961 1629 1995 videtur
1644 1972 1722 1996 esse

160 2024 287 2050 contra
308 2024 479 2049 naturam
502 2023 693 2061 peccatum
712 2015 975 2057 immunditiae,
998 2027 1060 2049 seu
1079 2015 1262 2057 mollitiei3
1278 2015 1367 2060 quia
1389 2015 1460 2048 hoc
1482 2014 1622 2048 videtur
1643 2026 1720 2049 esse

160 2070 318 2103 maxime
341 2069 543 2103 secundum
569 2077 747 2110 naturam,
775 2077 812 2103 ut
839 2069 992 2103 alterurn
1022 2069 1067 2102 sit
1095 2080 1217 2114 agens,
1240 2076 1275 2102 et
1304 2068 1456 2102 alterum
1486 2068 1530 2102 sit
1562 2068 1720 2113 patiens;

161 2133 248 2168 ergo
264 2122 464 2156 secundum
478 2122 549 2156 hoc
566 2122 795 2155 immunditia
811 2131 905 2156 esset
923 2122 1177 2167 gravissimum
1192 2122 1284 2155 inter
1296 2121 1381 2155 vitia
1397 2129 1522 2156 contra
1532 2129 1720 2155 naturam:

159 2176 232 2210 hoc
256 2184 376 2209 autem
400 2184 451 2209 est
473 2175 623 2217 falsum,
648 2187 734 2221 ergo
761 2176 846 2209 vitia
865 2184 990 2209 contra
1011 2184 1176 2209 naturam
1198 2187 1272 2209 non
1294 2183 1376 2209 sunt
1397 2174 1608 2220 gravissima
1629 2174 1722 2208 inter

161 2237 311 2275 peccata
333 2228 504 2262 luxuriae.

233 2282 307 2317 SED
337 2293 491 2317 CONTRA
515 2290 578 2324 est,
603 2282 699 2328 quod
722 2282 873 2327 August.
893 2282 979 2316 dicit
998 2282 1034 2315 in
1055 2281 1114 2315 lib.
1138 2282 1181 2315 de
1203 2280 1364 2315 Adulter.
1389 2281 1545 2325 Conjug.
1575 2280 1666 2323 (hab.
1687 2281 1722 2313 in

161 2337 216 2370 lfb.
244 2336 280 2370 da
307 2337 396 2369 Bono
421 2335 562 2380 Conjng.
585 2342 658 2382 cap.
682 2348 712 2381 9.
736 2340 766 2370 et
782 2348 827 2370 H.
844 2341 872 2369 et
900 2336 973 2369 hab.
996 2341 1084 2382 cap..⁴
1108 2335 1287 2376 Adulterii,
1306 2346 1357 2380 32.
1374 2346 1403 2379 q.
1417 2335 1477 2381 7.),
1495 2334 1591 2379 quod
1615 2344 1723 2367 «om-

161 2390 263 2423 nium
283 2389 417 2423 horum
443 2389 627 2431 vitiorum,
655 2388 794 2422 scilicet
822 2400 912 2434 quae
940 2389 984 2422 ad
1009 2388 1187 2422 luxuriam
1214 2388 1403 2434 pertinent,
1429 2387 1629 2433 pessimum
1656 2394 1719 2429 est,

161 2443 257 2489 quod
281 2451 407 2476 contra
428 2451 595 2476 naturam
617 2441 655 2476 fit
673 2454 704 2474 >›.

231 2496 461 2531 Rfispoxmao
485 2496 692 2537 dicendum,
714 2495 810 2540 quod
833 2495 868 2528 in
887 2494 1048 2540 quolibet
1067 2506 1198 2541 genere
1214 2494 1370 2540 pessima
1387 2501 1441 2528 est
1461 2493 1627 2540 principii
1648 2503 1724 2526 cor-

160 2550 290 2596 ruptio,
314 2561 354 2583 cx
378 2560 449 2595 quo
473 2548 541 2582 alia
570 2548 791 2594 dependent:
820 2547 994 2593 principia
1023 2555 1140 2581 autem
1170 2547 1318 2581 rationis
1341 2554 1422 2581 sunt
1443 2557 1495 2589 ea,
1523 2556 1614 2592 quae
1640 2543 1732 2583 sun't

161 2603 362 2637 secundum
380 2610 567 2636 naturam:
592 2613 677 2635 nam
700 2601 803 2642 ratio,
826 2601 1105 2646 praesuppositis
1126 2601 1194 2642 his,
1210 2612 1301 2646 quae
1323 2607 1405 2633 sunt
1426 2611 1445 2634 a
1466 2608 1592 2633 natura
1611 2598 1724 2632 deter-

162 2656 310 2697 minata,
333 2655 489 2701 disponit
514 2654 594 2697 alia,
617 2654 817 2689 secundum
840 2654 935 2699 quod
963 2654 1153 2687 convenit:
1178 2661 1212 2688 et
1233 2653 1304 2687 hoc
1327 2659 1474 2699 apparet
1493 2660 1569 2686 tam
1590 2652 1626 2685 in
1647 2661 1723 2697 spe-

161 2709 335 2750 culativis,
347 2720 455 2754 quam
471 2709 505 2742 in
522 2708 707 2754 practicis:
731 2715 765 2741 et
780 2707 862 2741 ideo
878 2707 968 2740 sicut
982 2707 1016 2739 in
1033 2706 1262 2753 speculativis
1277 2717 1376 2740 error
1392 2706 1486 2739 circa
1501 2715 1719 2751 ea,quorum

163 2762 323 2807 cognitio
347 2770 400 2796 est
421 2762 563 2795 homini
584 2760 794 2795 naturaliter
814 2760 937 2802 indita,
957 2768 1008 2794 est
1031 2760 1274 2805 gravissimus,
1297 2767 1331 2793 et
1351 2759 1598 2805 turpissimu33
1618 2758 1667 2792 ita
1685 2757 1721 2791 in

164 2815 310 2859 agendis
334 2826 441 2861 agere
465 2823 590 2849 contra
613 2826 666 2856 ea,
690 2825 780 2860 quae
804 2821 886 2848 sunt
907 2813 1106 2847 secundum
1126 2821 1293 2846 naturam
1309 2812 1557 2852 determinata,
1581 2819 1634 2845 est
1646 2821 1723 2856 gra-

162 2868 363 2910 vissimum,
386 2876 421 2902 et
441 2868 709 2914 turpissimum3
732 2867 814 2913 quia
841 2877 928 2912 ergo
954 2866 989 2899 in
1019 2866 1126 2907 vitiis,
1157 2876 1247 2911 quae
1279 2873 1360 2899 sunt
1390 2873 1515 2898 contra
1543 2872 1720 2904 naturam,
