1859 3122
173 166 258 221 448
634 178 853 213 QUAESTIO
888 179 956 208 Lx.
985 179 1227 209 ARTICULUS
1259 179 1317 209 vr.

735 335 1076 379 ARTICULUS
1110 337 1186 380 VI.

245 429 396 458 UTRUM
417 430 628 471 JUDICIUM
654 431 732 460 PER
765 431 1102 462 USURPATIONEM
1125 434 1360 463 REDDATUR
1383 434 1644 464 PERVERSUM.

177 499 290 544 (Supr.
307 503 370 532 ιινί.
386 510 415 533 2.
431 504 458 532 et
474 499 552 544 infr.
572 511 600 545 q.
618 500 671 545 67.
688 505 749 534 art.
766 513 791 534 I.
807 505 835 534 et
852 513 884 544 4.
904 501 993 536 Dist.
1012 512 1061 547 17.
1081 513 1110 547 q.
1122 514 1149 548 3.
1166 506 1228 536 art.
1241 514 1267 548 3.
1287 507 1315 536 et
1328 502 1417 536 Dist.
1431 503 1486 546 48.
1499 514 1529 548 q.
1548 512 1576 536 1.
1592 506 1656 537 art.
1670 502 1728 548 1.).

247 574 304 608 AD
328 585 478 609 SEXTUM
501 575 550 609 sic
573 576 788 621 proceditur.
803 576 964 619 Videtur,
988 577 1083 623 quod
1105 577 1277 623 judicium
1292 590 1354 623 per
1368 577 1637 624 usurpationem
1655 588 1730 611 non

175 627 342 661 reddatur
375 639 606 673 perversum:
632 629 765 674 justitia
792 630 888 663 enim
923 638 975 664 est
997 631 1172 664 rectitudo
1207 632 1384 676 quaedam
1410 631 1446 665 in
1474 631 1640 677 agendis:
1668 630 1730 665 sed

175 680 265 714 nihil
283 680 418 727 deperit
437 682 588 723 veritati,
604 693 623 715 a
645 693 875 728 quocumque
891 683 1044 726 dicatur3
1067 685 1127 718 sed
1148 695 1167 718 a
1189 695 1419 730 quocumque
1434 692 1486 718 est
1504 684 1730 730 accipienda3

176 745 262 779 ergo
285 734 393 767 etiam
415 734 504 768 nihil
537 735 673 781 deperit
693 735 858 781 justitiae,
887 747 906 770 a
928 748 1159 783 quocumque
1185 738 1318 783 justum
1341 738 1607 780 determinetur,
1633 737 1730 784 quod

176 787 328 833 pertinet
348 787 392 821 ad
414 787 591 822 rationem
613 788 745 833 judicii.
1501 830 1506 835 ‚

243 850 274 874 2.
302 841 536 876 PRAETEREA.
565 841 719 876 Peccata
745 842 868 888 punire
897 842 939 876 ad
966 843 1138 888 judicium
1160 843 1331 890 pertinet:
1354 843 1415 878 sed
1443 843 1551 890 aliqui
1576 842 1732 878 laudabi-

176 894 255 927 liter
276 893 443 939 leguntur
473 903 621 940 peccata
642 895 797 941 punisse,
832 896 892 941 qui
913 904 1034 930 tamen
1054 897 1304 931 auctoritatem
1327 908 1401 931 non
1427 897 1606 931 habebant
1627 907 1732 943 super

176 947 269 988 illos,
292 959 381 993 quos
397 948 608 993 puniebant:
632 948 723 982 sicut
736 949 882 994 Moyses
897 950 1097 984 occidendo
1110 950 1344 996 Aegyptium,
1360 959 1396 984 ut
1409 950 1559 985 habetur
1572 950 1684 984 Exod.
1700 960 1732 983 2.

178 1009 212 1035 et
233 1001 388 1035 Phinees
410 1001 502 1035 filius
524 1001 682 1035 Eleazari
705 1002 846 1035 Zambri
868 1002 981 1036 filium
1005 1003 1156 1045 Salumi,
1178 1012 1215 1037 ut
1236 1003 1366 1049 legitur
1379 1003 1488 1037 Num.
1511 1014 1565 1048 25.
1589 1005 1623 1038 et
1642 1009 1734 1050 repu-

176 1060 279 1090 tatum
302 1060 344 1089 cst
364 1057 392 1089 εἰ
418 1055 459 1089 ad
481 1057 657 1100 justitiam,
686 1064 723 1090 ut
745 1056 872 1089 dicitur
893 1056 929 1090 in
947 1056 1040 1090 Psal.
1073 1068 1165 1102 105.;
1189 1068 1275 1103 ergo
1303 1057 1485 1103 usurpatio
1512 1057 1635 1103 judicii
1659 1067 1733 1090 non

177 1109 330 1155 pertinet
352 1108 394 1142 ad
416 1108 637 1153 injustitiam.

252 1173 279 1207 3.
298 1161 532 1196 PRAETERffl.
549 1162 712 1196 Potestas
731 1162 921 1208 spiritualis
937 1162 1164 1209 distinguitur
1179 1175 1197 1197 a
1213 1163 1422 1210 temporali:
1438 1164 1499 1198 sed
1519 1163 1734 1210 quandoque

178 1214 334 1249 Praelati
354 1215 527 1249 habentes
549 1215 771 1261 spiritualem
793 1224 1009 1261 potestatem
1035 1217 1278 1250 intromittunt
1299 1228 1336 1251 se
1363 1217 1406 1251 de
1427 1217 1494 1259 his,
1522 1228 1613 1263 quae
1634 1216 1736 1263 perti-

179 1276 266 1303 nent
288 1268 330 1302 ad
353 1268 576 1302 saecularem
599 1276 811 1314 potestatem
829 1281 836 1310 ;
860 1280 946 1314 ergo
968 1277 1179 1315 usurpatum
1200 1270 1372 1315 judicium
1391 1282 1463 1304 non
1486 1278 1538 1304 est
1558 1269 1734 1303 illicitum.

249 1331 281 1364 4.
301 1321 536 1356 PRAETEREA.
560 1321 660 1356 Sicut
682 1322 725 1355 ad
747 1330 842 1356 recte
864 1322 1096 1367 judicandum
1119 1323 1308 1369 requiritur
1330 1323 1535 1365 auctoritas,
1556 1323 1604 1356 ita
1627 1323 1735 1357 etiam

181 1382 214 1408 et
234 1374 365 1419 justitia
387 1375 587 1420 judicantis,
610 1383 644 1409 et
665 1375 825 1417 scientia,
846 1383 885 1409 ut
913 1387 953 1410 ex
980 1376 1191 1422 supradictis
1214 1384 1310 1422 patet
1331 1376 1408 1420 (art.
1430 1388 1460 1411 2.
1483 1376 1550 1422 huj.
1577 1376 1647 1422 q.):
1674 1375 1735 1410 sed

180 1439 253 1461 non
276 1428 403 1461 dicitur
430 1428 602 1473 judicium
630 1439 706 1463 esse
728 1429 912 1473 injustum,
939 1429 967 1462 si
994 1428 1120 1474 aliquis
1150 1429 1283 1474 judicet
1312 1440 1385 1463 non
1412 1429 1548 1463 habens
1574 1429 1736 1463 habitum

180 1481 345 1526 justitiae,
366 1481 424 1514 vel
445 1493 518 1515 non
545 1481 680 1515 habens
706 1482 893 1515 scientiam
915 1483 1020 1527 juris,
1043 1494 1129 1528 ergo
1164 1482 1272 1516 etiam
1299 1493 1415 1528 neque
1436 1482 1608 1527 judicium
1642 1493 1738 1516 usur-

181 1542 316 1580 patum,
339 1533 435 1580 quod
457 1534 495 1568 fit
516 1546 576 1580 per
598 1534 777 1569 defectum
800 1535 1033 1577 auctoritatis,
1055 1546 1196 1581 semper
1217 1536 1282 1569 erit
1303 1535 1485 1581 injustum.

254 1587 327 1622 SED
356 1598 510 1622 CONTRA
533 1596 596 1630 est,
619 1588 714 1634 quod
749 1588 877 1622 dicitur
898 1588 1004 1622 Rom.
1033 1598 1102 1631 14.:
1133 1589 1182 1623 Tu
1201 1590 1271 1634 quis
1297 1600 1338 1631 es,
1366 1590 1422 1635 qui
1443 1588 1574 1635 judicas
1595 1588 1737 1624 alienum

181 1653 311 1676 servum
324 1642 339 1676 ?
1544 1652 1548 1655 “

253 1694 481 1729 REsPONDEo
503 1694 708 1737 dicendum,
731 1695 826 1741 quod
850 1705 932 1729 cum
954 1695 1126 1740 judicium
1149 1695 1192 1729 sit
1212 1694 1398 1729 ferendum
1420 1695 1620 1729 secundum
1640 1694 1739 1740 leges

181 1748 339 1793 scriptas,
356 1756 392 1781 ut
414 1748 548 1782 dictum
564 1756 616 1782 est
633 1748 712 1792 (art.
729 1749 870 1794 praest),
884 1748 942 1782 ille
958 1749 1018 1794 qui
1032 1748 1204 1793 judicium
1221 1748 1297 1790 fert,
1313 1748 1402 1794 legis
1414 1749 1549 1782 dictum
1566 1748 1741 1794 quodam-

184 1801 294 1835 modo
322 1802 581 1848 interpretatur,
610 1801 822 1847 applicando
842 1802 959 1847 ipsum
984 1801 1026 1835 ad
1053 1801 1266 1848 particulare
1291 1801 1496 1847 negotium:
1513 1813 1595 1836 cum
1620 1809 1740 1835 autem

184 1855 344 1899 ejusdem
368 1855 587 1888 auctoritatis
610 1855 653 1888 sit
674 1855 794 1900 legem
808 1855 1043 1900 interpretari,
1059 1863 1092 1888 et
1114 1854 1233 1900 legem
1257 1855 1422 1897 condere,
1445 1855 1536 1889 sicut
1557 1854 1613 1888 lex
1633 1853 1741 1888 condi

184 1919 256 1941 non
279 1916 397 1953 potest
418 1908 485 1941 nisi
508 1907 647 1953 publica
672 1908 895 1950 auctoritate,
914 1908 962 1942 ita
984 1919 1049 1941 nec
1072 1908 1245 1953 judicium
1267 1907 1349 1942 ferri
1371 1916 1490 1954 potest
1510 1907 1578 1942 nisi
1598 1907 1741 1954 publica

185 1961 414 2003 auctoritate3
437 1973 526 2006 quae
549 1961 694 2006 quidem
716 1972 752 1995 se
776 1961 933 1995 extendit
955 1961 998 1994 ad
1021 1972 1094 2003 eos,
1117 1961 1177 2007 qui
1199 1961 1451 1994 communitati
1472 1960 1688 2003 subduntur3
1707 1968 1742 1995 et

185 2014 266 2048 ideo
289 2014 378 2048 sicut
397 2015 567 2059 injustum
583 2023 685 2056 esset,
708 2023 744 2048 ut
764 2014 890 2060 aliquis
909 2015 1170 2059 constringeret
1185 2014 1295 2048 alium
1313 2014 1355 2048 ad
1377 2014 1497 2060 legem
1516 2014 1741 2056 servandam,

186 2078 276 2113 quae
298 2078 370 2100 non
394 2076 486 2101 esset
507 2067 649 2113 publica
672 2068 881 2102 auctoritate
903 2068 1057 2101 sancita:
1082 2067 1128 2101 ita
1151 2067 1258 2101 etiam
1280 2068 1452 2113 injustum
1475 2076 1537 2110 est,
1564 2068 1593 2102 si
1615 2067 1742 2114 aliquis

187 2120 383 2166 compellat
406 2120 560 2166 aliquem
584 2120 673 2155 ferre
695 2121 880 2166 judicium,
899 2121 994 2166 quod
1018 2119 1157 2166 publica
1181 2121 1392 2155 auctoritate
1413 2132 1486 2155 non
1509 2120 1627 2155 fertur.

258 2175 316 2208 AD
338 2184 485 2208 PRIMUM
501 2185 587 2219 ergo
604 2174 807 2215 dicendum,
823 2175 918 2220 quod
933 2174 1175 2220 pronuntiatio
1191 2174 1348 2208 veritatis
1363 2185 1435 2208 non
1457 2175 1628 2220 importat
1646 2184 1743 2208 com-

187 2227 391 2274 pulsionem
413 2228 455 2261 ad
470 2228 540 2261 hoc
564 2228 659 2273 quod
683 2228 912 2273 suscipiatur:
936 2227 996 2261 scd
1017 2227 1167 2260 liberum
1187 2235 1239 2261 est
1257 2228 1449 2273 unicuique
1473 2239 1550 2262 eam
1571 2227 1742 2274 recipere,

187 2281 244 2315 vel
267 2292 339 2314 non
361 2281 531 2326 recipere,
554 2289 659 2326 prout
681 2281 773 2314 vult:
798 2281 857 2314 sed
880 2281 1053 2326 judicium
1068 2280 1239 2326 importat
1254 2281 1451 2326 quamdam
1467 2280 1743 2327 impulsionem;

189 2343 222 2368 et
241 2334 321 2368 ideo
340 2335 510 2379 injustum
535 2342 597 2376 est,
621 2334 715 2379 quod
739 2334 865 2380 aliquis
888 2334 1063 2379 judicetur
1079 2334 1119 2367 ab
1137 2345 1192 2375 eo,
1209 2334 1269 2380 qui
1290 2334 1472 2380 publicam
1487 2334 1740 2368 auctoritatem

189 2399 262 2421 non
285 2388 402 2421 habet.

261 2441 319 2474 AD
339 2451 543 2475 SECUNDUM
561 2440 766 2481 dicendum,
783 2440 877 2485 quod
893 2439 1038 2486 Moyses
1059 2440 1431 2486 vidcturAcg-vptium
1446 2441 1632 2482 occidisse,
1643 2439 1744 2486 quasi

189 2506 231 2528 ex
253 2494 484 2540 inspiratione
507 2494 626 2527 divina
649 2494 900 2527 auctoritatem
924 2493 1082 2538 adeptus,
1105 2501 1142 2527 ut
1163 2494 1302 2527 videtur
1321 2505 1383 2538 per
1404 2494 1474 2527 hoc
1499 2494 1594 2540 quod
1617 2494 1744 2527 dicitur

190 2548 269 2581 Act.
287 2558 316 2592 7.
340 2548 435 2593 quod
454 2554 604 2594 percusso
621 2547 791 2592 Aegyptio,
815 2547 1007 2580 aestimabat
1024 2547 1148 2592 Moyses
1167 2548 1472 2592 intelligerefratres
1485 2559 1566 2589 suos,
1587 2548 1743 2593 quoniam

191 2602 355 2635 Dominus
373 2607 432 2646 pur
458 2612 592 2634 manum
616 2601 713 2646 ipsilcs
735 2599 825 2633 cim-et
845 2600 980 2633 salntem
1008 2600 1130 2633 Ismffl:
1160 2599 1217 2633 vel
1238 2608 1356 2646 potest
1377 2600 1457 2642 dici,
1480 2600 1575 2646 quod
1598 2600 1744 2645 Moyses

192 2654 323 2688 occidit
346 2654 578 2699 Aegyptium,
601 2652 824 2687 defendendo
848 2664 930 2686 cum
954 2653 1012 2697 qui
1044 2653 1210 2697 injuriam
1239 2653 1447 2699 patiebatur,
1475 2665 1557 2686 cum
1585 2654 1746 2687 modera-

192 2708 287 2741 mine
307 2707 507 2753 inculpatae
526 2707 676 2748 tutelac‘3
696 2707 788 2740 unde
812 2707 979 2740 Ambros.
995 2706 1079 2740 dicit
1101 2707 1135 2740 in
1153 2707 1210 2740 lib.
1232 2718 1257 2740 1.
1282 2707 1323 2740 de
1341 2706 1447 2741 Offic.
1465 2707 1539 2753 (sap
1550 2707 1632 2753 36),
1649 2706 1744 2752 quod

196 2774 212 2791 c<
229 2762 285 2806 qui
309 2772 381 2794 non
404 2761 542 2806 repellit
564 2760 729 2805 injuriam
746 2770 764 2792 a
787 2759 899 2800 socio,
916 2771 996 2792 cum
1014 2768 1142 2804 potest,
1157 2768 1230 2793 tam
1255 2761 1355 2794 estin
1370 2760 1468 2802 vitio,
1485 2771 1590 2805 quam
1612 2759 1670 2793 illc
1685 2759 1744 2804 qui

194 2814 277 2848 facit
292 2826 328 2847 »z
353 2822 386 2848 ct
408 2814 542 2848 inducit
558 2813 763 2859 exemplum
779 2813 914 2858 Moysi:
931 2813 985 2846 vel
1002 2821 1119 2857 potest
1134 2813 1214 2854 dici,
1231 2813 1321 2847 sicut
1336 2813 1419 2846 dicit
1434 2813 1584 2857 August.
1600 2812 1635 2845 in
1657 2811 1744 2852 QQ.

194 2868 306 2901 Exodi
331 2867 402 2910 (lib.
423 2879 452 2902 2.
474 2879 502 2913 q.
526 2879 555 2902 2.
579 2872 606 2901 cl
620 2867 674 2901 lib.
695 2878 747 2901 22.
770 2871 851 2901 conl.
868 2867 979 2900 Faust.
997 2872 1068 2912 cap.
1090 2867 1172 2911 γα),
1189 2866 1283 2911 quod
1310 2866 1429 2900 «sicut
1443 2874 1534 2900 terra
1551 2873 1630 2899 ante
1646 2865 1744 2899 utilia

1662 362 1726 397 339
