1859 3122
192 163 275 206 932
593 161 815 196 QUAESTIO
851 161 980 191 CXLII.
1014 161 1258 192 ARTICULUS
1291 163 1347 192 IV.

263 243 322 276 AD
345 252 494 277 PRrMUM
516 252 603 287 ergo
622 241 827 284 dicendum,
847 241 955 288 quod,
977 243 1067 276 sicut
1090 242 1199 287 Greg.
1223 242 1307 276 dicit
1330 242 1467 289 (implz‘c.
1486 244 1542 279 lib.
1561 256 1604 290 33.
1624 243 1750 278 Moral.

191 302 262 342 cap.
284 297 359 337 IL),
385 309 401 327 α
424 295 509 329 vitia
532 295 701 337 carnalia,
728 307 819 341 quae
846 295 909 329 sub
936 295 1211 341 intemperantia
1238 297 1476 339 continentur,
1504 297 1569 332 etsi
1594 297 1664 331 sint
1688 296 1752 330 mi-

190 350 287 383 noris
310 348 448 394 culpae,
470 356 551 382 sunt
572 357 695 382 tamen
714 349 861 393 majoris
880 347 1049 381 infamiae
1068 360 1100 382 »z
1122 360 1207 381 nam
1227 349 1438 394 magnitudo
1462 350 1587 396 culpae
1608 349 1752 396 respicit

191 401 505 436 deordinationem
529 413 548 434 a
569 401 658 434 fine:
687 400 835 434 infamia
863 409 983 435 autem
1011 401 1154 447 respicit
1179 402 1447 447 turpitudinem,
1475 414 1566 449 quae
1593 402 1751 437 maxime

192 454 439 488 consideratur
460 454 659 488 secundum
682 454 925 488 indecentiam
947 454 1142 499 peccantis.

264 508 324 541 AD
336 518 542 542 SECUNDUM
554 508 759 549 dicendum,
771 507 867 553 quod
880 508 1104 542 consuetudo
1116 508 1291 553 peccandi
1302 508 1468 543 diminuit
1481 509 1752 555 turpitudinem,

192 569 226 595 et
247 560 436 594 infamiam
458 560 597 606 peccati
619 561 818 594 secundum
846 561 1055 607 opinionem
1083 560 1288 602 hominum,
1314 572 1388 595 non
1411 570 1532 596 autem
1553 562 1753 597 secundum

191 623 358 648 naturam
376 614 538 660 ipsorum
560 614 743 647 vitiorum.

264 668 324 702 AD
359 678 531 702 TERTIUM
565 668 770 709 dicendum,
796 668 892 713 quod
924 679 1006 701 cum
1035 668 1162 702 dicitur
1188 668 1465 714 intemperantia
1492 681 1569 704 esse
1596 669 1754 704 maxime

194 721 462 767 exprobrabilis,
486 729 538 755 est
559 720 835 767 intelligendum
857 721 948 755 inter
965 721 1051 754 vitia
1072 721 1245 763 humana,
1261 733 1352 767 quae
1374 722 1512 757 scilicet
1526 723 1755 758 attenduntur

194 774 394 809 secundum
425 775 610 820 passiones
640 774 821 808 humanae
843 782 991 808 naturae
1019 774 1219 820 aliqualiter
1246 774 1468 810 conformes:
1491 776 1554 810 sed
1576 776 1636 810 illa
1657 776 1754 818 vitia,

195 839 286 874 quae
309 828 484 862 excedunt
498 828 649 861 modum
663 828 846 861 humanae
867 835 1028 869 naturae,
1050 836 1131 861 sunt
1150 828 1264 873 magis
1287 829 1558 874 exprobrabilia,
1577 838 1612 864 et
1631 837 1755 864 tamen

195 882 304 916 etiam
323 881 384 915 illa
402 881 567 915 videntur
580 881 701 915 reduci
716 881 759 914 ad
775 892 888 926 genus
902 881 1200 927 intemperantiae
1215 882 1415 916 secundum
1427 883 1622 928 quemdam
1639 895 1756 918 exces-

195 946 294 968 sum:
314 935 405 968 sicut
427 934 455 968 si
474 934 600 980 aliquis
623 934 861 968 delectaretur
881 934 917 968 in
940 935 1164 969 comestione
1184 934 1347 969 carnium
1368 935 1622 979 humanarum,
1641 945 1702 972 aut
1719 937 1755 971 in

197 988 294 1022 coitu
316 988 524 1030 bestiarum,
547 995 607 1022 aut
627 987 886 1022 masculorum.

678 1256 1032 1316 QUAESTIO
1074 1256 1292 1312 CXLIII.

430 1379 492 1410 DE
519 1379 746 1411 PARTIBUS
772 1379 1142 1411 TEMPERANTIAE
1168 1380 1219 1410 IN
1248 1380 1502 1412 GENERALI.

272 1518 412 1552 Deinde
440 1518 743 1552 considerandum
771 1526 823 1552 est
849 1519 892 1553 de
919 1519 1076 1565 partibus
1105 1518 1385 1565 temperantiae:
1413 1527 1447 1553 et
1466 1520 1579 1566 primo
1609 1518 1760 1566 deipsis

201 1572 358 1618 partibus
379 1572 415 1605 in
438 1571 616 1617 generali3
637 1571 773 1606 secundo
796 1571 839 1606 de
861 1571 1010 1617 singulis
1033 1583 1154 1606 earum
1178 1572 1213 1605 in
1236 1572 1394 1618 speciali.

671 1701 1016 1746 ARTICULUS
1055 1701 1295 1746 UNICUS.
1694 1712 1757 1760 695

226 1810 379 1841 UTRUM
400 1810 587 1840 TULLIUS
610 1810 950 1841 CONVENIENTER
966 1810 1176 1841 ASSIGNET
1199 1810 1361 1841 PARTES
1385 1810 1739 1841 TEMPERANTIAE:

427 1876 778 1916 CONTINENTIAM‚
822 1876 1121 1915 CLEMENTIAM,
1162 1877 1217 1905 ET
1258 1876 1532 1906 MODESTIAM.

477 1964 576 2010 (Infr.
600 1976 628 2010 q.
651 1975 718 2010 145.
741 1969 805 1999 art.
827 1975 859 2008 4.
882 1969 911 1999 et
933 1976 962 2010 q.
985 1975 1049 2010 157.
1070 1969 1123 1998 art
1141 1977 1168 2010 3.
1188 1969 1216 1999 et
1233 1977 1262 2010 q.
1281 1964 1357 2000 160.
1376 1969 1440 1999 art.
1459 1976 1488 2010 3.

414 2023 444 2052 et
468 2029 499 2052 2.
526 2018 613 2052 Dist.
640 2028 697 2062 44.
724 2029 753 2063 q.
781 2029 811 2052 2.
839 2023 903 2052 art.
930 2022 1064 2063 1.'et3.
1092 2018 1181 2052 Dist.
1205 2030 1248 2064 33.
1276 2029 1305 2063 q.
1333 2030 1361 2064 3.
1389 2022 1453 2052 art.
1484 2018 1545 2062 2.).

275 2107 333 2141 AD
356 2116 461 2141 HUNC
483 2106 534 2140 sic
557 2106 773 2152 proceditur.
801 2106 962 2149 Videtur,
990 2106 1085 2152 quod
1114 2105 1256 2140 Tullius
1282 2106 1318 2140 in
1344 2117 1408 2140 sua
1435 2106 1541 2140 Rhet.
1569 2106 1642 2150 (lib.
1668 2117 1699 2141 2.
1726 2105 1762 2140 da

202 2160 350 2205 Int'ent.)
372 2159 668 2193 inconvenienter
695 2159 853 2204 assignet
874 2167 991 2205 partes
1018 2160 1288 2205 temperantiae,
1316 2171 1403 2206 quas
1431 2159 1515 2193 dicit
1541 2170 1637 2194 esse:
1666 2160 1764 2194 conti-

202 2215 360 2255 nentiam,
377 2213 593 2254 clementiam,
609 2218 638 2247 et
649 2212 852 2247 modastiam:
873 2213 1093 2247 continentia
1111 2213 1207 2247 enim
1223 2221 1347 2247 contra
1361 2213 1530 2247 virtutem
1546 2212 1712 2246 dividitur
1726 2213 1762 2247 in

203 2277 235 2310 4.
251 2267 366 2301 Ethic.
389 2268 475 2312 (cap.
497 2266 586 2311 ult.).·
609 2265 670 2299 sed
691 2266 930 2311 temperantia
953 2266 1157 2300 continetur
1178 2267 1241 2300 sub
1263 2266 1410 2309 virtute3
1432 2277 1518 2312 ergo
1542 2266 1763 2301 continentia

203 2332 278 2356 non
300 2328 353 2354 est
373 2331 453 2366 pars
476 2319 745 2365 temperantiae.

277 2384 307 2407 2.
334 2373 570 2408 PRAETEREA‚
595 2371 799 2406 Clementia
820 2372 961 2406 videtur
987 2383 1063 2406 esse
1092 2372 1291 2418 mitigativa
1318 2373 1401 2415 odii,
1428 2373 1486 2408 vel
1513 2374 1604 2408 irae:
1631 2381 1764 2420 tempe-

205 2427 319 2461 rantia
335 2434 455 2461 autern
469 2437 542 2460 non
558 2433 611 2460 est
632 2425 726 2459 circa
741 2425 961 2470 hujusmodi,
977 2426 1037 2460 sed
1053 2426 1148 2460 circa
1163 2426 1419 2461 delectationes
1433 2434 1561 2470 tactus,
1575 2434 1614 2460 ut
1628 2426 1763 2462 dictum

207 2489 259 2516 est
279 2480 372 2526 (144.
394 2485 457 2514 art.
479 2480 545 2524 4.),·
570 2490 656 2525 ergo
679 2478 871 2513 clementia
892 2490 964 2513 non
989 2488 1041 2513 cst
1062 2491 1141 2526 pars
1163 2481 1432 2526 temperantiae.

280 2546 308 2579 3.
328 2534 563 2568 PRAETEREA.
578 2532 756 2566 Modestia
771 2532 933 2566 consistit
946 2534 979 2566 in
995 2533 1227 2567 exterioribus
1244 2534 1394 2575 actibus3
1411 2533 1504 2567 unde
1520 2541 1554 2567 et
1565 2532 1763 2579 Apostolus

207 2588 291 2622 dicit
313 2588 355 2621 ad
378 2586 509 2632 Philip.
530 2596 582 2628 4:
606 2585 766 2620 ,Ir'odestia
786 2590 893 2619 vestra
915 2591 992 2620 nota
1012 2587 1051 2619 sit
1073 2588 1221 2620 omnibns
1247 2587 1445 2621 hmninilms:
1467 2587 1529 2621 sed
1552 2594 1650 2621 actus
1673 2594 1764 2621 exte-

208 2641 318 2674 riores
340 2648 422 2674 sunt
448 2640 598 2673 materia
624 2639 790 2685 justitiae,
813 2647 850 2672 ut
873 2650 976 2684 supra
997 2639 1158 2672 habitum
1183 2648 1235 2673 est
1256 2641 1300 2685 (q.
1325 2641 1375 2686 58.
1399 2645 1463 2675 art.
1491 2640 1556 2684 8.);
1580 2651 1666 2685 ergo
1690 2651 1765 2674 mo-

208 2694 320 2727 destia
343 2693 458 2737 magis
482 2701 534 2727 est
555 2704 635 2738 pars
657 2693 824 2737 justitiae,
847 2703 954 2737 quam
977 2693 1246 2737 temperantiae.
1759 2719 1761 2721 a

280 2756 312 2788 4.
335 2746 568 2780 Pmmnnm.
588 2745 794 2779 Macrobius
816 2756 920 2790 super
943 2745 1135 2778 Somnium
1156 2745 1335 2791 Scipionis
1356 2745 1429 2789 (lib.
1452 2758 1478 2780 I.
1501 2751 1571 2791 cap.
1594 2746 1642 2789 8.)
1663 2745 1764 2792 ponit

211 2799 324 2833 multo
348 2799 465 2844 plures
491 2799 749 2844 temperantiae
772 2806 904 2843 partes:
934 2797 1017 2831 dicit
1039 2798 1134 2831 enim
1163 2798 1258 2844 quod
1285 2798 1559 2844 temperantiam
1586 2799 1762 2845 sequitur:

212 2852 377 2894 modestia,
399 2852 608 2893 tvm-acmulia,
628 2853 835 2893 abstinentia,
858 2852 1001 2893 castitas,
1025 2851 1182 2893 hona-tas,
1203 2851 1395 2894 moderatio,
1412 2853 1573 2897 parcitas,
1595 2853 1762 2896 sobrietas,
