1859 3122
417 188 634 224 QUAESTIO
669 187 906 218 CLXXXVIII.
941 186 1184 216 ARTICULUS
1218 186 1273 216 VI.
1516 174 1619 215 1261

134 270 194 304 AD
215 281 364 305 PRIMUM
387 281 474 316 ergo
499 269 705 311 dicendum,
727 268 823 315 quod
846 268 1046 303 Decretalis
1074 267 1135 301 illa
1158 266 1316 313 loquitur
1338 266 1380 301 de
1403 266 1475 300 vita
1498 265 1625 307 activa,

63 331 169 370 prout
190 323 376 358 ordinatur
399 324 441 357 ad
464 323 618 358 salutem
642 323 855 356 animarum.

133 376 193 411 AD
221 387 427 412 sECUNDUM
455 376 661 418 dicendum,
683 376 780 422 quod
803 375 1006 421 religiones,
1029 386 1120 421 quae
1143 374 1375 408 instituuntur
1397 381 1543 419 propter
1563 373 1627 406 mi-

63 428 190 471 litiam,
213 430 380 464 directius
403 430 613 464 ordinantur
635 429 678 463 ad
701 429 770 463 hoc
787 429 882 475 quod
898 427 1082 463 effundant
1097 427 1310 474 sanguinem
1329 426 1501 468 hostium,
1516 436 1625 472 quam

63 483 105 516 ad
125 483 194 517 hoc
218 483 314 530 quod
339 495 465 517 eorum
488 483 634 528 sanguis
658 481 870 524 effundatur,
894 482 991 528 quod
1018 481 1159 528 proprie
1183 480 1399 527 martyribus
1428 478 1623 525 competit:

63 536 151 570 nihil
173 544 295 570 tamen
318 537 494 581 prohibet,
518 536 726 581 hujusmodi
750 535 939 581 religiosos
961 537 996 569 in
1019 534 1139 581 aliquo
1162 545 1248 568 casu
1273 533 1443 568 meritum
1463 531 1627 578 martyrii

63 589 248 635 consequi,
271 598 306 623 et
327 589 527 623 secundum
547 589 617 623 hoc
641 589 811 635 praeferri
833 589 909 623 aliis
933 588 1127 635 religiosis:
1150 588 1242 622 sicut
1261 595 1296 622 et
1314 598 1423 633 opera
1444 587 1560 620 activa
1579 587 1626 620 in-

62 642 203 676 terdum
226 642 261 676 in
285 642 406 688 aliquo
430 654 514 676 casu
539 641 786 688 praeferuntur
809 641 1118 688 contemplationi.

134 696 194 731 AD
218 706 390 731 TERTruM
412 696 616 738 dicendum,
639 697 734 742 quod
759 696 935 730 arctitudo
959 695 1019 740 [al.
1041 694 1198 740 altitudo]
1221 694 1530 729 observantiarum
1551 704 1626 727 non

66 757 118 784 est
139 749 238 791 illud,
261 749 358 795 quod
381 750 573 796 praecipue
589 751 623 783 in
639 749 814 795 religione
831 749 1119 791 commendatur,
1142 757 1179 782 ut
1200 748 1330 782 Beatus
1346 747 1525 781 Antonius
1539 746 1626 780 dicit

65 803 118 848 (in
143 803 263 838 collat.
287 803 352 837 PP.
369 803 475 837 collat.
490 814 521 838 2.
537 809 608 849 cup.
630 815 661 838 2.
677 809 706 838 at
727 809 796 849 cap.
816 815 843 849 3.
859 808 886 836 ut
903 803 973 846 4.);
991 811 1023 836 et
1038 803 1106 836 Isa.
1133 802 1184 846 58.
1201 802 1346 836 dicitur:
1370 799 1543 846 Numquid
1564 799 1626 834 tale

64 861 109 891 est
124 858 306 902 jejunium,
330 856 415 902 quod
436 856 525 902 elegi,
542 863 602 902 per
628 856 714 890 diem
740 856 880 902 affligere
908 856 1071 890 hominum
1098 857 1248 889 animam
1273 855 1393 889 suam?
1419 853 1627 888 Assumitur

61 909 243 944 tamenin
265 909 440 955 religione
470 918 508 944 ut
537 910 739 944 necessaria
775 910 818 943 ad
849 909 964 944 carnis
996 908 1291 949 macerationem,
1323 918 1415 954 quae
1447 919 1465 938 «
1492 906 1522 940 si
1550 907 1626 940 sine

68 963 284 997 discretione
299 962 348 1004 fit,
368 962 567 1008 periculum
591 962 778 997 deficiendi
797 963 905 996 habet
927 973 1154 1003 annexum»,
1176 961 1268 995 sicut
1293 961 1424 994 Beatus
1446 959 1627 994 Antonius

65 1015 169 1058 dicit;
193 1024 227 1050 et
248 1016 330 1050 ideo
353 1027 426 1050 non
449 1024 503 1050 est
523 1016 642 1062 potior
664 1016 790 1062 religio
813 1027 855 1050 ex
881 1016 952 1049 hoc
980 1015 1076 1061 quod
1103 1015 1212 1048 habet
1237 1014 1408 1048 arctiores
1434 1013 1624 1047 observan-

66 1069 147 1111 tias,
169 1069 231 1103 sed
251 1080 293 1103 ex
315 1069 386 1103 hoc
410 1070 505 1115 quod
528 1080 570 1102 ex
591 1069 721 1114 majori
743 1069 960 1102 discretione
975 1076 1058 1102 sunt
1079 1069 1154 1113 ejus
1170 1067 1420 1101 observantiae
1435 1067 1621 1100 ordinatae

66 1122 110 1155 ad
132 1121 241 1156 finem
264 1121 468 1168 religionis;
491 1122 582 1156 sicut
600 1121 644 1155 ad
660 1121 923 1155 continentiam
938 1119 1119 1154 efficacius
1139 1121 1324 1154 ordinatur
1341 1119 1538 1153 maceratio
1556 1131 1628 1153 car-

64 1175 120 1209 nis
142 1186 204 1221 per
226 1175 479 1209 abstinentiam
502 1174 582 1216 cibi,
605 1182 639 1208 et
660 1182 777 1220 potus,
796 1184 887 1220 quae
907 1173 1084 1220 pertinent
1104 1173 1147 1207 ad
1168 1172 1317 1215 famem,
1337 1181 1372 1206 et
1384 1173 1493 1214 sitim,
1516 1184 1625 1218 quam

67 1241 127 1276 per
149 1229 431 1263 subtractionem
459 1228 624 1271 vestium,
644 1239 735 1274 quae
757 1227 936 1274 pertinent
959 1227 1001 1260 ad
1023 1226 1146 1272 frigus,
1168 1234 1203 1260 et
1224 1227 1434 1267 nuditatem,
1462 1234 1496 1260 et
1517 1237 1625 1271 quam

64 1294 126 1328 per
148 1281 376 1328 corporalem
403 1281 577 1316 laborem.

613 1409 958 1454 ARTICULUS
987 1409 1086 1451 vn.
1556 1420 1625 1468 906

283 1518 436 1547 UTRUM
462 1518 631 1547 HABERE
658 1518 841 1553 ALIQUID
871 1518 914 1548 IN
943 1516 1149 1547 COMMUNI
1178 1517 1395 1547 DIMINUAT

533 1583 870 1612 PERFECTIONEM
897 1582 1160 1612 RELIGIONIS.

431 1670 573 1714 (opusc.
596 1681 645 1715 17.
673 1676 744 1716 cap.
775 1679 821 1715 15.
843 1674 872 1704 et
899 1676 1006 1716 opusc.
1029 1681 1080 1705 Io.
1103 1675 1172 1715 cap.
1196 1669 1255 1714 6.).

133 1757 192 1792 AD
216 1768 409 1792 SEPT1MUM
430 1758 480 1792 sic
510 1758 727 1804 proceditur.
754 1757 916 1800 Videtur,
944 1757 1040 1804 quod
1066 1757 1199 1792 habere
1222 1756 1356 1803 aliquid
1377 1757 1414 1790 in
1436 1758 1626 1791 communi

63 1811 243 1845 diminuat
263 1811 525 1858 perfectionem
547 1811 750 1857 religionis:
774 1811 860 1845 dicit
879 1811 976 1845 enirn
990 1811 1172 1845 Dominus
1192 1811 1320 1844 Matth.
1348 1821 1418 1857 19.:
1440 1811 1477 1845 Si
1490 1812 1542 1845 vis
1553 1818 1628 1857 per-

61 1864 161 1908 fectus
181 1877 253 1907 esse,
274 1865 369 1907 vade,
391 1865 493 1899 vende
520 1866 632 1899 omnia
654 1877 735 1910 quae
756 1865 862 1907 habes,
890 1870 920 1899 et
940 1864 982 1898 da
1002 1865 1226 1911 pauperibus:
1249 1875 1290 1898 ex
1309 1875 1381 1910 quo
1403 1872 1511 1910 patet,
1529 1864 1626 1910 quod

63 1928 184 1952 carere
207 1918 400 1952 mundanis
422 1918 552 1952 divitiis
575 1918 752 1964 pertineat
773 1918 815 1952 ad
839 1917 1100 1963 perfectionem
1123 1917 1338 1951 christianae
1359 1917 1473 1951 vitae:
1492 1918 1554 1952 sed
1573 1917 1625 1952 illi

63 1971 124 2016 qui
141 1970 275 2004 habent
297 1971 431 2016 aliquid
453 1971 491 2004 in
514 1971 713 2013 communi,
734 1982 808 2005 non
830 1979 952 2005 carent
973 1971 1104 2005 divitiis
1127 1971 1339 2013 mundanis;
1361 1982 1449 2017 ergo
1471 1970 1623 2013 videtur,

63 2024 160 2070 quod
181 2035 255 2058 non
279 2025 456 2070 attingant
479 2024 630 2058 omnino
654 2024 697 2057 ad
715 2023 972 2069 perfectionem
998 2024 1213 2058 christianae
1234 2024 1341 2058 vitae.

136 2087 167 2111 2.
189 2077 425 2112 PRAETEREA.
449 2077 508 2111 Ad
530 2076 792 2123 perfectionem
814 2076 1051 2112 consiliorum
1065 2078 1228 2123 pertinet,
1247 2085 1286 2111 ut
1306 2077 1421 2111 homo
1440 2077 1623 2111 mundana

63 2129 293 2164 solicitudine
315 2138 453 2172 careat3
476 2130 569 2164 unde
592 2138 626 2164 et
643 2129 853 2175 Apostolus,
872 2141 900 2164 1.
923 2131 967 2164 ad
989 2130 1076 2164 Cor.
1099 2141 1142 2176 7.‚
1165 2130 1253 2164 dans
1276 2130 1469 2164 consilium
1492 2130 1535 2164 de
1555 2130 1622 2163 vir-

68 2183 216 2229 ginitate
244 2183 346 2217 dicit:
383 2183 460 2218 Volo
487 2195 545 2218 vos
564 2185 632 2218 sine
652 2183 856 2218 solicitudine
878 2196 959 2218 esse:
982 2184 1043 2218 sed
1067 2184 1111 2218 ad
1137 2183 1407 2218 solicitudinem
1429 2184 1626 2230 praesentis

64 2236 159 2271 vitae
181 2236 345 2282 pertinet,
369 2236 466 2282 quod
489 2236 599 2282 aliqui
628 2244 808 2271 reservent
836 2237 902 2271 sibi
931 2236 1065 2283 aliquid
1086 2237 1124 2270 in
1145 2236 1323 2271 futurum:
1348 2248 1458 2283 quam
1480 2236 1624 2282 quidem

65 2290 335 2324 solicitudinem
356 2290 538 2324 Dominus
559 2289 743 2336 discipulis
773 2290 950 2336 prohibet,
971 2290 1098 2324 Matth.
1121 2289 1164 2333 6.,
1196 2290 1335 2324 dicens:
1365 2291 1477 2325 Nolita
1507 2290 1626 2325 soliciti

64 2355 124 2378 esse
149 2344 184 2377 in
211 2344 392 2377 crastinum
404 2356 416 2383 ;
441 2354 527 2388 ergo
550 2343 700 2385 videtur,
727 2344 824 2389 quod
848 2343 982 2378 habere
1011 2343 1142 2390 aliquid
1165 2344 1202 2377 in
1231 2344 1420 2377 communi
1450 2343 1627 2377 diminuat

65 2395 327 2442 perfectionem
350 2396 566 2431 christianae
587 2398 693 2431 vitae.

140 2461 169 2496 3.
191 2449 427 2484 PRAETEREA.
454 2449 612 2484 Divitiae
634 2461 848 2485 communes
875 2450 1150 2496 quodammodo
1177 2450 1356 2496 pertinent
1377 2450 1420 2484 ad
1451 2450 1624 2495 singulos,

66 2503 128 2549 qui
149 2511 232 2537 sunt
251 2503 288 2536 in
311 2503 593 2545 communitate3
615 2503 709 2537 unde
735 2503 982 2550 Hieronymus
1009 2503 1052 2537 ad
1082 2502 1270 2537 Heliodor.
1293 2503 1410 2549 Episc.
1436 2503 1542 2550 (epist.
1566 2504 1626 2550 3.),

65 2555 151 2590 dicit
172 2556 215 2590 de
239 2556 454 2601 quibusdam
475 2555 643 2602 loquens:
669 2556 794 2590 «Sunt
815 2557 963 2591 ditiores
995 2556 1179 2598 monachi,
1202 2567 1311 2602 quarn
1338 2555 1480 2590 fuerant
1506 2567 1627 2591 saecu-

66 2608 179 2643 lares:
201 2609 385 2655 possident
408 2620 494 2654 opes
521 2609 585 2643 sub
614 2609 761 2644 Christo
784 2621 951 2656 paupere,
974 2621 1062 2656 quas
1084 2610 1147 2643 sub
1170 2609 1352 2655 locuplete
1379 2608 1525 2644 diabolo
1552 2620 1626 2643 non

64 2662 282 2696 habuerunt:
301 2662 455 2708 suspirat
476 2673 538 2696 eos
553 2661 715 2696 Ecclesia
730 2663 868 2705 divites,
888 2675 978 2709 quos
993 2663 1107 2697 tenuit
1121 2662 1276 2696 mundus
1291 2670 1372 2696 ante
1392 2663 1578 2697 mendicos
1593 2676 1624 2697 »z

65 2715 129 2749 sed
151 2715 247 2761 quod
271 2715 398 2761 aliquis
419 2715 551 2754 habeat
572 2715 712 2750 divitias
726 2717 900 2762 proprias,
916 2716 1067 2762 derogat
1083 2716 1298 2762 perfectioni
1311 2715 1515 2761 religionis;
1537 2726 1625 2761 ergo

67 2768 177 2802 etiam
198 2767 411 2814 perfectioni
433 2767 619 2814 religionis
641 2769 805 2814 derogat,
829 2770 925 2815 quod
949 2768 1083 2815 aliquid
1104 2769 1140 2803 in
1163 2769 1352 2803 communi
1371 2769 1556 2803 habeatur.

135 2830 168 2863 4.
190 2821 426 2856 PRAETEREA.
452 2820 561 2867 Greg.
587 2821 624 2855 in
649 2833 677 2867 3.
700 2822 848 2868 Dialog.
877 2821 964 2869 (cap.
991 2823 1059 2867 14.)
1081 2830 1202 2856 narrat
1222 2822 1265 2856 de
1299 2822 1458 2868 quodam
1479 2822 1627 2856 sanctis-

65 2873 159 2908 simo
181 2873 258 2907 viro
277 2874 390 2917 Isaac,
408 2874 506 2920 quod
530 2887 549 2906 «
563 2886 644 2908 curn
661 2875 694 2909 ei
715 2875 881 2921 discipuli
903 2874 1087 2909 humiliter
1107 2875 1308 2916 innuerent,
1324 2882 1361 2909 ut
1383 2885 1448 2921 pro
1471 2886 1537 2909 usu
1551 2886 1626 2908 mo-
