1859 3122
173 170 257 212 290
577 169 796 204 QUAESTIO
830 170 977 200 XXXIV.
1012 169 1256 200 ARTICULUS
1290 171 1329 199 V.

170 250 308 284 bonum
330 251 503 297 proximi:
520 259 554 285 et
574 251 657 285 ideo
673 251 810 293 odium,
832 252 929 298 quod
956 251 1141 286 dilectioni
1161 251 1245 286 huic
1268 251 1474 298 opponitur,
1494 263 1570 287 non
1591 260 1644 288 est
1667 253 1734 300 pri-

171 315 272 338 mum
293 304 330 338 in
352 304 594 339 destructione
615 305 767 348 virtutis,
785 317 876 352 quae
897 305 936 340 fit
956 318 1018 352 per
1035 306 1133 348 vitia,
1154 305 1217 340 sed
1238 304 1426 348 ultimum3
1448 313 1483 340 et
1502 306 1585 341 ideo
1608 306 1733 341 odium

169 368 243 391 non
266 366 318 392 est
339 358 468 392 vitium
489 357 653 404 capitale.

239 410 298 444 AD
320 421 469 445 PRIMUM
491 423 578 457 ergo
591 412 796 456 dicendum,
812 414 909 460 quod
923 414 1015 448 sicut
1026 413 1154 448 dicitur
1169 413 1205 447 in
1217 424 1248 459 7.
1260 413 1370 460 Phys.
1388 414 1468 459 (tex.
1481 415 1546 460 18.)
1558 426 1569 450 .·
1582 413 1733 450 «Virtus

168 463 448 510 uniuscujusque
470 464 521 498 rei
543 466 707 500 consistit
731 467 768 500 in
794 467 877 509 hoc,
900 468 996 514 quod
1023 468 1066 501 sit
1093 468 1182 501 bene
1210 466 1382 512 disposita
1404 467 1604 501 secundum
1626 479 1731 502 suam

167 524 335 550 naturam
356 530 396 560 »3
420 526 454 552 et
474 518 556 553 ideo
578 519 614 552 in
637 520 824 555 virtutibus
862 530 1005 567 oportet
1039 532 1116 555 esse
1148 521 1318 566 primum,
1345 528 1379 554 et
1405 520 1614 567 principale,
1636 521 1733 567 quod

168 577 219 603 est
247 571 416 616 primum,
436 579 471 606 et
483 572 681 618 principale
703 574 739 607 in
763 574 887 609 ordine
907 574 1080 608 naturali:
1098 582 1131 608 et
1153 581 1298 620 propter
1320 574 1392 608 hoc
1412 574 1567 608 charitas
1587 574 1733 620 ponitur

167 623 467 670 principalissima
485 625 679 660 virtutum:
703 636 737 661 et
759 627 886 662 eadem
916 628 1054 662 ratione
1086 627 1210 661 odium
1237 638 1310 661 non
1335 635 1454 674 potest
1475 638 1552 662 esse
1573 627 1731 673 primum

166 677 202 710 in
225 677 329 719 vitiis,
352 686 390 711 ut
403 678 539 712 dictum
558 687 609 713 est
631 681 681 724 (in
699 687 787 727 [οφ.
809 681 902 725 art).

237 731 297 764 AD
319 742 526 766 SECUNDUM
558 733 762 776 dicendum,
790 734 886 780 quod
909 734 1034 768 odium
1071 734 1169 776 mali,
1198 734 1294 780 quod
1317 734 1555 768 contrariatur
1574 733 1731 768 naturali

166 783 275 825 bono,
298 792 350 818 est
379 785 536 830 primum
557 786 649 820 inter
669 787 855 833 passiones
878 788 1032 830 animae,
1055 788 1147 822 sicut
1169 796 1203 822 et
1229 799 1332 822 amor
1353 787 1526 822 naturalis
1540 787 1645 822 boni:
1667 787 1730 822 sed

167 837 291 871 odium
312 838 399 871 boni
422 839 665 874 connaturalis
686 851 761 874 non
776 849 894 886 potest
908 852 984 876 esse
1007 842 1249 888 primum,sed
1268 841 1376 875 habet
1396 842 1575 876 rationem
1593 840 1730 887 ultimi3

166 891 249 936 quia
269 891 340 925 tale
363 891 488 925 odium
515 901 701 927 attestatur
723 894 946 941 corruptioni
966 903 1115 929 naturae
1135 896 1210 940 jam
1230 894 1359 937 factae,
1380 895 1472 929 sicut
1498 902 1533 930 et
1549 906 1654 930 amor
1674 906 1730 930 ex-

166 945 281 978 tranei
301 945 397 979 boni.

236 998 296 1032 AD
319 1009 490 1034 TERTIUM
513 999 717 1043 dicendum,
743 1001 840 1047 quod
867 1001 986 1048 duplex
1015 1009 1068 1036 est
1093 1001 1248 1043 malun1;
1275 1001 1440 1047 quoddam
1464 1013 1604 1044 verum,
1630 1001 1728 1048 quod

164 1051 304 1087 scilicet
325 1061 501 1098 repugnat
518 1054 673 1088 naturali
693 1054 810 1089 bono:
834 1063 868 1089 et
888 1055 1098 1099 hujusmodi
1120 1055 1207 1088 mali
1228 1055 1353 1089 odium
1378 1063 1498 1101 potest
1516 1055 1650 1089 habere
1677 1066 1729 1090 ra-

164 1105 304 1140 tionem
326 1106 519 1152 prioritatis
555 1107 644 1141 inter
664 1108 863 1154 passiones.
891 1108 953 1142 Est
979 1116 1100 1143 autem
1133 1108 1225 1143 aliud
1245 1109 1385 1143 malum
1407 1121 1482 1144 non
1502 1121 1642 1152 verum,
1663 1109 1726 1144 sed

163 1170 357 1205 apparens;
379 1160 475 1205 quod
498 1160 636 1195 scilicet
657 1169 709 1195 est
730 1173 857 1196 verum
878 1162 1027 1204 bonum,
1050 1170 1084 1196 et
1106 1161 1352 1204 connaturale,
1374 1163 1436 1197 sed
1455 1164 1666 1198 aestimatur
1687 1170 1726 1198 ut

163 1212 302 1246 malum
335 1221 480 1259 propter
511 1214 781 1260 corruptionem
808 1223 976 1250 naturae:
1004 1223 1039 1249 et
1070 1215 1281 1260 hujusmodi
1313 1215 1402 1249 mali
1435 1216 1560 1250 odium
1582 1223 1725 1263 oportet

163 1266 259 1312 quod
278 1266 322 1300 sit
342 1266 379 1300 in
401 1266 548 1301 ultimo:
568 1267 638 1302 hoc
662 1277 783 1302 autem
805 1268 931 1302 odium
958 1276 1010 1303 est
1030 1269 1214 1311 vitiosum,
1232 1279 1306 1303 non
1329 1277 1450 1304 autem
1470 1270 1638 1316 primurn.

712 1410 1057 1455 ARTICULUS
1091 1412 1169 1455 VI.
1652 1425 1720 1461 208

411 1518 601 1549 UTRUM
633 1519 820 1549 ODIUM
853 1520 1104 1550 ORIATUR
1136 1520 1201 1549 EX
1234 1520 1472 1550 INVIDIA.

563 1607 663 1654 (Infr.
679 1620 708 1653 q.
719 1608 772 1654 36.
789 1613 851 1643 art.
867 1619 899 1653 4.
915 1614 944 1643 et
965 1608 1048 1642 Mal.
1064 1620 1093 1654 q.
1115 1620 1166 1643 10.
1182 1613 1245 1642 art.
1259 1607 1317 1654 3.).

228 1694 288 1728 AD
311 1705 462 1730 SEXTUM
483 1696 534 1730 sic
557 1697 774 1743 proceditur.
796 1697 957 1739 Videtur,
980 1697 1077 1744 quod
1103 1697 1228 1731 odium
1249 1707 1323 1730 non
1347 1696 1482 1730 oriatur
1503 1707 1545 1730 ex
1566 1696 1718 1732 invidia:

155 1746 290 1781 invidia
309 1749 406 1782 enim
428 1758 480 1784 est
501 1751 641 1784 tristitia
659 1751 838 1796 quaedam
860 1751 902 1785 de
925 1751 1050 1785 alienis
1072 1751 1192 1785 bonis:
1221 1750 1345 1784 odium
1369 1757 1489 1784 autem
1509 1761 1583 1784 non
1606 1750 1718 1785 oritur

157 1813 198 1834 ex
229 1802 380 1844 tristitia,
414 1804 476 1837 sed
498 1805 616 1850 potius
639 1816 657 1838 e
678 1815 872 1840 converso:
894 1805 1077 1838 tristamur
1103 1804 1200 1838 enim
1231 1804 1274 1838 de
1297 1804 1499 1849 praesentia
1525 1803 1722 1850 malorum,

155 1865 246 1900 quae
268 1856 429 1899 odimus3
453 1869 540 1903 ergo
563 1858 689 1892 odium
710 1869 784 1891 non
807 1859 919 1892 oritur
941 1869 983 1891 ex
1004 1858 1149 1892 invidia.

225 1918 256 1942 2.
279 1909 514 1945 PRAETEREA.
540 1911 678 1946 Odium
700 1911 884 1945 dilectioni
907 1911 1116 1957 opponitur:
1141 1910 1202 1944 sed
1225 1909 1370 1944 dilectio
1393 1910 1549 1956 proximi
1566 1910 1716 1946 refertur

155 1961 198 1995 ad
220 1961 453 1997 dilectionem
475 1965 556 2006 Dei,
579 1973 616 1998 ut
634 1976 740 2010 supra
761 1965 924 1999 habitum
944 1973 996 1998 est
1019 1964 1063 2010 (q.
1083 1976 1129 2010 25.
1153 1969 1218 1999 art.
1233 1976 1260 1998 Ι.
1277 1968 1305 1998 εἰ
1325 1976 1355 2009 ‹1-
1378 1964 1433 1998 26.
1456 1969 1520 1998 art.
1542 1965 1606 2010 2.)‚·
1628 1976 1716 2011 ergo

155 2023 189 2048 et
215 2015 339 2050 odium
358 2018 513 2062 proximi
535 2017 685 2052 refertur
712 2018 755 2052 ad
787 2018 912 2052 odium
940 2018 1027 2052 Dei:
1056 2019 1117 2052 sed
1140 2017 1264 2051 odium
1290 2017 1361 2051 Dei
1387 2028 1462 2051 non
1484 2025 1652 2052 causatur
1673 2029 1717 2052 ex

153 2068 304 2102 invidia:
327 2081 400 2104 non
423 2073 519 2104 enim
542 2072 743 2105 invidemus
774 2071 841 2113 his,
864 2071 924 2116 qui
947 2071 1104 2104 maxime
1124 2082 1143 2104 a
1166 2070 1269 2104 nobis
1296 2070 1438 2112 distant,
1469 2070 1531 2105 sed
1561 2071 1628 2113 his,
1655 2071 1717 2117 qui

152 2122 344 2168 propinqui
376 2123 552 2166 videntur,
575 2133 613 2158 ut
634 2133 730 2170 patet
763 2135 824 2170 per
849 2124 986 2158 Philos.
1013 2124 1050 2158 in
1072 2134 1104 2158 2.
1126 2123 1239 2158 Rhet.'
1260 2123 1346 2170 (cap.
1368 2124 1452 2168 10.)‚·
1482 2135 1569 2170 ergo
1589 2124 1714 2159 odium

152 2186 226 2209 non
248 2185 414 2210 causatur
441 2188 481 2210 ex
503 2178 646 2211 invidia.

227 2241 255 2275 3.
278 2230 513 2265 PRAETEREA.
537 2231 652 2265 Unius
675 2230 823 2265 effectus
846 2242 916 2264 una
938 2237 990 2264 est
1009 2242 1133 2265 causa:
1157 2230 1218 2264 sed
1241 2231 1366 2264 odium
1394 2238 1560 2265 causatur
1582 2242 1624 2266 ex
1641 2231 1713 2266 ira:

152 2282 238 2316 dicit
259 2283 356 2317 enim
384 2284 477 2329 Aug.
500 2284 537 2317 in
563 2284 714 2329 Regula,
742 2284 838 2330 quod
873 2286 925 2318 im
958 2286 1070 2319 cras-cil
1102 2286 1136 2318 in
1169 2284 1301 2325 0dimn;
1329 2295 1403 2319 non
1433 2295 1520 2331 ergo
1547 2293 1714 2319 causatur

151 2336 275 2370 odium
303 2350 344 2371 ex
365 2337 509 2372 invidia.

223 2390 296 2424 SED
319 2401 472 2425 CONTRA
495 2399 558 2433 est,
579 2391 676 2437 quod
695 2390 849 2436 Gregor.
872 2390 956 2424 dicit
978 2401 1029 2436 31.
1051 2390 1180 2425 Moral.
1203 2391 1291 2438 (cap.
1314 2392 1379 2437 17.)
1403 2391 1499 2438 quod
1521 2391 1557 2426 de
1582 2391 1712 2426 invidia

149 2445 259 2478 oritur
277 2443 398 2478 odium..

218 2497 446 2532 Rrspomrzo
469 2497 673 2539 dicendum,
696 2497 792 2543 quod
814 2497 905 2531 sicut
928 2497 1063 2532 dictum
1075 2506 1127 2531 est
1150 2503 1228 2542 (ιιι-Ι.
1242 2499 1387 2544 praua),
1408 2498 1533 2533 odium
1554 2498 1712 2545 proximi

148 2558 199 2583 est
222 2551 390 2584 ultimum
411 2551 446 2584 in
475 2562 666 2596 progressu
694 2551 849 2596 peccati,
877 2562 920 2584 eo
955 2551 1051 2596 quod
1085 2551 1279 2597 opponitur
1302 2551 1499 2594 dilectioni,
1521 2563 1590 2598 qua
1611 2560 1711 2586 natu-

148 2603 267 2637 raliter
288 2604 472 2649 proximus
500 2604 674 2649 diligitur:
697 2604 793 2649 quod
817 2612 936 2638 autem
960 2604 1087 2649 aliquis
1110 2605 1253 2638 recedat
1276 2605 1317 2638 ab
1342 2606 1514 2651 eogquod
1537 2613 1590 2640 est
1610 2614 1710 2640 natu-

147 2657 232 2699 rale,
261 2658 438 2703 contingit
472 2670 513 2692 ex
547 2658 630 2700 hoc,
661 2657 757 2703 quod
786 2658 938 2692 intendit
967 2658 1078 2691 vitare
1111 2658 1255 2704 aliquid,
1288 2660 1383 2705 quod
1414 2667 1467 2693 est
1499 2659 1709 2694 naturaliter

146 2710 377 2754 fugiendum:
400 2710 610 2745 naturaliter
637 2719 756 2745 autem
779 2722 887 2745 omne
916 2711 1051 2745 animal
1072 2711 1161 2756 fugit
1191 2712 1383 2755 tristitiam,
1405 2713 1497 2747 sicut
1518 2721 1553 2747 et
1574 2713 1708 2759 appetit

147 2763 437 2806 delectationem,
467 2765 559 2799 sicut
579 2772 676 2810 patet
696 2776 758 2810 per
779 2763 915 2798 Philos.
938 2764 975 2798 in
1003 2775 1033 2809 7.
1057 2764 1173 2798 Ethic.
1205 2766 1292 2812 (cap.
1315 2778 1357 2812 13.
1392 2772 1419 2801 at
1440 2767 1507 2811 14.)
1537 2774 1571 2801 et
1592 2768 1627 2801 in
1653 2777 1704 2802 10.

149 2816 233 2862 (cup.
257 2819 317 2860 2.);
341 2826 375 2851 et
400 2818 482 2852 ideo
509 2819 601 2852 sicut
627 2830 670 2852 ex
696 2817 935 2851 delectatione
966 2826 1132 2851 causatur
1164 2830 1284 2861 amor3
1307 2820 1355 2853 ita
1382 2832 1424 2854 ex
1450 2820 1591 2854 tristitia
1625 2831 1707 2854 cau-

146 2878 243 2904 satur
273 2871 419 2904 odium:
451 2872 543 2906 sicut
573 2872 670 2906 enim
701 2882 891 2905 movemur
913 2871 956 2904 ad
985 2871 1205 2917 diligendum
1235 2883 1288 2913 ea,
1311 2883 1402 2917 quae
1424 2883 1491 2907 nos
1513 2872 1703 2916 delectant,
