1859 3122
453 174 672 210 QUAESTIO
707 172 899 202 LXXXVII.
932 169 1177 201 ARTICULUS
1214 170 1239 200 Ι.
1546 156 1628 209 517

66 257 128 304 qui
157 256 189 291 ei
218 266 291 289 non
318 254 593 289 subveniebant:
618 253 776 299 alioquin
805 252 930 298 Apost.
959 262 1021 285 eos
1052 250 1233 295 corrigere
1263 260 1337 283 non
1372 247 1572 283 omisisset:
1597 255 1631 281 et

66 310 230 345 similiter
252 307 476 343 laudabiliter
498 307 650 341 ministri
672 306 856 340 Ecclesiae
879 305 1037 339 decimas
1056 303 1241 337 Ecclesiae
1263 314 1336 336 non
1359 301 1555 348 requirunt,
1572 300 1631 334 ubi

66 363 143 398 sine
165 361 336 396 scandalo
359 361 489 406 requiri
504 372 577 394 non
596 367 745 406 possunt
763 366 908 404 propter
930 355 1290 398 dissuetudinem,vel
1306 362 1449 402 propter
1472 354 1631 399 aliquam

69 416 175 450 aliam
196 426 354 449 causam:
376 425 441 448 nec
461 422 583 447 tamen
606 421 686 447 sunt
709 413 743 446 in
766 420 858 446 statu
881 411 1136 451 damnationis,
1151 410 1211 456 qui
1226 421 1298 443 non
1316 408 1462 442 solvunt
1483 408 1518 441 in
1540 406 1630 441 locis

66 469 148 511 illis,
168 469 202 502 in
225 468 352 514 quibus
374 466 536 501 Ecclesia
568 478 641 500 non
663 466 768 512 petit,
803 465 871 498 nisi
908 463 999 498 forte
1019 471 1165 510 propter
1192 462 1471 496 obstinationem
1501 460 1625 502 animi,

66 522 238 557 habentes
257 521 483 555 voluntatem
505 532 578 554 non
598 519 772 562 solvendi,
792 519 899 553 etiam
919 518 948 552 si
970 518 1011 551 ab
1035 517 1084 551 eis
1107 524 1322 563 peterentur.

634 641 978 686 ARTICULUS
1014 641 1068 683 Π.
1562 646 1630 693 467

186 750 338 780 UTRUM
362 751 418 779 DE
446 749 636 780 OMNIBUS
664 740 928 778 TENEANTUR
951 748 1145 776 HOMINES
1170 746 1360 776 DECIMAS
1384 746 1511 776 DARE.

138 837 198 871 AD
213 848 420 872 SECUNDUM
450 837 500 872 sic
524 836 739 883 proceditur.
762 835 924 877 Videtur,
958 835 1054 881 quod
1077 845 1150 868 non
1173 834 1216 868 de
1239 833 1406 868 omnibus
1443 840 1632 867 teneantur

66 890 236 925 homines
258 891 418 924 decimas
440 890 542 924 dare:
570 889 702 923 solutio
725 889 823 923 enim
844 888 1066 922 decimarum
1090 887 1229 921 videtur
1255 898 1332 920 esse
1355 898 1395 920 ex
1418 886 1529 920 veteri
1552 885 1632 931 lege

67 943 290 977 introducta:
314 944 374 977 sed
397 944 433 977 in
454 943 566 977 veteri
587 942 666 988 lege
687 941 828 976 nullum
850 949 1084 988 praeceptum
1111 941 1215 975 datur
1237 940 1279 974 de
1301 938 1550 986 personalibus
1573 939 1630 972 de-

68 997 184 1038 cimis,
207 1008 297 1043 quae
320 996 457 1031 scilicet
486 995 673 1030 solvuntur
703 995 745 1029 de
774 995 841 1037 his,
854 1006 945 1041 quae
967 994 1095 1040 aliquis
1119 993 1270 1040 acquirit
1296 1005 1337 1027 ex
1365 994 1508 1039 proprio
1533 999 1633 1034 actu3

67 1059 152 1096 puta
174 1051 217 1084 de
241 1050 530 1093 mercationibus,
549 1049 606 1084 vel
628 1049 671 1083 de
690 1049 836 1092 militia3
860 1060 946 1094 ergo
967 1048 1009 1082 de
1031 1047 1160 1082 talibus
1176 1047 1335 1081 decimas
1351 1046 1469 1080 nullus
1492 1045 1632 1080 solvere

66 1113 219 1138 tenetur.

141 1168 171 1191 2.
194 1158 428 1192 PRAETEREA.
451 1157 507 1190 De
530 1156 624 1190 male
647 1156 828 1202 acquisitis
846 1167 919 1189 non
934 1155 1040 1189 debet
1053 1154 1130 1188 fieri
1152 1153 1300 1195 oblatio,
1315 1161 1353 1187 ut
1368 1164 1473 1199 supra
1492 1152 1628 1187 dictum

67 1219 121 1245 est
144 1211 188 1257 (q.
205 1217 316 1257 praec.
339 1215 401 1244 art.
414 1210 459 1256 3.)
469 1222 480 1250 ‚·
505 1210 566 1244 sed
589 1209 802 1251 oblationes,
825 1220 916 1255 quae
938 1208 1148 1242 immediate
1166 1208 1248 1241 Deo
1271 1207 1496 1248 exhibentur,
1512 1206 1628 1252 magis

68 1264 233 1297 videntur
254 1264 432 1310 pertinere
456 1263 499 1297 ad
518 1263 680 1296 divinum
708 1262 858 1304 cultum,
880 1273 989 1308 quam
1011 1262 1187 1303 decimae,
1215 1271 1306 1306 quae
1334 1260 1545 1294 exhibentur
1567 1259 1631 1293 mi-

66 1317 206 1360 nistris;
229 1328 316 1362 ergo
340 1317 449 1351 etiam
468 1328 534 1351 nec
554 1316 718 1350 decimae
740 1316 782 1350 de
809 1315 904 1350 male
929 1315 1111 1361 acquisitis
1133 1322 1215 1349 sunt
1236 1313 1442 1348 solvendae.

143 1382 171 1416 3.
194 1370 429 1405 PRAETEREA.
453 1370 566 1404 Levit.
589 1369 651 1404 ult.
673 1380 748 1403 non
771 1369 963 1403 mandatur
984 1368 1077 1403 solvi
1098 1368 1239 1402 decima
1264 1367 1332 1401 nisi
1353 1367 1389 1401 de
1402 1368 1573 1413 frugibus,
1597 1371 1634 1401 ,εἰ

61 1425 172 1470 pomis
192 1425 364 1466 arborum,
384 1429 414 1458 et
431 1424 644 1466 animalibus,
662 1435 743 1468 quae
762 1423 1000 1458 transeuntsub
1019 1423 1116 1467 virga
1133 1422 1297 1468 pastoris:
1313 1421 1373 1455 sed
1390 1428 1530 1466 praeter
1542 1420 1633 1454 haec

69 1486 152 1511 sunt
173 1477 351 1523 quaedam
374 1477 442 1510 alia
466 1477 615 1518 minuta,
638 1488 730 1522 quae
762 1476 905 1510 homini
927 1475 1162 1522 proveniunt;
1182 1475 1274 1509 sicut
1294 1474 1439 1515 herbae,
1463 1485 1554 1519 quae
1575 1485 1635 1507 na-

68 1538 217 1564 scuntur
237 1531 273 1563 in
294 1531 414 1572 horto,
437 1538 472 1564 et
491 1530 560 1563 alia
586 1529 816 1576 hujusmodi3
844 1540 931 1575 ergo
959 1540 1025 1562 nec
1053 1529 1096 1562 de
1123 1528 1193 1562 illis
1218 1528 1334 1561 horno
1362 1527 1521 1561 decimas
1548 1527 1631 1561 dare

66 1591 219 1618 tenetur.

141 1647 173 1679 4.
196 1637 431 1672 PRAETEREA.
455 1637 578 1670 Homo
606 1647 679 1670 non
706 1643 825 1682 potest
851 1634 1004 1677 solvere,
1032 1635 1101 1668 nisi
1123 1635 1157 1668 id
1180 1635 1276 1680 quod
1299 1641 1352 1668 est
1378 1633 1413 1667 in
1433 1635 1509 1679 ejus
1536 1640 1636 1679 pote-

68 1698 159 1725 state
175 1703 183 1726 :
205 1691 266 1724 sed
288 1702 362 1724 non
385 1690 520 1731 onmia,
536 1700 626 1735 quae
642 1689 859 1735 proveniunt
873 1688 1015 1722 homini
1029 1689 1071 1722 de
1089 1688 1262 1722 fructibus
1281 1698 1463 1733 agrorum,
1484 1694 1544 1720 aut
1565 1686 1636 1720 ani-

69 1744 233 1785 malium,
260 1751 448 1777 remanent
470 1743 505 1776 in
525 1743 600 1787 ejus
622 1750 819 1788 potestate:
842 1741 925 1787 quia
952 1741 1130 1787 quaedam
1158 1740 1351 1787 aliquando
1378 1740 1635 1774 subtrahuntur

69 1808 133 1843 per
153 1796 299 1838 furtum,
321 1796 379 1830 vel
408 1796 590 1842 rapinam:
615 1795 792 1841 quaedam
823 1806 909 1828 vero
931 1795 1149 1840 quandoque
1171 1795 1206 1828 in
1236 1794 1345 1828 alium
1373 1792 1633 1827 transferuntur

69 1862 134 1897 per
147 1851 412 1886 venditionem:
429 1849 607 1896 quaedam
623 1851 731 1883 etiam
747 1849 824 1883 aliis
839 1849 1030 1891 debentur;
1046 1849 1138 1882 sicut
1155 1847 1374 1894 principibus
1389 1847 1562 1881 debentur
1577 1846 1634 1880 tri-

69 1905 166 1946 buta,
189 1913 223 1938 et
244 1904 414 1950 operariis
437 1904 610 1937 debentur
635 1903 838 1945 mercedes,
862 1913 949 1947 ergo
977 1902 1020 1936 de
1043 1902 1099 1936 his
1126 1913 1200 1935 non
1222 1909 1362 1935 tenetur
1392 1900 1519 1947 aliquis
1543 1900 1635 1935 deci-

69 1968 149 1991 mas
170 1957 266 1991 dare.

144 2010 217 2044 SED
246 2020 401 2044 CONTRA
424 2017 487 2051 est,
509 2009 606 2055 quod
629 2009 758 2043 dicitur
781 2008 872 2043 Gen.
896 2008 974 2043 28.:
1000 2009 1205 2043 Cunctorum
1226 2019 1308 2054 quae
1329 2007 1453 2042 dederis
1472 2007 1567 2048 mihi,
1587 2005 1636 2041 de-

70 2064 174 2098 cimas
196 2075 215 2109 o
240 2075 330 2097 crum
354 2064 432 2097 lz'lu':
452 2063 513 2097 sed
536 2063 659 2096 omnia
682 2073 772 2108 quae
791 2062 905 2096 homo
927 2061 1046 2104 habet,
1070 2069 1152 2095 sunt
1173 2061 1206 2096 ei
1227 2061 1309 2095 data
1332 2061 1518 2103 divinitu33
1547 2070 1634 2106 ergo

70 2116 116 2151 de
134 2117 302 2151 omnibus
325 2116 429 2150 debet
447 2116 606 2150 decimas
626 2116 720 2149 dare.

142 2170 370 2204 RESPONDEO
395 2169 598 2211 dicendum,
621 2169 717 2215 quod
739 2169 782 2203 de
809 2180 1025 2215 unaquaque
1047 2180 1083 2202 re
1110 2168 1302 2214 praecipue
1325 2175 1377 2202 est
1397 2167 1633 2213 judicandum

70 2224 272 2257 secundum
295 2224 370 2268 ejus
384 2223 559 2257 radicem:
576 2223 675 2256 radix
698 2231 818 2256 autem
841 2222 1031 2256 solutionis
1054 2222 1279 2256 decimarum
1302 2229 1353 2255 est
1375 2221 1547 2262 debitum,
1563 2231 1633 2266 quo

70 2277 333 2311 seminantibus
368 2272 564 2323 spiritualia
601 2276 773 2310 debentur
804 2276 972 2318 carnalia,
1000 2276 1199 2310 secundum
1226 2274 1313 2308 illud
1336 2273 1504 2320 Apostoli
1535 2285 1562 2307 1.
1591 2273 1634 2307 ad

71 2330 160 2364 Cor.
183 2342 232 2377 9.:
255 2330 291 2364 Si
313 2342 368 2364 nos
388 2331 480 2364 vobis
500 2330 690 2376 spiritualz'u
711 2331 956 2371 seminavimus,
973 2341 1131 2374 mugmuu
1146 2334 1200 2370 est,
1223 2330 1251 2363 si
1272 2328 1423 2362 carnalia
1445 2333 1553 2362 vestra
1571 2340 1633 2361 me-

74 2385 206 2418 tamus?
230 2383 346 2424 Quasi
367 2394 430 2429 per
451 2383 658 2428 oppositum
681 2383 793 2417 dicat:
815 2383 899 2416 Non
922 2394 1097 2428 magnum
1125 2390 1177 2416 est
1198 2382 1227 2416 si
1249 2381 1404 2415 carnalia
1426 2389 1542 2414 vestra
1565 2391 1635 2414 me-

72 2444 211 2472 tamus:
234 2448 340 2483 super
358 2437 430 2470 hoc
451 2436 547 2470 enim
570 2435 728 2470 debitum
754 2436 916 2470 fundavit
937 2435 1099 2469 Ecclesia
1122 2435 1461 2470 determinationem
1490 2433 1636 2467 solutio-

71 2490 128 2523 nis
152 2490 389 2532 decimarum,
417 2489 541 2523 omnia
568 2497 700 2531 autem,
727 2500 976 2535 quaecumque
1003 2489 1118 2523 homo
1146 2488 1315 2535 possidet,
1343 2487 1406 2521 sub
1435 2486 1634 2521 carnalibus

73 2544 323 2586 continentur;
347 2551 381 2577 et
402 2543 483 2577 ideo
507 2543 549 2576 de
572 2543 738 2576 omnibus
764 2543 937 2588 possessis
960 2542 1122 2576 decimae
1144 2549 1226 2576 sunt
1251 2540 1457 2575 solvendae.

145 2597 204 2630 AD
226 2607 375 2631 PRIMUM
398 2607 485 2641 ergo
506 2595 710 2637 dicendum,
733 2596 829 2641 quod
851 2595 1015 2641 specialis
1032 2595 1123 2628 ratio
1142 2594 1218 2636 fuit,
1238 2605 1346 2640 quare
1369 2593 1403 2626 in
1426 2592 1536 2626 veteri
1555 2592 1635 2638 lege

74 2661 150 2683 non
171 2649 237 2683 fuit
258 2650 381 2684 datum
404 2658 638 2696 praeceptum
657 2649 699 2682 de
714 2649 961 2695 personalibus
984 2649 1145 2689 decimis,
1168 2647 1367 2682 secundum
1388 2645 1635 2679 conditionem

74 2703 199 2748 populi
216 2702 329 2737 illius:
350 2703 433 2748 quia
455 2701 592 2736 scilicet
618 2713 745 2736 omnes
773 2702 862 2736 aliae
883 2701 1015 2735 Tribus
1043 2710 1156 2735 certas
1177 2700 1422 2746 possessiones
1441 2699 1634 2738 habebant,

77 2755 119 2789 de
141 2756 267 2801 quibus
287 2763 454 2802 poterant
468 2754 687 2789 sufficienter
700 2755 888 2800 providere
908 2755 1052 2796 Levitis,
1072 2755 1132 2800 qui
1147 2755 1316 2788 carebant
1337 2752 1634 2798 possessionibus;

76 2819 150 2842 non
178 2817 297 2843 autern
325 2809 604 2843 interdicebatur
625 2808 686 2850 eis,
715 2808 798 2854 quin
826 2809 868 2842 de
901 2808 978 2842 aliis
1014 2808 1180 2853 operibus
1206 2806 1368 2840 honestis
1402 2806 1635 2848 lucrarentur,

77 2860 167 2895 sicut
189 2870 223 2896 et
245 2862 305 2895 alii
321 2862 464 2907 Judaei:
487 2861 548 2896 sed
568 2861 722 2908 populus
744 2873 861 2895 novae
882 2860 972 2907 legis
989 2869 1040 2895 est
1055 2861 1184 2906 ubique
1207 2870 1269 2906 per
1284 2858 1460 2892 mundum
1476 2857 1634 2901 diffusus3
