1859 3122
528 188 748 224 QUAESTIO
783 188 865 217 CLI.
901 188 1144 218 ARTICULUS
1178 188 1237 217 ΙΙΙ.
1592 187 1675 231 977

118 271 178 305 ubi
192 278 274 306 sunt
287 270 449 304 diversae
470 269 627 304 rationes
650 268 900 304 delectationis
922 269 969 303 ibi
991 269 1061 303 sint
1074 269 1222 303 virtutes
1237 268 1300 303 sub
1316 269 1553 315 temperantia
1581 280 1679 303 com-

118 324 334 370 prehensae;
355 323 613 358 delectationes
641 330 760 357 autem
780 323 1098 368 proportionantur
1120 322 1400 368 operationibus,
1423 333 1574 368 quarum
1597 330 1679 356 sunt

118 377 367 424 perfectiones,
391 384 428 410 ut
449 377 577 410 dicitur
591 376 625 410 in
641 387 672 422 9.
689 375 804 410 Ethic.
827 377 916 422 (rap.
941 378 1007 422 7.).·
1027 375 1259 409 manifestum
1283 384 1336 409 est
1358 384 1490 417 autem,
1513 375 1609 421 quod
1633 375 1680 409 al-

118 430 227 464 terius
250 430 392 475 generis
414 438 496 464 sunt
517 430 745 476 operationes
767 429 985 475 pertinentes
1008 430 1050 463 ad
1073 440 1178 463 usum
1201 429 1377 471 ciborum,
1399 429 1526 475 quibus
1552 437 1678 463 natura

117 483 290 517 individui
313 491 556 524 conservatur,
579 491 613 516 et
628 482 856 528 operationes
872 483 1088 528 pertinentes
1104 483 1147 516 ad
1163 493 1267 516 usum
1282 494 1532 523 venereorum,
1552 482 1679 528 quibus

118 544 352 570 conservatur
372 544 499 570 natura
518 536 666 582 speciei;
695 544 729 569 et
750 535 831 569 ideo
855 536 1011 577 castitas,
1034 547 1124 581 quae
1148 544 1200 569 est
1222 536 1316 569 circa
1340 535 1598 569 delectationes
1623 547 1680 570 ve-

118 600 324 631 nereorum,
347 597 400 623 est
418 589 529 623 virtus
548 589 713 622 distincta
733 588 775 622 ab
799 589 1023 631 abstinentia,
1042 600 1133 635 quae
1156 597 1208 623 est
1230 589 1325 622 circa
1354 588 1612 623 delectationes
1635 588 1681 622 ci-

120 642 262 676 borum.

190 696 250 730 AD
266 705 413 730 PRIMUM
441 706 527 741 ergo
541 694 746 736 dicendum,
770 695 866 740 quod
894 695 1132 741 temperantia
1154 705 1227 728 non
1251 694 1415 728 consistit
1436 694 1679 741 principaliter

119 749 214 783 circa
236 748 492 783 delectationes
513 756 628 782 tactus
651 756 825 793 quantum
843 749 885 782 ad
908 749 1082 793 judicium
1105 759 1229 782 sensus
1252 748 1294 782 de
1316 748 1558 793 tangibilibus,
1581 748 1678 794 quod

118 809 171 836 est
193 801 354 847 ejusdem
381 801 530 835 rationis
553 801 587 834 in
611 801 788 843 omnibus,
814 802 875 835 sed
899 810 1071 847 quantum
1096 801 1137 834 ad
1166 801 1282 846 ipsum
1305 812 1411 835 usum
1438 801 1677 846 tangibilium,

118 862 157 888 ut
178 855 306 888 dicitur
327 856 363 888 in
386 854 417 888 8.
440 854 599 888 Ethicor.
624 855 712 900 (sap.
736 856 801 899 10.)
816 867 825 888 .·
849 863 902 889 est
923 863 1043 888 autem
1067 854 1135 887 alia
1157 855 1247 887 ratio
1270 855 1393 888 utendi
1415 855 1513 895 cibis,
1536 862 1571 888 et
1591 854 1680 900 poti-

118 908 194 950 bus,
217 916 251 942 et
271 908 455 949 venereis;
475 916 510 942 et
530 908 612 942 ideo
631 916 775 954 oportet
796 919 873 942 esse
896 908 1053 941 diversas
1068 907 1227 948 virtutes,
1243 907 1325 941 licet
1339 908 1409 941 sint
1423 908 1526 941 unius
1542 919 1677 942 sensus.

189 961 248 995 AD
271 972 478 996 SECUNDUM
501 961 706 1002 dicendum,
725 961 821 1006 quod
843 961 1102 994 delectationes
1124 971 1299 994 venereae
1326 968 1408 994 sunt
1433 960 1680 994 vehementio-
1706 997 1708 1001 ,

119 1026 186 1057 res,
209 1023 243 1049 et
265 1015 380 1060 magis
403 1015 647 1060 opprimentes
665 1015 856 1055 rationem,
875 1025 984 1059 quam
1003 1013 1262 1047 delectationes
1284 1014 1465 1055 ciborum,
1482 1022 1516 1047 et
1534 1022 1679 1059 propter

118 1067 189 1102 hoc
221 1068 337 1113 magis
364 1068 525 1113 indigent
555 1067 802 1113 castigatione,
825 1075 858 1100 et
884 1066 1165 1108 refraenatione3
1188 1066 1271 1112 quia
1298 1066 1328 1100 si
1349 1068 1399 1100 eis
1422 1067 1678 1108 consentiatur,

119 1121 235 1166 magis
258 1132 301 1155 ex
321 1121 393 1154 hoc
411 1121 579 1154 increscit
599 1121 652 1154 vis
674 1120 1001 1165 concupiscentiae,
1024 1127 1058 1153 et
1079 1120 1243 1164 dejicitur
1268 1120 1379 1154 virtus
1406 1120 1555 1162 mentis;
1585 1120 1678 1154 unde

118 1174 271 1220 August.
287 1174 372 1208 dicit
388 1174 423 1208 in
443 1185 470 1208 1.
494 1173 646 1219 Soliloq.
669 1174 759 1219 (sap.
776 1174 866 1217 ro.):
893 1186 910 1204 «
928 1173 1029 1206 Nihil
1051 1184 1128 1207 esse
1151 1173 1278 1214 sentio,
1295 1172 1391 1218 quod
1408 1173 1524 1218 magis
1540 1184 1581 1206 ex
1597 1184 1678 1207 arce

119 1227 261 1272 dejiciat
276 1227 437 1260 animum
452 1226 605 1268 virilem,
621 1238 731 1272 quam
745 1226 987 1260 blandimenta
1007 1225 1202 1268 foeminea,
1222 1237 1488 1272 corporumque
1511 1225 1570 1260 ille
1593 1237 1679 1260 con-

118 1288 246 1322 tactus,
269 1280 344 1314 sine
367 1291 438 1325 quo
460 1291 550 1314 uxor
571 1279 695 1313 haberi
715 1290 789 1313 non
811 1287 928 1325 potest
947 1293 979 1312 n.

189 1334 248 1367 AD
269 1343 439 1367 TERT1UM
455 1333 659 1374 dicendum,
674 1333 770 1378 quod
785 1332 1042 1366 delectationes
1058 1332 1213 1366 aliorum
1228 1343 1399 1366 sensuum
1413 1343 1487 1366 non
1502 1332 1680 1378 pertinent

121 1386 164 1420 ad
185 1394 352 1420 naturam
373 1386 533 1420 hominis
556 1386 854 1427 conservandam,
875 1387 944 1420 nisi
965 1394 1072 1431 prout
1093 1386 1304 1420 ordinantur
1326 1385 1369 1419 ad
1392 1385 1618 1419 delectabilia
1632 1394 1681 1419 ta—

121 1448 214 1481 ctus;
243 1447 277 1473 et
304 1439 387 1473 ideo
418 1439 512 1473 circa
539 1439 749 1484 hujusmodi
776 1439 1033 1473 delectationes
1064 1450 1139 1472 non
1161 1447 1215 1473 est
1242 1438 1360 1484 aliqua
1391 1438 1459 1472 alia
1480 1439 1590 1472 virtus
1614 1438 1677 1472 sub

119 1493 360 1539 temperantia
394 1493 675 1539 comprehensa:
705 1493 769 1526 sed
800 1492 1058 1527 delectationes
1088 1493 1263 1534 ciborum,
1286 1493 1450 1538 quamvis
1477 1492 1679 1538 aliqualiter

120 1546 331 1580 ordinentur
361 1546 403 1580 ad
434 1546 692 1580 delectationes
722 1557 973 1587 venereorum,
995 1554 1117 1580 tamen
1140 1546 1248 1579 etiam
1264 1557 1326 1592 per
1344 1557 1381 1579 se
1404 1546 1614 1579 ordinantur
1635 1545 1678 1579 ad

119 1600 231 1634 vitam
253 1599 413 1633 hominis
435 1599 742 1641 conservandam3
766 1607 799 1633 et
820 1599 902 1633 ideo
925 1600 1033 1633 etiam
1059 1611 1122 1645 per
1143 1610 1180 1633 se
1202 1599 1336 1633 habent
1356 1598 1552 1644 specialem
1574 1599 1680 1632 virtu-

119 1661 213 1687 tem:
237 1653 402 1699 quamvis
430 1652 492 1687 illa
520 1653 643 1695 virtus,
673 1663 764 1699 quae
796 1653 1008 1687 abstinentia
1036 1653 1174 1694 dicitur,
1197 1652 1338 1686 ordinet
1358 1659 1480 1686 actum
1501 1663 1608 1686 suum
1634 1652 1678 1686 ad

120 1707 230 1741 finem
253 1707 435 1741 castitatis.

685 1825 1029 1870 ARTICULUS
1065 1825 1141 1868 Ν.
1612 1847 1675 1882 731

203 1920 355 1950 UTRUM
382 1920 611 1949 PUDICITIA
636 1920 880 1950 PERTINEAT
905 1920 1184 1949 SPECIALITER
1212 1920 1269 1948 AD
1300 1919 1594 1949 CASTITATEM.

760 1996 872 2041 (Schr.
892 2007 921 2041 q.
943 1998 1039 2041 143).

192 2078 252 2112 ΑΒ
286 2087 474 2116 QUARTUM
499 2077 549 2111 sic
575 2077 790 2123 proceditur.
818 2078 978 2119 Videtur,
1006 2078 1101 2123 quod
1125 2077 1295 2123 pudicitia
1317 2089 1390 2112 non
1413 2076 1588 2122 pertineat
1605 2088 1681 2122 spe·

123 2130 260 2165 cialiter
282 2131 324 2164 ad
348 2131 567 2164 castitatem:
599 2130 684 2164 dicit
713 2130 809 2163 enim
831 2131 984 2176 August.
1007 2131 1042 2164 in
1066 2141 1093 2164 1.
1116 2131 1159 2165 de
1183 2130 1262 2164 Civ.
1285 2131 1356 2164 Dei
1377 2132 1464 2176 (cap.
1486 2130 1568 2174 18),
1583 2131 1679 2176 quod

126 2196 144 2216 (ε
165 2183 335 2230 pudicitia
357 2190 409 2217 est
430 2183 606 2228 quaedam
628 2183 739 2217 virtus
762 2183 903 2217 animae
925 2196 963 2225 »3
985 2195 1059 2217 non
1074 2194 1161 2229 ergo
1181 2191 1234 2218 est
1254 2183 1387 2229 aliquid
1412 2183 1455 2216 ad
1479 2183 1679 2217 castitatem

123 2237 314 2283 pertinens,
337 2236 398 2270 sed
422 2244 474 2270 est
494 2247 556 2282 per
576 2236 732 2282 seipsam
753 2237 863 2270 virtus
890 2248 910 2270 a
937 2237 1097 2271 castitate
1119 2237 1296 2271 distincta.

196 2299 227 2324 2.
249 2289 485 2323 PRAETEREA.
507 2289 684 2323 Pudicitia
707 2300 726 2322 a
744 2289 879 2335 pudore
903 2290 1041 2333 dicitur,
1064 2292 1123 2336 qui
1145 2291 1285 2323 videtur
1297 2290 1393 2324 idern
1416 2301 1492 2324 esse
1511 2300 1680 2323 verecun-

123 2343 221 2377 diae:
244 2342 305 2376 sed
326 2342 543 2376 verecundia
564 2342 763 2376 secundum
784 2343 954 2378 Damasc.
979 2344 1054 2387 (lib.
1080 2355 1111 2378 2.
1137 2344 1233 2378 Orth.
1254 2343 1328 2378 fid.
1356 2350 1427 2390 cap.
1454 2344 1530 2388 15.),
1558 2350 1611 2376 est
1637 2343 1679 2376 de

123 2396 217 2442 turpi
239 2403 340 2437 actu;
363 2395 459 2440 quod
482 2395 651 2429 convenit
672 2396 773 2429 omni
788 2396 883 2430 actui
896 2397 1048 2439 vitioso3
1071 2408 1157 2442 ergo
1177 2396 1347 2442 pudicitia
1369 2407 1443 2430 non
1466 2396 1582 2441 magis
1605 2407 1680 2442 per-

123 2450 213 2483 tinet
235 2449 278 2482 ad
301 2449 514 2490 castitatem,
536 2459 646 2494 quam
668 2449 711 2482 ad
733 2449 821 2483 alias
843 2450 1001 2484 virtutes.

200 2513 228 2548 3.
251 2502 487 2536 PRAETEREA.
513 2501 650 2535 Philos.
673 2502 759 2536 dicit
779 2503 814 2535 in
839 2514 868 2548 3.
890 2502 1006 2537 Ethic.
1026 2503 1115 2549 (cap.
1141 2503 1222 2548 ιλ),
1242 2502 1338 2548 quod
1364 2502 1482 2536 omnis
1509 2503 1682 2547 intempe-

123 2555 238 2589 rantia
260 2554 475 2600 generaliter
503 2562 557 2588 est
574 2555 731 2589 maxime
753 2555 1024 2601 exprobrabilis:
1047 2556 1109 2589 sed
1131 2556 1174 2589 ad
1201 2555 1411 2601 pudicitiam
1432 2555 1608 2600 pertinere
1630 2555 1679 2588 vi-

125 2608 227 2642 detur
247 2607 371 2653 fugere
399 2618 451 2648 ea,
474 2619 566 2653 quae
596 2607 856 2654 exprobrabilia
885 2617 985 2651 sunt3
1008 2620 1094 2653 ergo
1118 2609 1287 2654 pudicitia
1308 2608 1460 2654 pertinet
1481 2608 1524 2642 ad
1553 2619 1680 2642 omnes

123 2669 241 2706 partes
261 2661 543 2706 temperantiae:
564 2672 638 2694 non
660 2669 781 2695 autem
803 2661 1006 2707 specialiter
1028 2662 1071 2695 ad
1091 2662 1301 2695 castitatem.

197 2715 271 2748 SED
298 2724 452 2748 CONTRA
475 2722 538 2756 est,
560 2714 657 2760 quod
678 2714 831 2759 August.
863 2715 949 2749 dicit
978 2716 1013 2748 in
1043 2715 1102 2749 lib.
1129 2715 1172 2748 de
1202 2715 1446 2748 Perseverant.
1470 2714 1558 2760 (cap.
1585 2715 1680 2759 20.).·

127 2780 146 2799 «
167 2766 413 2801 Praedicanda
431 2775 484 2801 est
504 2767 686 2813 pudicitia,
708 2775 747 2802 ut
768 2768 809 2801 ab
833 2779 889 2810 eo,
909 2769 969 2814 qui
989 2768 1098 2801 habet
1116 2778 1218 2801 aures
1241 2767 1418 2808 audiendi,
1437 2766 1527 2800 nihil
1546 2768 1681 2812 genita-

125 2820 216 2854 libus
239 2820 410 2854 membris
430 2819 597 2854 illicitum
617 2828 839 2866 perpetretur
860 2833 898 2854 »z
922 2821 983 2855 sed
1005 2832 1089 2854 usus
1108 2819 1319 2865 genitalium
1338 2820 1586 2853 membrorum
1601 2831 1680 2865 pro-

125 2873 200 2919 prie
221 2873 373 2920 pertinet
395 2873 438 2906 ad
461 2873 682 2915 castitatem3
701 2885 787 2919 ergo
809 2874 980 2919 pudicitia
1001 2873 1144 2920 proprie
1166 2873 1209 2907 ad
1233 2872 1434 2907 castitatem
1456 2873 1618 2918 pertinet.
