1859 3122
496 151 716 187 QUAEsno
751 151 900 181 cxxm.
934 150 1177 181 ARTICULUS
1210 150 1267 180 Χῖ.
1575 138 1654 194 843

106 230 247 265 homini
269 230 461 265 adversarii
482 231 654 266 mortales
680 232 896 267 suscitantur
921 239 1066 279 propter
1090 232 1276 278 justitiam,
1297 242 1406 278 quam
1428 231 1598 278 sequitur,
1626 240 1660 266 ct

105 284 214 319 ctiam
235 292 378 331 propter
401 284 469 319 alia
490 285 597 328 bona,
618 297 709 332 quae
731 285 824 321 facit.

645 445 987 491 ARTICULUS
1016 445 1117 488 XII.
1592 455 1659 490 628

134 559 285 590 UTRUM
318 560 575 590 rom-muno
604 561 885 591 PRAECELLAT
913 561 1042 591 INTER
1076 559 1219 589 OMNES
1247 559 1370 589 ALtAs
1397 559 1627 589 VIRTUTES.

174 659 232 692 AD
255 669 512 694 DUODECIMUM
535 660 584 694 sic
607 660 822 706 proceditur.
844 659 1005 701 Videtur,
1033 658 1129 705 quod
1152 657 1322 692 fortitudo
1349 657 1543 704 praecellat
1568 657 1659 691 inter

103 723 230 746 omnes
253 712 339 747 alias
360 713 525 748 virtutes:
549 714 634 748 dicit
656 714 753 748 enim
775 714 944 748 Ambros.
967 713 1002 747 in
1029 723 1056 746 1.
1079 712 1121 746 de
1146 711 1252 747 Offic.
1271 711 1356 759 (cap.
1375 712 1454 758 35.):
1473 724 1491 743 «
1510 711 1571 745 Est
1592 710 1660 744 for-

101 766 216 800 titudo
237 765 335 800 velut
357 768 504 802 caeteris
531 767 706 802 excelsior
727 781 759 802 ».

173 830 203 854 2.
231 820 466 855 PRAETEREA.
485 821 607 856 Virtus
626 829 678 856 est
699 821 793 855 circa
812 819 970 868 difficile,⁴
983 828 1017 854 et
1034 819 1190 854 bonum:
1214 819 1275 854 sed
1296 818 1468 854 fortitudo
1490 826 1543 853 est
1565 817 1659 852 circa

101 872 330 916 difficillima3
353 886 439 920 ergo
463 883 515 909 est
536 875 694 909 maxima
715 874 898 909 virtutum.

174 938 202 973 3.
221 927 456 963 PRAETEREA.
478 928 634 974 Dignior
653 936 703 963 est
724 939 878 974 persona
892 926 1064 969 hominis,
1079 937 1188 973 quam
1211 937 1266 960 res
1289 927 1382 972 ejus:
1405 927 1467 961 sed
1485 925 1658 960 fortitudo

100 988 152 1015 est
173 981 267 1015 circa
289 993 481 1028 personam
502 982 673 1024 hominis,
695 993 804 1028 quam
827 980 952 1026 aliquis
986 979 1147 1026 periculo
1182 980 1308 1014 mortis
1339 980 1486 1026 exponit
1514 987 1659 1026 propter

98 1034 235 1068 bonum
256 1035 410 1070 virtutis:
432 1036 565 1081 justitia
587 1044 719 1077 autem,
747 1043 781 1069 et
807 1034 897 1068 aliae
918 1034 1067 1068 virtutes
1090 1033 1248 1068 morales
1271 1042 1353 1068 sunt
1376 1033 1471 1067 circa
1494 1033 1581 1067 alias
1604 1044 1659 1067 res

100 1088 311 1131 exteriores3
334 1100 419 1135 ergo
441 1088 613 1123 fortitudo
636 1097 688 1123 est
709 1088 902 1135 praecipua
920 1087 1011 1122 inter
1030 1098 1156 1121 omnes
1178 1089 1325 1121 virtutes
1347 1087 1514 1121 morales.

171 1141 245 1176 SED
268 1152 422 1177 CONTRA
444 1151 507 1185 est,
529 1143 624 1188 quod
648 1142 790 1176 Tullius
813 1142 899 1176 dicit
924 1141 960 1174 in
992 1152 1019 1176 1.
1042 1141 1085 1175 de
1109 1140 1182 1176 Off.
1205 1141 1258 1186 (in
1280 1142 1328 1176 tit.
1350 1141 1386 1176 de
1407 1141 1549 1186 chstit.):
1575 1153 1592 1171 ‹<
1618 1140 1658 1174 In

97 1195 230 1240 justitia
250 1195 388 1229 virtutis
409 1195 578 1241 splendor
600 1205 651 1230 est
672 1196 863 1237 maximus,
886 1206 928 1229 ex
950 1206 1020 1241 qua
1040 1194 1108 1228 viri
1128 1195 1214 1228 boni
1235 1195 1470 1229 nominantur
1490 1208 1522 1228 >›.

168 1248 403 1283 PRAETEREA.
427 1249 670 1295 Philosophus
694 1249 779 1283 dicit
799 1249 834 1283 in
861 1259 889 1282 1.
910 1248 1050 1282 Rhetor
1073 1247 1160 1294 (cap.
1177 1248 1242 1294 9.):
1262 1261 1279 1279 «
1297 1248 1455 1282 Necesse
1479 1256 1531 1282 est
1549 1247 1658 1281 maxi-

98 1313 176 1336 mas
191 1313 267 1336 csse
281 1302 440 1345 virtutes,
455 1314 546 1349 quae
562 1303 718 1338 maxime
733 1302 810 1337 aliis
824 1301 928 1336 utiles
943 1309 1055 1336 sunt»
1071 1315 1077 1336 :
1092 1301 1153 1336 sed
1172 1301 1365 1336 liberalitas
1378 1302 1520 1336 videtur
1538 1301 1658 1347 magis

99 1355 206 1397 utilis,
229 1367 337 1401 quam
359 1355 552 1399 fortitud03
575 1368 661 1402 ergo
685 1364 736 1390 est
757 1357 874 1401 major
894 1355 1017 1390 virtus.

168 1409 396 1444 RESPONDEO
419 1410 624 1452 dicendum,
652 1410 759 1456 quod,
793 1410 885 1443 sicut
906 1409 1058 1454 August.
1081 1408 1167 1442 dicit
1192 1408 1228 1442 in
1250 1407 1282 1442 6.
1305 1409 1348 1443 de
1372 1407 1471 1443 Trin.
1496 1408 1657 1455 (cap.8.),

101 1475 119 1494 «
140 1462 176 1496 in
197 1463 265 1505 his,
288 1475 378 1509 quae
400 1475 474 1497 non
496 1463 594 1498 mole
616 1475 748 1509 magna
770 1471 862 1505 sunt,
884 1462 982 1496 idem
1009 1470 1061 1496 est
1088 1473 1165 1496 esse
1192 1463 1319 1507 majus,
1347 1463 1443 1508 quod
1466 1462 1594 1496 melius
1616 1473 1656 1494 »2

98 1516 192 1549 unde
213 1524 312 1550 tanto
336 1516 453 1562 aliqua
468 1517 578 1551 virtus
593 1518 710 1562 major
731 1525 794 1559 est,
809 1524 943 1562 quanto
966 1516 1098 1550 melior
1120 1523 1189 1550 est:
1211 1516 1349 1550 bonum
1368 1524 1489 1550 autem
1507 1515 1655 1550 rationis

97 1577 150 1603 est
170 1569 328 1604 hominis
346 1570 494 1614 bonum,
510 1571 708 1605 secundum
722 1571 874 1616 Dionys.
893 1580 924 1612 4.
942 1581 1018 1615 cap.
1035 1569 1077 1603 de
1092 1570 1174 1603 Div.
1188 1569 1298 1604 Nom.
1315 1570 1417 1616 (part.
1433 1582 1464 1615 4.
1482 1571 1551 1605 lert.
1566 1569 1652 1613 22.).·

95 1622 166 1656 hoc
190 1631 310 1657 autem
336 1623 473 1658 bonum
499 1624 733 1659 essentialiter
759 1624 904 1670 quidem
930 1623 1040 1657 habet
1066 1623 1264 1668 prudentia,
1288 1635 1378 1669 quae
1406 1632 1459 1658 est
1480 1623 1652 1670 perfectio

97 1676 262 1710 rationis:
284 1677 416 1722 justitia
440 1686 561 1712 autem
583 1686 635 1712 est
655 1678 761 1723 hujus
786 1677 874 1711 boni
899 1675 1047 1719 factiva3
1071 1677 1284 1722 inquantum
1307 1676 1444 1711 scilicet
1466 1678 1508 1711 ad
1536 1679 1651 1724 ipsam

96 1731 247 1776 pertinet
269 1730 433 1764 ordinem
454 1731 601 1765 rationis
624 1742 758 1777 ponere
772 1730 809 1764 in
824 1730 991 1764 omnibus
1007 1730 1110 1764 rebus
1132 1730 1319 1764 humanis:
1341 1730 1431 1764 aliae
1451 1739 1572 1765 autem
1589 1732 1654 1765 vir-

95 1791 188 1816 tutes
209 1791 291 1817 sunt
312 1784 582 1818 conservativae
609 1784 714 1829 hujus
740 1784 845 1826 boni3
869 1784 1083 1829 inquantum
1105 1782 1242 1817 scilicet
1264 1784 1497 1818 moderantur
1519 1785 1653 1830 passio-

95 1847 171 1878 nes,
191 1847 236 1870 ne
259 1836 438 1871 abducant
463 1837 654 1872 hominem
681 1849 700 1871 a
725 1837 822 1871 bono
849 1836 1018 1878 rationis3
1042 1844 1076 1870 et
1102 1837 1138 1870 in
1167 1837 1292 1870 ordine
1322 1837 1451 1871 harum
1481 1836 1653 1872 fortitudo

95 1897 193 1924 tenet
212 1889 336 1923 locum
357 1890 610 1936 praecipuum3
634 1891 716 1937 quia
736 1891 847 1924 timor
867 1889 1112 1936 periculorum
1131 1890 1257 1924 mortis
1275 1890 1432 1924 maxime
1455 1899 1507 1924 est
1528 1890 1653 1925 efficax

96 1942 140 1976 ad
161 1943 232 1977 hoc
255 1943 351 1989 quod
373 1943 561 1978 hominem
582 1943 691 1978 faciat
711 1944 917 1978 recederesa
935 1943 1033 1977 bono
1056 1943 1224 1977 rationis:
1247 1951 1439 1989 postquam
1470 1944 1654 1978 ordinatur

95 1997 351 2043 temperantia3
367 1997 450 2043 quia
465 1997 575 2031 etiam
588 1997 845 2032 delectationes
866 2004 982 2030 tactus
1004 1996 1162 2030 maxime
1182 1996 1274 2030 inter
1292 2005 1432 2031 caetera
1454 1997 1653 2044 impediunt

94 2049 232 2084 bonum
252 2051 418 2084 rationis:
442 2051 477 2085 id
499 2060 619 2086 autem
653 2052 749 2098 quod
772 2051 1007 2086 essentialiter
1033 2051 1172 2093 dicitur,
1195 2052 1313 2098 potius
1336 2060 1388 2086 est
1415 2064 1457 2086 eo
1485 2053 1581 2099 quod
1604 2054 1652 2088 di-

96 2104 187 2137 citur
208 2102 390 2146 effective3
413 2112 447 2138 et
467 2104 539 2138 hoc
562 2105 670 2139 etiarn
684 2105 803 2151 potius
818 2113 870 2139 est
885 2116 928 2139 eo
943 2104 1039 2151 quod
1059 2104 1435 2140 dicitur-consecutive
1454 2106 1652 2141 secundum

95 2156 336 2191 remotionem
358 2158 626 2204 impedimenti;
649 2160 742 2193 unde
763 2159 855 2193 inter
868 2159 1015 2192 virtutes
1031 2157 1230 2193 cardinales
1245 2167 1297 2193 est
1310 2159 1430 2205 potior
1451 2160 1649 2206 prudentia,

95 2210 252 2244 secunda
272 2210 415 2254 justitia,
443 2212 546 2246 tertia
574 2211 759 2255 fortitudo,
789 2221 913 2259 quarta
934 2212 1188 2259 temperantia:
1221 2220 1256 2247 et
1284 2221 1366 2259 post
1392 2213 1458 2248 has
1489 2222 1651 2248 caeterae

94 2271 254 2298 virtutes.

166 2318 226 2351 AD
251 2325 399 2352 PRIMUM
429 2329 514 2364 ergo
545 2318 749 2361 dicendum,
779 2319 875 2365 quod
903 2319 1119 2353 Ambrosius
1140 2318 1388 2353 fortitudinem
1415 2319 1492 2354 aliis
1518 2320 1651 2355 virtuti-

93 2370 158 2405 bus
180 2370 348 2417 praefert‚
369 2371 568 2405 secundum
589 2374 784 2418 quamdam
807 2372 1014 2419 generalem
1036 2371 1249 2414 utilitatem3
1271 2380 1376 2418 prout
1402 2372 1539 2407 scilicet
1560 2381 1594 2408 et
1615 2374 1651 2407 in

94 2424 200 2458 rebus
221 2424 371 2466 bellicis,
395 2433 429 2459 et
449 2425 485 2458 in
506 2425 610 2459 rebus
633 2425 806 2468 civilibus,
828 2426 902 2460 sive
925 2425 1134 2460 domesticis
1161 2425 1256 2460 utilis
1276 2434 1346 2468 est;
1369 2425 1462 2460 unde
1488 2426 1563 2472 ipse
1589 2427 1650 2460 ibi-

97 2477 180 2511 dem
201 2477 414 2524 praemittit:
441 2478 576 2512 «Nunc
598 2479 641 2513 de
662 2478 868 2513 fortitudine
895 2487 1100 2520 tractemus,
1129 2490 1219 2525 quae
1246 2478 1344 2513 velut
1372 2478 1547 2513 excelsior
1574 2491 1657 2514 cae-

95 2531 190 2573 teris,
212 2531 381 2565 dividitur
401 2532 437 2565 in
458 2543 514 2566 res
534 2531 692 2574 bellicas,
716 2542 749 2567 et
767 2533 1033 2567 domesticas».

165 2585 225 2619 AD
241 2596 447 2620 SECUNDUM
466 2585 670 2628 dicendum,
685 2586 782 2632 quod
800 2586 890 2620 ratio
905 2586 1044 2620 virtutis
1059 2585 1175 2631 magis
1192 2585 1354 2619 consistit
1368 2585 1403 2618 in
1417 2585 1526 2627 bono,
1540 2597 1649 2631 quam

94 2637 131 2671 in
153 2637 312 2680 difficili3
335 2638 428 2672 unde
451 2638 566 2684 magis
588 2646 641 2673 est
662 2640 902 2674 mensuranda
924 2638 1137 2684 magnitudo
1162 2638 1300 2672 virtutis
1323 2638 1521 2672 secundum
1548 2639 1652 2673 ratio-

97 2701 183 2725 nem
203 2691 301 2733 boni,
323 2703 432 2737 quarn
454 2692 653 2726 secundum
674 2693 853 2727 rationem
875 2691 1039 2727 difficilis.

166 2744 226 2778 AD
261 2754 431 2780 TERTIUM
460 2745 664 2787 dicendum,
692 2746 788 2792 quod
809 2746 924 2780 homo
938 2757 1013 2780 non
1028 2745 1173 2792 exponit
1187 2756 1381 2790 personam
1398 2755 1502 2779 suam
1521 2745 1646 2780 mortis

96 2796 274 2843 periculis,
295 2798 363 2832 nisi
384 2806 529 2844 propter
548 2798 720 2844 justitiam
743 2799 1047 2841 conservandam3
1074 2806 1109 2833 et
1129 2798 1211 2832 ideo
1239 2798 1316 2832 laus
1344 2797 1561 2833 fortitudinis
1590 2799 1646 2833 de-

102 2851 234 2895 pendet
248 2851 520 2896 quodammodo
534 2862 575 2886 ex
589 2852 741 2897 justitia;
756 2852 849 2887 unde
864 2851 1079 2886 Ambrosius
1097 2851 1182 2886 dicit
1195 2851 1230 2885 in
1246 2862 1272 2885 1.
1289 2851 1332 2885 de
1349 2849 1454 2886 Offic.
1473 2851 1559 2898 (cap.
1570 2853 1645 2898 35),
