1859 3122
237 177 321 219 174
651 176 871 210 QUAESTIO
905 176 1009 207 XXII.
1042 176 1286 206 ARTICULUS
1319 177 1363 206 11.

299 259 358 293 AD
374 269 579 293 SECUNDUM
595 258 800 300 dicendum,
815 259 912 304 quod
927 271 969 293 ex
985 270 1107 292 amore
1127 258 1283 304 sequitur
1302 259 1411 292 timor
1425 258 1555 301 filialis,
1573 259 1666 293 sicut
1681 259 1789 294 etiam

229 312 297 345 alia
315 312 411 345 bona
432 323 553 358 opera,
575 323 666 357 quae
689 322 731 345 ex
753 312 926 346 charitate
949 312 1056 354 fiunt3
1080 320 1113 345 et
1135 312 1217 345 ideo
1240 311 1332 346 sicut
1353 320 1435 358 post
1452 321 1687 358 praeceptum
1707 312 1787 346 cha-

228 365 337 398 ritatis
362 365 489 398 dantur
514 373 705 410 praecepta
737 364 781 398 de
815 364 892 410 aliis
920 366 1056 399 actibus
1078 365 1270 398 virtutum:
1304 365 1354 399 ita
1389 365 1499 399 etiam
1524 365 1633 399 simul
1659 366 1789 400 dantur

227 426 417 464 praecepta
439 418 482 451 de
504 418 644 460 timore,
667 425 701 451 et
723 429 847 452 amore
869 418 1070 453 charitatis:
1093 418 1185 452 sicut
1206 418 1315 452 etiam
1333 418 1371 451 in
1389 419 1546 453 scientiis
1568 418 1790 453 demonstra-

227 471 306 504 tivis
328 482 401 504 non
424 470 554 504 sufficit
575 481 707 516 ponere
730 471 903 517 principia
930 472 1056 517 prima,
1080 471 1149 505 nisi
1175 471 1287 505 etiam
1313 480 1494 517 ponantur
1521 471 1789 513 conclusiones,

228 535 318 569 quae
341 535 382 558 ex
403 524 458 558 his
481 532 678 569 sequuntur
694 524 753 558 vel
774 525 946 570 proxime,
968 524 1027 558 vel
1048 532 1199 558 remote.

299 578 359 612 AD
382 588 554 612 TERTIUM
576 578 780 620 dicendum,
803 578 899 624 quod
922 579 1082 612 inductio
1106 578 1149 611 ad
1171 578 1343 612 timorem
1369 577 1500 612 sufficit
1527 578 1570 612 ad
1598 577 1790 612 excluden-

229 631 312 664 dam
335 631 687 677 praesumptionem3
709 633 800 665 sicut
821 632 930 665 etiam
948 631 1108 665 inductio
1133 631 1175 664 ad
1198 642 1300 677 spem
1319 630 1448 665 sufficit
1466 631 1509 664 ad
1529 631 1789 665 excludendam

229 684 528 730 desperationem,
550 693 588 718 ut
609 685 745 718 dictum
765 692 817 718 est
840 685 920 729 (art.
937 691 1051 730 praec.
1075 684 1116 718 ad
1134 684 1192 730 3.).

730 995 1086 1056 QUAESTIO
1127 995 1309 1043 XXIII.

275 1129 337 1159 DE
365 1128 635 1159 CHARITATE
663 1128 923 1160 SECUNDUM
949 1128 1016 1166 SE,
1047 1128 1098 1158 IN
1125 1127 1246 1159 OCTO
1273 1127 1534 1159 ARTICULOS
1562 1127 1736 1159 DIVISA.

303 1269 580 1315 Consequenter
601 1268 902 1303 considerandum
922 1276 974 1302 est
988 1268 1031 1302 de
1047 1268 1239 1302 charitate:
1262 1275 1297 1302 et
1313 1268 1426 1314 primo
1446 1267 1489 1302 de
1503 1267 1580 1313 ipsa
1599 1266 1790 1301 charitate:

230 1322 364 1358 secundo
392 1323 434 1356 de
457 1323 554 1356 dono
581 1322 776 1367 sapientiae
803 1322 835 1356 ei
862 1321 1177 1367 correspondente.
1210 1321 1318 1355 Circa
1347 1322 1499 1367 primum
1529 1319 1792 1354 consideranda

231 1385 313 1410 sunt
334 1378 495 1422 quinque:
512 1377 625 1422 primo
648 1375 691 1409 de
714 1376 790 1420 ipsa
808 1375 996 1408 charitate:
1018 1374 1156 1409 secundo
1179 1374 1221 1408 de
1245 1374 1389 1419 objecto
1409 1373 1611 1407 charitatis:
1636 1374 1730 1408 tertio
1749 1373 1792 1407 de

231 1430 367 1464 actibus
390 1431 486 1474 ejus:
509 1434 625 1475 quarto
648 1429 691 1463 de
712 1429 806 1462 vitiis
828 1428 1020 1474 oppositis:
1044 1429 1158 1473 quinto
1181 1427 1224 1461 de
1247 1427 1446 1473 praeceptis
1466 1427 1509 1460 ad
1523 1427 1595 1461 hoc
1618 1426 1793 1472 pertinen·

230 1483 333 1517 tibus.
359 1483 464 1517 Circa
482 1484 634 1529 primum
657 1490 709 1516 est
730 1481 847 1528 duplex
870 1481 1126 1515 consideratio:
1147 1482 1262 1526 prima
1285 1480 1431 1526 quidem
1453 1480 1497 1513 de
1518 1480 1594 1525 ipsa
1617 1479 1792 1514 charitate

231 1536 431 1571 secundum
452 1547 508 1570 se:
529 1535 669 1570 sectanda
690 1534 733 1568 de
757 1535 929 1568 charitate
951 1545 1013 1580 per
1035 1533 1349 1579 comparationem
1371 1533 1414 1567 ad
1437 1533 1650 1578 subjectum.

717 1622 819 1657 Circa
836 1623 985 1667 primum
1007 1625 1214 1667 quaeruntur
1236 1625 1317 1655 octo.

302 1694 438 1728 Primo.
462 1694 594 1727 Utrum
616 1693 771 1727 charitas
793 1693 838 1727 sit
859 1692 1029 1726 amicitia.

304 1748 484 1782 Secundo.
507 1748 639 1782 Utrum
661 1748 705 1781 sit
727 1747 861 1793 aliquid
884 1755 1044 1780 creatum
1065 1746 1101 1780 in
1125 1746 1256 1780 anima.

304 1801 442 1836 Tertio.
465 1801 596 1835 Utrum
618 1801 663 1834 sit
684 1801 806 1834 virtus.

306 1855 458 1895 Quarto.
482 1854 613 1888 Utrum
637 1854 680 1887 sit
701 1854 812 1887 virtus
835 1852 1011 1898 specialis.

305 1908 455 1948 Quinto.
479 1907 611 1941 Utrum
632 1907 677 1940 sit
698 1917 769 1940 una
791 1906 914 1940 virtus.

304 1961 424 1994 Sexto.
448 1959 581 1993 Utrum
603 1959 647 1993 sit
669 1959 827 1992 maxima
848 1959 1032 1992 virtutum.

305 2014 480 2059 Septimo.
505 2013 637 2046 Utrum
659 2013 734 2046 sine
755 2024 795 2046 ea
814 2012 928 2057 possit
949 2023 1025 2045 esse
1049 2011 1166 2057 aliqua
1188 2021 1271 2045 vera
1291 2010 1414 2044 virtus.

305 2067 459 2102 Octavo.
483 2066 615 2100 Utrum
637 2066 682 2100 sit
702 2065 819 2099 forma
840 2066 1023 2099 virtutum.

800 2206 1144 2252 ARTICULUS
1180 2207 1213 2249 I.
1730 2216 1793 2252 116

648 2315 800 2344 UTRUM
828 2315 1042 2344 CHARITAS
1071 2315 1137 2343 SIT
1165 2313 1379 2344 AMICITIA.

519 2404 566 2448 (2.
590 2404 677 2437 Dist.
700 2414 751 2449 27.
775 2415 804 2448 q.
824 2415 855 2438 2.
875 2408 940 2437 art.
960 2414 990 2437 2.
1014 2408 1043 2437 et
1067 2403 1152 2437 Virt.
1172 2414 1201 2448 q.
1223 2414 1250 2437 Ι.
1273 2407 1336 2436 art.
1355 2413 1383 2447 5.
1399 2401 1442 2436 ad
1453 2403 1509 2447 5.).

306 2494 364 2528 AD
390 2503 539 2528 PRmUM
562 2494 610 2526 sic
633 2492 847 2537 proceditur.
868 2492 1030 2534 Videtur,
1050 2491 1146 2538 quod
1170 2491 1324 2525 charitas
1346 2502 1420 2524 non
1439 2491 1484 2525 sit
1507 2489 1679 2524 amicitia:
1701 2489 1792 2524 nihil

235 2548 331 2582 enim
366 2555 419 2581 est
451 2547 499 2580 ita
532 2545 718 2592 proprium
741 2545 933 2587 amicitiae,
961 2546 1052 2579 sicut
1087 2545 1278 2579 convivere
1301 2544 1432 2586 amico,
1455 2551 1492 2578 ut
1525 2543 1609 2578 dicit
1641 2542 1733 2577 Phil.
1756 2543 1794 2578 in

234 2601 266 2636 8.
288 2601 447 2634 Ethicor.
471 2600 560 2645 (cap.
585 2598 652 2644 5.):
675 2598 737 2632 sed
760 2598 915 2632 charitas
939 2607 991 2632 est
1012 2598 1171 2631 hominis
1192 2597 1234 2631 ad
1253 2598 1384 2639 Deum,
1404 2605 1438 2631 et
1460 2596 1503 2630 ad
1522 2595 1697 2642 Angelos,
1715 2607 1793 2642 quo-

235 2666 308 2688 rum
328 2665 392 2687 non
411 2658 456 2687 cst
473 2665 545 2686 cum
564 2652 750 2686 hominibus
769 2653 985 2693 conversatio,
1003 2660 1039 2685 ut
1055 2651 1183 2684 dicitur
1196 2649 1338 2684 Daniel.
1359 2660 1410 2692 2.;
1434 2661 1521 2695 ergo
1545 2649 1699 2683 charitas
1718 2659 1792 2684 non

235 2715 288 2741 est
309 2706 478 2740 amicitia.

307 2770 338 2793 2.
353 2759 588 2793 PRAETEREA.
611 2757 782 2792 Amicitia
805 2768 877 2790 non
901 2765 953 2790 cst
974 2757 1049 2790 sine
1065 2757 1325 2798 redamatione,
1341 2764 1378 2790 ut
1391 2756 1519 2790 dicitur
1536 2756 1572 2789 in
1587 2756 1617 2789 8.
1633 2755 1791 2790 Ethicor.

235 2813 326 2859 (cup.
345 2812 417 2856 2.).·
441 2812 501 2846 scd
525 2811 679 2845 charitas
698 2810 849 2844 habetur
868 2810 976 2843 etiam
1001 2809 1043 2842 ad
1065 2809 1245 2851 inimicos,
1268 2809 1468 2843 secundum
1486 2808 1574 2843 illud
1595 2808 1722 2843 Matth.
1746 2819 1791 2853 5.:

235 2866 375 2911 Diligite
398 2866 546 2899 inimicos
567 2869 707 2904 vestram
733 2875 820 2909 ergo
844 2863 998 2896 charitas
1019 2873 1092 2896 non
1117 2870 1169 2896 est
1191 2862 1360 2896 amicitia.
