<?xml version="1.0" encoding="UTF-8"?>
<!DOCTYPE html PUBLIC "-//W3C//DTD XHTML 1.0 Transitional//EN"
    "http://www.w3.org/TR/xhtml1/DTD/xhtml1-transitional.dtd">
<html xmlns="http://www.w3.org/1999/xhtml" xml:lang="en" lang="en">
 <head>
  <title>
</title>
<meta http-equiv="Content-Type" content="text/html;charset=utf-8" />
  <meta name='ocr-system' content='tesseract 3.04.00' />
  <meta name='ocr-capabilities' content='ocr_page ocr_carea ocr_par ocr_line ocrx_word'/>
</head>
<body>
  <div class='ocr_page' id='page_1' title='image "./divithomaeaquina03thomuoft_1209.png"; bbox 0 0 1859 3122; ppageno 0'>
   <div class='ocr_carea' id='block_1_1' title="bbox 395 225 1600 261">
    <p class='ocr_par' dir='ltr' id='par_1_1' title="bbox 395 225 1600 261">
     <span class='ocr_line' id='line_1_1' title="bbox 395 225 1600 261; baseline 0.001 -6"><span class='ocrx_word' id='word_1_1' title='bbox 395 225 616 261; x_wconf 86' lang='lat' dir='ltr'>QUAESTIO</span> <span class='ocrx_word' id='word_1_2' title='bbox 651 225 855 256; x_wconf 82' lang='lat' dir='ltr'><strong>CLXXXIV.</strong></span> <span class='ocrx_word' id='word_1_3' title='bbox 888 225 1133 256; x_wconf 86' lang='lat' dir='ltr'>ARTICULUS</span> <span class='ocrx_word' id='word_1_4' title='bbox 1167 225 1256 256; x_wconf 86' lang='lat' dir='ltr'>VIII.</span> <span class='ocrx_word' id='word_1_5' title='bbox 1496 226 1600 257; x_wconf 88' lang='lat'>1201</span> 
     </span>
    </p>
   </div>
   <div class='ocr_carea' id='block_1_2' title="bbox 0 307 1618 2978">
    <p class='ocr_par' dir='ltr' id='par_1_2' title="bbox 45 307 1609 838">
     <span class='ocr_line' id='line_1_2' title="bbox 45 307 1606 356; baseline 0.001 -14"><span class='ocrx_word' id='word_1_6' title='bbox 45 308 81 342; x_wconf 90' lang='lat' dir='ltr'>in</span> <span class='ocrx_word' id='word_1_7' title='bbox 103 319 169 342; x_wconf 91' lang='lat' dir='ltr'>suo</span> <span class='ocrx_word' id='word_1_8' title='bbox 184 307 278 342; x_wconf 90' lang='lat' dir='ltr'>Dial.</span> <span class='ocrx_word' id='word_1_9' title='bbox 301 309 372 353; x_wconf 74' lang='lat' dir='ltr'>(seu</span> <span class='ocrx_word' id='word_1_10' title='bbox 387 308 443 343; x_wconf 76' lang='lat' dir='ltr'>lib.</span> <span class='ocrx_word' id='word_1_11' title='bbox 459 308 491 343; x_wconf 82' lang='lat'>6.</span> <span class='ocrx_word' id='word_1_12' title='bbox 507 308 543 342; x_wconf 69' lang='lat' dir='ltr'>de</span> <span class='ocrx_word' id='word_1_13' title='bbox 553 307 716 343; x_wconf 67' lang='lat' dir='ltr'>Sacerdot.</span> <span class='ocrx_word' id='word_1_14' title='bbox 737 314 806 355; x_wconf 76' lang='lat' dir='ltr'>cap.</span> <span class='ocrx_word' id='word_1_15' title='bbox 822 320 854 353; x_wconf 79' lang='lat'>4.</span> <span class='ocrx_word' id='word_1_16' title='bbox 877 313 905 343; x_wconf 75' lang='lat' dir='ltr'>et</span> <span class='ocrx_word' id='word_1_17' title='bbox 927 315 998 355; x_wconf 79' lang='lat' dir='ltr'>cap.</span> <span class='ocrx_word' id='word_1_18' title='bbox 1017 308 1089 355; x_wconf 88' lang='lat'>7.):</span> <span class='ocrx_word' id='word_1_19' title='bbox 1115 308 1187 342; x_wconf 91' lang='lat' dir='ltr'>«Si</span> <span class='ocrx_word' id='word_1_20' title='bbox 1207 308 1318 344; x_wconf 86' lang='lat' dir='ltr'>talem</span> <span class='ocrx_word' id='word_1_21' title='bbox 1338 310 1426 344; x_wconf 87' lang='lat' dir='ltr'>mihi</span> <span class='ocrx_word' id='word_1_22' title='bbox 1450 309 1606 356; x_wconf 83' lang='lat' dir='ltr'>aliquem</span> 
     </span>
     <span class='ocr_line' id='line_1_3' title="bbox 45 361 1605 408; baseline 0.001 -12"><span class='ocrx_word' id='word_1_23' title='bbox 45 361 202 396; x_wconf 88' lang='lat' dir='ltr'>adducas</span> <span class='ocrx_word' id='word_1_24' title='bbox 220 362 456 404; x_wconf 88' lang='lat' dir='ltr'>monachum,</span> <span class='ocrx_word' id='word_1_25' title='bbox 479 361 605 408; x_wconf 89' lang='lat' dir='ltr'>qualis,</span> <span class='ocrx_word' id='word_1_26' title='bbox 628 370 665 396; x_wconf 91' lang='lat' dir='ltr'>ut</span> <span class='ocrx_word' id='word_1_27' title='bbox 683 362 881 396; x_wconf 89' lang='lat' dir='ltr'>secundum</span> <span class='ocrx_word' id='word_1_28' title='bbox 900 362 1219 407; x_wconf 77' lang='lat' dir='ltr'>exaggerationem</span> <span class='ocrx_word' id='word_1_29' title='bbox 1235 362 1365 405; x_wconf 87' lang='lat' dir='ltr'>dicam,</span> <span class='ocrx_word' id='word_1_30' title='bbox 1382 363 1506 398; x_wconf 85' lang='lat' dir='ltr'>Helias</span> <span class='ocrx_word' id='word_1_31' title='bbox 1520 363 1605 398; x_wconf 83' lang='lat' dir='ltr'>fuit:</span> 
     </span>
     <span class='ocr_line' id='line_1_4' title="bbox 45 415 1608 462; baseline 0.001 -13"><span class='ocrx_word' id='word_1_32' title='bbox 45 426 118 450; x_wconf 91' lang='lat' dir='ltr'>non</span> <span class='ocrx_word' id='word_1_33' title='bbox 140 423 262 450; x_wconf 87' lang='lat' dir='ltr'>tamen</span> <span class='ocrx_word' id='word_1_34' title='bbox 286 415 335 449; x_wconf 91' lang='lat' dir='ltr'>illi</span> <span class='ocrx_word' id='word_1_35' title='bbox 363 416 627 462; x_wconf 86' lang='lat' dir='ltr'>comparandus</span> <span class='ocrx_word' id='word_1_36' title='bbox 649 424 712 457; x_wconf 89' lang='lat' dir='ltr'>est,</span> <span class='ocrx_word' id='word_1_37' title='bbox 740 416 799 462; x_wconf 88' lang='lat' dir='ltr'>qui</span> <span class='ocrx_word' id='word_1_38' title='bbox 821 416 968 450; x_wconf 88' lang='lat' dir='ltr'>traditus</span> <span class='ocrx_word' id='word_1_39' title='bbox 995 416 1149 462; x_wconf 89' lang='lat' dir='ltr'>populis,</span> <span class='ocrx_word' id='word_1_40' title='bbox 1179 425 1213 451; x_wconf 86' lang='lat' dir='ltr'>et</span> <span class='ocrx_word' id='word_1_41' title='bbox 1235 416 1431 451; x_wconf 88' lang='lat' dir='ltr'>multorum</span> <span class='ocrx_word' id='word_1_42' title='bbox 1460 424 1608 462; x_wconf 87' lang='lat' dir='ltr'>peccata</span> 
     </span>
     <span class='ocr_line' id='line_1_5' title="bbox 45 468 1606 517; baseline 0.001 -14"><span class='ocrx_word' id='word_1_43' title='bbox 45 468 136 503; x_wconf 84' lang='lat' dir='ltr'>serre</span> <span class='ocrx_word' id='word_1_44' title='bbox 151 469 372 516; x_wconf 89' lang='lat' dir='ltr'>compulsus,</span> <span class='ocrx_word' id='word_1_45' title='bbox 393 469 589 503; x_wconf 89' lang='lat' dir='ltr'>immobilis</span> <span class='ocrx_word' id='word_1_46' title='bbox 604 478 818 516; x_wconf 79' lang='lat' dir='ltr'>perseverat,</span> <span class='ocrx_word' id='word_1_47' title='bbox 835 478 868 504; x_wconf 88' lang='lat' dir='ltr'>et</span> <span class='ocrx_word' id='word_1_48' title='bbox 882 469 982 504; x_wconf 85' lang='lat' dir='ltr'>fortis</span> <span class='ocrx_word' id='word_1_49' title='bbox 996 483 1036 505; x_wconf 78' lang='lat' dir='ltr'>»z</span> <span class='ocrx_word' id='word_1_50' title='bbox 1059 478 1093 504; x_wconf 88' lang='lat' dir='ltr'>et</span> <span class='ocrx_word' id='word_1_51' title='bbox 1107 470 1214 516; x_wconf 83' lang='lat' dir='ltr'>paulo</span> <span class='ocrx_word' id='word_1_52' title='bbox 1231 479 1311 516; x_wconf 91' lang='lat' dir='ltr'>post</span> <span class='ocrx_word' id='word_1_53' title='bbox 1325 471 1410 505; x_wconf 88' lang='lat' dir='ltr'>dicit</span> <span class='ocrx_word' id='word_1_54' title='bbox 1428 471 1516 517; x_wconf 73' lang='lat' dir='ltr'>(cap.</span> <span class='ocrx_word' id='word_1_55' title='bbox 1537 472 1606 517; x_wconf 87' lang='lat'>7.):</span> 
     </span>
     <span class='ocr_line' id='line_1_6' title="bbox 49 523 1609 570; baseline 0.002 -14"><span class='ocrx_word' id='word_1_56' title='bbox 49 523 121 558; x_wconf 88' lang='lat' dir='ltr'>«Si</span> <span class='ocrx_word' id='word_1_57' title='bbox 143 524 221 570; x_wconf 90' lang='lat' dir='ltr'>quis</span> <span class='ocrx_word' id='word_1_58' title='bbox 251 523 340 558; x_wconf 89' lang='lat' dir='ltr'>mihi</span> <span class='ocrx_word' id='word_1_59' title='bbox 362 532 581 570; x_wconf 83' lang='lat' dir='ltr'>proponeret</span> <span class='ocrx_word' id='word_1_60' title='bbox 603 524 802 570; x_wconf 81' lang='lat' dir='ltr'>optionem,</span> <span class='ocrx_word' id='word_1_61' title='bbox 830 524 889 558; x_wconf 90' lang='lat' dir='ltr'>ubi</span> <span class='ocrx_word' id='word_1_62' title='bbox 919 523 1066 558; x_wconf 86' lang='lat' dir='ltr'>mallem</span> <span class='ocrx_word' id='word_1_63' title='bbox 1095 524 1247 570; x_wconf 83' lang='lat' dir='ltr'>placere,</span> <span class='ocrx_word' id='word_1_64' title='bbox 1276 525 1312 558; x_wconf 90' lang='lat' dir='ltr'>in</span> <span class='ocrx_word' id='word_1_65' title='bbox 1342 524 1463 559; x_wconf 85' lang='lat' dir='ltr'>officio</span> <span class='ocrx_word' id='word_1_66' title='bbox 1495 536 1609 559; x_wconf 85' lang='lat' dir='ltr'>sacer-</span> 
     </span>
     <span class='ocr_line' id='line_1_7' title="bbox 47 577 1608 625; baseline 0.001 -14"><span class='ocrx_word' id='word_1_67' title='bbox 47 577 170 619; x_wconf 84' lang='lat' dir='ltr'>dotali,</span> <span class='ocrx_word' id='word_1_68' title='bbox 194 589 237 611; x_wconf 88' lang='lat' dir='ltr'>an</span> <span class='ocrx_word' id='word_1_69' title='bbox 253 577 288 611; x_wconf 91' lang='lat' dir='ltr'>in</span> <span class='ocrx_word' id='word_1_70' title='bbox 309 577 502 612; x_wconf 85' lang='lat' dir='ltr'>solitudine</span> <span class='ocrx_word' id='word_1_71' title='bbox 522 577 800 619; x_wconf 87' lang='lat' dir='ltr'>monachorum,</span> <span class='ocrx_word' id='word_1_72' title='bbox 823 578 898 612; x_wconf 89' lang='lat' dir='ltr'>sine</span> <span class='ocrx_word' id='word_1_73' title='bbox 915 578 1189 624; x_wconf 84' lang='lat' dir='ltr'>comparatione</span> <span class='ocrx_word' id='word_1_74' title='bbox 1205 578 1377 624; x_wconf 81' lang='lat' dir='ltr'>eligerem</span> <span class='ocrx_word' id='word_1_75' title='bbox 1399 578 1497 621; x_wconf 85' lang='lat' dir='ltr'>illud,</span> <span class='ocrx_word' id='word_1_76' title='bbox 1512 579 1608 625; x_wconf 91' lang='lat' dir='ltr'>quod</span> 
     </span>
     <span class='ocr_line' id='line_1_8' title="bbox 47 631 1608 678; baseline 0.001 -14"><span class='ocrx_word' id='word_1_77' title='bbox 47 631 143 678; x_wconf 90' lang='lat' dir='ltr'>prius</span> <span class='ocrx_word' id='word_1_78' title='bbox 166 632 235 665; x_wconf 81' lang='lat' dir='ltr'>dixi</span> <span class='ocrx_word' id='word_1_79' title='bbox 250 644 290 669; x_wconf 70' lang='grc' dir='ltr'>»ς</span> <span class='ocrx_word' id='word_1_80' title='bbox 318 639 352 665; x_wconf 93' lang='lat' dir='ltr'>et</span> <span class='ocrx_word' id='word_1_81' title='bbox 378 631 414 664; x_wconf 90' lang='lat' dir='ltr'>in</span> <span class='ocrx_word' id='word_1_82' title='bbox 437 631 566 665; x_wconf 86' lang='lat' dir='ltr'>eodem</span> <span class='ocrx_word' id='word_1_83' title='bbox 594 631 685 665; x_wconf 90' lang='lat' dir='ltr'>libro</span> <span class='ocrx_word' id='word_1_84' title='bbox 710 631 798 678; x_wconf 78' lang='lat' dir='ltr'>(cap.</span> <span class='ocrx_word' id='word_1_85' title='bbox 822 632 869 677; x_wconf 78' lang='lat'>5.)</span> <span class='ocrx_word' id='word_1_86' title='bbox 897 631 999 666; x_wconf 87' lang='lat' dir='ltr'>dicit:</span> <span class='ocrx_word' id='word_1_87' title='bbox 1036 645 1053 663; x_wconf 77' lang='grc' dir='ltr'>κ</span> <span class='ocrx_word' id='word_1_88' title='bbox 1071 632 1108 666; x_wconf 89' lang='lat' dir='ltr'>Si</span> <span class='ocrx_word' id='word_1_89' title='bbox 1135 632 1212 678; x_wconf 90' lang='lat' dir='ltr'>quis</span> <span class='ocrx_word' id='word_1_90' title='bbox 1239 632 1331 666; x_wconf 89' lang='lat' dir='ltr'>bene</span> <span class='ocrx_word' id='word_1_91' title='bbox 1359 632 1608 667; x_wconf 85' lang='lat' dir='ltr'>administrato</span> 
     </span>
     <span class='ocr_line' id='line_1_9' title="bbox 47 684 1608 730; baseline 0.001 -11"><span class='ocrx_word' id='word_1_92' title='bbox 47 685 264 726; x_wconf 86' lang='lat' dir='ltr'>sacerdotio,</span> <span class='ocrx_word' id='word_1_93' title='bbox 286 684 379 718; x_wconf 88' lang='lat' dir='ltr'>illius</span> <span class='ocrx_word' id='word_1_94' title='bbox 395 685 570 730; x_wconf 83' lang='lat' dir='ltr'>propositi</span> <span class='ocrx_word' id='word_1_95' title='bbox 592 685 746 729; x_wconf 88' lang='lat' dir='ltr'>(scilicet</span> <span class='ocrx_word' id='word_1_96' title='bbox 768 685 1010 729; x_wconf 84' lang='lat' dir='ltr'>monachalis)</span> <span class='ocrx_word' id='word_1_97' title='bbox 1026 686 1175 720; x_wconf 86' lang='lat' dir='ltr'>sudores</span> <span class='ocrx_word' id='word_1_98' title='bbox 1194 685 1364 730; x_wconf 89' lang='lat' dir='ltr'>conferat,</span> <span class='ocrx_word' id='word_1_99' title='bbox 1383 694 1523 720; x_wconf 88' lang='lat' dir='ltr'>tantum</span> <span class='ocrx_word' id='word_1_100' title='bbox 1545 697 1608 721; x_wconf 92' lang='lat' dir='ltr'>eos</span> 
     </span>
     <span class='ocr_line' id='line_1_10' title="bbox 47 738 1606 815; baseline 0.001 -43"><span class='ocrx_word' id='word_1_101' title='bbox 47 739 177 773; x_wconf 88' lang='lat' dir='ltr'>distare</span> <span class='ocrx_word' id='word_1_102' title='bbox 192 738 354 784; x_wconf 82' lang='lat' dir='ltr'>reperiet,</span> <span class='ocrx_word' id='word_1_103' title='bbox 369 746 543 784; x_wconf 89' lang='lat' dir='ltr'>quantum</span> <span class='ocrx_word' id='word_1_104' title='bbox 558 739 650 772; x_wconf 90' lang='lat' dir='ltr'>inter</span> <span class='ocrx_word' id='word_1_105' title='bbox 664 739 753 784; x_wconf 80' lang='lat' dir='ltr'>priv</span> <span class='ocrx_word' id='word_1_106' title='bbox 745 747 842 773; x_wconf 83' lang='lat' dir='ltr'>atum</span> <span class='ocrx_word' id='word_1_107' title='bbox 870 739 976 773; x_wconf 80' lang='lat' dir='ltr'>distat</span> <span class='ocrx_word' id='word_1_108' title='bbox 990 747 1024 773; x_wconf 88' lang='lat' dir='ltr'>et</span> <span class='ocrx_word' id='word_1_109' title='bbox 1043 750 1165 785; x_wconf 87' lang='lat' dir='ltr'>regem</span> <span class='ocrx_word' id='word_1_110' title='bbox 1182 752 1220 771; x_wconf 81' lang='lat'>»-</span> <span class='ocrx_word' id='word_1_111' title='bbox 1214 750 1328 785; x_wconf 88' lang='lat' dir='ltr'>‚ergo</span> <span class='ocrx_word' id='word_1_112' title='bbox 1346 740 1497 782; x_wconf 88' lang='lat' dir='ltr'>videtur,</span> <span class='ocrx_word' id='word_1_113' title='bbox 1511 739 1606 815; x_wconf 89' lang='lat' dir='ltr'>quod</span> 
     </span>
     <span class='ocr_line' id='line_1_11' title="bbox 47 792 1374 838; baseline 0.001 -12"><span class='ocrx_word' id='word_1_114' title='bbox 47 793 252 827; x_wconf 84' lang='lat' dir='ltr'>sacerdotes</span> <span class='ocrx_word' id='word_1_115' title='bbox 273 792 447 826; x_wconf 85' lang='lat' dir='ltr'>habentes</span> <span class='ocrx_word' id='word_1_116' title='bbox 470 803 594 826; x_wconf 91' lang='lat' dir='ltr'>curam</span> <span class='ocrx_word' id='word_1_117' title='bbox 618 794 781 826; x_wconf 85' lang='lat' dir='ltr'>animaru</span> <span class='ocrx_word' id='word_1_118' title='bbox 786 805 821 826; x_wconf 80' lang='lat' dir='ltr'>n</span> <span class='ocrx_word' id='word_1_119' title='bbox 843 793 913 827; x_wconf 89' lang='lat' dir='ltr'>sint</span> <span class='ocrx_word' id='word_1_120' title='bbox 934 792 1164 838; x_wconf 79' lang='lat' dir='ltr'>perfectiores</span> <span class='ocrx_word' id='word_1_121' title='bbox 1186 793 1374 838; x_wconf 80' lang='lat' dir='ltr'>religiosis.</span> 
     </span>
    </p>

    <p class='ocr_par' dir='ltr' id='par_1_3' title="bbox 48 846 1610 1107">
     <span class='ocr_line' id='line_1_12' title="bbox 119 846 1609 893; baseline -0.001 -12"><span class='ocrx_word' id='word_1_122' title='bbox 119 856 150 880; x_wconf 88' lang='lat'>2.</span> <span class='ocrx_word' id='word_1_123' title='bbox 173 846 408 881; x_wconf 74' lang='lat' dir='ltr'>PRAETEREA.</span> <span class='ocrx_word' id='word_1_124' title='bbox 432 846 586 891; x_wconf 85' lang='lat' dir='ltr'>August.</span> <span class='ocrx_word' id='word_1_125' title='bbox 609 846 722 880; x_wconf 87' lang='lat' dir='ltr'>dicit</span> <span class='ocrx_word' id='word_1_126' title='bbox 716 858 751 880; x_wconf 84' lang='lat' dir='ltr'>in</span> <span class='ocrx_word' id='word_1_127' title='bbox 774 847 874 892; x_wconf 88' lang='lat' dir='ltr'>epist.</span> <span class='ocrx_word' id='word_1_128' title='bbox 897 847 939 880; x_wconf 87' lang='lat' dir='ltr'>ad</span> <span class='ocrx_word' id='word_1_129' title='bbox 962 846 1081 881; x_wconf 87' lang='lat' dir='ltr'>Valer.</span> <span class='ocrx_word' id='word_1_130' title='bbox 1105 847 1212 893; x_wconf 72' lang='lat' dir='ltr'>(epist.</span> <span class='ocrx_word' id='word_1_131' title='bbox 1235 859 1284 882; x_wconf 79' lang='lat'>21.</span> <span class='ocrx_word' id='word_1_132' title='bbox 1307 847 1348 881; x_wconf 82' lang='lat' dir='ltr'>ol.</span> <span class='ocrx_word' id='word_1_133' title='bbox 1375 847 1490 892; x_wconf 77' lang='lat' dir='ltr'>14S.:)</span> <span class='ocrx_word' id='word_1_134' title='bbox 1509 846 1609 881; x_wconf 86' lang='lat' dir='ltr'>«Co-</span> 
     </span>
     <span class='ocr_line' id='line_1_13' title="bbox 48 899 1608 947; baseline 0.001 -13"><span class='ocrx_word' id='word_1_135' title='bbox 48 900 136 946; x_wconf 86' lang='lat' dir='ltr'>gitet</span> <span class='ocrx_word' id='word_1_136' title='bbox 157 899 325 945; x_wconf 89' lang='lat' dir='ltr'>religiosa</span> <span class='ocrx_word' id='word_1_137' title='bbox 341 900 527 946; x_wconf 87' lang='lat' dir='ltr'>prudentia</span> <span class='ocrx_word' id='word_1_138' title='bbox 549 908 621 943; x_wconf 83' lang='lat' dir='ltr'>tua,</span> <span class='ocrx_word' id='word_1_139' title='bbox 643 900 732 933; x_wconf 88' lang='lat' dir='ltr'>nihil</span> <span class='ocrx_word' id='word_1_140' title='bbox 752 911 828 934; x_wconf 88' lang='lat' dir='ltr'>esse</span> <span class='ocrx_word' id='word_1_141' title='bbox 850 901 885 934; x_wconf 88' lang='lat' dir='ltr'>in</span> <span class='ocrx_word' id='word_1_142' title='bbox 908 901 975 934; x_wconf 88' lang='lat' dir='ltr'>hac</span> <span class='ocrx_word' id='word_1_143' title='bbox 997 902 1081 943; x_wconf 88' lang='lat' dir='ltr'>vita,</span> <span class='ocrx_word' id='word_1_144' title='bbox 1105 909 1138 935; x_wconf 89' lang='lat' dir='ltr'>et</span> <span class='ocrx_word' id='word_1_145' title='bbox 1161 901 1317 935; x_wconf 82' lang='lat' dir='ltr'>maxime</span> <span class='ocrx_word' id='word_1_146' title='bbox 1338 901 1409 935; x_wconf 89' lang='lat' dir='ltr'>hoc</span> <span class='ocrx_word' id='word_1_147' title='bbox 1432 909 1608 947; x_wconf 86' lang='lat' dir='ltr'>tempore,</span> 
     </span>
     <span class='ocr_line' id='line_1_14' title="bbox 48 953 1608 1001; baseline 0.001 -14"><span class='ocrx_word' id='word_1_148' title='bbox 48 953 239 995; x_wconf 85' lang='lat' dir='ltr'>difficilius,</span> <span class='ocrx_word' id='word_1_149' title='bbox 262 953 490 995; x_wconf 80' lang='lat' dir='ltr'>laboriosius,</span> <span class='ocrx_word' id='word_1_150' title='bbox 512 953 749 999; x_wconf 87' lang='lat' dir='ltr'>periculosius</span> <span class='ocrx_word' id='word_1_151' title='bbox 771 954 953 1000; x_wconf 83' lang='lat' dir='ltr'>Episcopi,</span> <span class='ocrx_word' id='word_1_152' title='bbox 977 962 1035 988; x_wconf 90' lang='lat' dir='ltr'>aut</span> <span class='ocrx_word' id='word_1_153' title='bbox 1057 954 1265 1001; x_wconf 87' lang='lat' dir='ltr'>presbyteri,</span> <span class='ocrx_word' id='word_1_154' title='bbox 1288 963 1348 989; x_wconf 88' lang='lat' dir='ltr'>aut</span> <span class='ocrx_word' id='word_1_155' title='bbox 1369 955 1513 989; x_wconf 89' lang='lat' dir='ltr'>diaconi</span> <span class='ocrx_word' id='word_1_156' title='bbox 1531 954 1608 988; x_wconf 88' lang='lat' dir='ltr'>offi-</span> 
     </span>
     <span class='ocr_line' id='line_1_15' title="bbox 49 1007 1610 1054; baseline 0.001 -13"><span class='ocrx_word' id='word_1_157' title='bbox 49 1008 128 1041; x_wconf 91' lang='lat' dir='ltr'>cio:</span> <span class='ocrx_word' id='word_1_158' title='bbox 152 1007 214 1042; x_wconf 90' lang='lat' dir='ltr'>sed</span> <span class='ocrx_word' id='word_1_159' title='bbox 237 1007 329 1052; x_wconf 84' lang='lat' dir='ltr'>apud</span> <span class='ocrx_word' id='word_1_160' title='bbox 352 1008 473 1040; x_wconf 86' lang='lat' dir='ltr'>Deum</span> <span class='ocrx_word' id='word_1_161' title='bbox 501 1007 590 1040; x_wconf 86' lang='lat' dir='ltr'>nihil</span> <span class='ocrx_word' id='word_1_162' title='bbox 613 1007 762 1049; x_wconf 84' lang='lat' dir='ltr'>beatius,</span> <span class='ocrx_word' id='word_1_163' title='bbox 789 1008 818 1041; x_wconf 86' lang='lat' dir='ltr'>si</span> <span class='ocrx_word' id='word_1_164' title='bbox 841 1019 884 1041; x_wconf 86' lang='lat' dir='ltr'>eo</span> <span class='ocrx_word' id='word_1_165' title='bbox 907 1008 1018 1041; x_wconf 79' lang='lat' dir='ltr'>modo</span> <span class='ocrx_word' id='word_1_166' title='bbox 1042 1007 1224 1049; x_wconf 88' lang='lat' dir='ltr'>militetur,</span> <span class='ocrx_word' id='word_1_167' title='bbox 1247 1019 1318 1053; x_wconf 91' lang='lat' dir='ltr'>quo</span> <span class='ocrx_word' id='word_1_168' title='bbox 1345 1017 1467 1042; x_wconf 90' lang='lat' dir='ltr'>noster</span> <span class='ocrx_word' id='word_1_169' title='bbox 1496 1008 1610 1054; x_wconf 89' lang='lat' dir='ltr'>Impe-</span> 
     </span>
     <span class='ocr_line' id='line_1_16' title="bbox 50 1060 1610 1107; baseline 0 -12"><span class='ocrx_word' id='word_1_170' title='bbox 50 1070 148 1096; x_wconf 82' lang='lat' dir='ltr'>rator</span> <span class='ocrx_word' id='word_1_171' title='bbox 174 1061 271 1106; x_wconf 77' lang='lat' dir='ltr'>jubet</span> <span class='ocrx_word' id='word_1_172' title='bbox 286 1073 326 1102; x_wconf 81' lang='lat'>»;</span> <span class='ocrx_word' id='word_1_173' title='bbox 353 1071 428 1094; x_wconf 90' lang='lat' dir='ltr'>non</span> <span class='ocrx_word' id='word_1_174' title='bbox 455 1071 542 1105; x_wconf 87' lang='lat' dir='ltr'>ergo</span> <span class='ocrx_word' id='word_1_175' title='bbox 564 1060 725 1105; x_wconf 79' lang='lat' dir='ltr'>religiosi</span> <span class='ocrx_word' id='word_1_176' title='bbox 746 1069 828 1094; x_wconf 85' lang='lat' dir='ltr'>sunt</span> <span class='ocrx_word' id='word_1_177' title='bbox 854 1060 1086 1106; x_wconf 84' lang='lat' dir='ltr'>perfectiores</span> <span class='ocrx_word' id='word_1_178' title='bbox 1110 1061 1336 1107; x_wconf 84' lang='lat' dir='ltr'>presbyteris,</span> <span class='ocrx_word' id='word_1_179' title='bbox 1359 1070 1419 1095; x_wconf 87' lang='lat' dir='ltr'>aut</span> <span class='ocrx_word' id='word_1_180' title='bbox 1437 1062 1610 1096; x_wconf 86' lang='lat' dir='ltr'>diaconis.</span> 
     </span>
    </p>

    <p class='ocr_par' dir='ltr' id='par_1_4' title="bbox 0 1114 1612 1536">
     <span class='ocr_line' id='line_1_17' title="bbox 122 1114 1609 1160; baseline 0 -11"><span class='ocrx_word' id='word_1_181' title='bbox 122 1127 150 1160; x_wconf 79' lang='lat'>3.</span> <span class='ocrx_word' id='word_1_182' title='bbox 178 1115 414 1149; x_wconf 72' lang='lat' dir='ltr'>PRAETEREA.</span> <span class='ocrx_word' id='word_1_183' title='bbox 437 1114 590 1159; x_wconf 83' lang='lat' dir='ltr'>August.</span> <span class='ocrx_word' id='word_1_184' title='bbox 614 1114 698 1148; x_wconf 83' lang='lat' dir='ltr'>dicit</span> <span class='ocrx_word' id='word_1_185' title='bbox 720 1114 762 1147; x_wconf 84' lang='lat' dir='ltr'>ad</span> <span class='ocrx_word' id='word_1_186' title='bbox 784 1114 907 1148; x_wconf 88' lang='lat' dir='ltr'>Aurel.</span> <span class='ocrx_word' id='word_1_187' title='bbox 932 1114 1034 1160; x_wconf 73' lang='lat' dir='ltr'>(epist.</span> <span class='ocrx_word' id='word_1_188' title='bbox 1057 1125 1112 1158; x_wconf 78' lang='lat'>40.</span> <span class='ocrx_word' id='word_1_189' title='bbox 1136 1115 1176 1148; x_wconf 86' lang='lat' dir='ltr'>ol.</span> <span class='ocrx_word' id='word_1_190' title='bbox 1197 1116 1283 1160; x_wconf 84' lang='lat'>76.):</span> <span class='ocrx_word' id='word_1_191' title='bbox 1310 1127 1327 1146; x_wconf 80' lang='grc' dir='ltr'>α</span> <span class='ocrx_word' id='word_1_192' title='bbox 1348 1115 1465 1149; x_wconf 87' lang='lat' dir='ltr'>Nimis</span> <span class='ocrx_word' id='word_1_193' title='bbox 1488 1115 1609 1149; x_wconf 88' lang='lat' dir='ltr'>dolen-</span> 
     </span>
     <span class='ocr_line' id='line_1_18' title="bbox 48 1167 1611 1214; baseline 0 -12"><span class='ocrx_word' id='word_1_194' title='bbox 48 1169 133 1203; x_wconf 87' lang='lat' dir='ltr'>dum</span> <span class='ocrx_word' id='word_1_195' title='bbox 157 1176 220 1210; x_wconf 91' lang='lat' dir='ltr'>est,</span> <span class='ocrx_word' id='word_1_196' title='bbox 242 1168 271 1202; x_wconf 92' lang='lat' dir='ltr'>si</span> <span class='ocrx_word' id='word_1_197' title='bbox 294 1168 337 1201; x_wconf 91' lang='lat' dir='ltr'>ad</span> <span class='ocrx_word' id='word_1_198' title='bbox 359 1176 434 1201; x_wconf 87' lang='lat' dir='ltr'>tam</span> <span class='ocrx_word' id='word_1_199' title='bbox 457 1168 641 1201; x_wconf 85' lang='lat' dir='ltr'>ruinosam</span> <span class='ocrx_word' id='word_1_200' title='bbox 661 1167 866 1212; x_wconf 80' lang='lat' dir='ltr'>superbiam</span> <span class='ocrx_word' id='word_1_201' title='bbox 889 1167 1091 1201; x_wconf 87' lang='lat' dir='ltr'>monachos</span> <span class='ocrx_word' id='word_1_202' title='bbox 1114 1168 1346 1213; x_wconf 79' lang='lat' dir='ltr'>surrigamuS,</span> <span class='ocrx_word' id='word_1_203' title='bbox 1362 1176 1396 1202; x_wconf 90' lang='lat' dir='ltr'>et</span> <span class='ocrx_word' id='word_1_204' title='bbox 1413 1176 1488 1202; x_wconf 88' lang='lat' dir='ltr'>tam</span> <span class='ocrx_word' id='word_1_205' title='bbox 1511 1169 1611 1214; x_wconf 84' lang='lat' dir='ltr'>gravi</span> 
     </span>
     <span class='ocr_line' id='line_1_19' title="bbox 0 1216 1610 1267; baseline 0 -11"><span class='ocrx_word' id='word_1_206' title='bbox 0 1216 1 1230; x_wconf 61' lang='lat'>³</span> <span class='ocrx_word' id='word_1_207' title='bbox 49 1221 270 1256; x_wconf 84' lang='lat' dir='ltr'>contumelia</span> <span class='ocrx_word' id='word_1_208' title='bbox 287 1221 436 1255; x_wconf 91' lang='lat' dir='ltr'>clericos</span> <span class='ocrx_word' id='word_1_209' title='bbox 456 1220 584 1266; x_wconf 84' lang='lat' dir='ltr'>dignos</span> <span class='ocrx_word' id='word_1_210' title='bbox 601 1228 780 1266; x_wconf 91' lang='lat' dir='ltr'>putemus,</span> <span class='ocrx_word' id='word_1_211' title='bbox 796 1228 834 1254; x_wconf 92' lang='lat' dir='ltr'>ut</span> <span class='ocrx_word' id='word_1_212' title='bbox 847 1220 984 1254; x_wconf 91' lang='lat' dir='ltr'>scilicet</span> <span class='ocrx_word' id='word_1_213' title='bbox 999 1220 1148 1262; x_wconf 86' lang='lat' dir='ltr'>dicatur,</span> <span class='ocrx_word' id='word_1_214' title='bbox 1164 1221 1260 1267; x_wconf 86' lang='lat' dir='ltr'>quod</span> <span class='ocrx_word' id='word_1_215' title='bbox 1277 1221 1392 1255; x_wconf 80' lang='lat' dir='ltr'>malus</span> <span class='ocrx_word' id='word_1_216' title='bbox 1408 1222 1610 1256; x_wconf 89' lang='lat' dir='ltr'>monachus</span> 
     </span>
     <span class='ocr_line' id='line_1_20' title="bbox 48 1274 1611 1320; baseline -0.001 -10"><span class='ocrx_word' id='word_1_217' title='bbox 48 1276 164 1310; x_wconf 86' lang='lat' dir='ltr'>bonus</span> <span class='ocrx_word' id='word_1_218' title='bbox 186 1274 338 1309; x_wconf 85' lang='lat' dir='ltr'>clericus</span> <span class='ocrx_word' id='word_1_219' title='bbox 361 1283 424 1316; x_wconf 88' lang='lat' dir='ltr'>est,</span> <span class='ocrx_word' id='word_1_220' title='bbox 446 1285 530 1308; x_wconf 92' lang='lat' dir='ltr'>cum</span> <span class='ocrx_word' id='word_1_221' title='bbox 552 1274 745 1320; x_wconf 88' lang='lat' dir='ltr'>aliquando</span> <span class='ocrx_word' id='word_1_222' title='bbox 769 1275 877 1308; x_wconf 82' lang='lat' dir='ltr'>etiam</span> <span class='ocrx_word' id='word_1_223' title='bbox 909 1274 1024 1308; x_wconf 90' lang='lat' dir='ltr'>bonus</span> <span class='ocrx_word' id='word_1_224' title='bbox 1053 1275 1253 1309; x_wconf 83' lang='lat' dir='ltr'>monachus</span> <span class='ocrx_word' id='word_1_225' title='bbox 1275 1277 1333 1309; x_wconf 76' lang='lat' dir='ltr'>vix</span> <span class='ocrx_word' id='word_1_226' title='bbox 1354 1275 1490 1309; x_wconf 90' lang='lat' dir='ltr'>bonurn</span> <span class='ocrx_word' id='word_1_227' title='bbox 1514 1275 1611 1310; x_wconf 89' lang='lat' dir='ltr'>cleri-</span> 
     </span>
     <span class='ocr_line' id='line_1_21' title="bbox 49 1327 1611 1374; baseline 0.001 -12"><span class='ocrx_word' id='word_1_228' title='bbox 49 1340 133 1363; x_wconf 87' lang='lat' dir='ltr'>cum</span> <span class='ocrx_word' id='word_1_229' title='bbox 153 1327 262 1362; x_wconf 89' lang='lat' dir='ltr'>faciat</span> <span class='ocrx_word' id='word_1_230' title='bbox 282 1340 322 1370; x_wconf 81' lang='lat'>»3</span> <span class='ocrx_word' id='word_1_231' title='bbox 346 1335 380 1362; x_wconf 92' lang='lat' dir='ltr'>et</span> <span class='ocrx_word' id='word_1_232' title='bbox 401 1327 509 1373; x_wconf 88' lang='lat' dir='ltr'>paulo</span> <span class='ocrx_word' id='word_1_233' title='bbox 533 1335 614 1361; x_wconf 85' lang='lat' dir='ltr'>ante</span> <span class='ocrx_word' id='word_1_234' title='bbox 636 1328 843 1374; x_wconf 87' lang='lat' dir='ltr'>praemittit,</span> <span class='ocrx_word' id='word_1_235' title='bbox 868 1341 886 1359; x_wconf 86' lang='lat'>«</span> <span class='ocrx_word' id='word_1_236' title='bbox 907 1339 981 1362; x_wconf 91' lang='lat' dir='ltr'>non</span> <span class='ocrx_word' id='word_1_237' title='bbox 1003 1339 1080 1362; x_wconf 89' lang='lat' dir='ltr'>esse</span> <span class='ocrx_word' id='word_1_238' title='bbox 1102 1329 1199 1362; x_wconf 79' lang='lat' dir='ltr'>viam</span> <span class='ocrx_word' id='word_1_239' title='bbox 1222 1329 1377 1363; x_wconf 86' lang='lat' dir='ltr'>dandam</span> <span class='ocrx_word' id='word_1_240' title='bbox 1408 1330 1520 1364; x_wconf 85' lang='lat' dir='ltr'>servis</span> <span class='ocrx_word' id='word_1_241' title='bbox 1541 1330 1611 1364; x_wconf 89' lang='lat' dir='ltr'>Dei</span> 
     </span>
     <span class='ocr_line' id='line_1_22' title="bbox 50 1381 1612 1428; baseline 0 -11"><span class='ocrx_word' id='word_1_242' title='bbox 50 1383 158 1428; x_wconf 84' lang='lat' dir='ltr'>(idest</span> <span class='ocrx_word' id='word_1_243' title='bbox 178 1381 386 1425; x_wconf 86' lang='lat' dir='ltr'>monachis)</span> <span class='ocrx_word' id='word_1_244' title='bbox 406 1390 444 1414; x_wconf 87' lang='lat' dir='ltr'>ut</span> <span class='ocrx_word' id='word_1_245' title='bbox 465 1393 501 1415; x_wconf 88' lang='lat' dir='ltr'>se</span> <span class='ocrx_word' id='word_1_246' title='bbox 525 1381 664 1415; x_wconf 81' lang='lat' dir='ltr'>facilius</span> <span class='ocrx_word' id='word_1_247' title='bbox 692 1389 816 1427; x_wconf 91' lang='lat' dir='ltr'>putent</span> <span class='ocrx_word' id='word_1_248' title='bbox 839 1381 923 1426; x_wconf 88' lang='lat' dir='ltr'>eligi</span> <span class='ocrx_word' id='word_1_249' title='bbox 950 1381 993 1415; x_wconf 85' lang='lat' dir='ltr'>ad</span> <span class='ocrx_word' id='word_1_250' title='bbox 1020 1381 1154 1427; x_wconf 90' lang='lat' dir='ltr'>aliquid</span> <span class='ocrx_word' id='word_1_251' title='bbox 1180 1382 1309 1416; x_wconf 88' lang='lat' dir='ltr'>melius</span> <span class='ocrx_word' id='word_1_252' title='bbox 1332 1383 1487 1427; x_wconf 88' lang='lat' dir='ltr'>(scilicet</span> <span class='ocrx_word' id='word_1_253' title='bbox 1514 1383 1612 1417; x_wconf 88' lang='lat' dir='ltr'>cleri-</span> 
     </span>
     <span class='ocr_line' id='line_1_23' title="bbox 50 1434 1610 1482; baseline 0.001 -12"><span class='ocrx_word' id='word_1_254' title='bbox 50 1436 188 1480; x_wconf 85' lang='lat' dir='ltr'>catum)</span> <span class='ocrx_word' id='word_1_255' title='bbox 212 1435 242 1470; x_wconf 88' lang='lat' dir='ltr'>si</span> <span class='ocrx_word' id='word_1_256' title='bbox 262 1434 348 1469; x_wconf 88' lang='lat' dir='ltr'>facti</span> <span class='ocrx_word' id='word_1_257' title='bbox 368 1434 499 1469; x_wconf 85' lang='lat' dir='ltr'>fuerint</span> <span class='ocrx_word' id='word_1_258' title='bbox 521 1435 764 1476; x_wconf 82' lang='lat' dir='ltr'>deteriores»,</span> <span class='ocrx_word' id='word_1_259' title='bbox 779 1434 918 1469; x_wconf 88' lang='lat' dir='ltr'>scilicet</span> <span class='ocrx_word' id='word_1_260' title='bbox 935 1435 1075 1480; x_wconf 80' lang='lat' dir='ltr'>abjecto</span> <span class='ocrx_word' id='word_1_261' title='bbox 1096 1436 1336 1478; x_wconf 82' lang='lat' dir='ltr'>monachatu3</span> <span class='ocrx_word' id='word_1_262' title='bbox 1356 1447 1442 1482; x_wconf 87' lang='lat' dir='ltr'>ergo</span> <span class='ocrx_word' id='word_1_263' title='bbox 1460 1436 1610 1478; x_wconf 85' lang='lat' dir='ltr'>videtur,</span> 
     </span>
     <span class='ocr_line' id='line_1_24' title="bbox 50 1488 1326 1536; baseline 0 -13"><span class='ocrx_word' id='word_1_264' title='bbox 50 1490 146 1536; x_wconf 89' lang='lat' dir='ltr'>quod</span> <span class='ocrx_word' id='word_1_265' title='bbox 167 1489 218 1523; x_wconf 89' lang='lat' dir='ltr'>illi</span> <span class='ocrx_word' id='word_1_266' title='bbox 240 1489 300 1535; x_wconf 90' lang='lat' dir='ltr'>qui</span> <span class='ocrx_word' id='word_1_267' title='bbox 322 1496 404 1523; x_wconf 91' lang='lat' dir='ltr'>sunt</span> <span class='ocrx_word' id='word_1_268' title='bbox 424 1488 459 1522; x_wconf 88' lang='lat' dir='ltr'>in</span> <span class='ocrx_word' id='word_1_269' title='bbox 482 1496 573 1522; x_wconf 86' lang='lat' dir='ltr'>statu</span> <span class='ocrx_word' id='word_1_270' title='bbox 597 1488 765 1529; x_wconf 82' lang='lat' dir='ltr'>clericali,</span> <span class='ocrx_word' id='word_1_271' title='bbox 788 1488 857 1522; x_wconf 90' lang='lat' dir='ltr'>sint</span> <span class='ocrx_word' id='word_1_272' title='bbox 879 1488 1110 1534; x_wconf 86' lang='lat' dir='ltr'>perfectiores</span> <span class='ocrx_word' id='word_1_273' title='bbox 1137 1489 1326 1534; x_wconf 81' lang='lat' dir='ltr'>religiosis.</span> 
     </span>
    </p>

    <p class='ocr_par' dir='ltr' id='par_1_5' title="bbox 47 1541 1613 2016">
     <span class='ocr_line' id='line_1_25' title="bbox 122 1541 1610 1587; baseline 0 -10"><span class='ocrx_word' id='word_1_274' title='bbox 122 1552 154 1586; x_wconf 81' lang='lat'>4.</span> <span class='ocrx_word' id='word_1_275' title='bbox 177 1543 414 1577; x_wconf 75' lang='lat' dir='ltr'>PRAETEREA.</span> <span class='ocrx_word' id='word_1_276' title='bbox 441 1541 525 1575; x_wconf 89' lang='lat' dir='ltr'>Non</span> <span class='ocrx_word' id='word_1_277' title='bbox 552 1541 635 1575; x_wconf 85' lang='lat' dir='ltr'>licet</span> <span class='ocrx_word' id='word_1_278' title='bbox 661 1542 703 1575; x_wconf 92' lang='lat' dir='ltr'>de</span> <span class='ocrx_word' id='word_1_279' title='bbox 730 1549 822 1576; x_wconf 83' lang='lat' dir='ltr'>statu</span> <span class='ocrx_word' id='word_1_280' title='bbox 849 1542 979 1587; x_wconf 81' lang='lat' dir='ltr'>majori</span> <span class='ocrx_word' id='word_1_281' title='bbox 1006 1542 1049 1575; x_wconf 87' lang='lat' dir='ltr'>ad</span> <span class='ocrx_word' id='word_1_282' title='bbox 1077 1542 1257 1576; x_wconf 86' lang='lat' dir='ltr'>minorem</span> <span class='ocrx_word' id='word_1_283' title='bbox 1282 1542 1451 1578; x_wconf 84' lang='lat' dir='ltr'>transire:</span> <span class='ocrx_word' id='word_1_284' title='bbox 1478 1544 1540 1577; x_wconf 90' lang='lat' dir='ltr'>sed</span> <span class='ocrx_word' id='word_1_285' title='bbox 1567 1543 1610 1577; x_wconf 91' lang='lat' dir='ltr'>de</span> 
     </span>
     <span class='ocr_line' id='line_1_26' title="bbox 51 1594 1612 1642; baseline -0.001 -11"><span class='ocrx_word' id='word_1_286' title='bbox 51 1605 144 1632; x_wconf 82' lang='lat' dir='ltr'>statu</span> <span class='ocrx_word' id='word_1_287' title='bbox 171 1596 376 1630; x_wconf 86' lang='lat' dir='ltr'>monastico</span> <span class='ocrx_word' id='word_1_288' title='bbox 410 1595 561 1629; x_wconf 87' lang='lat' dir='ltr'>transire</span> <span class='ocrx_word' id='word_1_289' title='bbox 594 1594 679 1629; x_wconf 90' lang='lat' dir='ltr'>licet</span> <span class='ocrx_word' id='word_1_290' title='bbox 713 1595 755 1628; x_wconf 85' lang='lat' dir='ltr'>ad</span> <span class='ocrx_word' id='word_1_291' title='bbox 791 1594 952 1629; x_wconf 86' lang='lat' dir='ltr'>officium</span> <span class='ocrx_word' id='word_1_292' title='bbox 985 1595 1183 1642; x_wconf 88' lang='lat' dir='ltr'>presbyteri</span> <span class='ocrx_word' id='word_1_293' title='bbox 1215 1607 1339 1630; x_wconf 88' lang='lat' dir='ltr'>curam</span> <span class='ocrx_word' id='word_1_294' title='bbox 1368 1596 1550 1640; x_wconf 84' lang='lat' dir='ltr'>habentis3</span> <span class='ocrx_word' id='word_1_295' title='bbox 1573 1605 1612 1630; x_wconf 91' lang='lat' dir='ltr'>ut</span> 
     </span>
     <span class='ocr_line' id='line_1_27' title="bbox 51 1648 1612 1697; baseline 0 -13"><span class='ocrx_word' id='word_1_296' title='bbox 51 1658 148 1697; x_wconf 89' lang='lat' dir='ltr'>patet</span> <span class='ocrx_word' id='word_1_297' title='bbox 173 1648 224 1684; x_wconf 86' lang='lat'>16.</span> <span class='ocrx_word' id='word_1_298' title='bbox 248 1661 281 1695; x_wconf 87' lang='lat' dir='ltr'>q.</span> <span class='ocrx_word' id='word_1_299' title='bbox 309 1659 335 1682; x_wconf 84' lang='grc' dir='ltr'>Ι.</span> <span class='ocrx_word' id='word_1_300' title='bbox 358 1649 448 1694; x_wconf 79' lang='lat' dir='ltr'>(cap.</span> <span class='ocrx_word' id='word_1_301' title='bbox 475 1648 548 1693; x_wconf 78' lang='lat'>28.)</span> <span class='ocrx_word' id='word_1_302' title='bbox 575 1659 616 1682; x_wconf 76' lang='lat' dir='ltr'>ex</span> <span class='ocrx_word' id='word_1_303' title='bbox 638 1648 783 1682; x_wconf 90' lang='lat' dir='ltr'>decreto</span> <span class='ocrx_word' id='word_1_304' title='bbox 807 1648 943 1683; x_wconf 82' lang='lat' dir='ltr'>Gelasii</span> <span class='ocrx_word' id='word_1_305' title='bbox 965 1648 1097 1694; x_wconf 80' lang='lat' dir='ltr'>Papae,</span> <span class='ocrx_word' id='word_1_306' title='bbox 1119 1649 1180 1695; x_wconf 86' lang='lat' dir='ltr'>qui</span> <span class='ocrx_word' id='word_1_307' title='bbox 1201 1649 1303 1684; x_wconf 88' lang='lat' dir='ltr'>dicit:</span> <span class='ocrx_word' id='word_1_308' title='bbox 1329 1662 1346 1681; x_wconf 86' lang='lat'>‹&lt;</span> <span class='ocrx_word' id='word_1_309' title='bbox 1377 1650 1415 1684; x_wconf 91' lang='lat' dir='ltr'>Si</span> <span class='ocrx_word' id='word_1_310' title='bbox 1436 1650 1514 1696; x_wconf 90' lang='lat' dir='ltr'>quis</span> <span class='ocrx_word' id='word_1_311' title='bbox 1537 1662 1612 1684; x_wconf 91' lang='lat' dir='ltr'>mo-</span> 
     </span>
     <span class='ocr_line' id='line_1_28' title="bbox 47 1701 1612 1747; baseline -0.001 -9"><span class='ocrx_word' id='word_1_312' title='bbox 47 1704 186 1738; x_wconf 85' lang='lat' dir='ltr'>nachus</span> <span class='ocrx_word' id='word_1_313' title='bbox 212 1702 328 1744; x_wconf 87' lang='lat' dir='ltr'>fuerit,</span> <span class='ocrx_word' id='word_1_314' title='bbox 363 1702 423 1747; x_wconf 92' lang='lat' dir='ltr'>qui</span> <span class='ocrx_word' id='word_1_315' title='bbox 448 1701 662 1736; x_wconf 79' lang='lat' dir='ltr'>venerabilis</span> <span class='ocrx_word' id='word_1_316' title='bbox 689 1702 782 1736; x_wconf 84' lang='lat' dir='ltr'>vitae</span> <span class='ocrx_word' id='word_1_317' title='bbox 815 1703 957 1743; x_wconf 88' lang='lat' dir='ltr'>merito,</span> <span class='ocrx_word' id='word_1_318' title='bbox 992 1702 1194 1736; x_wconf 85' lang='lat' dir='ltr'>sacerdotio</span> <span class='ocrx_word' id='word_1_319' title='bbox 1230 1703 1358 1747; x_wconf 87' lang='lat' dir='ltr'>dignus</span> <span class='ocrx_word' id='word_1_320' title='bbox 1380 1703 1554 1746; x_wconf 85' lang='lat' dir='ltr'>videatur,</span> <span class='ocrx_word' id='word_1_321' title='bbox 1577 1712 1612 1737; x_wconf 89' lang='lat' dir='ltr'>et</span> 
     </span>
     <span class='ocr_line' id='line_1_29' title="bbox 51 1755 1612 1804; baseline -0.001 -12"><span class='ocrx_word' id='word_1_322' title='bbox 51 1757 185 1799; x_wconf 87' lang='lat' dir='ltr'>Abbas,</span> <span class='ocrx_word' id='word_1_323' title='bbox 208 1756 270 1790; x_wconf 89' lang='lat' dir='ltr'>sub</span> <span class='ocrx_word' id='word_1_324' title='bbox 299 1757 399 1801; x_wconf 86' lang='lat' dir='ltr'>cujus</span> <span class='ocrx_word' id='word_1_325' title='bbox 426 1755 579 1800; x_wconf 89' lang='lat' dir='ltr'>imperio</span> <span class='ocrx_word' id='word_1_326' title='bbox 602 1755 693 1800; x_wconf 87' lang='lat' dir='ltr'>Regi</span> <span class='ocrx_word' id='word_1_327' title='bbox 717 1755 863 1790; x_wconf 87' lang='lat' dir='ltr'>Christo</span> <span class='ocrx_word' id='word_1_328' title='bbox 887 1755 1026 1797; x_wconf 85' lang='lat' dir='ltr'>militat,</span> <span class='ocrx_word' id='word_1_329' title='bbox 1048 1755 1151 1790; x_wconf 88' lang='lat' dir='ltr'>illum</span> <span class='ocrx_word' id='word_1_330' title='bbox 1174 1755 1250 1789; x_wconf 84' lang='lat' dir='ltr'>fieri</span> <span class='ocrx_word' id='word_1_331' title='bbox 1276 1756 1525 1802; x_wconf 83' lang='lat' dir='ltr'>presbyterum</span> <span class='ocrx_word' id='word_1_332' title='bbox 1556 1769 1612 1804; x_wconf 91' lang='lat' dir='ltr'>pe-</span> 
     </span>
     <span class='ocr_line' id='line_1_30' title="bbox 50 1808 1613 1855; baseline -0.001 -10"><span class='ocrx_word' id='word_1_333' title='bbox 50 1811 156 1853; x_wconf 87' lang='lat' dir='ltr'>tierit,</span> <span class='ocrx_word' id='word_1_334' title='bbox 179 1810 220 1844; x_wconf 85' lang='lat' dir='ltr'>ab</span> <span class='ocrx_word' id='word_1_335' title='bbox 243 1809 425 1855; x_wconf 88' lang='lat' dir='ltr'>Episcopo</span> <span class='ocrx_word' id='word_1_336' title='bbox 448 1809 552 1842; x_wconf 85' lang='lat' dir='ltr'>debet</span> <span class='ocrx_word' id='word_1_337' title='bbox 574 1808 669 1854; x_wconf 87' lang='lat' dir='ltr'>eligi,</span> <span class='ocrx_word' id='word_1_338' title='bbox 685 1816 718 1842; x_wconf 92' lang='lat' dir='ltr'>et</span> <span class='ocrx_word' id='word_1_339' title='bbox 738 1809 774 1842; x_wconf 93' lang='lat' dir='ltr'>in</span> <span class='ocrx_word' id='word_1_340' title='bbox 796 1808 892 1851; x_wconf 86' lang='lat' dir='ltr'>loco,</span> <span class='ocrx_word' id='word_1_341' title='bbox 908 1820 979 1855; x_wconf 90' lang='lat' dir='ltr'>quo</span> <span class='ocrx_word' id='word_1_342' title='bbox 1002 1809 1222 1854; x_wconf 82' lang='lat' dir='ltr'>judicaverit,</span> <span class='ocrx_word' id='word_1_343' title='bbox 1243 1810 1401 1844; x_wconf 83' lang='lat' dir='ltr'>ordinari</span> <span class='ocrx_word' id='word_1_344' title='bbox 1418 1823 1455 1853; x_wconf 80' lang='lat'>»3</span> <span class='ocrx_word' id='word_1_345' title='bbox 1479 1819 1513 1845; x_wconf 89' lang='lat' dir='ltr'>et</span> <span class='ocrx_word' id='word_1_346' title='bbox 1531 1811 1613 1844; x_wconf 92' lang='lat' dir='ltr'>Hie-</span> 
     </span>
     <span class='ocr_line' id='line_1_31' title="bbox 52 1862 1611 1912; baseline -0.001 -12"><span class='ocrx_word' id='word_1_347' title='bbox 52 1875 226 1912; x_wconf 89' lang='lat' dir='ltr'>ronymus</span> <span class='ocrx_word' id='word_1_348' title='bbox 248 1863 334 1897; x_wconf 80' lang='lat' dir='ltr'>dicit</span> <span class='ocrx_word' id='word_1_349' title='bbox 360 1863 403 1896; x_wconf 81' lang='lat' dir='ltr'>ad</span> <span class='ocrx_word' id='word_1_350' title='bbox 425 1863 615 1897; x_wconf 85' lang='lat' dir='ltr'>Rusticum</span> <span class='ocrx_word' id='word_1_351' title='bbox 636 1863 860 1896; x_wconf 82' lang='lat' dir='ltr'>monachum</span> <span class='ocrx_word' id='word_1_352' title='bbox 884 1863 986 1909; x_wconf 77' lang='lat' dir='ltr'>(epist.</span> <span class='ocrx_word' id='word_1_353' title='bbox 1007 1864 1070 1907; x_wconf 51' lang='lat'>4.,):</span> <span class='ocrx_word' id='word_1_354' title='bbox 1097 1875 1114 1894; x_wconf 86' lang='lat'>«</span> <span class='ocrx_word' id='word_1_355' title='bbox 1137 1862 1196 1896; x_wconf 91' lang='lat' dir='ltr'>Sic</span> <span class='ocrx_word' id='word_1_356' title='bbox 1218 1863 1299 1897; x_wconf 90' lang='lat' dir='ltr'>vive</span> <span class='ocrx_word' id='word_1_357' title='bbox 1320 1863 1356 1897; x_wconf 90' lang='lat' dir='ltr'>in</span> <span class='ocrx_word' id='word_1_358' title='bbox 1378 1866 1611 1906; x_wconf 86' lang='lat' dir='ltr'>monasterio,</span> 
     </span>
     <span class='ocr_line' id='line_1_32' title="bbox 52 1916 1610 1962; baseline -0.001 -9"><span class='ocrx_word' id='word_1_359' title='bbox 52 1927 90 1953; x_wconf 92' lang='lat' dir='ltr'>ut</span> <span class='ocrx_word' id='word_1_360' title='bbox 112 1918 262 1953; x_wconf 88' lang='lat' dir='ltr'>clericus</span> <span class='ocrx_word' id='word_1_361' title='bbox 285 1928 361 1951; x_wconf 88' lang='lat' dir='ltr'>esse</span> <span class='ocrx_word' id='word_1_362' title='bbox 383 1916 554 1950; x_wconf 89' lang='lat' dir='ltr'>merearis</span> <span class='ocrx_word' id='word_1_363' title='bbox 577 1928 616 1958; x_wconf 82' lang='lat'>»3</span> <span class='ocrx_word' id='word_1_364' title='bbox 639 1927 725 1962; x_wconf 88' lang='lat' dir='ltr'>ergo</span> <span class='ocrx_word' id='word_1_365' title='bbox 748 1916 945 1962; x_wconf 85' lang='lat' dir='ltr'>presbyteri</span> <span class='ocrx_word' id='word_1_366' title='bbox 967 1916 1090 1958; x_wconf 74' lang='lat' dir='ltr'>curati,</span> <span class='ocrx_word' id='word_1_367' title='bbox 1114 1924 1148 1950; x_wconf 89' lang='lat' dir='ltr'>et</span> <span class='ocrx_word' id='word_1_368' title='bbox 1169 1916 1415 1951; x_wconf 88' lang='lat' dir='ltr'>archidiaconi</span> <span class='ocrx_word' id='word_1_369' title='bbox 1433 1926 1515 1951; x_wconf 83' lang='lat' dir='ltr'>sunt</span> <span class='ocrx_word' id='word_1_370' title='bbox 1535 1929 1610 1962; x_wconf 89' lang='lat' dir='ltr'>per-</span> 
     </span>
     <span class='ocr_line' id='line_1_33' title="bbox 52 1970 428 2016; baseline -0.005 -9"><span class='ocrx_word' id='word_1_371' title='bbox 52 1972 220 2007; x_wconf 88' lang='lat' dir='ltr'>fectiores</span> <span class='ocrx_word' id='word_1_372' title='bbox 238 1970 428 2016; x_wconf 87' lang='lat' dir='ltr'>religiosis.</span> 
     </span>
    </p>

    <p class='ocr_par' dir='ltr' id='par_1_6' title="bbox 53 2022 1614 2232">
     <span class='ocr_line' id='line_1_34' title="bbox 128 2022 1613 2070; baseline -0.001 -10"><span class='ocrx_word' id='word_1_373' title='bbox 128 2036 156 2070; x_wconf 84' lang='lat'>5.</span> <span class='ocrx_word' id='word_1_374' title='bbox 172 2025 408 2060; x_wconf 78' lang='lat' dir='ltr'>PRAETEREA.</span> <span class='ocrx_word' id='word_1_375' title='bbox 423 2023 592 2069; x_wconf 88' lang='lat' dir='ltr'>Episcopi</span> <span class='ocrx_word' id='word_1_376' title='bbox 608 2031 689 2057; x_wconf 87' lang='lat' dir='ltr'>sunt</span> <span class='ocrx_word' id='word_1_377' title='bbox 703 2023 738 2056; x_wconf 91' lang='lat' dir='ltr'>in</span> <span class='ocrx_word' id='word_1_378' title='bbox 757 2030 849 2056; x_wconf 87' lang='lat' dir='ltr'>statu</span> <span class='ocrx_word' id='word_1_379' title='bbox 864 2022 1079 2069; x_wconf 87' lang='lat' dir='ltr'>perfectiori,</span> <span class='ocrx_word' id='word_1_380' title='bbox 1092 2033 1199 2068; x_wconf 84' lang='lat' dir='ltr'>quam</span> <span class='ocrx_word' id='word_1_381' title='bbox 1214 2022 1385 2069; x_wconf 88' lang='lat' dir='ltr'>religiosi,</span> <span class='ocrx_word' id='word_1_382' title='bbox 1399 2031 1437 2057; x_wconf 89' lang='lat' dir='ltr'>ut</span> <span class='ocrx_word' id='word_1_383' title='bbox 1451 2035 1493 2057; x_wconf 80' lang='lat' dir='ltr'>ex</span> <span class='ocrx_word' id='word_1_384' title='bbox 1507 2035 1613 2070; x_wconf 87' lang='lat' dir='ltr'>supra</span> 
     </span>
     <span class='ocr_line' id='line_1_35' title="bbox 54 2076 1612 2125; baseline -0.001 -12"><span class='ocrx_word' id='word_1_385' title='bbox 54 2079 157 2114; x_wconf 87' lang='lat' dir='ltr'>dictis</span> <span class='ocrx_word' id='word_1_386' title='bbox 179 2086 276 2125; x_wconf 89' lang='lat' dir='ltr'>patet</span> <span class='ocrx_word' id='word_1_387' title='bbox 299 2078 379 2121; x_wconf 79' lang='lat' dir='ltr'>(art.</span> <span class='ocrx_word' id='word_1_388' title='bbox 395 2077 539 2123; x_wconf 46' lang='lat' dir='ltr'>praes.)</span> <span class='ocrx_word' id='word_1_389' title='bbox 567 2077 630 2110; x_wconf 89' lang='lat' dir='ltr'>sed</span> <span class='ocrx_word' id='word_1_390' title='bbox 652 2076 849 2122; x_wconf 83' lang='lat' dir='ltr'>presbyteri</span> <span class='ocrx_word' id='word_1_391' title='bbox 883 2076 1007 2118; x_wconf 86' lang='lat' dir='ltr'>curati,</span> <span class='ocrx_word' id='word_1_392' title='bbox 1042 2084 1076 2110; x_wconf 91' lang='lat' dir='ltr'>et</span> <span class='ocrx_word' id='word_1_393' title='bbox 1104 2076 1349 2110; x_wconf 81' lang='lat' dir='ltr'>archidiaconi</span> <span class='ocrx_word' id='word_1_394' title='bbox 1375 2088 1419 2111; x_wconf 81' lang='lat' dir='ltr'>ex</span> <span class='ocrx_word' id='word_1_395' title='bbox 1445 2088 1488 2111; x_wconf 90' lang='lat' dir='ltr'>eo</span> <span class='ocrx_word' id='word_1_396' title='bbox 1516 2077 1612 2123; x_wconf 87' lang='lat' dir='ltr'>quod</span> 
     </span>
     <span class='ocr_line' id='line_1_36' title="bbox 53 2129 1614 2176; baseline -0.001 -9"><span class='ocrx_word' id='word_1_397' title='bbox 53 2133 188 2167; x_wconf 88' lang='lat' dir='ltr'>habent</span> <span class='ocrx_word' id='word_1_398' title='bbox 209 2143 333 2166; x_wconf 86' lang='lat' dir='ltr'>curam</span> <span class='ocrx_word' id='word_1_399' title='bbox 357 2131 571 2173; x_wconf 80' lang='lat' dir='ltr'>animarum,</span> <span class='ocrx_word' id='word_1_400' title='bbox 587 2130 776 2164; x_wconf 87' lang='lat' dir='ltr'>similiores</span> <span class='ocrx_word' id='word_1_401' title='bbox 791 2137 872 2164; x_wconf 88' lang='lat' dir='ltr'>sunt</span> <span class='ocrx_word' id='word_1_402' title='bbox 886 2129 1085 2176; x_wconf 87' lang='lat' dir='ltr'>Episcopis,</span> <span class='ocrx_word' id='word_1_403' title='bbox 1098 2141 1207 2175; x_wconf 88' lang='lat' dir='ltr'>quam</span> <span class='ocrx_word' id='word_1_404' title='bbox 1229 2129 1404 2176; x_wconf 82' lang='lat' dir='ltr'>religiosi3</span> <span class='ocrx_word' id='word_1_405' title='bbox 1427 2141 1513 2176; x_wconf 89' lang='lat' dir='ltr'>ergo</span> <span class='ocrx_word' id='word_1_406' title='bbox 1532 2139 1614 2166; x_wconf 90' lang='lat' dir='ltr'>sunt</span> 
     </span>
     <span class='ocr_line' id='line_1_37' title="bbox 54 2184 464 2232; baseline -0.007 -12"><span class='ocrx_word' id='word_1_407' title='bbox 54 2186 202 2232; x_wconf 84' lang='lat' dir='ltr'>majoris</span> <span class='ocrx_word' id='word_1_408' title='bbox 224 2184 464 2231; x_wconf 88' lang='lat' dir='ltr'>perfectionis.</span> 
     </span>
    </p>

    <p class='ocr_par' dir='ltr' id='par_1_7' title="bbox 56 2236 1613 2444">
     <span class='ocr_line' id='line_1_38' title="bbox 127 2236 1612 2279; baseline -0.002 -6"><span class='ocrx_word' id='word_1_409' title='bbox 127 2239 157 2274; x_wconf 84' lang='lat'>6.</span> <span class='ocrx_word' id='word_1_410' title='bbox 172 2239 408 2273; x_wconf 74' lang='lat' dir='ltr'>PRAETEREA.</span> <span class='ocrx_word' id='word_1_411' title='bbox 420 2236 542 2271; x_wconf 84' lang='lat' dir='ltr'>Virtus</span> <span class='ocrx_word' id='word_1_412' title='bbox 558 2236 720 2271; x_wconf 88' lang='lat' dir='ltr'>consistit</span> <span class='ocrx_word' id='word_1_413' title='bbox 735 2236 829 2270; x_wconf 87' lang='lat' dir='ltr'>circa</span> <span class='ocrx_word' id='word_1_414' title='bbox 844 2236 1001 2278; x_wconf 86' lang='lat' dir='ltr'>difficile,</span> <span class='ocrx_word' id='word_1_415' title='bbox 1011 2244 1045 2270; x_wconf 89' lang='lat' dir='ltr'>et</span> <span class='ocrx_word' id='word_1_416' title='bbox 1057 2237 1206 2279; x_wconf 85' lang='lat' dir='ltr'>bonum,</span> <span class='ocrx_word' id='word_1_417' title='bbox 1217 2244 1255 2270; x_wconf 89' lang='lat' dir='ltr'>ut</span> <span class='ocrx_word' id='word_1_418' title='bbox 1266 2237 1394 2271; x_wconf 81' lang='lat' dir='ltr'>dicitur</span> <span class='ocrx_word' id='word_1_419' title='bbox 1407 2237 1443 2270; x_wconf 87' lang='lat' dir='ltr'>in</span> <span class='ocrx_word' id='word_1_420' title='bbox 1455 2247 1484 2270; x_wconf 84' lang='lat'>2.</span> <span class='ocrx_word' id='word_1_421' title='bbox 1497 2237 1612 2270; x_wconf 87' lang='lat' dir='ltr'>Ethic.</span> 
     </span>
     <span class='ocr_line' id='line_1_39' title="bbox 56 2285 1612 2340; baseline -0.003 -12"><span class='ocrx_word' id='word_1_422' title='bbox 56 2294 144 2340; x_wconf 80' lang='lat' dir='ltr'>(cap.</span> <span class='ocrx_word' id='word_1_423' title='bbox 165 2293 222 2339; x_wconf 78' lang='lat'>3.):</span> <span class='ocrx_word' id='word_1_424' title='bbox 245 2292 307 2326; x_wconf 87' lang='lat' dir='ltr'>sed</span> <span class='ocrx_word' id='word_1_425' title='bbox 340 2290 518 2324; x_wconf 81' lang='lat' dir='ltr'>difficilius</span> <span class='ocrx_word' id='word_1_426' title='bbox 553 2298 616 2330; x_wconf 88' lang='lat' dir='ltr'>est,</span> <span class='ocrx_word' id='word_1_427' title='bbox 651 2290 745 2336; x_wconf 89' lang='lat' dir='ltr'>quod</span> <span class='ocrx_word' id='word_1_428' title='bbox 781 2290 908 2336; x_wconf 83' lang='lat' dir='ltr'>aliquis</span> <span class='ocrx_word' id='word_1_429' title='bbox 941 2291 1030 2324; x_wconf 90' lang='lat' dir='ltr'>bene</span> <span class='ocrx_word' id='word_1_430' title='bbox 1062 2291 1161 2324; x_wconf 75' lang='lat' dir='ltr'>vivat</span> <span class='ocrx_word' id='word_1_431' title='bbox 1196 2290 1232 2324; x_wconf 89' lang='lat' dir='ltr'>in</span> <span class='ocrx_word' id='word_1_432' title='bbox 1260 2290 1380 2324; x_wconf 88' lang='lat' dir='ltr'>officio</span> <span class='ocrx_word' id='word_1_433' title='bbox 1418 2285 1612 2336; x_wconf 61' lang='lat' dir='ltr'>presbyteri</span> 
     </span>
     <span class='ocr_line' id='line_1_40' title="bbox 57 2343 1613 2390; baseline -0.003 -9"><span class='ocrx_word' id='word_1_434' title='bbox 57 2347 180 2389; x_wconf 88' lang='lat' dir='ltr'>curati,</span> <span class='ocrx_word' id='word_1_435' title='bbox 201 2345 260 2380; x_wconf 84' lang='lat' dir='ltr'>vel</span> <span class='ocrx_word' id='word_1_436' title='bbox 283 2344 540 2385; x_wconf 83' lang='lat' dir='ltr'>archidiaconi,</span> <span class='ocrx_word' id='word_1_437' title='bbox 556 2355 663 2389; x_wconf 89' lang='lat' dir='ltr'>quam</span> <span class='ocrx_word' id='word_1_438' title='bbox 685 2344 720 2377; x_wconf 86' lang='lat' dir='ltr'>in</span> <span class='ocrx_word' id='word_1_439' title='bbox 743 2351 835 2378; x_wconf 87' lang='lat' dir='ltr'>statu</span> <span class='ocrx_word' id='word_1_440' title='bbox 865 2343 1066 2388; x_wconf 80' lang='lat' dir='ltr'>religionis3</span> <span class='ocrx_word' id='word_1_441' title='bbox 1089 2355 1175 2389; x_wconf 88' lang='lat' dir='ltr'>ergo</span> <span class='ocrx_word' id='word_1_442' title='bbox 1197 2344 1395 2390; x_wconf 88' lang='lat' dir='ltr'>presbyteri</span> <span class='ocrx_word' id='word_1_443' title='bbox 1416 2344 1539 2385; x_wconf 86' lang='lat' dir='ltr'>curati,</span> <span class='ocrx_word' id='word_1_444' title='bbox 1557 2343 1613 2377; x_wconf 89' lang='lat' dir='ltr'>vel</span> 
     </span>
     <span class='ocr_line' id='line_1_41' title="bbox 57 2397 1142 2444; baseline -0.005 -9"><span class='ocrx_word' id='word_1_445' title='bbox 57 2399 304 2435; x_wconf 85' lang='lat' dir='ltr'>archidiaconi</span> <span class='ocrx_word' id='word_1_446' title='bbox 325 2406 407 2433; x_wconf 87' lang='lat' dir='ltr'>sunt</span> <span class='ocrx_word' id='word_1_447' title='bbox 427 2397 649 2444; x_wconf 88' lang='lat' dir='ltr'>perfectioris</span> <span class='ocrx_word' id='word_1_448' title='bbox 670 2397 820 2439; x_wconf 88' lang='lat' dir='ltr'>virtutis,</span> <span class='ocrx_word' id='word_1_449' title='bbox 843 2409 951 2443; x_wconf 87' lang='lat' dir='ltr'>quam</span> <span class='ocrx_word' id='word_1_450' title='bbox 974 2397 1142 2443; x_wconf 88' lang='lat' dir='ltr'>religiosi.</span> 
     </span>
    </p>

    <p class='ocr_par' dir='ltr' id='par_1_8' title="bbox 57 2449 1617 2817">
     <span class='ocr_line' id='line_1_42' title="bbox 129 2449 1615 2497; baseline -0.003 -10"><span class='ocrx_word' id='word_1_451' title='bbox 129 2454 202 2487; x_wconf 81' lang='lat' dir='ltr'>SED</span> <span class='ocrx_word' id='word_1_452' title='bbox 222 2463 376 2487; x_wconf 80' lang='lat' dir='ltr'>CONTRA</span> <span class='ocrx_word' id='word_1_453' title='bbox 396 2459 458 2493; x_wconf 90' lang='lat' dir='ltr'>est,</span> <span class='ocrx_word' id='word_1_454' title='bbox 481 2451 577 2497; x_wconf 88' lang='lat' dir='ltr'>quod</span> <span class='ocrx_word' id='word_1_455' title='bbox 599 2450 727 2484; x_wconf 88' lang='lat' dir='ltr'>dicitur</span> <span class='ocrx_word' id='word_1_456' title='bbox 753 2461 802 2497; x_wconf 79' lang='lat'>19.</span> <span class='ocrx_word' id='word_1_457' title='bbox 826 2463 858 2496; x_wconf 89' lang='lat' dir='ltr'>q.</span> <span class='ocrx_word' id='word_1_458' title='bbox 882 2461 913 2485; x_wconf 91' lang='lat'>2.</span> <span class='ocrx_word' id='word_1_459' title='bbox 937 2462 1032 2495; x_wconf 82' lang='lat' dir='ltr'>cap.:</span> <span class='ocrx_word' id='word_1_460' title='bbox 1058 2451 1170 2485; x_wconf 64' lang='lat' dir='ltr'>Duae:</span> <span class='ocrx_word' id='word_1_461' title='bbox 1195 2463 1212 2481; x_wconf 83' lang='grc'>(&lt;</span> <span class='ocrx_word' id='word_1_462' title='bbox 1236 2450 1272 2484; x_wconf 91' lang='lat' dir='ltr'>Si</span> <span class='ocrx_word' id='word_1_463' title='bbox 1295 2451 1372 2496; x_wconf 81' lang='lat' dir='ltr'>quis</span> <span class='ocrx_word' id='word_1_464' title='bbox 1394 2450 1430 2484; x_wconf 88' lang='lat' dir='ltr'>in</span> <span class='ocrx_word' id='word_1_465' title='bbox 1452 2449 1615 2484; x_wconf 86' lang='lat' dir='ltr'>Ecclesia</span> 
     </span>
     <span class='ocr_line' id='line_1_43' title="bbox 57 2503 1614 2551; baseline -0.003 -10"><span class='ocrx_word' id='word_1_466' title='bbox 57 2519 120 2541; x_wconf 88' lang='lat' dir='ltr'>sua</span> <span class='ocrx_word' id='word_1_467' title='bbox 142 2507 205 2540; x_wconf 89' lang='lat' dir='ltr'>sub</span> <span class='ocrx_word' id='word_1_468' title='bbox 228 2506 408 2551; x_wconf 88' lang='lat' dir='ltr'>Episcopo</span> <span class='ocrx_word' id='word_1_469' title='bbox 443 2504 618 2550; x_wconf 87' lang='lat' dir='ltr'>populum</span> <span class='ocrx_word' id='word_1_470' title='bbox 652 2504 790 2546; x_wconf 86' lang='lat' dir='ltr'>retinet,</span> <span class='ocrx_word' id='word_1_471' title='bbox 824 2512 858 2538; x_wconf 90' lang='lat' dir='ltr'>et</span> <span class='ocrx_word' id='word_1_472' title='bbox 890 2504 1120 2538; x_wconf 73' lang='lat' dir='ltr'>saeculariter</span> <span class='ocrx_word' id='word_1_473' title='bbox 1140 2503 1238 2545; x_wconf 86' lang='lat' dir='ltr'>vivit,</span> <span class='ocrx_word' id='word_1_474' title='bbox 1266 2503 1295 2537; x_wconf 91' lang='lat' dir='ltr'>si</span> <span class='ocrx_word' id='word_1_475' title='bbox 1321 2503 1458 2537; x_wconf 84' lang='lat' dir='ltr'>afflatus</span> <span class='ocrx_word' id='word_1_476' title='bbox 1482 2503 1614 2549; x_wconf 87' lang='lat' dir='ltr'>Spiritu</span> 
     </span>
     <span class='ocr_line' id='line_1_44' title="bbox 59 2556 1616 2604; baseline -0.003 -10"><span class='ocrx_word' id='word_1_477' title='bbox 59 2561 194 2594; x_wconf 84' lang='lat' dir='ltr'>Sancto</span> <span class='ocrx_word' id='word_1_478' title='bbox 216 2559 252 2592; x_wconf 90' lang='lat' dir='ltr'>in</span> <span class='ocrx_word' id='word_1_479' title='bbox 275 2558 395 2604; x_wconf 88' lang='lat' dir='ltr'>aliquo</span> <span class='ocrx_word' id='word_1_480' title='bbox 419 2557 652 2598; x_wconf 90' lang='lat' dir='ltr'>monasterio,</span> <span class='ocrx_word' id='word_1_481' title='bbox 673 2556 731 2591; x_wconf 88' lang='lat' dir='ltr'>vel</span> <span class='ocrx_word' id='word_1_482' title='bbox 762 2556 884 2603; x_wconf 88' lang='lat' dir='ltr'>regula</span> <span class='ocrx_word' id='word_1_483' title='bbox 919 2558 1093 2591; x_wconf 83' lang='lat' dir='ltr'>canonica</span> <span class='ocrx_word' id='word_1_484' title='bbox 1116 2556 1253 2591; x_wconf 84' lang='lat' dir='ltr'>salvare</span> <span class='ocrx_word' id='word_1_485' title='bbox 1288 2568 1324 2590; x_wconf 89' lang='lat' dir='ltr'>se</span> <span class='ocrx_word' id='word_1_486' title='bbox 1346 2556 1511 2598; x_wconf 82' lang='lat' dir='ltr'>voluerit,</span> <span class='ocrx_word' id='word_1_487' title='bbox 1533 2556 1616 2602; x_wconf 88' lang='lat' dir='ltr'>quia</span> 
     </span>
     <span class='ocr_line' id='line_1_45' title="bbox 58 2609 1616 2660; baseline -0.004 -12"><span class='ocrx_word' id='word_1_488' title='bbox 58 2613 140 2660; x_wconf 90' lang='lat' dir='ltr'>lege</span> <span class='ocrx_word' id='word_1_489' title='bbox 162 2613 298 2659; x_wconf 89' lang='lat' dir='ltr'>privata</span> <span class='ocrx_word' id='word_1_490' title='bbox 321 2611 471 2652; x_wconf 88' lang='lat' dir='ltr'>ducitur,</span> <span class='ocrx_word' id='word_1_491' title='bbox 493 2610 593 2644; x_wconf 90' lang='lat' dir='ltr'>nulla</span> <span class='ocrx_word' id='word_1_492' title='bbox 614 2610 704 2644; x_wconf 85' lang='lat' dir='ltr'>ratio</span> <span class='ocrx_word' id='word_1_493' title='bbox 728 2611 836 2656; x_wconf 81' lang='lat' dir='ltr'>exigit</span> <span class='ocrx_word' id='word_1_494' title='bbox 864 2619 901 2645; x_wconf 91' lang='lat' dir='ltr'>ut</span> <span class='ocrx_word' id='word_1_495' title='bbox 926 2610 1006 2656; x_wconf 88' lang='lat' dir='ltr'>lege</span> <span class='ocrx_word' id='word_1_496' title='bbox 1033 2609 1175 2656; x_wconf 86' lang='lat' dir='ltr'>publica</span> <span class='ocrx_word' id='word_1_497' title='bbox 1202 2610 1467 2654; x_wconf 86' lang='lat' dir='ltr'>constringatur</span> <span class='ocrx_word' id='word_1_498' title='bbox 1488 2622 1527 2644; x_wconf 73' lang='grc' dir='ltr'>»ι</span> <span class='ocrx_word' id='word_1_499' title='bbox 1555 2609 1616 2642; x_wconf 88' lang='lat' dir='ltr'>sed</span> 
     </span>
     <span class='ocr_line' id='line_1_46' title="bbox 58 2662 1616 2710; baseline -0.004 -8"><span class='ocrx_word' id='word_1_500' title='bbox 58 2679 133 2702; x_wconf 91' lang='lat' dir='ltr'>non</span> <span class='ocrx_word' id='word_1_501' title='bbox 155 2666 294 2700; x_wconf 88' lang='lat' dir='ltr'>ducitur</span> <span class='ocrx_word' id='word_1_502' title='bbox 317 2665 443 2710; x_wconf 90' lang='lat' dir='ltr'>aliquis</span> <span class='ocrx_word' id='word_1_503' title='bbox 465 2676 484 2698; x_wconf 87' lang='lat' dir='ltr'>a</span> <span class='ocrx_word' id='word_1_504' title='bbox 506 2663 585 2709; x_wconf 91' lang='lat' dir='ltr'>lege</span> <span class='ocrx_word' id='word_1_505' title='bbox 601 2663 751 2709; x_wconf 88' lang='lat' dir='ltr'>Spiritus</span> <span class='ocrx_word' id='word_1_506' title='bbox 769 2664 902 2706; x_wconf 86' lang='lat' dir='ltr'>Sancti,</span> <span class='ocrx_word' id='word_1_507' title='bbox 920 2675 1011 2710; x_wconf 79' lang='lat' dir='ltr'>quae</span> <span class='ocrx_word' id='word_1_508' title='bbox 1032 2663 1080 2697; x_wconf 88' lang='lat' dir='ltr'>ibi</span> <span class='ocrx_word' id='word_1_509' title='bbox 1099 2663 1226 2697; x_wconf 88' lang='lat' dir='ltr'>dicitur</span> <span class='ocrx_word' id='word_1_510' title='bbox 1247 2662 1302 2696; x_wconf 84' lang='lat' dir='ltr'>lex</span> <span class='ocrx_word' id='word_1_511' title='bbox 1325 2663 1472 2709; x_wconf 85' lang='lat' dir='ltr'>privata,</span> <span class='ocrx_word' id='word_1_512' title='bbox 1490 2662 1558 2696; x_wconf 89' lang='lat' dir='ltr'>nisi</span> <span class='ocrx_word' id='word_1_513' title='bbox 1580 2662 1616 2695; x_wconf 89' lang='lat' dir='ltr'>in</span> 
     </span>
     <span class='ocr_line' id='line_1_47' title="bbox 61 2715 1617 2766; baseline -0.003 -12"><span class='ocrx_word' id='word_1_514' title='bbox 61 2720 193 2766; x_wconf 82' lang='lat' dir='ltr'>aliquid</span> <span class='ocrx_word' id='word_1_515' title='bbox 216 2718 425 2765; x_wconf 88' lang='lat' dir='ltr'>perfectius:</span> <span class='ocrx_word' id='word_1_516' title='bbox 449 2729 535 2763; x_wconf 87' lang='lat' dir='ltr'>ergo</span> <span class='ocrx_word' id='word_1_517' title='bbox 558 2717 708 2759; x_wconf 86' lang='lat' dir='ltr'>videtur,</span> <span class='ocrx_word' id='word_1_518' title='bbox 731 2718 827 2763; x_wconf 91' lang='lat' dir='ltr'>quod</span> <span class='ocrx_word' id='word_1_519' title='bbox 849 2717 1008 2763; x_wconf 86' lang='lat' dir='ltr'>religiosi</span> <span class='ocrx_word' id='word_1_520' title='bbox 1029 2717 1098 2750; x_wconf 87' lang='lat' dir='ltr'>sint</span> <span class='ocrx_word' id='word_1_521' title='bbox 1116 2715 1357 2762; x_wconf 87' lang='lat' dir='ltr'>perfectiores,</span> <span class='ocrx_word' id='word_1_522' title='bbox 1377 2727 1485 2762; x_wconf 88' lang='lat' dir='ltr'>quam</span> <span class='ocrx_word' id='word_1_523' title='bbox 1506 2715 1617 2749; x_wconf 86' lang='lat' dir='ltr'>archi-</span> 
     </span>
     <span class='ocr_line' id='line_1_48' title="bbox 61 2770 660 2817; baseline -0.007 -10"><span class='ocrx_word' id='word_1_524' title='bbox 61 2773 218 2815; x_wconf 87' lang='lat' dir='ltr'>diaconi,</span> <span class='ocrx_word' id='word_1_525' title='bbox 239 2772 297 2806; x_wconf 84' lang='lat' dir='ltr'>vel</span> <span class='ocrx_word' id='word_1_526' title='bbox 319 2771 515 2817; x_wconf 75' lang='lat' dir='ltr'>presbyteri</span> <span class='ocrx_word' id='word_1_527' title='bbox 538 2770 660 2804; x_wconf 85' lang='lat' dir='ltr'>curati.</span> 
     </span>
    </p>

    <p class='ocr_par' dir='ltr' id='par_1_9' title="bbox 61 2821 1618 2978">
     <span class='ocr_line' id='line_1_49' title="bbox 131 2821 1618 2868; baseline -0.003 -8"><span class='ocrx_word' id='word_1_528' title='bbox 131 2826 359 2860; x_wconf 77' lang='lat' dir='ltr'>RESPONDEO</span> <span class='ocrx_word' id='word_1_529' title='bbox 383 2823 588 2864; x_wconf 86' lang='lat' dir='ltr'>dicendum,</span> <span class='ocrx_word' id='word_1_530' title='bbox 618 2823 714 2868; x_wconf 87' lang='lat' dir='ltr'>quod</span> <span class='ocrx_word' id='word_1_531' title='bbox 745 2824 966 2868; x_wconf 83' lang='lat' dir='ltr'>comparatio</span> <span class='ocrx_word' id='word_1_532' title='bbox 990 2822 1312 2868; x_wconf 85' lang='lat' dir='ltr'>supereminentiae</span> <span class='ocrx_word' id='word_1_533' title='bbox 1339 2833 1412 2856; x_wconf 91' lang='lat' dir='ltr'>non</span> <span class='ocrx_word' id='word_1_534' title='bbox 1439 2822 1547 2855; x_wconf 81' lang='lat' dir='ltr'>habet</span> <span class='ocrx_word' id='word_1_535' title='bbox 1568 2821 1618 2855; x_wconf 92' lang='lat' dir='ltr'>lo-</span> 
     </span>
     <span class='ocr_line' id='line_1_50' title="bbox 62 2875 1617 2923; baseline -0.003 -10"><span class='ocrx_word' id='word_1_536' title='bbox 62 2891 145 2913; x_wconf 88' lang='lat' dir='ltr'>cum</span> <span class='ocrx_word' id='word_1_537' title='bbox 167 2880 258 2912; x_wconf 86' lang='lat' dir='ltr'>inter</span> <span class='ocrx_word' id='word_1_538' title='bbox 280 2878 419 2923; x_wconf 87' lang='lat' dir='ltr'>aliquos</span> <span class='ocrx_word' id='word_1_539' title='bbox 443 2888 483 2910; x_wconf 79' lang='lat' dir='ltr'>ex</span> <span class='ocrx_word' id='word_1_540' title='bbox 507 2888 548 2910; x_wconf 85' lang='lat' dir='ltr'>ea</span> <span class='ocrx_word' id='word_1_541' title='bbox 570 2884 668 2922; x_wconf 83' lang='lat' dir='ltr'>parte</span> <span class='ocrx_word' id='word_1_542' title='bbox 691 2876 726 2909; x_wconf 90' lang='lat' dir='ltr'>in</span> <span class='ocrx_word' id='word_1_543' title='bbox 749 2888 818 2922; x_wconf 87' lang='lat' dir='ltr'>qua</span> <span class='ocrx_word' id='word_1_544' title='bbox 840 2877 1070 2918; x_wconf 83' lang='lat' dir='ltr'>conveniunt,</span> <span class='ocrx_word' id='word_1_545' title='bbox 1088 2876 1150 2909; x_wconf 84' lang='lat' dir='ltr'>sed</span> <span class='ocrx_word' id='word_1_546' title='bbox 1170 2887 1211 2909; x_wconf 84' lang='lat' dir='ltr'>ex</span> <span class='ocrx_word' id='word_1_547' title='bbox 1231 2887 1271 2909; x_wconf 88' lang='lat' dir='ltr'>ea</span> <span class='ocrx_word' id='word_1_548' title='bbox 1291 2884 1387 2920; x_wconf 85' lang='lat' dir='ltr'>parte</span> <span class='ocrx_word' id='word_1_549' title='bbox 1410 2875 1445 2908; x_wconf 91' lang='lat' dir='ltr'>in</span> <span class='ocrx_word' id='word_1_550' title='bbox 1468 2886 1536 2920; x_wconf 88' lang='lat' dir='ltr'>qua</span> <span class='ocrx_word' id='word_1_551' title='bbox 1556 2875 1617 2908; x_wconf 84' lang='lat' dir='ltr'>dif-</span> 
     </span>
     <span class='ocr_line' id='line_1_51' title="bbox 61 2928 1615 2978; baseline -0.004 -11"><span class='ocrx_word' id='word_1_552' title='bbox 61 2933 195 2968; x_wconf 83' lang='lat' dir='ltr'>ferunt:</span> <span class='ocrx_word' id='word_1_553' title='bbox 218 2932 254 2965; x_wconf 88' lang='lat' dir='ltr'>in</span> <span class='ocrx_word' id='word_1_554' title='bbox 287 2930 501 2978; x_wconf 80' lang='lat' dir='ltr'>presbyteris</span> <span class='ocrx_word' id='word_1_555' title='bbox 528 2937 648 2964; x_wconf 80' lang='lat' dir='ltr'>autem</span> <span class='ocrx_word' id='word_1_556' title='bbox 677 2929 819 2971; x_wconf 85' lang='lat' dir='ltr'>curatis,</span> <span class='ocrx_word' id='word_1_557' title='bbox 847 2938 880 2963; x_wconf 89' lang='lat' dir='ltr'>et</span> <span class='ocrx_word' id='word_1_558' title='bbox 907 2929 1169 2963; x_wconf 83' lang='lat' dir='ltr'>archidiaconis</span> <span class='ocrx_word' id='word_1_559' title='bbox 1197 2930 1263 2963; x_wconf 75' lang='lat' dir='ltr'>tria</span> <span class='ocrx_word' id='word_1_560' title='bbox 1290 2936 1342 2962; x_wconf 89' lang='lat' dir='ltr'>est</span> <span class='ocrx_word' id='word_1_561' title='bbox 1369 2928 1615 2970; x_wconf 82' lang='lat' dir='ltr'>considerare3</span> 
     </span>
    </p>
   </div>
  </div>
 </body>
</html>
