1859 3122
209 154 293 207 670
623 165 843 200 QUAESTIO
877 166 992 195 XCIV.
1026 166 1269 196 ARTICULUS
1301 166 1357 195 IV.

207 252 339 286 autem,
360 252 399 278 ut
418 243 546 278 Isidor.
566 244 673 279 refert
688 245 762 290 (lib.
777 246 809 281 8.
824 247 965 292 Etymol.
988 253 1058 293 cap.
1080 259 1126 282 rr.
1149 247 1308 292 aliquant.
1326 248 1498 293 aprina),
1520 247 1760 282 Prometheus

206 297 341 343 primus
360 296 553 331 simulacra
573 298 766 332 hominum
788 299 831 333 de
853 298 929 333 luto
951 299 1069 341 finxit3
1091 300 1217 345 Judaei
1238 311 1324 334 vero
1348 300 1481 342 dicunt,
1507 301 1603 346 quod
1630 301 1762 335 Ismael

205 350 341 395 primus
368 350 601 384 simulacrum
629 351 671 384 de
698 351 774 385 luto
801 351 900 386 fecit:
931 353 1084 387 cessavit
1111 353 1219 387 etiam
1241 353 1277 386 in
1299 360 1397 387 sexta
1424 361 1538 387 aetate
1559 354 1764 388 idololatria

207 415 250 437 ex
272 414 404 448 magna
426 411 544 448 parte3
564 415 651 448 ergo
673 404 878 438 idololatria
900 417 973 439 non
996 406 1118 440 habuit
1140 417 1287 440 causam
1310 418 1353 440 ex
1374 413 1472 452 parte
1494 406 1664 441 hominis.

278 467 306 501 3.
326 456 562 491 PRAETEREA.
584 457 737 502 August.
761 458 847 491 dicit
868 468 923 492 21.
946 459 988 492 de
1013 458 1119 493 Civit.
1142 459 1212 492 Dei
1235 459 1321 505 (cap.
1345 459 1377 494 6.
1400 471 1420 493 a
1446 459 1560 504 mady:
1591 472 1608 491 ‹<
1635 459 1763 505 Neque

204 509 320 555 potuit
340 509 510 555 primum,
531 510 600 544 nisi
621 510 689 544 illis
713 510 867 555 (scilicet
885 512 1138 557 daemonibus)
1158 512 1381 554 docentibus,
1398 512 1497 554 disci,
1513 513 1597 559 quid
1616 513 1765 559 quisque

204 562 350 596 illorum
365 570 518 608 appetat,
534 563 618 608 quid
633 564 835 607 exhorreat,
858 576 929 610 quo
951 565 1119 600 invitetur
1140 565 1300 607 nomine,
1315 565 1373 599 vel
1395 573 1561 611 cogatur3
1581 566 1674 600 unde
1693 577 1764 600 ma-

205 616 308 662 gicae
327 624 431 658 artes,
453 627 649 662 earumque
672 617 825 652 artifices
847 618 1037 652 extiterunt
1055 631 1092 662 »3
1115 619 1243 653 eadem
1266 626 1386 653 autem
1412 619 1503 653 ratio
1529 619 1668 654 videtur
1689 630 1766 654 esse

206 670 250 704 de
272 668 494 711 idololatria3
517 680 603 715 ergo
624 669 851 705 idololatriae
874 683 982 705 causa
1007 683 1081 705 non
1104 679 1157 706 est
1177 683 1220 706 ex
1246 680 1345 718 parte
1371 672 1577 706 hominum,

278 722 353 757 SED
381 733 535 758 CONTRA
559 731 621 766 est,
644 724 740 770 quod
762 724 891 758 dicitur
913 725 996 771 Sap.
1024 735 1095 768 14:
1121 726 1377 772 Supervacnitas
1403 725 1573 760 homiuum
1590 725 1676 767 haec,
1702 725 1766 760 sci-

205 775 289 810 licet
309 776 418 818 idola,
441 776 612 812 adinvenit
633 779 667 811 in
690 779 765 812 orbe
784 783 962 813 terrarum.

276 829 505 864 RESPONDEO
535 830 740 873 dicendum,
775 831 872 876 quod
899 830 1127 865 idololatriae
1154 839 1207 866 est
1232 831 1350 877 duplex
1376 842 1494 866 causa.
1523 832 1599 866 Una
1620 831 1765 877 quidem

205 882 431 928 dispositiva:
454 891 488 917 et
508 883 585 917 hacc
595 883 667 929 suit
685 896 723 918 ex
735 889 836 930 parte
850 885 1042 918 hominum:
1066 892 1101 919 et
1121 884 1192 918 hoc
1215 884 1403 930 tripliciter.
1427 885 1542 919 Primo
1564 884 1710 931 quidem
1724 895 1767 918 ex

205 936 470 970 inordinatione
497 935 657 978 affectus,
684 945 790 982 prout
815 937 953 971 scilicet
978 937 1146 971 homines
1173 937 1330 984 aliquem
1357 937 1546 972 hominem
1572 937 1631 972 vel
1656 937 1764 971 nimis

205 997 379 1031 amantes,
405 989 463 1023 vel
489 989 596 1023 nimis
621 998 845 1032 venerantes,
867 990 1047 1024 honorem
1069 990 1231 1024 divinum
1259 990 1291 1024 ei
1316 990 1587 1036 impenderunt3
1615 998 1650 1025 et
1674 990 1764 1024 haec

205 1053 312 1076 causa
335 1042 535 1087 assignatur
557 1043 641 1089 Sap.
668 1053 732 1086 14:
751 1045 880 1078 Acerba
895 1044 985 1078 luctu
1001 1044 1109 1078 dolens
1127 1049 1222 1090 pater
1244 1045 1305 1078 cito
1326 1045 1389 1078 sibi
1409 1044 1577 1090 raptifilii
1587 1044 1669 1090 fecit
1685 1045 1767 1078 ima-

202 1097 323 1141 girum,
346 1101 374 1130 et
396 1096 501 1138 illum,
517 1098 573 1142 qui
588 1102 663 1131 tunc
681 1098 774 1142 quasi
795 1098 889 1131 homo
912 1103 1061 1132 mortuus
1078 1098 1208 1143 fuerat,
1228 1109 1314 1132 nunc
1336 1102 1507 1143 tamquam
1529 1098 1640 1131 Deum
1662 1097 1765 1132 colere

204 1151 328 1195 coepit;
352 1156 385 1183 et
407 1149 539 1183 ibidem
562 1150 670 1184 etiam
691 1150 863 1192 subditur,
885 1150 981 1196 quod
1003 1151 1171 1185 homines
1192 1156 1249 1185 aut
1275 1151 1416 1196 affectui,
1439 1155 1496 1185 aut
1517 1151 1644 1196 regibus
1662 1150 1764 1185 deser-

202 1203 334 1244 vientes,
357 1203 667 1238 incommunicabile
688 1215 816 1246 nomen,
844 1203 982 1238 scilicet
1007 1204 1212 1246 divinitatis,
1233 1204 1339 1249 lignis,
1371 1208 1398 1238 et
1424 1203 1588 1250 lapidibus
1608 1205 1764 1250 imposue-

203 1261 292 1290 runt.
318 1256 463 1290 Secundo
490 1265 635 1302 propter
660 1256 745 1298 hoc,
773 1257 869 1303 quod
897 1257 1011 1291 homo
1038 1256 1248 1291 naturaliter
1282 1257 1325 1290 de
1352 1256 1680 1303 repraesentatione
1709 1256 1766 1291 de-

203 1308 366 1351 lectatur,
382 1317 418 1344 ut
432 1308 568 1343 Philos.
591 1310 677 1344 dicit
697 1310 733 1343 in
755 1311 856 1344 Poet.
872 1321 936 1344 sua
953 1310 1038 1356 (cap.
1060 1322 1091 1345 2.
1107 1312 1140 1344 in
1155 1311 1283 1356 princ.)
1295 1322 1308 1351 ;
1325 1318 1358 1344 et
1372 1310 1454 1344 ideo
1477 1310 1645 1344 homines
1659 1309 1765 1344 rudes

205 1373 225 1395 a
246 1361 422 1407 principio
443 1362 605 1397 videntes
628 1374 690 1408 per
711 1362 936 1407 diligentiam
955 1362 1133 1396 artificum
1150 1363 1326 1408 imagines
1348 1362 1542 1396 hominum
1563 1362 1766 1409 expressive

203 1414 328 1456 factas,
347 1415 541 1449 divinitatis
561 1415 698 1449 cultum
717 1416 767 1450 eis
785 1416 1054 1461 impenderunt;
1071 1416 1162 1450 unde
1178 1416 1307 1450 dicitur
1322 1415 1405 1462 Sap.
1426 1427 1488 1462 13.:
1505 1416 1626 1461 Siquis
1643 1416 1764 1462 artifex

197 1468 299 1514 faber
320 1468 355 1502 de
375 1468 467 1514 sylva
489 1468 615 1514 lignum
634 1474 757 1504 rectum
777 1471 924 1511 secuerit,
951 1474 980 1504 et
995 1475 1056 1515 per
1080 1470 1250 1503 scientiam
1270 1480 1346 1503 suae
1373 1470 1454 1503 artis
1470 1469 1593 1514 figuret
1614 1468 1706 1511 illud,
1734 1473 1762 1503 et

204 1521 357 1556 assimilet
378 1522 518 1567 imagini
539 1522 691 1564 hominis,
716 1522 752 1556 de
778 1523 958 1557 substantia
978 1534 1048 1564 sua,
1076 1527 1105 1557 et
1122 1522 1217 1568 filiis,
1240 1527 1268 1556 et
1288 1523 1410 1568 nuptiis
1429 1527 1544 1557 votum
1565 1522 1689 1565 faciens
1714 1524 1766 1556 in-

204 1576 316 1620 quirit.
339 1575 448 1609 Tertio
470 1584 616 1620 propter
636 1575 881 1621 ignorantiam
902 1576 978 1610 veri
998 1576 1079 1617 Dei,
1103 1576 1202 1620 cujus
1222 1574 1474 1609 excellentiam
1494 1575 1662 1610 homines
1688 1586 1762 1609 non

205 1628 485 1670 considerantes,
508 1629 722 1674 quibusdam
741 1629 923 1670 creaturis,
946 1637 1091 1674 propter
1112 1628 1428 1674 pulchritudinem,
1443 1639 1506 1662 seu
1523 1627 1705 1671 virtutem,
1721 1628 1768 1663 di-

203 1681 360 1715 vinitatis
383 1681 521 1715 cultum
544 1682 800 1724 exhibuerunt3
816 1682 910 1716 unde
926 1682 1055 1716 dicitur
1074 1681 1157 1727 Sap.
1177 1692 1240 1727 13.:
1257 1682 1367 1727 Neque
1386 1682 1537 1728 operibus
1555 1681 1762 1723 attendentes,

203 1739 409 1779 agnoverunt
430 1736 500 1780 quis
513 1736 636 1780 artifex
656 1740 740 1777 esset,
762 1735 813 1770 sud
834 1740 890 1770 aut
912 1737 1030 1781 iguem,
1053 1740 1109 1769 aut
1126 1736 1291 1781 spiritum,
1319 1740 1376 1769 aut
1398 1736 1533 1769 citatum
1554 1739 1676 1777 abram,
1708 1740 1767 1769 aut

202 1799 321 1833 Δξζννιιηι
334 1788 514 1829 stellarum,
535 1793 592 1822 aut
610 1789 750 1823 nimimu
769 1800 905 1834 aquam,
921 1794 979 1823 aut
991 1789 1101 1830 solem,
1121 1793 1178 1822 aut
1192 1789 1317 1829 lunam,
1337 1793 1475 1822 rectores
1488 1789 1577 1822 orbis
1595 1793 1765 1822 terrarum

205 1840 275 1875 duos
294 1846 505 1886 putaverunt.
521 1842 602 1875 Alia
617 1850 736 1876 autem
760 1853 858 1876 causa
879 1842 1087 1876 idololatriae
1106 1843 1367 1876 consummati-va
1379 1841 1451 1886 fuit
1473 1852 1510 1875 ex
1526 1846 1624 1887 parte
1641 1840 1768 1875 daemo-

203 1906 295 1936 num,
319 1894 379 1939 qui
401 1905 438 1928 se
461 1894 635 1928 colendos
661 1895 870 1929 hominibus
897 1895 1095 1929 errantibus
1118 1894 1365 1936 exhibuerunt,
1387 1894 1423 1927 in
1445 1893 1550 1927 idolis
1573 1893 1692 1928 dando
1715 1905 1764 1928 re-

204 1958 349 1991 sponsa,
374 1955 408 1981 et
434 1946 564 1992 aliqua,
592 1959 683 1993 quae
709 1948 920 1982 videbantur
947 1948 1155 1981 hominibus
1183 1946 1371 1989 mirabilia,
1397 1946 1584 1989 faciendo3
1610 1946 1704 1981 unde
1731 1954 1765 1981 et

203 1999 240 2032 in
262 2000 355 2033 Psal.
377 2010 433 2045 95.
456 2000 602 2033 dicitur:
630 2001 749 2035 Omnes
767 2001 814 2034 alii
831 2002 977 2046 gentium
1000 2001 1186 2034 daemonia.

274 2052 334 2086 AD
369 2063 517 2087 PRIMUM
549 2064 636 2098 ergo
668 2053 873 2095 dicendum,
901 2053 996 2099 quod
1028 2064 1136 2087 causa
1163 2052 1371 2098 dispositiva
1389 2051 1616 2086 idololatriae
1637 2051 1702 2086 fuit
1724 2062 1765 2086 ex

204 2113 303 2151 parte
326 2106 485 2140 hominis
507 2114 655 2140 naturae
678 2106 849 2149 defectus,
864 2106 922 2141 vel
936 2118 998 2152 per
1018 2106 1263 2152 ignorantiam
1285 2105 1500 2148 intellectus,
1521 2105 1579 2140 vel
1598 2117 1660 2151 per
1673 2105 1767 2139 inor-

204 2159 428 2193 dinationem
456 2158 617 2201 affectus,
640 2168 677 2193 ut
698 2160 834 2194 dictum
856 2168 909 2194 est
930 2161 982 2204 (in
1005 2165 1092 2205 corp.
1119 2160 1200 2204 art.)
1213 2171 1225 2200 ‚²
1253 2167 1287 2193 et
1312 2159 1383 2193 hoc
1411 2159 1520 2192 etiam
1548 2158 1591 2192 ad
1619 2158 1764 2204 culpam

204 2212 370 2258 pertinet:
394 2212 521 2246 dicitur
543 2222 663 2246 autem
685 2212 891 2247 idololatria
910 2224 987 2247 esse
1007 2224 1126 2254 causa,
1147 2212 1301 2254 initium,
1317 2220 1351 2247 et
1371 2212 1451 2246 finis
1470 2212 1588 2246 omnis
1610 2212 1762 2258 peccati,

205 2265 286 2311 quia
308 2277 381 2299 non
404 2273 456 2299 est
478 2266 623 2311 aliquod
639 2277 750 2311 genus
775 2266 924 2311 peccati,
941 2266 1036 2312 quod
1058 2266 1239 2299 interdum
1254 2265 1460 2299 idololatria
1481 2276 1554 2299 non
1576 2264 1761 2311 producat,

204 2318 260 2352 vel
282 2330 445 2364 expresse
472 2319 675 2353 inducendo
699 2330 760 2364 per
782 2319 933 2353 modum
960 2330 1100 2360 causae,
1127 2318 1185 2352 vel
1212 2319 1444 2353 occasionem
1471 2318 1675 2364 praebendo
1702 2329 1764 2364 per

204 2373 355 2405 modum
376 2372 479 2414 initii,
500 2371 557 2405 vel
577 2383 639 2418 per
661 2372 811 2405 modum
833 2372 923 2413 finis,
945 2372 1159 2417 inquantum
1181 2380 1327 2417 peccata
1350 2372 1469 2417 aliqua
1491 2371 1764 2405 assumebantur

202 2426 237 2459 in
257 2425 394 2460 cultum
415 2425 616 2467 idolorum3
639 2425 730 2458 sicut
748 2425 950 2459 occisiones
969 2425 1172 2466 hominum,
1191 2433 1225 2458 et
1242 2425 1486 2458 mutilationes
1502 2425 1762 2466 membrorum,

204 2486 238 2512 et
260 2478 329 2512 alia
349 2479 575 2523 hujusmodi3
599 2486 631 2512 et
652 2486 773 2512 tamen
794 2478 912 2523 aliqua
935 2487 1083 2524 peccata
1099 2486 1249 2524 possunt
1269 2477 1513 2512 idololatriam
1536 2477 1762 2523 praecedere,

203 2543 293 2577 quae
317 2532 359 2565 ad
382 2532 497 2577 ipsam
519 2532 707 2565 hominem
729 2531 933 2576 disponunt.

275 2585 334 2618 AD
346 2596 553 2619 SECUNDUM
568 2584 771 2625 dicendum,
787 2585 894 2629 quod,
910 2585 944 2617 in
960 2584 1074 2629 prima
1088 2593 1203 2618 aetate
1218 2595 1291 2618 non
1306 2583 1371 2618 fuit
1392 2583 1597 2618 idololatria
1619 2590 1763 2629 propter

204 2646 385 2672 recentem
408 2638 626 2672 memoriam
649 2637 839 2671 creationis
859 2638 994 2679 mundi,
1017 2650 1057 2682 QX
1080 2649 1149 2683 qua
1172 2638 1288 2671 adhuc
1311 2637 1454 2681 vigebat
1476 2637 1635 2682 cognitio
1659 2636 1762 2670 unius

205 2691 273 2725 Dei
300 2691 334 2724 in
358 2699 477 2725 mente
504 2691 715 2726 hominum:
742 2690 778 2724 in
805 2698 902 2725 sexta
929 2698 1049 2724 autem
1077 2699 1192 2724 aetate
1219 2690 1424 2724 idololatria
1452 2698 1505 2724 est
1531 2689 1675 2724 exclusa
1701 2701 1762 2736 per

205 2745 372 2778 virtutem
396 2752 430 2779 et
450 2744 653 2779 doctrinam
677 2743 822 2785 Christi,
845 2743 904 2789 qui
926 2743 969 2777 de
991 2743 1136 2778 diabolo
1158 2744 1402 2790 triumphavit.

276 2798 335 2831 AD
358 2808 529 2833 TERTIUM
551 2798 757 2840 dicendum,
779 2796 874 2843 quod
897 2797 986 2831 ratio
1009 2796 1069 2831 illa
1092 2797 1252 2843 procedit
1273 2797 1316 2831 de
1337 2808 1443 2832 causa
1466 2796 1755 2831 consummativa

206 2850 443 2885 idololatriae.
