1859 3122
208 177 289 219 352
629 176 850 212 QUAESTIO
884 177 998 207 XLVI.
1032 177 1276 208 ARTICULUS
1310 176 1337 207 1.

276 257 505 292 RESPONDEO
527 257 733 300 dicendum,
749 258 845 304 quod
866 269 1002 293 nomen
1020 257 1189 293 stultitiae
1209 269 1228 292 a
1250 266 1395 304 stupore
1413 257 1554 293 videtur
1575 269 1652 293 esse
1673 269 1767 293 sum-

207 318 327 356 ptum3
350 310 443 344 unde
464 310 590 344 Isidor.
613 311 698 344 dicit
715 311 751 344 in
773 311 832 345 lib.
859 322 910 346 10.
933 311 1090 358 Etymol.
1114 312 1194 357 (loc.
1211 318 1281 358 sup.
1305 313 1374 357 cit.)
1390 325 1400 346 .·
1425 311 1594 346 «Stultus
1617 319 1680 354 est,
1707 311 1768 358 qui

205 372 350 410 propter
371 372 554 409 stuporem
576 375 650 398 non
669 373 834 399 movetur
849 377 887 399 ));
912 373 946 400 et
967 365 1084 399 differt
1110 365 1257 399 stultitia
1280 377 1299 399 a
1320 365 1481 400 fatuitate
1505 366 1613 410 (sicut
1633 366 1767 400 ibidem

206 417 361 460 dicitur),
383 417 466 462 quia
486 418 623 451 stultitia
645 418 815 464 importat
836 418 1092 452 hebetudinem
1115 418 1244 460 cordis,
1268 427 1302 452 et
1329 419 1561 453 obtusionem
1575 430 1767 461 sensuum;

199 470 341 515 Jiztuitas
363 478 483 503 autem
506 471 677 515 importat
697 471 855 505 totaliter
876 471 1068 517 spiritualis
1096 483 1221 506 sensus
1243 472 1503 518 privationem;
1527 480 1561 507 et
1581 472 1663 506 ideo
1687 483 1770 506 con-

206 523 390 557 venienter
411 523 558 557 stultitia
580 525 776 570 sapientiae
799 525 1010 571 opponitur:
1034 525 1177 571 sapiens
1197 525 1304 567 enim,
1323 533 1362 559 ut
1375 526 1509 560 ibidem
1530 525 1655 560 Isidor.
1672 525 1767 566 dicit,

210 589 226 606 (ι
247 575 360 609 dictus
383 584 435 610 est
462 588 481 610 a
510 589 656 622 sapore:
680 578 773 623 quia,
797 578 887 612 sicut
914 587 1037 623 gustus
1068 586 1119 612 est
1143 586 1244 624 aptus
1268 578 1311 612 ad
1346 579 1601 613 discretionem
1629 578 1768 625 saporis

208 629 382 671 ciborum,
414 630 463 663 sic
479 631 620 676 sapiens
636 632 678 664 ad
699 632 986 677 dignoscentiam
1006 644 1138 673 rerum,
1163 640 1269 677 atque
1294 643 1485 666 causarum
1500 644 1531 674 ));
1554 632 1646 666 unde
1661 639 1768 678 patet,

154 686 155 689 ’
207 683 303 728 quod
318 682 466 717 stultitia
481 685 673 730 opponitur
691 685 887 730 sapientiae
907 686 997 719 sicut
1017 686 1257 727 contrarium3
1279 685 1421 720 fatuitas
1438 694 1558 720 autem
1572 686 1664 720 sicut
1681 696 1769 731 pura

207 736 372 781 negatio:
394 748 480 770 nam
501 737 618 771 fatuus
641 746 738 772 caret
755 750 860 773 sensu
882 739 1082 784 judicandi3
1106 738 1232 773 stultus
1256 747 1375 773 autem
1398 739 1506 773 habet
1527 750 1684 780 sensum,
1705 738 1769 773 sed

207 789 431 825 hebetatum:
455 791 596 836 sapiens
625 800 744 825 autem
767 791 945 833 subtilem,
969 800 1003 826 et
1024 792 1282 838 perspicacem.

279 843 338 876 AD
368 853 517 877 PRIMUM
539 855 626 890 ergo
649 845 854 887 dicendum,
877 845 985 890 quod,
1007 846 1099 879 sicut
1125 845 1250 879 isidor.
1278 845 1412 879 ibidem
1435 845 1537 880 dicit:
1569 845 1770 891 «insipiens

209 896 408 931 contrarius
431 905 483 931 est
501 898 663 943 sapienti,
679 909 723 932 eo
739 899 835 944 quod
853 899 929 933 sine
952 910 1080 944 sapore
1103 906 1156 933 est
1171 899 1407 941 discretionis,
1424 907 1458 933 et
1479 910 1629 933 sensus»
1645 911 1652 941 ;
1675 897 1769 932 unde

208 950 305 984 idem
326 950 466 984 videtur
495 962 572 985 esse
593 952 795 998 insipientia
817 963 901 986 cum
922 952 1090 987 stultitia:
1113 953 1303 999 praecipue
1331 960 1450 987 autem
1472 953 1612 987 videtur
1643 951 1770 997 aliquis

209 1014 286 1037 esse
312 1003 451 1045 stultus,
481 1005 625 1050 quando
657 1007 787 1051 patitur
814 1005 995 1040 defectum
1026 1006 1062 1039 in
1089 1006 1264 1040 sententia
1292 1006 1426 1051 judicii,
1457 1017 1547 1052 quae
1579 1005 1771 1040 attenditur

209 1057 408 1091 secundum
431 1069 578 1092 causam
601 1058 831 1092 altissimam:
855 1070 941 1093 nam
961 1060 992 1093 si
1011 1059 1152 1094 deficiat
1170 1060 1205 1094 in
1227 1060 1361 1106 judicio
1386 1060 1480 1094 circa
1503 1059 1637 1106 aliquid
1659 1058 1773 1093 modi-

210 1122 305 1151 cum,
332 1122 405 1144 non
433 1122 473 1145 ex
495 1112 565 1145 hoc
588 1120 738 1146 vocatur
759 1112 886 1158 aliquis
905 1112 1043 1147 stultus.

281 1164 340 1197 AD
357 1175 563 1199 SECUNDUM
579 1165 784 1207 dicendum,
803 1166 899 1211 quod
916 1166 1007 1200 sicut
1029 1174 1081 1200 est
1099 1167 1277 1212 quaedam
1297 1166 1471 1213 sapientia
1493 1166 1600 1209 mala,
1615 1174 1653 1201 ut
1667 1177 1771 1213 supra

211 1217 347 1251 dictum
370 1226 422 1252 est
444 1219 489 1264 (q.
510 1225 622 1265 praec.
646 1224 709 1253 art.
732 1232 758 1254 I.
787 1219 828 1253 ad
850 1219 908 1264 L),
932 1231 1023 1265 quae
1046 1220 1174 1253 dicitur
1194 1221 1356 1266 sapientia
1377 1220 1509 1262 saeculi,
1537 1220 1620 1266 quia
1642 1219 1774 1266 accipit

211 1282 276 1316 pro
299 1282 406 1305 causa
433 1272 618 1314 altissima,
646 1281 679 1306 et
704 1272 774 1307 fine
796 1272 925 1306 ultimo
949 1272 1093 1318 aliquod
1120 1281 1302 1307 terrenum
1329 1273 1484 1307 bonum:
1513 1273 1561 1306 ita
1589 1273 1698 1307 etiam
1720 1280 1773 1306 est

212 1324 330 1370 aliqua
351 1325 498 1360 stultitia
513 1326 619 1368 bona,
641 1326 724 1360 huic
739 1327 935 1372 sapientiae
949 1326 1067 1360 malae
1090 1327 1266 1372 opposita,
1282 1337 1344 1372 per
1359 1337 1468 1372 quam
1483 1325 1611 1372 aliquis
1632 1334 1772 1360 terrena

213 1379 428 1420 contemnit3
452 1387 485 1413 et
507 1379 550 1413 de
568 1380 636 1413 hac
660 1379 808 1413 stultitia
830 1379 988 1425 loquitur
1010 1379 1220 1425 Apostolus.

283 1432 343 1466 AD
375 1442 545 1467 TERTIUM
567 1433 772 1474 dicendum,
795 1433 891 1478 quod
915 1434 1089 1479 sapientia
1110 1432 1245 1466 saeculi
1267 1441 1329 1474 est,
1352 1444 1443 1478 quae
1466 1432 1610 1478 decipit,
1633 1440 1667 1467 et
1687 1431 1772 1466 facit

213 1496 290 1519 esse
312 1485 460 1519 stultum
483 1486 574 1532 apud
602 1487 734 1528 Deum,
764 1494 802 1520 ut
823 1494 920 1532 patet
941 1497 1003 1532 per
1024 1486 1244 1532 Apostolum
1267 1497 1294 1520 1.
1318 1486 1361 1519 ad
1385 1486 1470 1520 Cor.
1497 1497 1525 1531 3.

283 1539 342 1572 Ar)
362 1549 548 1578 QUARTUM
563 1539 770 1582 dicendum,
793 1539 888 1585 quod
904 1551 977 1573 non
993 1540 1133 1573 moveri
1150 1539 1298 1584 injuriis,
1317 1539 1508 1585 quandoque
1528 1538 1674 1585 quidem
1693 1549 1775 1572 con-

212 1591 317 1637 tingit
339 1604 380 1626 ex
401 1593 484 1634 hoc,
504 1593 599 1638 quod
622 1593 763 1626 homini
780 1604 854 1627 non
873 1593 1014 1639 sapiunt
1027 1601 1179 1634 terrena,
1199 1592 1260 1626 sed
1282 1591 1361 1626 sola
1384 1592 1574 1635 coelestia3
1594 1592 1688 1626 unde
1702 1591 1773 1625 hoc

213 1657 286 1679 non
309 1646 461 1691 pertinet
487 1646 531 1679 ad
560 1646 745 1680 stultitiam
773 1646 910 1688 mundi,
932 1646 993 1680 sed
1017 1645 1060 1679 ad
1087 1646 1301 1692 sapientiam
1327 1646 1408 1687 Dei,
1435 1653 1473 1679 ut
1501 1645 1608 1690 Greg.
1637 1644 1773 1679 ibidem

213 1699 314 1732 dicit:
331 1699 522 1745 quandoque
537 1708 657 1734 autem
669 1700 846 1744 contingit
859 1711 901 1733 ex
915 1699 998 1741 hoc,
1010 1699 1106 1745 quod
1118 1699 1233 1733 horno
1249 1707 1301 1733 est
1317 1698 1527 1745 simpliciter
1542 1698 1635 1733 circa
1651 1698 1774 1732 omnia

214 1752 394 1798 stupidus3
416 1761 453 1786 ut
475 1761 570 1798 patet
591 1753 626 1786 in
650 1754 862 1795 amentibus,
885 1753 945 1799 qui
966 1764 1039 1787 non
1067 1753 1283 1795 discernunt,
1306 1752 1390 1799 quid
1412 1752 1456 1787 sit
1478 1752 1620 1798 injuria:
1644 1760 1678 1786 et
1702 1752 1774 1786 hoc

214 1805 366 1850 pertinet
388 1805 430 1839 ad
453 1805 638 1840 stultitiam
666 1805 886 1852 simpliciter.

775 1948 1120 1994 ARTICULUS
1160 1949 1214 1991 11.
1709 1956 1776 2004 256

601 2057 753 2088 UTRUM
786 2058 1021 2088 STULTITIA
1054 2058 1120 2087 SIT
1154 2056 1402 2087 PECCATUM.

816 2147 920 2193 (Insr.
940 2152 1002 2181 art.
1018 2158 1045 2193 3.
1069 2145 1187 2192 corp).

289 2237 349 2270 AD
372 2246 577 2270 SECUNDUM
603 2235 653 2270 sic
676 2235 892 2281 proceditur.
925 2233 1087 2275 Videtur,
1109 2232 1205 2279 quod
1230 2232 1378 2267 stultitia
1398 2242 1473 2266 non
1502 2231 1546 2266 sit
1567 2239 1777 2278 peccatum:

218 2288 357 2323 nullum
381 2289 477 2323 enim
499 2297 688 2334 peccatum
710 2288 875 2335 provenit
900 2288 937 2321 in
958 2287 1061 2321 nobis
1092 2298 1111 2320 a
1137 2294 1282 2320 natura:
1305 2285 1366 2320 sed
1402 2285 1549 2331 quidam
1576 2293 1658 2320 sunt
1678 2285 1776 2320 stulti

219 2342 445 2384 naturalite1·;
467 2354 553 2387 ergo
576 2342 722 2376 stultitia
743 2353 817 2376 non
841 2349 894 2375 est
915 2348 1115 2387 peccatum.

291 2407 321 2430 2.
343 2396 578 2431 PRAETEREA.
600 2395 721 2430 Omne
744 2403 934 2441 peccatum
957 2402 1008 2428 est
1028 2393 1284 2435 voluntarium,
1303 2401 1342 2427 ut
1362 2393 1516 2438 August.
1538 2392 1624 2426 dicit
1645 2391 1719 2437 (lib.
1741 2392 1778 2427 da

227 2450 310 2484 Vera
332 2450 432 2495 vaig.
452 2456 523 2496 cap.
544 2449 609 2494 14.)
627 2462 636 2483 .·
653 2448 713 2482 sed
733 2448 879 2482 stultitia
897 2459 971 2482 11011
991 2455 1042 2481 cst
1055 2446 1276 2488 voluntaria;
1299 2457 1385 2491 ergo
1406 2457 1480 2480 non
1502 2453 1554 2480 est
1575 2453 1775 2491 peccatum.

294 2515 323 2549 3.
345 2503 580 2537 PRAETEREA.
617 2502 738 2537 Omne
761 2510 949 2547 peccatum
978 2502 1170 2546 opponitur
1204 2500 1309 2534 alicui
1333 2507 1525 2546 praecepto
1553 2498 1692 2533 divino:
1715 2499 1777 2534 sed

220 2556 366 2591 stultitia
389 2556 477 2590 nulli
498 2564 690 2601 praecepto
713 2555 924 2600 opponitur3
948 2565 1034 2599 ergo
1053 2553 1200 2588 stultitia
1222 2565 1296 2587 non
1318 2561 1370 2587 est
1392 2561 1592 2599 peccatum.

293 2610 366 2644 SED
386 2620 539 2644 CONTRA
559 2617 621 2651 est,
640 2609 735 2654 quod
759 2609 886 2641 dicitur
907 2607 1076 2641 Proverb.
1105 2608 1368 2653 1.:P1·0.<pcritas
1385 2607 1559 2641 stultorum
1574 2605 1687 2652 perdet
1707 2617 1776 2640 eos:

221 2663 281 2698 sed
304 2663 422 2697 nullus
444 2662 600 2708 perditur
620 2662 687 2695 nisi
709 2673 773 2707 pro
796 2669 965 2707 peccato,
988 2672 1074 2704 ergo
1097 2660 1244 2694 stultitia
1267 2669 1318 2694 est
1339 2668 1539 2706 peccatum.

291 2717 519 2751 Rispoxmzo
542 2715 746 2756 dicendum,
769 2714 864 2760 quod
887 2713 1046 2755 stultitia,
1068 2714 1159 2747 sicut
1181 2714 1317 2747 dictum
1347 2722 1399 2747 est
1433 2713 1512 2757 (art.
1540 2713 1685 2758 praec),
1715 2711 1779 2746 im-

223 2778 340 2816 portat
359 2770 553 2815 quemdam
568 2777 752 2815 stuporem
771 2779 895 2802 sensus
914 2767 948 2800 in
967 2767 1172 2812 judicandO,
1192 2775 1225 2800 et
1243 2766 1432 2812 praecipue
1453 2766 1547 2799 circa
1566 2765 1778 2800 altissimam

224 2834 382 2865 causam,
405 2834 495 2868 quae
518 2831 570 2857 est
588 2822 666 2856 finis
688 2821 845 2862 ultimus,
865 2829 899 2854 et
912 2832 1096 2854 summum
1118 2820 1272 2853 bonum:
1290 2820 1383 2853 circa
1399 2819 1494 2865 quod
1513 2818 1640 2864 aliquis
1661 2825 1779 2864 potest

224 2877 296 2922 pati
317 2885 500 2922 stuporem
522 2876 558 2910 in
587 2875 780 2922 judicando
802 2874 972 2920 dupliciter
983 2886 992 2908 .·
1020 2885 1084 2908 uno
1106 2873 1199 2908 modo
1231 2884 1273 2907 ex
1300 2873 1574 2918 indispositione
1604 2870 1776 2914 naturali;
