1859 3122
486 218 706 254 QUAESTIO
743 219 916 248 CLXXVI.
953 219 1197 250 ARTICULUS
1231 219 1275 249 ll.
1538 220 1646 263 1149

154 299 228 334 SED
256 310 410 334 CONTRA
433 307 496 341 est,
519 300 614 346 quotl
642 299 841 346 Apostolus
864 300 948 334 dicit
975 311 1002 334 1.
1026 300 1068 334 ad
1093 300 1178 335 Cor.
1207 311 1275 343 14.:
1301 302 1418 347 Major
1431 306 1484 344 est,
1500 303 1651 348 quipro-

78 353 199 398 plautat,
222 364 321 399 quam
344 355 400 398 qni
422 354 570 399 loquitur
591 354 721 399 linguis.

153 405 382 440 Rus-pomo
405 406 610 448 dicendum,
634 408 729 453 quod
745 408 882 441 donum
899 407 1109 453 prophetiae
1124 407 1264 442 excedit
1283 408 1420 442 donum
1443 408 1648 454 linguarum

82 460 279 505 tripliciter:
297 461 411 506 primo
433 460 592 505 quidem,
614 461 696 506 quia
720 461 856 495 donum
879 461 1085 505 linguarum
1113 460 1262 495 refertur
1289 462 1332 495 ad
1360 462 1519 496 diversas
1540 473 1650 497 voces

81 512 324 559 proferendas,
345 524 436 559 quae
459 522 541 547 sunt
562 514 663 559 signa
686 514 836 559 alicujus
856 513 1090 560 intelligibilis
1109 515 1279 556 veritatis,
1299 516 1399 560 cujus
1419 515 1528 549 etiam
1547 516 1650 560 signa

81 574 163 600 sunt
183 566 363 612 quaedam
384 566 461 611 ipsa
484 567 747 611 phantasmata,
770 579 860 613 quae
884 567 1083 602 secundum
1105 567 1358 614 imaginariam
1381 569 1560 603 visionem
1591 580 1650 615 ap-

81 628 225 665 parent5
248 619 340 652 unde
364 628 398 653 et
419 619 571 665 August.
599 630 650 654 12.
686 632 792 666 super
819 620 910 655 Gen.
942 621 985 654 ad
1016 621 1065 655 lit.
1092 622 1184 668 (cap.
1211 622 1258 666 8.)
1295 630 1482 668 comparat
1512 622 1649 656 donum

80 671 285 718 linguarum
308 673 437 706 visioni
460 673 715 718 imaginariae:
739 674 874 708 dictum
898 682 951 708 est
970 682 1089 708 autem
1110 685 1216 720 supra
1235 676 1280 720 (q.
1299 687 1364 721 173.
1384 681 1447 710 art.
1468 677 1526 719 2.),
1552 675 1648 721 quod

81 726 218 760 donum
240 727 450 773 prophetiae
474 727 636 761 consistit
658 728 692 761 in
715 728 791 774 ipsa
814 727 1077 762 illuminatione
1113 729 1243 762 mentis
1275 729 1317 762 ad
1350 729 1647 775 cognoscendam

81 779 346 826 intelligibilem
369 780 574 822 verita1em3
598 781 691 815 unde
719 782 810 815 sicut
837 782 1048 827 prophetica
1076 781 1292 816 illuminatio
1322 782 1556 817 excellentior
1582 791 1647 825 est,

80 845 190 880 quam
211 834 425 880 imaginaria
447 835 549 876 visio,
573 843 610 869 ut
632 847 736 881 supra
758 836 921 869 habitum
945 844 997 869 est
1018 836 1061 881 (q.
1078 847 1149 881 174.
1169 842 1234 870 art.
1255 838 1315 878 2.),
1336 837 1383 870 ita
1407 837 1516 871 etiam
1536 836 1651 871 excel-

80 887 211 921 lentior
233 895 285 922 est
312 888 514 933 prophetia,
537 900 645 934 quam
669 889 806 922 donum
829 888 1047 933 linguarum,
1070 890 1269 922 secundum
1293 901 1330 924 se
1359 890 1647 924 consideratum:

77 940 227 982 sectando,
252 941 334 986 quia
357 941 494 975 donum
517 941 727 987 prophetiae
750 942 902 988 pertinet
925 942 967 975 ad
996 954 1117 976 rerum
1139 943 1317 985 notitiam,
1345 955 1436 989 quae
1472 952 1526 977 est
1551 943 1651 977 nobi-

79 993 159 1036 lior,
181 1006 290 1040 quam
312 995 439 1028 notitia
466 1006 611 1036 vocum,
635 995 677 1028 acl
700 1006 809 1040 quam
831 996 985 1041 pertinet
1007 995 1144 1030 donum
1167 995 1390 1041 linguarum:
1427 998 1534 1038 tartio,
1563 997 1646 1043 quia

80 1048 217 1081 donum
238 1048 448 1094 prophetiae
468 1056 520 1082 est
539 1047 673 1081 utilius:
696 1056 730 1081 et
748 1048 817 1082 hoc
837 1049 983 1094 quidem
1005 1049 1132 1094 probat
1152 1049 1351 1094 Apostolus
1375 1061 1401 1083 1.
1423 1050 1465 1083 ad
1487 1051 1573 1085 Cor.
1596 1060 1648 1092 14.

80 1101 277 1147 tripliciter:
299 1102 412 1147 primo
435 1101 592 1146 quidem,
615 1101 697 1146 quia
724 1101 913 1147 prophetia
937 1109 989 1135 est
1008 1101 1129 1135 utilior
1152 1102 1194 1135 ad
1217 1102 1505 1137 aedificationem
1529 1103 1650 1137 Eccle-

79 1154 164 1196 siae,
193 1154 235 1188 ad
259 1165 368 1200 quam
391 1155 450 1200 qui
472 1153 630 1199 loquitur
652 1153 796 1199 linguis,
818 1154 908 1187 nihil
930 1155 1087 1200 prodest,
1102 1155 1171 1188 nisi
1193 1156 1371 1201 expositio
1392 1157 1646 1202 subsequatur:

78 1207 213 1241 amando
237 1216 411 1253 quantum
427 1207 469 1240 ad
484 1207 602 1252 ipsum
625 1206 848 1253 loquentem,
872 1208 932 1253 qui
954 1208 982 1241 si
998 1208 1188 1254 acciperet,
1212 1217 1249 1242 ut
1271 1208 1479 1255 loqueretur
1501 1210 1649 1244 diversis

79 1260 222 1306 linguis,
244 1262 319 1294 sine
345 1260 417 1294 hoc
440 1260 536 1306 quod
559 1260 787 1305 intelligeret,
822 1260 917 1307 quod
952 1261 1106 1307 pertinet
1139 1262 1181 1296 ad
1212 1262 1465 1308 propheticum
1498 1263 1648 1304 donum,

79 1325 182 1348 mens
204 1315 280 1360 ejus
301 1325 375 1347 non
398 1313 666 1348 aedificaretur:
691 1315 784 1348 tertio
808 1323 982 1360 quantum
1005 1315 1048 1348 ad
1070 1315 1244 1357 infideles,
1267 1324 1413 1362 propter
1434 1327 1525 1362 quos
1552 1328 1650 1362 prae-

78 1367 182 1412 cipue
205 1378 282 1401 esse
303 1367 443 1401 videtur
465 1367 589 1401 datum
617 1368 753 1401 donum
781 1367 1006 1413 linguarum:
1030 1369 1090 1414 qui
1117 1370 1263 1414 quidem
1290 1369 1383 1404 forte
1411 1382 1485 1412 eos,
1513 1371 1573 1417 qui
1600 1370 1651 1405 lo-

77 1428 272 1465 querentur
304 1419 448 1466 linguis,
482 1428 688 1465 reputarent
721 1421 886 1464 insanos;
921 1422 1013 1455 sicut
1040 1430 1073 1455 et
1096 1422 1223 1467 Judaei
1249 1432 1504 1468 reputaverunt
1531 1424 1649 1458 ebrios

78 1473 278 1519 Apostolos
300 1473 432 1519 linguis
455 1473 655 1519 loquentes,
671 1482 709 1508 ut
724 1474 852 1508 dicitur
867 1475 947 1508 Act.
972 1485 1022 1509 2.:
1046 1487 1108 1521 per
1123 1476 1331 1522 prophetias
1347 1486 1469 1511 autem
1484 1477 1647 1512 infideles

77 1527 354 1568 convincuntur,
377 1527 613 1561 manifestatis
641 1528 859 1562 absconditis
883 1529 1000 1563 cordis
1023 1530 1088 1564 sui.

150 1580 208 1614 AD
235 1591 383 1614 PR1MUM
405 1592 491 1626 ergo
514 1581 719 1623 dicendum,
742 1582 851 1627 quod,
877 1582 969 1616 sicut
991 1594 1097 1629 supra
1113 1583 1249 1617 dictum
1281 1593 1333 1619 est
1354 1585 1398 1630 (q.
1427 1597 1501 1631 174,
1529 1591 1592 1620 art.
1616 1598 1646 1620 2.

77 1633 119 1667 ad
140 1633 199 1677 1.),
223 1633 266 1666 ad
289 1633 542 1668 excellentiam
564 1635 775 1680 prophetiae
797 1635 961 1681 pertinet,
984 1637 1079 1682 quod
1103 1636 1230 1683 aliquis
1258 1649 1331 1671 non
1363 1638 1482 1672 solum
1514 1638 1644 1672 illumi-

76 1695 181 1720 netur
201 1686 420 1732 intelligibili
432 1686 581 1729 lumine,
596 1688 658 1721 sed
675 1688 784 1722 etiam
800 1689 972 1735 percipiat
986 1690 1241 1736 imaginariam
1255 1691 1435 1725 visionem
1448 1705 1455 1733 3
1470 1692 1519 1725 ita
1539 1693 1646 1726 etiam

78 1740 120 1774 ad
143 1739 402 1786 perfectionem
425 1741 646 1786 operationis
666 1741 818 1787 Spiritus
837 1742 961 1776 Sancti
977 1744 1141 1787 pertinet,
1158 1744 1254 1789 quod
1269 1756 1343 1778 non
1362 1744 1481 1778 solum
1496 1745 1647 1790 impleat

77 1801 238 1827 mentem
260 1793 397 1827 lumine
419 1794 645 1840 prophetico,
669 1802 702 1828 et
723 1795 951 1840 phantasiam
973 1796 1188 1842 imaginaria
1215 1797 1366 1839 visione,
1395 1798 1487 1832 sicut
1509 1806 1583 1832 erat
1608 1798 1645 1832 in

76 1846 190 1881 veteri
209 1854 451 1889 testamento,
474 1847 536 1881 sed
559 1847 667 1881 etiam
696 1848 848 1881 exterius
877 1848 1040 1894 linguam
1068 1850 1207 1884 erudiat
1233 1850 1276 1884 ad
1303 1851 1401 1884 varia
1423 1851 1525 1897 signa
1550 1851 1649 1885 locu-

75 1900 218 1934 tionum
251 1899 482 1945 proferenda;
518 1901 614 1946 quod
648 1909 765 1934 totum
800 1900 837 1935 fit
864 1902 899 1935 in
927 1914 1025 1936 novo
1060 1911 1290 1945 testamento,
1321 1905 1520 1938 secundum
1559 1904 1646 1938 illud

82 1965 109 1988 Ι.
133 1954 176 1988 ad
199 1953 285 1987 Cor.
313 1964 383 1996 14:
413 1954 639 1999 Unusquisque
664 1959 808 1988 vestrum
831 1955 998 2001 psalmum
1017 1955 1121 1997 habet,
1146 1956 1331 1990 doctrinam
1361 1958 1464 1999 habel,
1497 1959 1646 2003 linguam

77 2008 181 2049 hahet,
210 2008 444 2054 apocalipsim,
471 2008 564 2042 idest
585 2008 836 2054 propheticam
858 2008 1132 2052 revelationem,
1156 2011 1260 2045 habat.

149 2062 208 2096 AD
231 2071 439 2095 SECUNDUM
462 2061 667 2103 dicendum,
690 2062 786 2107 quod
814 2074 877 2107 per
906 2063 1042 2096 donum
1065 2063 1276 2109 prophetiae
1310 2065 1425 2098 homo
1461 2065 1647 2099 ordinatur

79 2114 123 2148 ad
145 2114 266 2148 Deum
289 2115 490 2148 secundum
513 2123 694 2157 mentem3
718 2115 814 2160 quod
836 2123 889 2149 est
908 2115 1077 2158 nobilius,
1101 2128 1211 2162 quarn
1233 2117 1391 2151 ordinari
1413 2118 1456 2151 ad
1483 2129 1567 2151 eum
1594 2129 1647 2152 se-

81 2168 240 2201 cundum
263 2167 444 2213 linguam:
469 2168 597 2202 dicitur
619 2176 753 2209 autem,
775 2170 871 2214 quod
886 2168 946 2203 ille
969 2169 1029 2215 qui
1051 2169 1210 2215 loquitur
1230 2170 1367 2216 lingua,
1387 2182 1461 2205 non
1488 2170 1647 2217 loquitur

78 2220 300 2262 hominibus,
319 2221 411 2254 idest
432 2220 475 2254 ad
497 2220 723 2255 intellectum
745 2222 948 2264 hominurn,
970 2222 1028 2257 vel
1049 2223 1240 2257 utilitatem
1264 2236 1403 2266 eorum,
1434 2225 1495 2258 sed
1523 2225 1566 2258 ad
1593 2225 1643 2258 in-

79 2273 268 2308 tellectum
290 2273 402 2307 solius
423 2274 505 2315 Dei,
528 2283 562 2308 et
577 2275 619 2307 ad
634 2274 780 2309 laudem
796 2276 890 2320 ejus:
909 2276 970 2310 sed
991 2288 1054 2322 per
1075 2277 1303 2323 prophetiam
1319 2278 1503 2311 ordinatur
1519 2277 1645 2323 aliquis

79 2335 114 2360 et
136 2327 179 2360 ad
201 2327 334 2368 Deum,
358 2335 392 2360 et
414 2328 456 2360 ad
476 2327 702 2373 proximum3
724 2328 818 2361 unde
841 2336 894 2362 est
914 2328 1105 2374 perfectius
1127 2331 1275 2364 donum.

153 2380 212 2414 AD
241 2390 413 2414 TERTIUM
435 2379 641 2422 dicendum,
664 2381 760 2426 quod
782 2381 956 2416 revelatio
979 2383 1190 2428 prophetica
1209 2394 1247 2417 se
1269 2383 1427 2416 extendit
1450 2383 1493 2417 ad
1521 2384 1644 2417 omnia

80 2432 366 2478 supernaturalia
389 2433 665 2477 cognoscenda3
688 2434 782 2468 unde
798 2446 840 2468 ex
855 2435 930 2479 ejus
949 2435 1169 2480 perfectione
1189 2436 1377 2481 contingit,
1392 2437 1488 2482 quod
1503 2437 1539 2470 in
1551 2444 1644 2471 statu

78 2485 365 2532 imperfectionis
387 2486 494 2531 hujus
515 2486 609 2520 vitae
631 2497 705 2520 non
727 2495 846 2533 potest
859 2487 983 2522 haberi
998 2487 1153 2534 perfecte
1172 2500 1235 2534 per
1249 2489 1399 2522 modum
1414 2489 1568 2531 habitus,
1583 2490 1645 2523 sed

78 2538 290 2584 imperfecte
313 2550 375 2584 per
396 2539 547 2572 modum
564 2540 751 2585 cujusdam
770 2541 966 2586 passionis:
987 2542 1048 2575 sed
1064 2542 1201 2575 donum
1216 2541 1419 2587 linguarum
1436 2553 1473 2576 se
1488 2543 1646 2576 extendit

79 2592 123 2626 ad
148 2592 395 2638 cognitionem
420 2593 615 2638 quamdam
637 2593 904 2639 particularem,
925 2594 1062 2628 scilicet
1083 2605 1217 2628 vocum
1232 2595 1495 2637 humanarum3
1512 2604 1546 2630 et
1559 2596 1643 2630 ideo

78 2658 153 2680 non
181 2654 359 2692 repugnat
386 2645 653 2691 imperfectioni
679 2646 785 2692 hujus
815 2648 921 2690 vitae,
949 2648 1045 2694 quod
1074 2647 1242 2694 perfecte,
1269 2656 1304 2682 et
1328 2648 1556 2683 habitualiter
1582 2649 1646 2682 ha-

78 2699 213 2733 beatur.

151 2752 212 2786 AD
236 2762 424 2790 QUARTUM
446 2752 652 2795 dicendum,
679 2754 774 2799 quod
800 2754 1046 2800 interpretatio
1077 2766 1285 2789 sermonum
1307 2764 1426 2801 potest
1451 2757 1574 2790 reduci
1601 2758 1644 2791 ad

78 2805 216 2838 donum
236 2805 465 2851 prophetiae3
486 2805 700 2851 inquantum
723 2806 860 2841 scilicet
882 2820 984 2842 mens
1011 2807 1235 2842 illuminatur
1249 2809 1291 2842 acl
1305 2809 1593 2855 intelligendum,
1610 2819 1644 2845 et

80 2858 347 2903 exponendum,
369 2870 620 2904 quaecumque
641 2868 724 2893 sunt
744 2860 780 2893 in
802 2861 1028 2895 sermonibus
1051 2861 1215 2903 obscura,
1237 2862 1311 2896 sive
1331 2871 1477 2908 propter
1495 2862 1644 2898 difficul-

77 2918 190 2944 tatem
211 2922 331 2944 rerum
350 2911 644 2957 significatarum,
666 2914 740 2947 sive
760 2915 869 2947 etiam
891 2922 1036 2960 propter
1057 2914 1151 2960 ipsas
1166 2926 1274 2949 voces
1289 2915 1442 2961 ignotas,
1458 2928 1549 2962 quae
1564 2928 1643 2963 pro-
