1859 3122
448 201 668 238 QUAESTIO
703 201 876 231 CLXXIV.
910 199 1154 231 ARTICULUS
1188 199 1246 228 VI.
1511 196 1619 240 1137

134 284 194 318 AD
210 292 381 318 TERTHJM
397 283 707 329 dicendum‚quod
723 282 926 329 Prophetae
948 280 1241 327 praenuntiantes
1257 277 1393 313 Christi
1415 277 1623 318 adventurn,

63 349 137 372 non
164 345 357 383 potuerunt
379 337 506 371 durare
528 337 595 371 nisi
622 334 734 382 usque
762 336 805 370 ad
828 335 1019 380 Joannem,
1041 334 1102 380 qui
1123 332 1407 380 praesentialiter
1434 331 1623 366 Christum

63 391 175 437 digito
203 391 479 424 demonstravit:
503 399 537 425 et
563 399 696 432 tamen,
720 397 756 423 ut
780 389 1024 435 Hieronymus
1053 387 1185 421 ibidem
1214 386 1311 428 dicit,
1341 399 1358 417 «
1379 396 1453 419 non
1480 385 1551 418 hoc
1574 383 1626 417 di-

63 445 164 486 citur,
187 451 225 478 ut
258 452 340 490 post
357 444 535 489 Joannem
559 443 724 478 excludat
754 443 973 488 Prophetas:
997 441 1151 487 legimus
1173 439 1270 474 enim
1297 440 1333 472 in
1356 438 1505 472 Actibus
1529 437 1628 483 Apo-

62 497 251 539 stolorum,
287 505 321 532 et
354 498 523 542 Agabum
554 497 798 543 prophetasse,
833 504 867 530 et
893 503 1046 541 quatuor
1080 494 1235 539 virgines
1269 492 1359 526 filias
1403 491 1558 537 Philippi
1583 503 1625 524 »z

58 551 215 596 Joannes
238 551 348 585 etiam
366 551 496 584 librum
516 550 769 596 propheticum
798 549 1009 595 conscripsit
1036 549 1079 582 de
1101 547 1170 581 fine
1197 546 1399 580 Ecclesiae:
1424 553 1458 579 et
1476 543 1626 589 singulis

62 604 284 650 temporibus
305 615 379 637 non
410 603 600 638 defuerunt
623 603 729 649 aliqui
753 603 961 649 prophetiae
983 601 1147 647 spiritum
1174 599 1359 641 habentes,
1383 610 1454 632 non
1477 597 1623 644 quidem

66 657 109 692 ad
131 668 266 692 novam
288 657 490 691 doctrinam
514 657 596 691 fidei
617 657 914 702 depromendam,
936 655 997 690 sed
1026 655 1067 689 ad
1094 655 1341 688 humanorum
1370 661 1516 687 actuum
1539 651 1626 685 dire-

65 711 244 745 ctionem:
266 710 357 744 sicut
379 711 532 755 August.
556 710 672 752 refert,
699 721 726 755 5.
750 710 792 743 de
816 709 895 743 Civ.
918 709 988 743 Dei
1011 708 1098 754 (cap.
1118 707 1206 752 26),
1234 707 1331 752 quod
1357 719 1374 738 «
1394 705 1626 739 Theodosius

64 765 251 810 Augustus
278 764 321 797 ad
351 764 531 809 Joannem
565 764 600 797 in
631 764 788 809 Aegypti
823 773 945 797 eremo
973 762 1220 802 constitutum,
1243 771 1349 806 quem
1385 757 1627 806 prophetandi

63 817 187 864 spiritu
209 818 410 863 praeditum
430 817 525 851 fama
549 817 797 852 crebrescente
820 816 1002 857 didicerat,
1017 815 1125 856 misit,
1146 822 1180 848 et
1202 814 1244 847 ab
1265 825 1309 848 eo
1327 813 1495 847 nuntium
1517 811 1627 846 victo-

64 871 138 905 riae
160 871 399 906 certissimum
424 873 561 917 accepit
582 885 613 904 ».

523 1138 879 1200 QUAESTIO
921 1137 1178 1185 CLXXV.

364 1263 427 1294 DE
454 1263 623 1302 RAPTU,
654 1263 706 1293 IN
744 1262 830 1294 SEX
856 1261 1119 1293 ARTICULOS
1145 1259 1319 1292 DIVISA.

138 1402 280 1438 Deinde
303 1402 607 1437 considerandum
630 1409 682 1436 est
704 1401 747 1436 de
769 1408 882 1447 raptu.

567 1492 613 1526 Et
632 1492 724 1526 circa
754 1490 812 1524 hoc
834 1493 1039 1535 quaeruntur
1057 1500 1123 1524 sex.

140 1563 276 1598 Primo.
298 1562 431 1597 Utrum
454 1562 575 1596 anima
597 1562 756 1596 hominis
778 1561 936 1606 rapiatur
959 1560 1001 1593 ad
1024 1559 1155 1594 divina.

141 1616 323 1651 Secundo.
350 1616 482 1650 Utrum
503 1623 622 1661 raptus
638 1615 814 1660 pertineat
840 1613 884 1647 ad
911 1613 985 1647 vim
1001 1611 1300 1658 cognoscstivam,
1316 1610 1373 1645 vel
1387 1610 1630 1656 appetitivam.

141 1669 278 1704 Tertio.
302 1669 434 1704 Utrum
460 1668 594 1702 Paulus
613 1668 649 1702 in
671 1676 774 1714 raptu
799 1667 927 1701 viderit
951 1666 1022 1700 Dei
1047 1665 1252 1700 essentiam.

141 1723 295 1764 Quarto.
319 1723 452 1757 Utrum
473 1721 580 1756 fuerit
602 1721 776 1756 alienatus
799 1731 819 1754 a
841 1720 1014 1754 sensibus.

142 1777 293 1817 Quinto.
316 1776 446 1810 Utrum
469 1775 576 1810 fuerit
595 1774 753 1809 totaliter
776 1774 896 1808 anima
919 1785 939 1807 a
961 1783 1114 1819 corpore
1132 1780 1295 1819 separata
1316 1771 1352 1805 in
1375 1779 1467 1806 statu
1489 1770 1564 1805 illo.

142 1830 263 1865 Sexto.
284 1829 382 1871 Quid
405 1829 500 1864 circa
518 1829 589 1863 hoc
611 1827 767 1870 sciverit,
790 1835 826 1862 et
846 1826 930 1873 quid
951 1826 1183 1872 ignoraverit.

652 1945 995 2011 ARTICULUS
1024 1945 1058 1989 Ι.
1564 1955 1633 2000 334

325 2043 480 2074 UTRUM
505 2042 641 2073 ANIMA
667 2041 851 2072 HOMINIS
878 2040 1096 2072 RAPIATUR
1122 2039 1181 2069 AD
1209 2039 1376 2071 DIVINA.

488 2118 600 2163 (Veri.
624 2129 654 2163 q.
675 2129 718 2164 13.
742 2122 806 2152 art.
828 2129 855 2152 1.
878 2121 906 2151 et
926 2128 958 2151 2.
977 2116 1018 2150 ad
1040 2117 1118 2151 Cor.
1140 2116 1220 2161 12.).

145 2202 206 2236 AD
228 2211 378 2236 PRIMUM
401 2201 450 2235 sic
473 2200 690 2246 proceditur.
712 2200 873 2242 Videtur,
896 2200 992 2246 quod
1007 2201 1128 2233 anima
1141 2198 1301 2232 hominis
1322 2209 1397 2231 non
1420 2198 1576 2243 rapiatur
1590 2197 1633 2231 ad

75 2255 214 2289 divina:
239 2254 407 2289 definitur
421 2254 518 2288 enim
536 2266 555 2287 a
577 2253 791 2299 quibusdam
812 2261 945 2299 raptus,
963 2266 981 2285 «
996 2253 1037 2286 ab
1062 2264 1105 2287 eo
1128 2252 1225 2298 quod
1247 2260 1300 2286 est
1320 2251 1519 2285 secundum
1537 2259 1635 2285 natu-

75 2320 165 2351 ram,
179 2308 215 2342 in
230 2308 265 2342 id
283 2308 380 2353 quod
395 2315 448 2341 est
461 2318 567 2353 supra
588 2314 765 2349 naturam,
783 2307 819 2340 vi
837 2306 1030 2352 superioris
1051 2313 1199 2339 naturae
1222 2304 1375 2339 elevatio
1390 2316 1426 2337 »1
1443 2312 1495 2338 est
1513 2312 1633 2338 autem

77 2361 277 2396 secundum
303 2369 470 2394 naturam
500 2360 673 2401 hominis,
703 2368 742 2394 ut
775 2360 818 2393 ad
847 2359 967 2394 divina
989 2359 1168 2393 elevetur:
1192 2359 1277 2392 dicit
1298 2358 1395 2392 enim
1423 2358 1576 2403 August.
1597 2357 1633 2390 in

76 2415 189 2461 princ.
214 2413 397 2450 Confess.:
423 2426 440 2445 t<
462 2413 593 2447 Fecisti
614 2424 680 2447 nos
701 2413 861 2446 Domine
884 2413 927 2446 ad
949 2420 1001 2455 te;
1025 2420 1059 2446 et
1079 2411 1280 2457 inquietum
1302 2418 1354 2444 est
1376 2422 1438 2444 cor
1459 2418 1636 2453 nostrum,

77 2468 194 2502 donec
217 2467 418 2513 requiescat
438 2467 475 2500 in
496 2474 529 2500 te
552 2479 592 2509 »3
614 2477 688 2500 non
710 2477 797 2512 ergo
819 2465 978 2500 hominis
1002 2465 1122 2498 anima
1141 2465 1273 2510 rapitur
1296 2465 1339 2497 ad
1361 2464 1492 2497 divina.

149 2532 180 2556 2.
203 2521 439 2555 PRAETEREA.
461 2519 659 2565 Dionysius
691 2519 776 2553 dicit
805 2519 836 2553 8.
861 2530 937 2565 cap.
968 2518 1010 2552 de
1033 2518 1116 2552 Div.
1137 2517 1246 2551 Nom.
1274 2517 1362 2561 (lact.
1389 2528 1421 2560 4.
1452 2521 1479 2550 ct
1505 2522 1575 2562 cap.
1603 2528 1635 2562 9.

80 2575 149 2609 lect.
173 2575 235 2619 4.),
259 2573 356 2619 quod
379 2573 511 2618 justitia
532 2573 602 2607 Dei
627 2573 663 2606 in
685 2572 756 2606 hoc
788 2572 990 2613 attenditur,
1014 2571 1110 2616 quod
1141 2570 1308 2604 omnibus
1335 2570 1439 2603 rebus
1461 2569 1637 2603 distribuit

79 2627 281 2662 secundum
303 2638 408 2660 suum
430 2627 593 2668 modum,
616 2634 650 2659 et
668 2625 898 2671 dignitatem:
927 2625 987 2659 sed
1011 2623 1106 2670 quod
1136 2623 1262 2669 aliquis
1291 2623 1448 2656 elevetur
1469 2634 1575 2668 supra
1601 2622 1636 2655 id

79 2681 176 2727 quod
197 2688 249 2714 est
270 2679 470 2714 secundum
491 2687 670 2720 naturam,
690 2690 765 2713 non
786 2679 939 2725 pertinet
960 2678 1003 2711 ad
1026 2677 1177 2710 modum
1203 2677 1375 2718 hominis,
1401 2675 1459 2709 vel
1485 2676 1636 2721 dignita-

77 2742 172 2776 tem;
195 2744 283 2778 ergo
304 2733 455 2774 videtur,
478 2732 574 2778 quod
595 2744 670 2766 non
691 2732 848 2778 rapiatur
869 2743 972 2765 mens
994 2730 1156 2764 hominis
1179 2741 1198 2763 a
1218 2730 1299 2764 Deo
1322 2729 1357 2762 in
1380 2729 1510 2762 divina.

151 2798 181 2833 3.
203 2787 439 2821 PRAETEREA.
462 2786 598 2832 Raptus
613 2785 810 2831 quamdam
823 2784 1035 2819 violentiam
1055 2785 1244 2830 importat:
1263 2782 1325 2816 sed
1338 2783 1439 2816 Deus
1453 2793 1527 2815 non
1546 2781 1637 2827 regit

78 2852 144 2874 nos
168 2851 231 2886 per
251 2838 475 2881 violentiam,
499 2847 531 2873 et
553 2846 690 2880 coacte,
724 2846 763 2873 ut
782 2838 954 2872 Damasc.
977 2837 1063 2871 dicit
1084 2837 1158 2882 (lib.
1174 2847 1205 2871 2.
1235 2835 1331 2870 Orth.
1353 2834 1428 2870 Fid.
1451 2841 1520 2880 cap⁸
1542 2835 1610 2880 30.)
1622 2846 1634 2876 ,-

78 2905 153 2927 non
175 2904 261 2939 ergo
284 2904 386 2927 mens
412 2892 572 2927 hominis
594 2892 728 2938 rapitur
745 2892 789 2926 ad
811 2891 942 2926 divina.
