1859 3122
477 177 696 214 QUAEsno
733 177 895 207 cxxxn.
929 176 1172 207 ARTICULUS
1206 176 1249 205 11.
1564 163 1642 218 883

86 270 169 294 nem
192 259 278 304 ejus,
297 259 491 305 opponitur
511 259 746 305 magnanimo
769 269 831 305 per
852 269 1059 299 excessum3
1078 257 1161 304 quia
1175 256 1343 291 videlicet
1357 256 1524 302 gloriam,
1538 267 1647 302 quam

87 312 232 359 appetit,
255 320 394 359 reputat
416 312 549 358 aliquid
572 323 759 358 magnum,
781 320 816 346 ct
837 312 880 345 ad
903 322 984 346 eam
1006 311 1119 345 tendit
1140 322 1246 357 supra
1268 322 1369 345 suam
1393 310 1618 356 dignitatem.

157 366 216 400 AD
239 376 409 400 TERT1UM
432 365 637 407 dicendum,
660 365 768 411 quod,
790 365 882 399 sicut
900 375 1006 411 supra
1027 364 1162 398 dictum
1178 372 1231 398 est
1244 364 1291 410 (q.
1310 374 1381 409 127.
1397 369 1461 398 art.
1481 375 1511 398 2.
1527 363 1569 397 ad
1582 363 1646 408 2.),

86 419 265 465 oppositio
287 419 456 453 vitiorum
480 430 552 453 non
576 419 768 453 attenditur
789 419 986 453 secundum
1011 417 1199 460 effectum3
1222 426 1256 452 et
1281 425 1403 451 tamen
1430 417 1501 452 hoc
1528 417 1647 463 ipsum

85 472 445 518 magnitudinianimi
456 473 661 518 opponitur,
676 472 771 518 quod
788 471 914 518 aliquis
930 471 1200 506 contentionem
1215 471 1394 504 intendat:
1410 469 1529 504 nullus
1549 470 1646 504 enim

86 526 281 566 contendit,
299 526 367 560 nisi
388 537 452 572 pro
473 538 521 567 re,
545 537 653 572 quam
677 527 842 560 aestimat
860 536 1031 570 magnam
1045 537 1052 566 3
1068 525 1162 558 unde
1179 524 1317 560 Philos.
1329 524 1415 557 dicit
1432 524 1467 557 in
1482 533 1514 566 4.
1531 523 1646 557 Ethic.

84 580 170 625 (cap.
186 580 230 625 3.)
252 579 347 626 quod
373 592 390 610 ‹<
413 579 667 625 magnanimus
693 590 768 613 non
789 586 843 613 est
869 578 1127 620 contentiosus,
1155 578 1237 624 quia
1263 577 1353 611 nihil
1379 577 1546 611 aestimat
1571 587 1647 610 ma-

86 644 198 679 gnum
220 646 251 666 ».

637 772 980 818 ARTICULUS
1015 772 1110 815 111:
1579 781 1646 828 657

304 881 457 911 UTRUM
485 881 628 911 INANIS
657 881 819 910 GLORIA
846 881 912 910 SIT
939 880 1175 910 PECCATUM
1198 879 1418 909 MORTALE.

679 968 780 1011 (Mal.
799 979 829 1012 q.
852 979 884 1013 9.
907 972 969 1001 art.
992 967 1052 1011 2.).

159 1056 218 1090 AD
241 1066 413 1090 TERTIUM
429 1055 479 1090 sic
502 1055 719 1102 proceditur.
740 1055 897 1097 Videtur,
913 1055 1010 1101 quod
1026 1055 1143 1089 inanis
1159 1053 1274 1100 gloria
1289 1054 1333 1088 sit
1346 1062 1535 1100 peccatum
1554 1065 1648 1088 rnor-

86 1109 177 1144 tale:
200 1109 290 1143 nihil
311 1109 409 1143 enim
431 1109 587 1143 excludit
613 1108 820 1143 mercedem
848 1116 1043 1149 aeternam,
1070 1108 1139 1141 nisi
1164 1116 1356 1153 peccatum
1382 1107 1554 1141 mortale:
1583 1107 1645 1141 sed

84 1163 200 1197 inanis
216 1162 330 1208 gloria
345 1161 502 1196 excludit
519 1162 727 1196 mercedem
745 1170 949 1196 aeternam:
969 1162 1098 1196 dicitur
1117 1161 1214 1195 enim
1232 1161 1359 1195 Matth.
1380 1159 1452 1194 61.:
1469 1160 1645 1202 Attendita,

87 1228 125 1250 ne
141 1217 310 1262 justitiam
331 1220 474 1250 vestram
488 1216 629 1262 finiatis
646 1227 759 1250 coram
778 1216 975 1256 hominibus,
998 1220 1033 1249 ut
1053 1214 1236 1249 videamini
1254 1215 1294 1248 ab
1313 1216 1376 1254 ΜΒ,-
1400 1214 1549 1259 alioquin
1566 1226 1648 1248 mer—

87 1269 193 1304 cedem
211 1281 276 1303 non
295 1269 451 1304 habebitis
469 1269 559 1316 apud
576 1270 709 1303 Patrem
726 1274 883 1311 vestram,
903 1270 959 1314 qai
977 1270 1012 1302 in
1030 1268 1124 1302 coelis
1144 1273 1208 1308 ατί,-
1229 1278 1314 1314 ergo
1333 1267 1449 1301 inanis
1465 1267 1579 1313 gloria
1594 1275 1646 1301 est

88 1330 278 1368 peccatum
299 1321 464 1356 mortale.

159 1385 190 1409 2.
213 1375 449 1410 PRAETEREA.
467 1375 701 1422 Quicumque
716 1375 861 1422 surripit
875 1375 942 1409 sibi
960 1374 1057 1421 quod
1073 1382 1125 1408 est
1142 1374 1213 1408 Dei
1234 1374 1432 1420 proprium,
1447 1373 1648 1408 mortaliter

93 1437 240 1475 peccat:
260 1429 321 1463 sed
343 1439 404 1475 per
426 1429 625 1474 appetitum
643 1429 759 1463 inanis
781 1429 919 1475 gloriae
942 1428 1069 1474 aliquis
1091 1428 1158 1462 sibi
1186 1427 1344 1462 attribuit
1369 1427 1465 1473 quod
1493 1435 1545 1461 est
1570 1439 1648 1472 pro-

89 1482 206 1527 prium
228 1482 318 1516 Dei:
342 1482 470 1516 dicitur
492 1482 588 1516 enim
611 1483 679 1517 Isa.
699 1492 772 1525 425
799 1482 955 1517 Gloriam
975 1493 1082 1516 meam
1107 1482 1204 1516 alteri
1228 1493 1294 1515 non
1312 1481 1408 1523 dabo,
1429 1488 1463 1514 et
1485 1491 1512 1514 1.
1529 1481 1572 1514 ad
1588 1480 1648 1514 Ti-

86 1535 276 1569 motheum
296 1546 322 1569 1.
336 1547 344 1569 z
359 1536 429 1570 Soli
442 1536 514 1570 Deo
531 1536 646 1578 honor,
663 1541 692 1570 et
704 1536 824 1581 gloria;
842 1546 928 1581 ergo
943 1535 1060 1568 inanis
1078 1534 1194 1579 gloria
1210 1542 1261 1568 est
1276 1542 1464 1580 peccatum
1480 1533 1645 1568 mortale.

162 1599 191 1634 3.
212 1588 448 1623 PRAETEREA‚
464 1588 555 1622 Illud
570 1597 774 1635 peccatum,
791 1589 888 1635 quod
904 1597 956 1622 est
970 1589 1127 1622 maxime
1141 1588 1398 1635 periculosum,
1413 1597 1448 1622 et
1461 1589 1646 1629 nocivum,

87 1641 228 1676 videtur
242 1652 318 1676 esse
334 1642 506 1676 mortale:
529 1643 590 1676 sed
612 1650 814 1688 peccatum,
836 1642 952 1676 inanis
974 1641 1111 1687 gloriae
1128 1650 1181 1676 est
1198 1641 1418 1687 hujusmodi,
1441 1642 1524 1688 quia
1543 1653 1648 1688 super

87 1694 175 1728 illud
202 1706 229 1728 1.
252 1695 296 1728 ad
319 1694 486 1729 Thessal.
510 1705 559 1728 2.:
580 1696 666 1737 Deo,
696 1697 753 1740 qui
772 1697 897 1742 probat
923 1695 1022 1729 corda
1048 1700 1172 1737 nostra,
1200 1695 1285 1728 dicit
1309 1694 1428 1729 Gloss.
1452 1695 1646 1740 Augustini

87 1747 213 1792 (ordin.
236 1749 324 1794 epist.
348 1748 442 1792 64.):
468 1761 485 1779 κ
506 1748 608 1788 Quas
629 1748 722 1782 vires
744 1748 901 1782 nocendi
922 1748 1054 1782 habeat
1074 1748 1256 1782 humanae
1279 1747 1416 1793 gloriae
1440 1759 1554 1790 amor,
1572 1759 1646 1782 non

87 1802 195 1836 sentit
214 1801 283 1836 nisi
305 1802 365 1847 qui
387 1802 419 1836 ei
436 1802 573 1836 bellum
594 1802 778 1844 indixerit;
801 1802 883 1848 quia
911 1802 976 1836 etsi
999 1802 1168 1848 cuiquam
1190 1801 1295 1835 facile
1326 1810 1378 1836 est
1399 1801 1543 1835 laudem
1570 1813 1644 1836 non

90 1866 232 1901 cupere,
262 1855 348 1889 dum
378 1863 540 1901 negatur,
569 1854 713 1890 difficile
747 1863 870 1889 tamen
898 1862 950 1889 est
972 1866 1013 1889 ea
1034 1866 1108 1889 non
1131 1855 1312 1896 delectari,
1341 1866 1424 1888 cum
1447 1854 1594 1888 offertur
1608 1867 1646 1888 »2

91 1908 378 1954 Chrysostomus
401 1908 510 1942 etiarn
532 1908 628 1950 dicit,
649 1908 776 1943 Matth.
793 1907 825 1942 6.
849 1908 976 1952 (homil.
996 1909 1076 1953 19),
1097 1909 1192 1954 quod
1211 1908 1358 1942 «inanis
1373 1907 1488 1953 gloria
1503 1907 1645 1942 occulte

90 1961 299 2006 ingreditur,
318 1969 352 1995 et
373 1962 496 1994 omnia
520 1973 611 2006 quae
625 1961 719 1995 intus
734 1969 826 2003 sunt,
841 1961 1095 1995 insensibiliter
1109 1961 1223 1995 aufert
1237 1975 1254 1993 »
1268 1973 1275 2003 ;
1291 1972 1377 2006 ergo
1396 1961 1512 1995 inanis
1532 1961 1647 2006 gloria

89 2022 142 2048 est
162 2023 352 2060 peccatum
374 2014 538 2048 mortale.

158 2067 232 2102 SED
256 2078 411 2102 CONTRA
426 2075 488 2109 est,
505 2067 600 2113 quod
620 2067 808 2113 Chrysost.
828 2067 913 2102 dicit
927 2079 1033 2114 super
1046 2068 1172 2102 Matth.
1191 2068 1294 2111 (hom.
1310 2080 1351 2114 13.
1369 2069 1401 2101 in
1417 2075 1466 2114 op.
1489 2069 1644 2114 imperf),

88 2121 184 2166 quod
202 2134 219 2152 «
242 2132 325 2154 cum
343 2121 429 2154 vitia
451 2129 591 2155 caetera
605 2120 729 2154 locum
742 2121 899 2155 habeant
915 2121 951 2154 in
965 2121 1077 2155 servis
1099 2121 1244 2163 diaboli,
1266 2121 1382 2155 inanis
1403 2121 1519 2167 gloria
1538 2121 1646 2155 etiam

87 2173 213 2208 locum
231 2174 340 2208 habet
359 2174 396 2207 in
417 2175 527 2208 servis
551 2173 736 2216 Christi»,
757 2174 794 2207 in
816 2174 942 2220 quibus
964 2183 1087 2208 tamen
1108 2174 1248 2208 nullum
1270 2182 1323 2208 est
1343 2183 1534 2220 peccatum
1555 2185 1648 2208 mor-

88 2226 180 2268 tale;
203 2237 289 2272 ergo
311 2227 427 2260 inanis
451 2226 566 2272 gloria
587 2238 661 2260 non
683 2235 736 2261 est
756 2235 946 2273 peccatum
968 2227 1134 2261 mortale.

160 2280 388 2314 RESPONDEO
405 2280 609 2321 dicendum,
625 2281 733 2325 quod,
747 2280 840 2314 sicut
854 2291 959 2326 supra
975 2281 1109 2314 dictum
1126 2288 1178 2314 est
1201 2280 1246 2325 (q.
1261 2292 1315 2324 24.
1334 2286 1399 2315 art.
1414 2292 1463 2315 12.
1479 2285 1508 2314 et
1525 2292 1554 2325 q.
1574 2292 1643 2316 ΠΟ.

89 2338 154 2367 art.
176 2345 204 2367 I.
223 2337 251 2367 et
272 2345 302 2378 q.
324 2344 391 2367 112.
411 2337 474 2367 art.
492 2333 555 2376 2.)‚
576 2344 619 2366 ex
639 2333 710 2367 hoc
730 2333 876 2379 aliquod
898 2342 1088 2378 peccatum
1110 2341 1164 2367 est
1184 2334 1349 2375 mortale,
1365 2333 1461 2380 quod
1481 2333 1645 2366 charitati

91 2385 348 2420 contrariatur:
371 2393 562 2431 peccatum
578 2394 697 2420 autem
712 2386 827 2419 inanis
842 2386 991 2432 gloriae,
1011 2386 1210 2420 secundum
1225 2398 1262 2420 se
1277 2387 1557 2427 consideratum,
1572 2397 1646 2420 non

88 2439 229 2473 videtur
246 2439 456 2473 contrariari
471 2439 637 2472 charitati
654 2447 830 2484 quantum
845 2440 888 2473 ad
904 2439 1137 2474 dilectionem
1147 2440 1319 2485 proximi:
1336 2447 1511 2485 quantum
1526 2447 1646 2472 autern

92 2493 135 2526 ad
158 2491 392 2526 dilectionem
413 2492 484 2526 Dei
504 2499 621 2537 potest
652 2493 862 2526 contrariari
889 2493 1054 2526 charitati
1083 2493 1276 2538 dupliciter:
1297 2504 1360 2526 uno
1386 2492 1481 2526 modo
1507 2492 1647 2526 ratione

93 2545 278 2586 materiae,
301 2545 343 2578 de
359 2555 428 2590 qua
447 2545 525 2590 quis
540 2544 732 2590 gloriatur3
753 2553 838 2591 puta
853 2557 936 2579 cum
951 2546 1028 2591 quis
1044 2545 1218 2591 gloriatur
1237 2546 1279 2579 de
1294 2545 1415 2591 aliquo
1431 2544 1534 2586 falso,
1550 2545 1646 2590 quod

96 2598 334 2632 contrariatur
355 2598 496 2634 divinae
517 2598 749 2639 reverentiae,
771 2599 971 2632 secundum
989 2598 1077 2632 illud
1097 2599 1228 2633 Ezech.
1247 2599 1322 2632 28.:
1340 2598 1518 2632 Elevatzcm
1536 2603 1578 2632 est
1593 2609 1650 2632 cor

93 2657 197 2694 taum,
217 2656 244 2686 et
262 2651 395 2685 dixisti:
413 2652 506 2685 Deus
523 2662 577 2696 ego
595 2663 685 2692 sum,
706 2659 740 2685 et
757 2662 784 2685 1.
801 2652 844 2685 ad
872 2651 958 2685 Cor.
979 2661 1029 2694 4:
1054 2651 1145 2695 Quid
1163 2652 1257 2685 habas
1275 2650 1360 2696 quod
1381 2662 1446 2684 non
1465 2651 1648 2697 accepisti?

95 2705 130 2739 Si
148 2709 255 2739 autem
277 2705 439 2749 accepisti,
460 2703 537 2749 quid
561 2704 730 2749 gloriaris,
752 2706 844 2749 quasi
861 2717 925 2738 non
945 2706 1130 2750 acceperis?
1158 2703 1215 2738 vel
1237 2704 1347 2737 etiam
1377 2715 1460 2737 curn
1482 2703 1559 2749 quis
1587 2703 1648 2737 bo-

93 2769 181 2790 nurn
203 2756 416 2802 temporale,
438 2756 481 2790 de
500 2767 570 2802 quo
593 2755 778 2801 gloriatur,
793 2757 947 2803 praefert
959 2758 1058 2792 Deo:
1082 2757 1178 2802 quod
1194 2757 1404 2801 prohibetur
1415 2756 1576 2790 Hierem.
1595 2767 1645 2802 9.:

92 2810 171 2844 Non
188 2810 346 2855 glorietur
365 2811 495 2856 sapiens
516 2811 550 2843 in
570 2810 731 2855 sapientia
747 2821 818 2852 saa,
836 2822 892 2844 nec
913 2811 1017 2856 sortis
1042 2811 1077 2843 in
1094 2809 1295 2855 fortitudine
1320 2820 1391 2851 sua,
1418 2821 1475 2843 nec
1503 2809 1591 2843 dives
1612 2810 1647 2842 in

92 2862 221 2897 divitiis
237 2863 302 2899 suis
311 2874 323 2903 ;
345 2862 397 2897 sed
414 2863 448 2896 in
470 2862 528 2896 hoc
544 2862 716 2907 glorietur,
736 2864 792 2908 qui
807 2864 983 2908 gloriatur,
1002 2864 1095 2904 scire,
1115 2868 1144 2897 ut
1161 2874 1247 2896 nossa
1264 2875 1335 2897 me:
1355 2869 1415 2896 aut
1434 2862 1544 2896 etiam
1562 2873 1645 2896 cum
