<?xml version="1.0" encoding="UTF-8"?>
<!DOCTYPE html PUBLIC "-//W3C//DTD XHTML 1.0 Transitional//EN"
    "http://www.w3.org/TR/xhtml1/DTD/xhtml1-transitional.dtd">
<html xmlns="http://www.w3.org/1999/xhtml" xml:lang="en" lang="en">
 <head>
  <title>
</title>
<meta http-equiv="Content-Type" content="text/html;charset=utf-8" />
  <meta name='ocr-system' content='tesseract 3.04.00' />
  <meta name='ocr-capabilities' content='ocr_page ocr_carea ocr_par ocr_line ocrx_word'/>
</head>
<body>
  <div class='ocr_page' id='page_1' title='image "./divithomaeaquina03thomuoft_0375.png"; bbox 0 0 1859 3122; ppageno 0'>
   <div class='ocr_carea' id='block_1_1' title="bbox 454 160 1632 214">
    <p class='ocr_par' dir='ltr' id='par_1_1' title="bbox 454 160 1632 214">
     <span class='ocr_line' id='line_1_1' title="bbox 454 160 1632 214; baseline 0.001 -15"><span class='ocrx_word' id='word_1_1' title='bbox 454 170 674 205; x_wconf 84' lang='lat' dir='ltr'>QUAESTIO</span> <span class='ocrx_word' id='word_1_2' title='bbox 709 170 839 200; x_wconf 89' lang='lat' dir='ltr'>XLVII.</span> <span class='ocrx_word' id='word_1_3' title='bbox 873 170 1116 200; x_wconf 86' lang='lat' dir='ltr'>ARTICULUS</span> <span class='ocrx_word' id='word_1_4' title='bbox 1149 171 1240 200; x_wconf 89' lang='lat' dir='ltr'>XIII.</span> <span class='ocrx_word' id='word_1_5' title='bbox 1551 160 1632 214; x_wconf 74' lang='lat'>367</span> 
     </span>
    </p>
   </div>
   <div class='ocr_carea' id='block_1_2' title="bbox 266 339 1636 479">
    <p class='ocr_par' dir='ltr' id='par_1_2' title="bbox 266 339 1636 479">
     <span class='ocr_line' id='line_1_2' title="bbox 607 339 1636 397; baseline 0.003 -14"><span class='ocrx_word' id='word_1_6' title='bbox 607 339 950 385; x_wconf 87' lang='lat' dir='ltr'>ARTICULUS</span> <span class='ocrx_word' id='word_1_7' title='bbox 981 341 1104 384; x_wconf 88' lang='lat' dir='ltr'>XIII.</span> <span class='ocrx_word' id='word_1_8' title='bbox 1565 361 1636 397; x_wconf 86' lang='lat'>270</span> 
     </span>
     <span class='ocr_line' id='line_1_3' title="bbox 266 447 1442 479; baseline 0.002 -3"><span class='ocrx_word' id='word_1_9' title='bbox 266 447 418 477; x_wconf 79' lang='lat' dir='ltr'>UTRUM</span> <span class='ocrx_word' id='word_1_10' title='bbox 442 448 692 478; x_wconf 67' lang='lat' dir='ltr'>PRUDENTIA</span> <span class='ocrx_word' id='word_1_11' title='bbox 719 449 870 478; x_wconf 76' lang='lat' dir='ltr'>Possrr</span> <span class='ocrx_word' id='word_1_12' title='bbox 897 450 998 478; x_wconf 84' lang='lat' dir='ltr'>ESSE</span> <span class='ocrx_word' id='word_1_13' title='bbox 1025 450 1068 479; x_wconf 86' lang='lat' dir='ltr'>IN</span> <span class='ocrx_word' id='word_1_14' title='bbox 1095 449 1442 479; x_wconf 62' lang='lat' dir='ltr'>peccaromssus.</span> 
     </span>
    </p>
   </div>
   <div class='ocr_carea' id='block_1_3' title="bbox 414 536 1304 638">
    <p class='ocr_par' dir='ltr' id='par_1_3' title="bbox 414 536 1304 638">
     <span class='ocr_line' id='line_1_4' title="bbox 414 536 1304 584; baseline 0 -13"><span class='ocrx_word' id='word_1_15' title='bbox 414 536 518 582; x_wconf 80' lang='lat' dir='ltr'>(Insr.</span> <span class='ocrx_word' id='word_1_16' title='bbox 541 548 570 583; x_wconf 80' lang='lat' dir='ltr'>q.</span> <span class='ocrx_word' id='word_1_17' title='bbox 588 548 640 582; x_wconf 85' lang='lat'>50.</span> <span class='ocrx_word' id='word_1_18' title='bbox 663 541 726 571; x_wconf 78' lang='lat' dir='ltr'>art.</span> <span class='ocrx_word' id='word_1_19' title='bbox 742 549 770 583; x_wconf 81' lang='lat'>3.</span> <span class='ocrx_word' id='word_1_20' title='bbox 793 537 835 571; x_wconf 82' lang='lat' dir='ltr'>ad</span> <span class='ocrx_word' id='word_1_21' title='bbox 855 549 886 572; x_wconf 88' lang='lat'>2.</span> <span class='ocrx_word' id='word_1_22' title='bbox 909 542 938 572; x_wconf 70' lang='lat' dir='ltr'>et</span> <span class='ocrx_word' id='word_1_23' title='bbox 959 549 988 583; x_wconf 76' lang='lat' dir='ltr'>q.</span> <span class='ocrx_word' id='word_1_24' title='bbox 1007 549 1054 583; x_wconf 83' lang='lat'>51.</span> <span class='ocrx_word' id='word_1_25' title='bbox 1076 542 1141 572; x_wconf 80' lang='lat' dir='ltr'>art.</span> <span class='ocrx_word' id='word_1_26' title='bbox 1164 549 1191 572; x_wconf 70' lang='grc' dir='ltr'>Ι.</span> <span class='ocrx_word' id='word_1_27' title='bbox 1214 537 1256 571; x_wconf 78' lang='lat' dir='ltr'>ad</span> <span class='ocrx_word' id='word_1_28' title='bbox 1277 549 1304 584; x_wconf 83' lang='lat'>3.</span> 
     </span>
     <span class='ocr_line' id='line_1_5' title="bbox 549 590 1163 638; baseline -0.002 -13"><span class='ocrx_word' id='word_1_29' title='bbox 549 595 576 625; x_wconf 77' lang='lat' dir='ltr'>et</span> <span class='ocrx_word' id='word_1_30' title='bbox 596 590 678 625; x_wconf 81' lang='lat' dir='ltr'>Virt.</span> <span class='ocrx_word' id='word_1_31' title='bbox 694 603 724 636; x_wconf 81' lang='lat' dir='ltr'>q.</span> <span class='ocrx_word' id='word_1_32' title='bbox 735 602 764 637; x_wconf 82' lang='lat'>5.</span> <span class='ocrx_word' id='word_1_33' title='bbox 780 596 842 625; x_wconf 79' lang='lat' dir='ltr'>art.</span> <span class='ocrx_word' id='word_1_34' title='bbox 858 603 889 626; x_wconf 87' lang='lat'>2.</span> <span class='ocrx_word' id='word_1_35' title='bbox 905 597 995 638; x_wconf 78' lang='lat' dir='ltr'>corp.</span> <span class='ocrx_word' id='word_1_36' title='bbox 1011 596 1040 626; x_wconf 75' lang='lat' dir='ltr'>et</span> <span class='ocrx_word' id='word_1_37' title='bbox 1053 591 1095 625; x_wconf 79' lang='lat' dir='ltr'>ad</span> <span class='ocrx_word' id='word_1_38' title='bbox 1106 591 1163 637; x_wconf 82' lang='lat'>3.).</span> 
     </span>
    </p>
   </div>
   <div class='ocr_carea' id='block_1_4' title="bbox 75 678 1647 2916">
    <p class='ocr_par' dir='ltr' id='par_1_4' title="bbox 75 678 1639 887">
     <span class='ocr_line' id='line_1_6' title="bbox 147 678 1638 726; baseline 0.001 -13"><span class='ocrx_word' id='word_1_39' title='bbox 147 678 206 714; x_wconf 85' lang='lat' dir='ltr'>AD</span> <span class='ocrx_word' id='word_1_40' title='bbox 228 689 578 715; x_wconf 80' lang='lat' dir='ltr'>DECIMUMTERTIUM</span> <span class='ocrx_word' id='word_1_41' title='bbox 600 680 650 714; x_wconf 87' lang='lat' dir='ltr'>sic</span> <span class='ocrx_word' id='word_1_42' title='bbox 672 680 888 726; x_wconf 81' lang='lat' dir='ltr'>proceditur.</span> <span class='ocrx_word' id='word_1_43' title='bbox 911 679 1074 722; x_wconf 85' lang='lat' dir='ltr'>Videtur,</span> <span class='ocrx_word' id='word_1_44' title='bbox 1097 679 1193 726; x_wconf 89' lang='lat' dir='ltr'>quod</span> <span class='ocrx_word' id='word_1_45' title='bbox 1216 679 1406 726; x_wconf 88' lang='lat' dir='ltr'>prudentia</span> <span class='ocrx_word' id='word_1_46' title='bbox 1429 681 1543 725; x_wconf 81' lang='lat' dir='ltr'>possit</span> <span class='ocrx_word' id='word_1_47' title='bbox 1561 691 1638 714; x_wconf 87' lang='lat' dir='ltr'>esse</span> 
     </span>
     <span class='ocr_line' id='line_1_7' title="bbox 77 732 1639 780; baseline 0.001 -14"><span class='ocrx_word' id='word_1_48' title='bbox 77 732 113 766; x_wconf 88' lang='lat' dir='ltr'>in</span> <span class='ocrx_word' id='word_1_49' title='bbox 134 733 403 778; x_wconf 88' lang='lat' dir='ltr'>peccatoribus:</span> <span class='ocrx_word' id='word_1_50' title='bbox 426 733 512 767; x_wconf 87' lang='lat' dir='ltr'>dicit</span> <span class='ocrx_word' id='word_1_51' title='bbox 533 733 630 767; x_wconf 88' lang='lat' dir='ltr'>enim</span> <span class='ocrx_word' id='word_1_52' title='bbox 645 734 827 768; x_wconf 84' lang='lat' dir='ltr'>Dominus</span> <span class='ocrx_word' id='word_1_53' title='bbox 850 733 937 767; x_wconf 90' lang='lat' dir='ltr'>Luc.</span> <span class='ocrx_word' id='word_1_54' title='bbox 965 733 1034 768; x_wconf 83' lang='lat'>16.:</span> <span class='ocrx_word' id='word_1_55' title='bbox 1058 735 1139 768; x_wconf 81' lang='lat' dir='ltr'>Filii</span> <span class='ocrx_word' id='word_1_56' title='bbox 1160 734 1257 779; x_wconf 72' lang='lat' dir='ltr'>hujus</span> <span class='ocrx_word' id='word_1_57' title='bbox 1269 734 1390 768; x_wconf 77' lang='lat' dir='ltr'>saeculi</span> <span class='ocrx_word' id='word_1_58' title='bbox 1407 733 1639 780; x_wconf 66' lang='lat' dir='ltr'>prudentiores</span> 
     </span>
     <span class='ocr_line' id='line_1_8' title="bbox 75 786 1638 833; baseline 0 -13"><span class='ocrx_word' id='word_1_59' title='bbox 75 786 152 830; x_wconf 83' lang='lat' dir='ltr'>filiis</span> <span class='ocrx_word' id='word_1_60' title='bbox 173 786 254 821; x_wconf 80' lang='lat' dir='ltr'>lucis</span> <span class='ocrx_word' id='word_1_61' title='bbox 275 788 310 820; x_wconf 79' lang='lat' dir='ltr'>in</span> <span class='ocrx_word' id='word_1_62' title='bbox 334 788 539 832; x_wconf 57' lang='lat' dir='ltr'>generatione</span> <span class='ocrx_word' id='word_1_63' title='bbox 555 799 614 822; x_wconf 71' lang='lat' dir='ltr'>sica</span> <span class='ocrx_word' id='word_1_64' title='bbox 634 792 728 822; x_wconf 79' lang='lat' dir='ltr'>sunt:</span> <span class='ocrx_word' id='word_1_65' title='bbox 752 787 812 821; x_wconf 87' lang='lat' dir='ltr'>sed</span> <span class='ocrx_word' id='word_1_66' title='bbox 836 787 898 821; x_wconf 88' lang='lat' dir='ltr'>filii</span> <span class='ocrx_word' id='word_1_67' title='bbox 917 788 1023 833; x_wconf 85' lang='lat' dir='ltr'>hujus</span> <span class='ocrx_word' id='word_1_68' title='bbox 1045 787 1181 822; x_wconf 86' lang='lat' dir='ltr'>saeculi</span> <span class='ocrx_word' id='word_1_69' title='bbox 1203 795 1285 821; x_wconf 88' lang='lat' dir='ltr'>sunt</span> <span class='ocrx_word' id='word_1_70' title='bbox 1304 794 1532 833; x_wconf 75' lang='lat' dir='ltr'>peccatore33</span> <span class='ocrx_word' id='word_1_71' title='bbox 1552 798 1638 832; x_wconf 82' lang='lat' dir='ltr'>ergo</span> 
     </span>
     <span class='ocr_line' id='line_1_9' title="bbox 76 840 842 887; baseline 0 -13"><span class='ocrx_word' id='word_1_72' title='bbox 76 840 113 874; x_wconf 87' lang='lat' dir='ltr'>in</span> <span class='ocrx_word' id='word_1_73' title='bbox 134 840 383 886; x_wconf 82' lang='lat' dir='ltr'>peccatoribus</span> <span class='ocrx_word' id='word_1_74' title='bbox 406 849 524 886; x_wconf 85' lang='lat' dir='ltr'>potest</span> <span class='ocrx_word' id='word_1_75' title='bbox 546 852 622 875; x_wconf 89' lang='lat' dir='ltr'>esse</span> <span class='ocrx_word' id='word_1_76' title='bbox 644 841 842 887; x_wconf 81' lang='lat' dir='ltr'>prudentia.</span> 
     </span>
    </p>

    <p class='ocr_par' dir='ltr' id='par_1_5' title="bbox 78 893 1641 994">
     <span class='ocr_line' id='line_1_10' title="bbox 150 893 1641 941; baseline 0.001 -14"><span class='ocrx_word' id='word_1_77' title='bbox 150 903 181 927; x_wconf 91' lang='lat'>2.</span> <span class='ocrx_word' id='word_1_78' title='bbox 203 893 439 929; x_wconf 74' lang='lat' dir='ltr'>PRAETEREA.</span> <span class='ocrx_word' id='word_1_79' title='bbox 462 894 565 929; x_wconf 84' lang='lat' dir='ltr'>Fides</span> <span class='ocrx_word' id='word_1_80' title='bbox 585 902 636 929; x_wconf 88' lang='lat' dir='ltr'>est</span> <span class='ocrx_word' id='word_1_81' title='bbox 656 894 815 929; x_wconf 83' lang='lat' dir='ltr'>nobilior</span> <span class='ocrx_word' id='word_1_82' title='bbox 832 895 955 937; x_wconf 87' lang='lat' dir='ltr'>virtus,</span> <span class='ocrx_word' id='word_1_83' title='bbox 975 906 1083 941; x_wconf 85' lang='lat' dir='ltr'>quam</span> <span class='ocrx_word' id='word_1_84' title='bbox 1106 895 1314 941; x_wconf 83' lang='lat' dir='ltr'>prudentia:</span> <span class='ocrx_word' id='word_1_85' title='bbox 1337 894 1398 929; x_wconf 88' lang='lat' dir='ltr'>sed</span> <span class='ocrx_word' id='word_1_86' title='bbox 1412 894 1500 928; x_wconf 85' lang='lat' dir='ltr'>fides</span> <span class='ocrx_word' id='word_1_87' title='bbox 1522 902 1641 940; x_wconf 86' lang='lat' dir='ltr'>potest</span> 
     </span>
     <span class='ocr_line' id='line_1_11' title="bbox 78 947 885 994; baseline 0.001 -13"><span class='ocrx_word' id='word_1_88' title='bbox 78 957 155 981; x_wconf 86' lang='lat' dir='ltr'>esse</span> <span class='ocrx_word' id='word_1_89' title='bbox 178 947 213 980; x_wconf 91' lang='lat' dir='ltr'>in</span> <span class='ocrx_word' id='word_1_90' title='bbox 234 948 502 993; x_wconf 86' lang='lat' dir='ltr'>peccatoribus;</span> <span class='ocrx_word' id='word_1_91' title='bbox 525 959 612 993; x_wconf 84' lang='lat' dir='ltr'>ergo</span> <span class='ocrx_word' id='word_1_92' title='bbox 634 956 669 982; x_wconf 91' lang='lat' dir='ltr'>et</span> <span class='ocrx_word' id='word_1_93' title='bbox 686 948 885 994; x_wconf 89' lang='lat' dir='ltr'>prudentia.</span> 
     </span>
    </p>

    <p class='ocr_par' dir='ltr' id='par_1_6' title="bbox 78 1000 1642 1154">
     <span class='ocr_line' id='line_1_12' title="bbox 152 1000 1642 1048; baseline -0.001 -13"><span class='ocrx_word' id='word_1_94' title='bbox 152 1012 180 1046; x_wconf 80' lang='lat'>3.</span> <span class='ocrx_word' id='word_1_95' title='bbox 203 1000 438 1035; x_wconf 72' lang='lat' dir='ltr'>PRAETEREA.</span> <span class='ocrx_word' id='word_1_96' title='bbox 460 1001 650 1035; x_wconf 87' lang='lat' dir='ltr'>Prudentis</span> <span class='ocrx_word' id='word_1_97' title='bbox 664 1001 735 1035; x_wconf 87' lang='lat' dir='ltr'>hoc</span> <span class='ocrx_word' id='word_1_98' title='bbox 751 1014 842 1048; x_wconf 90' lang='lat' dir='ltr'>opus</span> <span class='ocrx_word' id='word_1_99' title='bbox 857 1003 1014 1036; x_wconf 80' lang='lat' dir='ltr'><strong>maxime</strong></span> <span class='ocrx_word' id='word_1_100' title='bbox 1037 1002 1191 1036; x_wconf 83' lang='lat' dir='ltr'>dicimus</span> <span class='ocrx_word' id='word_1_101' title='bbox 1209 1002 1301 1036; x_wconf 87' lang='lat' dir='ltr'>bene</span> <span class='ocrx_word' id='word_1_102' title='bbox 1324 1001 1519 1043; x_wconf 85' lang='lat' dir='ltr'>consiliari,</span> <span class='ocrx_word' id='word_1_103' title='bbox 1539 1009 1576 1035; x_wconf 90' lang='lat' dir='ltr'>ut</span> <span class='ocrx_word' id='word_1_104' title='bbox 1594 1001 1642 1035; x_wconf 87' lang='lat' dir='ltr'>di-</span> 
     </span>
     <span class='ocr_line' id='line_1_13' title="bbox 79 1053 1639 1102; baseline 0 -15"><span class='ocrx_word' id='word_1_105' title='bbox 79 1055 169 1088; x_wconf 86' lang='lat' dir='ltr'>citur</span> <span class='ocrx_word' id='word_1_106' title='bbox 190 1054 226 1087; x_wconf 84' lang='lat' dir='ltr'>in</span> <span class='ocrx_word' id='word_1_107' title='bbox 248 1053 279 1088; x_wconf 80' lang='lat'>6.</span> <span class='ocrx_word' id='word_1_108' title='bbox 302 1054 416 1088; x_wconf 88' lang='lat' dir='ltr'>Ethic.</span> <span class='ocrx_word' id='word_1_109' title='bbox 440 1054 530 1101; x_wconf 76' lang='lat' dir='ltr'>(cap.</span> <span class='ocrx_word' id='word_1_110' title='bbox 549 1067 577 1100; x_wconf 77' lang='lat'>5.</span> <span class='ocrx_word' id='word_1_111' title='bbox 601 1060 628 1089; x_wconf 66' lang='lat' dir='ltr'>et</span> <span class='ocrx_word' id='word_1_112' title='bbox 650 1056 721 1101; x_wconf 84' lang='lat'>7.).·</span> <span class='ocrx_word' id='word_1_113' title='bbox 742 1056 804 1089; x_wconf 90' lang='lat' dir='ltr'>sed</span> <span class='ocrx_word' id='word_1_114' title='bbox 824 1056 929 1090; x_wconf 89' lang='lat' dir='ltr'>multi</span> <span class='ocrx_word' id='word_1_115' title='bbox 949 1064 1159 1102; x_wconf 74' lang='lat' dir='ltr'>peccatores</span> <span class='ocrx_word' id='word_1_116' title='bbox 1178 1064 1260 1090; x_wconf 91' lang='lat' dir='ltr'>sunt</span> <span class='ocrx_word' id='word_1_117' title='bbox 1273 1055 1360 1089; x_wconf 89' lang='lat' dir='ltr'>boni</span> <span class='ocrx_word' id='word_1_118' title='bbox 1375 1055 1533 1097; x_wconf 81' lang='lat' dir='ltr'>consilii3</span> <span class='ocrx_word' id='word_1_119' title='bbox 1553 1066 1639 1101; x_wconf 82' lang='lat' dir='ltr'>ergo</span> 
     </span>
     <span class='ocr_line' id='line_1_14' title="bbox 78 1107 828 1154; baseline 0.001 -13"><span class='ocrx_word' id='word_1_120' title='bbox 78 1107 182 1141; x_wconf 85' lang='lat' dir='ltr'>multi</span> <span class='ocrx_word' id='word_1_121' title='bbox 204 1115 412 1153; x_wconf 82' lang='lat' dir='ltr'>peccatores</span> <span class='ocrx_word' id='word_1_122' title='bbox 434 1108 569 1142; x_wconf 88' lang='lat' dir='ltr'>habent</span> <span class='ocrx_word' id='word_1_123' title='bbox 590 1109 828 1154; x_wconf 76' lang='lat' dir='ltr'>prudentiam.</span> 
     </span>
    </p>

    <p class='ocr_par' dir='ltr' id='par_1_7' title="bbox 77 1161 1643 1315">
     <span class='ocr_line' id='line_1_15' title="bbox 150 1161 1639 1209; baseline -0.001 -14"><span class='ocrx_word' id='word_1_124' title='bbox 150 1161 223 1195; x_wconf 77' lang='lat' dir='ltr'>SED</span> <span class='ocrx_word' id='word_1_125' title='bbox 251 1171 406 1196; x_wconf 74' lang='lat' dir='ltr'>CONTRA</span> <span class='ocrx_word' id='word_1_126' title='bbox 429 1169 491 1203; x_wconf 89' lang='lat' dir='ltr'>est,</span> <span class='ocrx_word' id='word_1_127' title='bbox 515 1162 610 1207; x_wconf 83' lang='lat' dir='ltr'>quod</span> <span class='ocrx_word' id='word_1_128' title='bbox 638 1162 773 1196; x_wconf 87' lang='lat' dir='ltr'>Philos.</span> <span class='ocrx_word' id='word_1_129' title='bbox 797 1163 883 1197; x_wconf 89' lang='lat' dir='ltr'>dicit</span> <span class='ocrx_word' id='word_1_130' title='bbox 903 1163 939 1196; x_wconf 88' lang='lat' dir='ltr'>in</span> <span class='ocrx_word' id='word_1_131' title='bbox 962 1161 993 1197; x_wconf 83' lang='lat'>6.</span> <span class='ocrx_word' id='word_1_132' title='bbox 1017 1162 1176 1197; x_wconf 84' lang='lat' dir='ltr'>Ethicor.</span> <span class='ocrx_word' id='word_1_133' title='bbox 1204 1163 1295 1209; x_wconf 73' lang='lat' dir='ltr'>(cap.</span> <span class='ocrx_word' id='word_1_134' title='bbox 1318 1163 1408 1207; x_wconf 88' lang='lat'>12.).·</span> <span class='ocrx_word' id='word_1_135' title='bbox 1439 1175 1456 1194; x_wconf 87' lang='grc'>«</span> <span class='ocrx_word' id='word_1_136' title='bbox 1471 1161 1639 1207; x_wconf 88' lang='lat' dir='ltr'>Impossi-</span> 
     </span>
     <span class='ocr_line' id='line_1_16' title="bbox 77 1214 1643 1262; baseline 0 -14"><span class='ocrx_word' id='word_1_137' title='bbox 77 1214 147 1249; x_wconf 88' lang='lat' dir='ltr'>bile</span> <span class='ocrx_word' id='word_1_138' title='bbox 170 1223 232 1257; x_wconf 85' lang='lat' dir='ltr'>est,</span> <span class='ocrx_word' id='word_1_139' title='bbox 254 1215 467 1261; x_wconf 83' lang='lat' dir='ltr'>prudentem</span> <span class='ocrx_word' id='word_1_140' title='bbox 495 1226 572 1249; x_wconf 90' lang='lat' dir='ltr'>esse</span> <span class='ocrx_word' id='word_1_141' title='bbox 598 1227 673 1249; x_wconf 92' lang='lat' dir='ltr'>non</span> <span class='ocrx_word' id='word_1_142' title='bbox 700 1216 912 1251; x_wconf 72' lang='lat' dir='ltr'>existentem</span> <span class='ocrx_word' id='word_1_143' title='bbox 938 1216 1131 1251; x_wconf 68' lang='lat' dir='ltr'>bonumnz</span> <span class='ocrx_word' id='word_1_144' title='bbox 1158 1216 1220 1250; x_wconf 89' lang='lat' dir='ltr'>sed</span> <span class='ocrx_word' id='word_1_145' title='bbox 1246 1215 1366 1249; x_wconf 89' lang='lat' dir='ltr'>nullus</span> <span class='ocrx_word' id='word_1_146' title='bbox 1392 1222 1563 1262; x_wconf 85' lang='lat' dir='ltr'>peccator</span> <span class='ocrx_word' id='word_1_147' title='bbox 1590 1221 1643 1248; x_wconf 86' lang='lat' dir='ltr'>est</span> 
     </span>
     <span class='ocr_line' id='line_1_17' title="bbox 77 1267 916 1315; baseline 0.004 -14"><span class='ocrx_word' id='word_1_148' title='bbox 77 1268 213 1310; x_wconf 70' lang='lat' dir='ltr'>bonus,</span> <span class='ocrx_word' id='word_1_149' title='bbox 236 1279 321 1314; x_wconf 86' lang='lat' dir='ltr'>ergo</span> <span class='ocrx_word' id='word_1_150' title='bbox 343 1267 463 1302; x_wconf 87' lang='lat' dir='ltr'>nullus</span> <span class='ocrx_word' id='word_1_151' title='bbox 485 1277 654 1314; x_wconf 88' lang='lat' dir='ltr'>peccator</span> <span class='ocrx_word' id='word_1_152' title='bbox 677 1278 728 1303; x_wconf 89' lang='lat' dir='ltr'>est</span> <span class='ocrx_word' id='word_1_153' title='bbox 749 1270 916 1315; x_wconf 90' lang='lat' dir='ltr'>prudens.</span> 
     </span>
    </p>

    <p class='ocr_par' dir='ltr' id='par_1_8' title="bbox 79 1321 1646 2544">
     <span class='ocr_line' id='line_1_18' title="bbox 149 1321 1639 1370; baseline -0.001 -15"><span class='ocrx_word' id='word_1_154' title='bbox 149 1321 378 1356; x_wconf 76' lang='lat' dir='ltr'>RESPONDEO</span> <span class='ocrx_word' id='word_1_155' title='bbox 401 1322 606 1363; x_wconf 80' lang='lat' dir='ltr'>dicendum,</span> <span class='ocrx_word' id='word_1_156' title='bbox 625 1323 721 1368; x_wconf 91' lang='lat' dir='ltr'>quod</span> <span class='ocrx_word' id='word_1_157' title='bbox 737 1323 925 1369; x_wconf 83' lang='lat' dir='ltr'>prudentia</span> <span class='ocrx_word' id='word_1_158' title='bbox 941 1324 1070 1358; x_wconf 89' lang='lat' dir='ltr'>dicitur</span> <span class='ocrx_word' id='word_1_159' title='bbox 1085 1323 1269 1370; x_wconf 68' lang='lat' dir='ltr'>tripliciter.</span> <span class='ocrx_word' id='word_1_160' title='bbox 1286 1322 1348 1356; x_wconf 87' lang='lat' dir='ltr'>Est</span> <span class='ocrx_word' id='word_1_161' title='bbox 1367 1322 1463 1356; x_wconf 87' lang='lat' dir='ltr'>enim</span> <span class='ocrx_word' id='word_1_162' title='bbox 1478 1321 1639 1367; x_wconf 68' lang='lat' dir='ltr'>qinzechzm</span> 
     </span>
     <span class='ocr_line' id='line_1_19' title="bbox 79 1374 1639 1422; baseline -0.001 -13"><span class='ocrx_word' id='word_1_163' title='bbox 79 1375 267 1422; x_wconf 84' lang='lat' dir='ltr'>prudentia</span> <span class='ocrx_word' id='word_1_164' title='bbox 287 1374 388 1417; x_wconf 84' lang='lat' dir='ltr'>falsa,</span> <span class='ocrx_word' id='word_1_165' title='bbox 409 1375 468 1410; x_wconf 77' lang='lat' dir='ltr'>vel</span> <span class='ocrx_word' id='word_1_166' title='bbox 488 1387 548 1422; x_wconf 88' lang='lat' dir='ltr'>per</span> <span class='ocrx_word' id='word_1_167' title='bbox 575 1376 848 1411; x_wconf 84' lang='lat' dir='ltr'>similitudinem</span> <span class='ocrx_word' id='word_1_168' title='bbox 871 1377 981 1411; x_wconf 87' lang='lat' dir='ltr'>dicta:</span> <span class='ocrx_word' id='word_1_169' title='bbox 1003 1388 1086 1410; x_wconf 90' lang='lat' dir='ltr'>cum</span> <span class='ocrx_word' id='word_1_170' title='bbox 1102 1377 1199 1410; x_wconf 87' lang='lat' dir='ltr'>enim</span> <span class='ocrx_word' id='word_1_171' title='bbox 1214 1376 1370 1422; x_wconf 90' lang='lat' dir='ltr'>prudens</span> <span class='ocrx_word' id='word_1_172' title='bbox 1393 1376 1447 1417; x_wconf 91' lang='lat' dir='ltr'>sit,</span> <span class='ocrx_word' id='word_1_173' title='bbox 1471 1375 1530 1421; x_wconf 88' lang='lat' dir='ltr'>qui</span> <span class='ocrx_word' id='word_1_174' title='bbox 1549 1375 1639 1409; x_wconf 85' lang='lat' dir='ltr'>bene</span> 
     </span>
     <span class='ocr_line' id='line_1_20' title="bbox 81 1429 1642 1476; baseline -0.001 -13"><span class='ocrx_word' id='word_1_175' title='bbox 81 1429 239 1475; x_wconf 83' lang='lat' dir='ltr'>disponit</span> <span class='ocrx_word' id='word_1_176' title='bbox 261 1440 312 1471; x_wconf 82' lang='lat' dir='ltr'>ea,</span> <span class='ocrx_word' id='word_1_177' title='bbox 328 1440 419 1475; x_wconf 84' lang='lat' dir='ltr'>quae</span> <span class='ocrx_word' id='word_1_178' title='bbox 441 1438 523 1463; x_wconf 88' lang='lat' dir='ltr'>sunt</span> <span class='ocrx_word' id='word_1_179' title='bbox 542 1430 681 1475; x_wconf 79' lang='lat' dir='ltr'>agenda</span> <span class='ocrx_word' id='word_1_180' title='bbox 695 1439 840 1476; x_wconf 89' lang='lat' dir='ltr'>propter</span> <span class='ocrx_word' id='word_1_181' title='bbox 862 1430 1019 1476; x_wconf 81' lang='lat' dir='ltr'>aliquem</span> <span class='ocrx_word' id='word_1_182' title='bbox 1034 1431 1172 1464; x_wconf 87' lang='lat' dir='ltr'>bonum</span> <span class='ocrx_word' id='word_1_183' title='bbox 1195 1429 1315 1471; x_wconf 87' lang='lat' dir='ltr'>finem,</span> <span class='ocrx_word' id='word_1_184' title='bbox 1337 1429 1397 1463; x_wconf 86' lang='lat' dir='ltr'>ille</span> <span class='ocrx_word' id='word_1_185' title='bbox 1417 1429 1477 1474; x_wconf 85' lang='lat' dir='ltr'>qui</span> <span class='ocrx_word' id='word_1_186' title='bbox 1497 1437 1642 1474; x_wconf 85' lang='lat' dir='ltr'>propter</span> 
     </span>
     <span class='ocr_line' id='line_1_21' title="bbox 80 1535 1640 1583; baseline -0.001 -14"><span class='ocrx_word' id='word_1_187' title='bbox 80 1536 293 1581; x_wconf 83' lang='lat' dir='ltr'>inquantum</span> <span class='ocrx_word' id='word_1_188' title='bbox 314 1535 414 1577; x_wconf 88' lang='lat' dir='ltr'>illud,</span> <span class='ocrx_word' id='word_1_189' title='bbox 436 1536 533 1581; x_wconf 90' lang='lat' dir='ltr'>quod</span> <span class='ocrx_word' id='word_1_190' title='bbox 555 1537 685 1582; x_wconf 86' lang='lat' dir='ltr'>accipit</span> <span class='ocrx_word' id='word_1_191' title='bbox 706 1548 770 1583; x_wconf 89' lang='lat' dir='ltr'>pro</span> <span class='ocrx_word' id='word_1_192' title='bbox 793 1537 875 1579; x_wconf 88' lang='lat' dir='ltr'>fine,</span> <span class='ocrx_word' id='word_1_193' title='bbox 897 1549 971 1572; x_wconf 89' lang='lat' dir='ltr'>non</span> <span class='ocrx_word' id='word_1_194' title='bbox 998 1546 1051 1571; x_wconf 83' lang='lat' dir='ltr'>est</span> <span class='ocrx_word' id='word_1_195' title='bbox 1070 1548 1155 1571; x_wconf 84' lang='lat' dir='ltr'>vere</span> <span class='ocrx_word' id='word_1_196' title='bbox 1176 1537 1325 1578; x_wconf 89' lang='lat' dir='ltr'>bonum,</span> <span class='ocrx_word' id='word_1_197' title='bbox 1353 1536 1414 1570; x_wconf 90' lang='lat' dir='ltr'>sed</span> <span class='ocrx_word' id='word_1_198' title='bbox 1442 1535 1640 1570; x_wconf 87' lang='lat' dir='ltr'>secundum</span> 
     </span>
     <span class='ocr_line' id='line_1_22' title="bbox 80 1589 1642 1637; baseline -0.001 -14"><span class='ocrx_word' id='word_1_199' title='bbox 80 1589 372 1631; x_wconf 80' lang='lat' dir='ltr'>similitudinem3</span> <span class='ocrx_word' id='word_1_200' title='bbox 390 1589 482 1623; x_wconf 85' lang='lat' dir='ltr'>sicut</span> <span class='ocrx_word' id='word_1_201' title='bbox 496 1589 623 1637; x_wconf 87' lang='lat' dir='ltr'>dicitur</span> <span class='ocrx_word' id='word_1_202' title='bbox 645 1590 772 1636; x_wconf 83' lang='lat' dir='ltr'>aliquis</span> <span class='ocrx_word' id='word_1_203' title='bbox 787 1591 903 1624; x_wconf 91' lang='lat' dir='ltr'>bonus</span> <span class='ocrx_word' id='word_1_204' title='bbox 925 1591 1035 1625; x_wconf 86' lang='lat' dir='ltr'>latro:</span> <span class='ocrx_word' id='word_1_205' title='bbox 1059 1591 1130 1624; x_wconf 84' lang='lat' dir='ltr'>hoc</span> <span class='ocrx_word' id='word_1_206' title='bbox 1147 1590 1243 1624; x_wconf 89' lang='lat' dir='ltr'>enim</span> <span class='ocrx_word' id='word_1_207' title='bbox 1258 1589 1369 1623; x_wconf 88' lang='lat' dir='ltr'>modo</span> <span class='ocrx_word' id='word_1_208' title='bbox 1386 1596 1504 1634; x_wconf 86' lang='lat' dir='ltr'>potest</span> <span class='ocrx_word' id='word_1_209' title='bbox 1519 1600 1642 1623; x_wconf 93' lang='lat' dir='ltr'>secun-</span> 
     </span>
     <span class='ocr_line' id='line_1_23' title="bbox 81 1642 1643 1690; baseline -0.001 -14"><span class='ocrx_word' id='word_1_210' title='bbox 81 1643 167 1677; x_wconf 87' lang='lat' dir='ltr'>dum</span> <span class='ocrx_word' id='word_1_211' title='bbox 181 1642 453 1677; x_wconf 85' lang='lat' dir='ltr'>similitudinem</span> <span class='ocrx_word' id='word_1_212' title='bbox 475 1643 546 1676; x_wconf 89' lang='lat' dir='ltr'>dici</span> <span class='ocrx_word' id='word_1_213' title='bbox 566 1643 721 1689; x_wconf 86' lang='lat' dir='ltr'>prudens</span> <span class='ocrx_word' id='word_1_214' title='bbox 742 1644 846 1685; x_wconf 87' lang='lat' dir='ltr'>latro,</span> <span class='ocrx_word' id='word_1_215' title='bbox 870 1644 929 1690; x_wconf 87' lang='lat' dir='ltr'>qui</span> <span class='ocrx_word' id='word_1_216' title='bbox 952 1644 1208 1678; x_wconf 87' lang='lat' dir='ltr'>convenientes</span> <span class='ocrx_word' id='word_1_217' title='bbox 1226 1643 1301 1677; x_wconf 73' lang='lat' dir='ltr'>vias</span> <span class='ocrx_word' id='word_1_218' title='bbox 1325 1643 1508 1677; x_wconf 71' lang='lat' dir='ltr'>adinvenit</span> <span class='ocrx_word' id='word_1_219' title='bbox 1530 1643 1574 1676; x_wconf 87' lang='lat' dir='ltr'>ad</span> <span class='ocrx_word' id='word_1_220' title='bbox 1594 1642 1643 1675; x_wconf 82' lang='lat' dir='ltr'>la-</span> 
     </span>
     <span class='ocr_line' id='line_1_24' title="bbox 81 1696 1642 1743; baseline -0.001 -13"><span class='ocrx_word' id='word_1_221' title='bbox 81 1697 352 1731; x_wconf 86' lang='lat' dir='ltr'>trocinandum:</span> <span class='ocrx_word' id='word_1_222' title='bbox 369 1705 403 1730; x_wconf 91' lang='lat' dir='ltr'>et</span> <span class='ocrx_word' id='word_1_223' title='bbox 416 1697 625 1741; x_wconf 84' lang='lat' dir='ltr'>hujusmodi</span> <span class='ocrx_word' id='word_1_224' title='bbox 640 1705 692 1731; x_wconf 90' lang='lat' dir='ltr'>est</span> <span class='ocrx_word' id='word_1_225' title='bbox 706 1698 905 1743; x_wconf 89' lang='lat' dir='ltr'>prudentia,</span> <span class='ocrx_word' id='word_1_226' title='bbox 917 1698 960 1732; x_wconf 88' lang='lat' dir='ltr'>de</span> <span class='ocrx_word' id='word_1_227' title='bbox 976 1709 1045 1743; x_wconf 83' lang='lat' dir='ltr'>qua</span> <span class='ocrx_word' id='word_1_228' title='bbox 1057 1696 1256 1743; x_wconf 81' lang='lat' dir='ltr'>Apostolus</span> <span class='ocrx_word' id='word_1_229' title='bbox 1271 1697 1357 1730; x_wconf 83' lang='lat' dir='ltr'>dicit</span> <span class='ocrx_word' id='word_1_230' title='bbox 1371 1697 1413 1730; x_wconf 88' lang='lat' dir='ltr'>ad</span> <span class='ocrx_word' id='word_1_231' title='bbox 1425 1696 1580 1730; x_wconf 90' lang='lat' dir='ltr'>Roman.</span> <span class='ocrx_word' id='word_1_232' title='bbox 1593 1696 1642 1729; x_wconf 82' lang='lat'>8.:</span> 
     </span>
     <span class='ocr_line' id='line_1_25' title="bbox 83 1749 1643 1796; baseline -0.002 -11"><span class='ocrx_word' id='word_1_233' title='bbox 83 1750 263 1785; x_wconf 70' lang='lat' dir='ltr'>Prudentia</span> <span class='ocrx_word' id='word_1_234' title='bbox 284 1752 392 1785; x_wconf 77' lang='lat' dir='ltr'>carnis</span> <span class='ocrx_word' id='word_1_235' title='bbox 404 1762 492 1784; x_wconf 80' lang='lat' dir='ltr'>mors</span> <span class='ocrx_word' id='word_1_236' title='bbox 508 1756 563 1792; x_wconf 75' lang='lat' dir='ltr'>est,</span> <span class='ocrx_word' id='word_1_237' title='bbox 585 1762 676 1796; x_wconf 90' lang='lat' dir='ltr'>quae</span> <span class='ocrx_word' id='word_1_238' title='bbox 692 1750 829 1785; x_wconf 88' lang='lat' dir='ltr'>scilicet</span> <span class='ocrx_word' id='word_1_239' title='bbox 844 1751 952 1785; x_wconf 88' lang='lat' dir='ltr'>finem</span> <span class='ocrx_word' id='word_1_240' title='bbox 971 1750 1141 1784; x_wconf 89' lang='lat' dir='ltr'>ultimum</span> <span class='ocrx_word' id='word_1_241' title='bbox 1157 1750 1341 1784; x_wconf 85' lang='lat' dir='ltr'>constituit</span> <span class='ocrx_word' id='word_1_242' title='bbox 1354 1750 1389 1783; x_wconf 88' lang='lat' dir='ltr'>in</span> <span class='ocrx_word' id='word_1_243' title='bbox 1405 1749 1643 1784; x_wconf 80' lang='lat' dir='ltr'>delectatione</span> 
     </span>
     <span class='ocr_line' id='line_1_26' title="bbox 83 1803 1646 1850; baseline -0.001 -12"><span class='ocrx_word' id='word_1_244' title='bbox 83 1804 211 1838; x_wconf 88' lang='lat' dir='ltr'>carnis.</span> <span class='ocrx_word' id='word_1_245' title='bbox 233 1804 381 1838; x_wconf 76' lang='lat' dir='ltr'>Secunda</span> <span class='ocrx_word' id='word_1_246' title='bbox 399 1812 520 1838; x_wconf 87' lang='lat' dir='ltr'>autem</span> <span class='ocrx_word' id='word_1_247' title='bbox 542 1804 731 1849; x_wconf 87' lang='lat' dir='ltr'>prudentia</span> <span class='ocrx_word' id='word_1_248' title='bbox 746 1812 798 1839; x_wconf 87' lang='lat' dir='ltr'>est</span> <span class='ocrx_word' id='word_1_249' title='bbox 815 1805 962 1850; x_wconf 89' lang='lat' dir='ltr'>quidem</span> <span class='ocrx_word' id='word_1_250' title='bbox 983 1815 1080 1846; x_wconf 80' lang='lat' dir='ltr'>vera,</span> <span class='ocrx_word' id='word_1_251' title='bbox 1103 1804 1187 1850; x_wconf 90' lang='lat' dir='ltr'>quia</span> <span class='ocrx_word' id='word_1_252' title='bbox 1209 1803 1392 1837; x_wconf 80' lang='lat' dir='ltr'>adinvenit</span> <span class='ocrx_word' id='word_1_253' title='bbox 1413 1803 1488 1837; x_wconf 78' lang='lat' dir='ltr'>vias</span> <span class='ocrx_word' id='word_1_254' title='bbox 1504 1814 1646 1836; x_wconf 86' lang='lat' dir='ltr'>accom-</span> 
     </span>
     <span class='ocr_line' id='line_1_27' title="bbox 83 1856 1644 1904; baseline -0.001 -13"><span class='ocrx_word' id='word_1_255' title='bbox 83 1857 250 1891; x_wconf 87' lang='lat' dir='ltr'>modatas</span> <span class='ocrx_word' id='word_1_256' title='bbox 273 1857 316 1890; x_wconf 87' lang='lat' dir='ltr'>ad</span> <span class='ocrx_word' id='word_1_257' title='bbox 338 1857 449 1891; x_wconf 89' lang='lat' dir='ltr'>finem</span> <span class='ocrx_word' id='word_1_258' title='bbox 463 1868 546 1891; x_wconf 91' lang='lat' dir='ltr'>vere</span> <span class='ocrx_word' id='word_1_259' title='bbox 562 1857 712 1899; x_wconf 87' lang='lat' dir='ltr'>bonum,</span> <span class='ocrx_word' id='word_1_260' title='bbox 731 1858 792 1892; x_wconf 88' lang='lat' dir='ltr'>sed</span> <span class='ocrx_word' id='word_1_261' title='bbox 816 1866 868 1892; x_wconf 90' lang='lat' dir='ltr'>est</span> <span class='ocrx_word' id='word_1_262' title='bbox 889 1857 1111 1904; x_wconf 86' lang='lat' dir='ltr'>imperfecta,</span> <span class='ocrx_word' id='word_1_263' title='bbox 1130 1857 1253 1904; x_wconf 74' lang='lat' dir='ltr'>duplici</span> <span class='ocrx_word' id='word_1_264' title='bbox 1272 1857 1431 1891; x_wconf 87' lang='lat' dir='ltr'>ratione:</span> <span class='ocrx_word' id='word_1_265' title='bbox 1454 1868 1518 1890; x_wconf 78' lang='lat' dir='ltr'>uno</span> <span class='ocrx_word' id='word_1_266' title='bbox 1537 1856 1644 1898; x_wconf 74' lang='lat' dir='ltr'>mocio,</span> 
     </span>
     <span class='ocr_line' id='line_1_28' title="bbox 83 1909 1646 1957; baseline -0.001 -13"><span class='ocrx_word' id='word_1_267' title='bbox 83 1911 167 1957; x_wconf 84' lang='lat' dir='ltr'>quia</span> <span class='ocrx_word' id='word_1_268' title='bbox 192 1910 280 1944; x_wconf 86' lang='lat' dir='ltr'>illud</span> <span class='ocrx_word' id='word_1_269' title='bbox 300 1911 450 1953; x_wconf 88' lang='lat' dir='ltr'>bonum,</span> <span class='ocrx_word' id='word_1_270' title='bbox 472 1911 568 1956; x_wconf 88' lang='lat' dir='ltr'>quod</span> <span class='ocrx_word' id='word_1_271' title='bbox 591 1911 722 1956; x_wconf 90' lang='lat' dir='ltr'>accipit</span> <span class='ocrx_word' id='word_1_272' title='bbox 742 1922 806 1957; x_wconf 90' lang='lat' dir='ltr'>pro</span> <span class='ocrx_word' id='word_1_273' title='bbox 830 1911 912 1953; x_wconf 89' lang='lat' dir='ltr'>fine,</span> <span class='ocrx_word' id='word_1_274' title='bbox 939 1922 1013 1945; x_wconf 90' lang='lat' dir='ltr'>non</span> <span class='ocrx_word' id='word_1_275' title='bbox 1041 1919 1093 1945; x_wconf 88' lang='lat' dir='ltr'>est</span> <span class='ocrx_word' id='word_1_276' title='bbox 1119 1912 1325 1945; x_wconf 87' lang='lat' dir='ltr'>communis</span> <span class='ocrx_word' id='word_1_277' title='bbox 1347 1909 1427 1944; x_wconf 87' lang='lat' dir='ltr'>finis</span> <span class='ocrx_word' id='word_1_278' title='bbox 1448 1910 1557 1944; x_wconf 86' lang='lat' dir='ltr'>totius</span> <span class='ocrx_word' id='word_1_279' title='bbox 1584 1910 1646 1943; x_wconf 90' lang='lat' dir='ltr'>hu-</span> 
     </span>
     <span class='ocr_line' id='line_1_29' title="bbox 84 1963 1645 2010; baseline -0.001 -12"><span class='ocrx_word' id='word_1_280' title='bbox 84 1975 213 1998; x_wconf 82' lang='lat' dir='ltr'>manae</span> <span class='ocrx_word' id='word_1_281' title='bbox 235 1965 341 2006; x_wconf 87' lang='lat' dir='ltr'>vitae,</span> <span class='ocrx_word' id='word_1_282' title='bbox 363 1964 426 1999; x_wconf 90' lang='lat' dir='ltr'>sed</span> <span class='ocrx_word' id='word_1_283' title='bbox 449 1964 599 2009; x_wconf 83' lang='lat' dir='ltr'>alicujus</span> <span class='ocrx_word' id='word_1_284' title='bbox 620 1964 784 2010; x_wconf 81' lang='lat' dir='ltr'>specialis</span> <span class='ocrx_word' id='word_1_285' title='bbox 811 1965 966 2010; x_wconf 82' lang='lat' dir='ltr'>negotii:</span> <span class='ocrx_word' id='word_1_286' title='bbox 994 1972 1078 2010; x_wconf 84' lang='lat' dir='ltr'>puta</span> <span class='ocrx_word' id='word_1_287' title='bbox 1101 1975 1184 1998; x_wconf 93' lang='lat' dir='ltr'>cum</span> <span class='ocrx_word' id='word_1_288' title='bbox 1211 1963 1338 2009; x_wconf 84' lang='lat' dir='ltr'>aliquis</span> <span class='ocrx_word' id='word_1_289' title='bbox 1361 1963 1544 1997; x_wconf 82' lang='lat' dir='ltr'>adinvenit</span> <span class='ocrx_word' id='word_1_290' title='bbox 1569 1963 1645 1996; x_wconf 82' lang='lat' dir='ltr'>vias</span> 
     </span>
     <span class='ocr_line' id='line_1_30' title="bbox 86 2016 1645 2063; baseline -0.002 -11"><span class='ocrx_word' id='word_1_291' title='bbox 86 2018 383 2052; x_wconf 81' lang='lat' dir='ltr'>accommodatas</span> <span class='ocrx_word' id='word_1_292' title='bbox 405 2018 448 2051; x_wconf 88' lang='lat' dir='ltr'>ad</span> <span class='ocrx_word' id='word_1_293' title='bbox 470 2018 743 2063; x_wconf 82' lang='lat' dir='ltr'>negotiandum,</span> <span class='ocrx_word' id='word_1_294' title='bbox 770 2018 827 2052; x_wconf 79' lang='lat' dir='ltr'>vel</span> <span class='ocrx_word' id='word_1_295' title='bbox 850 2018 893 2052; x_wconf 85' lang='lat' dir='ltr'>ad</span> <span class='ocrx_word' id='word_1_296' title='bbox 915 2018 1173 2063; x_wconf 84' lang='lat' dir='ltr'>navigandum,</span> <span class='ocrx_word' id='word_1_297' title='bbox 1201 2017 1330 2051; x_wconf 84' lang='lat' dir='ltr'>dicitur</span> <span class='ocrx_word' id='word_1_298' title='bbox 1356 2016 1511 2063; x_wconf 89' lang='lat' dir='ltr'>prudens</span> <span class='ocrx_word' id='word_1_299' title='bbox 1537 2027 1645 2061; x_wconf 82' lang='lat' dir='ltr'>nego-</span> 
     </span>
     <span class='ocr_line' id='line_1_31' title="bbox 84 2070 1644 2117; baseline -0.001 -12"><span class='ocrx_word' id='word_1_300' title='bbox 84 2071 202 2113; x_wconf 83' lang='lat' dir='ltr'>tiator,</span> <span class='ocrx_word' id='word_1_301' title='bbox 229 2071 288 2105; x_wconf 86' lang='lat' dir='ltr'>vel</span> <span class='ocrx_word' id='word_1_302' title='bbox 308 2079 433 2105; x_wconf 79' lang='lat' dir='ltr'>nauta:</span> <span class='ocrx_word' id='word_1_303' title='bbox 457 2072 522 2105; x_wconf 73' lang='lat' dir='ltr'>alio</span> <span class='ocrx_word' id='word_1_304' title='bbox 544 2071 652 2114; x_wconf 81' lang='lat' dir='ltr'>modo,</span> <span class='ocrx_word' id='word_1_305' title='bbox 675 2072 757 2117; x_wconf 83' lang='lat' dir='ltr'>quia</span> <span class='ocrx_word' id='word_1_306' title='bbox 785 2071 903 2105; x_wconf 89' lang='lat' dir='ltr'>deficit</span> <span class='ocrx_word' id='word_1_307' title='bbox 928 2072 964 2104; x_wconf 89' lang='lat' dir='ltr'>in</span> <span class='ocrx_word' id='word_1_308' title='bbox 990 2070 1180 2117; x_wconf 83' lang='lat' dir='ltr'>principali</span> <span class='ocrx_word' id='word_1_309' title='bbox 1206 2079 1286 2104; x_wconf 85' lang='lat' dir='ltr'>actu</span> <span class='ocrx_word' id='word_1_310' title='bbox 1313 2070 1538 2116; x_wconf 84' lang='lat' dir='ltr'>prudentiae:</span> <span class='ocrx_word' id='word_1_311' title='bbox 1560 2077 1644 2115; x_wconf 87' lang='lat' dir='ltr'>puta</span> 
     </span>
     <span class='ocr_line' id='line_1_32' title="bbox 87 2123 1644 2170; baseline -0.001 -12"><span class='ocrx_word' id='word_1_312' title='bbox 87 2137 170 2159; x_wconf 90' lang='lat' dir='ltr'>curn</span> <span class='ocrx_word' id='word_1_313' title='bbox 192 2124 319 2170; x_wconf 86' lang='lat' dir='ltr'>aliquis</span> <span class='ocrx_word' id='word_1_314' title='bbox 341 2133 437 2158; x_wconf 90' lang='lat' dir='ltr'>recte</span> <span class='ocrx_word' id='word_1_315' title='bbox 461 2124 681 2167; x_wconf 84' lang='lat' dir='ltr'>consiliatur,</span> <span class='ocrx_word' id='word_1_316' title='bbox 701 2133 735 2159; x_wconf 92' lang='lat' dir='ltr'>et</span> <span class='ocrx_word' id='word_1_317' title='bbox 756 2125 846 2158; x_wconf 87' lang='lat' dir='ltr'>bene</span> <span class='ocrx_word' id='word_1_318' title='bbox 868 2124 1003 2170; x_wconf 84' lang='lat' dir='ltr'>judicat</span> <span class='ocrx_word' id='word_1_319' title='bbox 1017 2125 1127 2158; x_wconf 86' lang='lat' dir='ltr'>etiam</span> <span class='ocrx_word' id='word_1_320' title='bbox 1149 2124 1191 2158; x_wconf 92' lang='lat' dir='ltr'>de</span> <span class='ocrx_word' id='word_1_321' title='bbox 1213 2124 1280 2165; x_wconf 91' lang='lat' dir='ltr'>his,</span> <span class='ocrx_word' id='word_1_322' title='bbox 1299 2135 1390 2170; x_wconf 83' lang='lat' dir='ltr'>quae</span> <span class='ocrx_word' id='word_1_323' title='bbox 1405 2125 1583 2169; x_wconf 87' lang='lat' dir='ltr'>pertinent</span> <span class='ocrx_word' id='word_1_324' title='bbox 1601 2123 1644 2156; x_wconf 83' lang='lat' dir='ltr'>ad</span> 
     </span>
     <span class='ocr_line' id='line_1_33' title="bbox 85 2177 1644 2224; baseline -0.003 -10"><span class='ocrx_word' id='word_1_325' title='bbox 85 2187 201 2214; x_wconf 84' lang='lat' dir='ltr'>totam</span> <span class='ocrx_word' id='word_1_326' title='bbox 213 2179 337 2220; x_wconf 86' lang='lat' dir='ltr'>vitam,</span> <span class='ocrx_word' id='word_1_327' title='bbox 360 2178 421 2212; x_wconf 89' lang='lat' dir='ltr'>sed</span> <span class='ocrx_word' id='word_1_328' title='bbox 443 2189 517 2212; x_wconf 91' lang='lat' dir='ltr'>non</span> <span class='ocrx_word' id='word_1_329' title='bbox 535 2177 727 2213; x_wconf 85' lang='lat' dir='ltr'>efficaciter</span> <span class='ocrx_word' id='word_1_330' title='bbox 748 2178 930 2224; x_wconf 86' lang='lat' dir='ltr'>praecipit.</span> <span class='ocrx_word' id='word_1_331' title='bbox 954 2178 1067 2212; x_wconf 65' lang='lat' dir='ltr'>Tertia</span> <span class='ocrx_word' id='word_1_332' title='bbox 1086 2185 1206 2211; x_wconf 85' lang='lat' dir='ltr'>autem</span> <span class='ocrx_word' id='word_1_333' title='bbox 1222 2177 1409 2223; x_wconf 85' lang='lat' dir='ltr'>prudentia</span> <span class='ocrx_word' id='word_1_334' title='bbox 1425 2185 1476 2210; x_wconf 86' lang='lat' dir='ltr'>est</span> <span class='ocrx_word' id='word_1_335' title='bbox 1498 2184 1532 2210; x_wconf 92' lang='lat' dir='ltr'>et</span> <span class='ocrx_word' id='word_1_336' title='bbox 1548 2187 1644 2217; x_wconf 87' lang='lat' dir='ltr'>vera,</span> 
     </span>
     <span class='ocr_line' id='line_1_34' title="bbox 87 2229 1645 2278; baseline -0.003 -12"><span class='ocrx_word' id='word_1_337' title='bbox 87 2240 121 2266; x_wconf 91' lang='lat' dir='ltr'>et</span> <span class='ocrx_word' id='word_1_338' title='bbox 142 2231 311 2278; x_wconf 87' lang='lat' dir='ltr'>perfecta,</span> <span class='ocrx_word' id='word_1_339' title='bbox 341 2242 432 2277; x_wconf 84' lang='lat' dir='ltr'>quae</span> <span class='ocrx_word' id='word_1_340' title='bbox 455 2231 498 2264; x_wconf 89' lang='lat' dir='ltr'>ad</span> <span class='ocrx_word' id='word_1_341' title='bbox 519 2231 656 2265; x_wconf 87' lang='lat' dir='ltr'>bonum</span> <span class='ocrx_word' id='word_1_342' title='bbox 682 2231 791 2266; x_wconf 88' lang='lat' dir='ltr'>finem</span> <span class='ocrx_word' id='word_1_343' title='bbox 821 2232 930 2265; x_wconf 89' lang='lat' dir='ltr'>totius</span> <span class='ocrx_word' id='word_1_344' title='bbox 952 2232 1047 2265; x_wconf 83' lang='lat' dir='ltr'>vitae</span> <span class='ocrx_word' id='word_1_345' title='bbox 1076 2238 1171 2264; x_wconf 90' lang='lat' dir='ltr'>recte</span> <span class='ocrx_word' id='word_1_346' title='bbox 1199 2229 1418 2271; x_wconf 84' lang='lat' dir='ltr'>consiliatur,</span> <span class='ocrx_word' id='word_1_347' title='bbox 1441 2229 1585 2274; x_wconf 88' lang='lat' dir='ltr'>judicat,</span> <span class='ocrx_word' id='word_1_348' title='bbox 1612 2236 1645 2262; x_wconf 90' lang='lat' dir='ltr'>et</span> 
     </span>
     <span class='ocr_line' id='line_1_35' title="bbox 86 2283 1644 2332; baseline -0.002 -13"><span class='ocrx_word' id='word_1_349' title='bbox 86 2285 276 2332; x_wconf 86' lang='lat' dir='ltr'>praecipit:</span> <span class='ocrx_word' id='word_1_350' title='bbox 300 2293 334 2319; x_wconf 89' lang='lat' dir='ltr'>et</span> <span class='ocrx_word' id='word_1_351' title='bbox 354 2285 444 2319; x_wconf 85' lang='lat' dir='ltr'>haec</span> <span class='ocrx_word' id='word_1_352' title='bbox 459 2284 537 2319; x_wconf 88' lang='lat' dir='ltr'>sola</span> <span class='ocrx_word' id='word_1_353' title='bbox 552 2285 680 2319; x_wconf 88' lang='lat' dir='ltr'>dicitur</span> <span class='ocrx_word' id='word_1_354' title='bbox 698 2285 886 2331; x_wconf 85' lang='lat' dir='ltr'>prudentia</span> <span class='ocrx_word' id='word_1_355' title='bbox 901 2284 1131 2330; x_wconf 78' lang='lat' dir='ltr'>simpliciter3</span> <span class='ocrx_word' id='word_1_356' title='bbox 1147 2295 1238 2330; x_wconf 88' lang='lat' dir='ltr'>quae</span> <span class='ocrx_word' id='word_1_357' title='bbox 1252 2284 1288 2317; x_wconf 92' lang='lat' dir='ltr'>in</span> <span class='ocrx_word' id='word_1_358' title='bbox 1303 2283 1551 2328; x_wconf 83' lang='lat' dir='ltr'>peccatoribus</span> <span class='ocrx_word' id='word_1_359' title='bbox 1568 2293 1644 2316; x_wconf 85' lang='lat' dir='ltr'>esse</span> 
     </span>
     <span class='ocr_line' id='line_1_36' title="bbox 87 2337 1644 2384; baseline -0.003 -12"><span class='ocrx_word' id='word_1_360' title='bbox 87 2350 160 2373; x_wconf 91' lang='lat' dir='ltr'>non</span> <span class='ocrx_word' id='word_1_361' title='bbox 182 2346 318 2384; x_wconf 87' lang='lat' dir='ltr'>potest:</span> <span class='ocrx_word' id='word_1_362' title='bbox 334 2338 449 2383; x_wconf 78' lang='lat' dir='ltr'>prima</span> <span class='ocrx_word' id='word_1_363' title='bbox 471 2346 592 2372; x_wconf 84' lang='lat' dir='ltr'>autem</span> <span class='ocrx_word' id='word_1_364' title='bbox 606 2339 794 2384; x_wconf 83' lang='lat' dir='ltr'>prudentia</span> <span class='ocrx_word' id='word_1_365' title='bbox 817 2346 869 2372; x_wconf 92' lang='lat' dir='ltr'>est</span> <span class='ocrx_word' id='word_1_366' title='bbox 883 2339 919 2372; x_wconf 90' lang='lat' dir='ltr'>in</span> <span class='ocrx_word' id='word_1_367' title='bbox 934 2338 1022 2372; x_wconf 88' lang='lat' dir='ltr'>solis</span> <span class='ocrx_word' id='word_1_368' title='bbox 1037 2337 1301 2383; x_wconf 84' lang='lat' dir='ltr'>peccatoribus:</span> <span class='ocrx_word' id='word_1_369' title='bbox 1319 2337 1505 2382; x_wconf 86' lang='lat' dir='ltr'>prudentia</span> <span class='ocrx_word' id='word_1_370' title='bbox 1525 2344 1644 2369; x_wconf 86' lang='lat' dir='ltr'>autem</span> 
     </span>
     <span class='ocr_line' id='line_1_37' title="bbox 86 2388 1646 2438; baseline -0.003 -12"><span class='ocrx_word' id='word_1_371' title='bbox 86 2391 297 2438; x_wconf 86' lang='lat' dir='ltr'>imperfecta</span> <span class='ocrx_word' id='word_1_372' title='bbox 319 2399 371 2425; x_wconf 87' lang='lat' dir='ltr'>est</span> <span class='ocrx_word' id='word_1_373' title='bbox 393 2392 597 2425; x_wconf 89' lang='lat' dir='ltr'>communis</span> <span class='ocrx_word' id='word_1_374' title='bbox 622 2392 737 2433; x_wconf 82' lang='lat' dir='ltr'>bonis,</span> <span class='ocrx_word' id='word_1_375' title='bbox 765 2400 799 2426; x_wconf 91' lang='lat' dir='ltr'>et</span> <span class='ocrx_word' id='word_1_376' title='bbox 826 2391 941 2432; x_wconf 86' lang='lat' dir='ltr'>malis,</span> <span class='ocrx_word' id='word_1_377' title='bbox 970 2391 1127 2424; x_wconf 77' lang='lat' dir='ltr'>maxime</span> <span class='ocrx_word' id='word_1_378' title='bbox 1153 2390 1226 2431; x_wconf 86' lang='lat' dir='ltr'>illa,</span> <span class='ocrx_word' id='word_1_379' title='bbox 1249 2401 1339 2436; x_wconf 86' lang='lat' dir='ltr'>quae</span> <span class='ocrx_word' id='word_1_380' title='bbox 1363 2398 1415 2424; x_wconf 91' lang='lat' dir='ltr'>est</span> <span class='ocrx_word' id='word_1_381' title='bbox 1436 2388 1646 2434; x_wconf 81' lang='lat' dir='ltr'>imperfecta</span> 
     </span>
     <span class='ocr_line' id='line_1_38' title="bbox 86 2441 1645 2492; baseline -0.003 -13"><span class='ocrx_word' id='word_1_382' title='bbox 86 2455 232 2492; x_wconf 88' lang='lat' dir='ltr'>propter</span> <span class='ocrx_word' id='word_1_383' title='bbox 253 2445 362 2478; x_wconf 88' lang='lat' dir='ltr'>finem</span> <span class='ocrx_word' id='word_1_384' title='bbox 384 2444 654 2489; x_wconf 84' lang='lat' dir='ltr'>particularem:</span> <span class='ocrx_word' id='word_1_385' title='bbox 676 2456 762 2478; x_wconf 90' lang='lat' dir='ltr'>nam</span> <span class='ocrx_word' id='word_1_386' title='bbox 781 2444 853 2486; x_wconf 89' lang='lat' dir='ltr'>illa,</span> <span class='ocrx_word' id='word_1_387' title='bbox 876 2456 967 2490; x_wconf 89' lang='lat' dir='ltr'>quae</span> <span class='ocrx_word' id='word_1_388' title='bbox 990 2452 1043 2478; x_wconf 88' lang='lat' dir='ltr'>est</span> <span class='ocrx_word' id='word_1_389' title='bbox 1063 2443 1276 2490; x_wconf 83' lang='lat' dir='ltr'>imperfecta</span> <span class='ocrx_word' id='word_1_390' title='bbox 1297 2451 1443 2489; x_wconf 88' lang='lat' dir='ltr'>propter</span> <span class='ocrx_word' id='word_1_391' title='bbox 1465 2441 1645 2475; x_wconf 88' lang='lat' dir='ltr'>defectum</span> 
     </span>
     <span class='ocr_line' id='line_1_39' title="bbox 86 2497 1008 2544; baseline -0.002 -12"><span class='ocrx_word' id='word_1_392' title='bbox 86 2497 290 2544; x_wconf 84' lang='lat' dir='ltr'>principalis</span> <span class='ocrx_word' id='word_1_393' title='bbox 313 2505 424 2538; x_wconf 85' lang='lat' dir='ltr'>actus,</span> <span class='ocrx_word' id='word_1_394' title='bbox 447 2497 555 2531; x_wconf 82' lang='lat' dir='ltr'>etiarn</span> <span class='ocrx_word' id='word_1_395' title='bbox 576 2509 650 2532; x_wconf 91' lang='lat' dir='ltr'>non</span> <span class='ocrx_word' id='word_1_396' title='bbox 672 2506 725 2532; x_wconf 89' lang='lat' dir='ltr'>est</span> <span class='ocrx_word' id='word_1_397' title='bbox 745 2498 813 2532; x_wconf 88' lang='lat' dir='ltr'>nisi</span> <span class='ocrx_word' id='word_1_398' title='bbox 834 2498 869 2532; x_wconf 89' lang='lat' dir='ltr'>in</span> <span class='ocrx_word' id='word_1_399' title='bbox 892 2497 1008 2531; x_wconf 86' lang='lat' dir='ltr'>malis.</span> 
     </span>
    </p>

    <p class='ocr_par' dir='ltr' id='par_1_9' title="bbox 87 2548 1647 2693">
     <span class='ocr_line' id='line_1_40' title="bbox 159 2548 1646 2597; baseline -0.003 -12"><span class='ocrx_word' id='word_1_400' title='bbox 159 2552 218 2586; x_wconf 88' lang='lat' dir='ltr'>AD</span> <span class='ocrx_word' id='word_1_401' title='bbox 233 2561 382 2585; x_wconf 70' lang='lat' dir='ltr'>PRIMUM</span> <span class='ocrx_word' id='word_1_402' title='bbox 397 2562 483 2596; x_wconf 86' lang='lat' dir='ltr'>ergo</span> <span class='ocrx_word' id='word_1_403' title='bbox 495 2551 697 2593; x_wconf 87' lang='lat' dir='ltr'>dicendum,</span> <span class='ocrx_word' id='word_1_404' title='bbox 714 2553 809 2597; x_wconf 89' lang='lat' dir='ltr'>quod</span> <span class='ocrx_word' id='word_1_405' title='bbox 820 2551 909 2585; x_wconf 88' lang='lat' dir='ltr'>illud</span> <span class='ocrx_word' id='word_1_406' title='bbox 923 2551 1074 2584; x_wconf 86' lang='lat' dir='ltr'>verbum</span> <span class='ocrx_word' id='word_1_407' title='bbox 1087 2550 1240 2584; x_wconf 86' lang='lat' dir='ltr'>Domini</span> <span class='ocrx_word' id='word_1_408' title='bbox 1253 2549 1464 2595; x_wconf 77' lang='lat' dir='ltr'>intelligitur</span> <span class='ocrx_word' id='word_1_409' title='bbox 1474 2548 1516 2582; x_wconf 88' lang='lat' dir='ltr'>de</span> <span class='ocrx_word' id='word_1_410' title='bbox 1531 2548 1646 2594; x_wconf 88' lang='lat' dir='ltr'>prima</span> 
     </span>
     <span class='ocr_line' id='line_1_41' title="bbox 87 2602 1647 2651; baseline -0.002 -13"><span class='ocrx_word' id='word_1_411' title='bbox 87 2605 293 2651; x_wconf 88' lang='lat' dir='ltr'>prudentia;</span> <span class='ocrx_word' id='word_1_412' title='bbox 317 2604 410 2637; x_wconf 90' lang='lat' dir='ltr'>unde</span> <span class='ocrx_word' id='word_1_413' title='bbox 430 2615 505 2637; x_wconf 90' lang='lat' dir='ltr'>non</span> <span class='ocrx_word' id='word_1_414' title='bbox 531 2604 659 2638; x_wconf 86' lang='lat' dir='ltr'>dicitur</span> <span class='ocrx_word' id='word_1_415' title='bbox 684 2604 905 2651; x_wconf 86' lang='lat' dir='ltr'>simpliciter,</span> <span class='ocrx_word' id='word_1_416' title='bbox 928 2604 1024 2650; x_wconf 89' lang='lat' dir='ltr'>quod</span> <span class='ocrx_word' id='word_1_417' title='bbox 1047 2604 1118 2638; x_wconf 86' lang='lat' dir='ltr'>sint</span> <span class='ocrx_word' id='word_1_418' title='bbox 1139 2604 1342 2650; x_wconf 87' lang='lat' dir='ltr'>prudentes,</span> <span class='ocrx_word' id='word_1_419' title='bbox 1369 2602 1429 2636; x_wconf 87' lang='lat' dir='ltr'>sed</span> <span class='ocrx_word' id='word_1_420' title='bbox 1457 2603 1492 2635; x_wconf 77' lang='lat' dir='ltr'>in</span> <span class='ocrx_word' id='word_1_421' title='bbox 1516 2613 1647 2647; x_wconf 64' lang='lat' dir='ltr'>genera-</span> 
     </span>
     <span class='ocr_line' id='line_1_42' title="bbox 89 2660 263 2693; baseline -0.011 0"><span class='ocrx_word' id='word_1_422' title='bbox 89 2660 173 2693; x_wconf 82' lang='lat' dir='ltr'>tione</span> <span class='ocrx_word' id='word_1_423' title='bbox 192 2669 263 2692; x_wconf 78' lang='lat' dir='ltr'>sua.</span> 
     </span>
    </p>

    <p class='ocr_par' dir='ltr' id='par_1_10' title="bbox 90 2707 1645 2916">
     <span class='ocr_line' id='line_1_43' title="bbox 159 2707 1645 2756; baseline -0.003 -11"><span class='ocrx_word' id='word_1_424' title='bbox 159 2712 219 2745; x_wconf 87' lang='lat' dir='ltr'>AD</span> <span class='ocrx_word' id='word_1_425' title='bbox 235 2721 441 2745; x_wconf 77' lang='lat' dir='ltr'>SECUNDUM</span> <span class='ocrx_word' id='word_1_426' title='bbox 462 2710 666 2753; x_wconf 87' lang='lat' dir='ltr'>dicendum,</span> <span class='ocrx_word' id='word_1_427' title='bbox 688 2710 784 2756; x_wconf 91' lang='lat' dir='ltr'>quod</span> <span class='ocrx_word' id='word_1_428' title='bbox 805 2711 892 2745; x_wconf 92' lang='lat' dir='ltr'>fides</span> <span class='ocrx_word' id='word_1_429' title='bbox 914 2710 950 2744; x_wconf 89' lang='lat' dir='ltr'>in</span> <span class='ocrx_word' id='word_1_430' title='bbox 969 2711 1024 2744; x_wconf 87' lang='lat' dir='ltr'>sui</span> <span class='ocrx_word' id='word_1_431' title='bbox 1045 2712 1184 2744; x_wconf 89' lang='lat' dir='ltr'>ratione</span> <span class='ocrx_word' id='word_1_432' title='bbox 1202 2720 1276 2743; x_wconf 89' lang='lat' dir='ltr'>non</span> <span class='ocrx_word' id='word_1_433' title='bbox 1298 2709 1470 2754; x_wconf 81' lang='lat' dir='ltr'>importat</span> <span class='ocrx_word' id='word_1_434' title='bbox 1488 2707 1645 2753; x_wconf 80' lang='lat' dir='ltr'>aliquam</span> 
     </span>
     <span class='ocr_line' id='line_1_44' title="bbox 90 2761 1645 2810; baseline -0.002 -13"><span class='ocrx_word' id='word_1_435' title='bbox 90 2763 383 2798; x_wconf 84' lang='lat' dir='ltr'>conformitatem</span> <span class='ocrx_word' id='word_1_436' title='bbox 409 2763 453 2797; x_wconf 92' lang='lat' dir='ltr'>ad</span> <span class='ocrx_word' id='word_1_437' title='bbox 479 2764 675 2810; x_wconf 85' lang='lat' dir='ltr'>appetitum</span> <span class='ocrx_word' id='word_1_438' title='bbox 700 2772 883 2798; x_wconf 90' lang='lat' dir='ltr'>rectorum</span> <span class='ocrx_word' id='word_1_439' title='bbox 911 2775 1074 2810; x_wconf 91' lang='lat' dir='ltr'>operum,</span> <span class='ocrx_word' id='word_1_440' title='bbox 1101 2763 1164 2797; x_wconf 86' lang='lat' dir='ltr'>sed</span> <span class='ocrx_word' id='word_1_441' title='bbox 1194 2762 1284 2796; x_wconf 86' lang='lat' dir='ltr'>ratio</span> <span class='ocrx_word' id='word_1_442' title='bbox 1314 2761 1396 2795; x_wconf 89' lang='lat' dir='ltr'>fidei</span> <span class='ocrx_word' id='word_1_443' title='bbox 1422 2761 1584 2795; x_wconf 87' lang='lat' dir='ltr'>consistit</span> <span class='ocrx_word' id='word_1_444' title='bbox 1609 2761 1645 2795; x_wconf 88' lang='lat' dir='ltr'>in</span> 
     </span>
     <span class='ocr_line' id='line_1_45' title="bbox 90 2815 1644 2864; baseline -0.002 -13"><span class='ocrx_word' id='word_1_445' title='bbox 90 2817 168 2852; x_wconf 87' lang='lat' dir='ltr'>sola</span> <span class='ocrx_word' id='word_1_446' title='bbox 190 2817 415 2863; x_wconf 82' lang='lat' dir='ltr'>cognitione:</span> <span class='ocrx_word' id='word_1_447' title='bbox 438 2817 499 2851; x_wconf 90' lang='lat' dir='ltr'>sed</span> <span class='ocrx_word' id='word_1_448' title='bbox 517 2817 704 2863; x_wconf 86' lang='lat' dir='ltr'>prudentia</span> <span class='ocrx_word' id='word_1_449' title='bbox 725 2817 898 2864; x_wconf 85' lang='lat' dir='ltr'>importat</span> <span class='ocrx_word' id='word_1_450' title='bbox 919 2817 1084 2851; x_wconf 88' lang='lat' dir='ltr'>ordinem</span> <span class='ocrx_word' id='word_1_451' title='bbox 1107 2816 1150 2849; x_wconf 89' lang='lat' dir='ltr'>ad</span> <span class='ocrx_word' id='word_1_452' title='bbox 1171 2815 1367 2861; x_wconf 83' lang='lat' dir='ltr'>appetitum</span> <span class='ocrx_word' id='word_1_453' title='bbox 1388 2821 1546 2849; x_wconf 86' lang='lat' dir='ltr'>rectum:</span> <span class='ocrx_word' id='word_1_454' title='bbox 1567 2822 1644 2848; x_wconf 88' lang='lat' dir='ltr'>tum</span> 
     </span>
     <span class='ocr_line' id='line_1_46' title="bbox 90 2867 1645 2916; baseline -0.002 -12"><span class='ocrx_word' id='word_1_455' title='bbox 90 2871 172 2916; x_wconf 86' lang='lat' dir='ltr'>quia</span> <span class='ocrx_word' id='word_1_456' title='bbox 194 2870 368 2916; x_wconf 84' lang='lat' dir='ltr'>principia</span> <span class='ocrx_word' id='word_1_457' title='bbox 390 2870 598 2916; x_wconf 85' lang='lat' dir='ltr'>prudentiae</span> <span class='ocrx_word' id='word_1_458' title='bbox 620 2878 701 2904; x_wconf 92' lang='lat' dir='ltr'>sunt</span> <span class='ocrx_word' id='word_1_459' title='bbox 722 2870 810 2905; x_wconf 87' lang='lat' dir='ltr'>fines</span> <span class='ocrx_word' id='word_1_460' title='bbox 832 2869 1082 2916; x_wconf 85' lang='lat' dir='ltr'>operabilium,</span> <span class='ocrx_word' id='word_1_461' title='bbox 1105 2869 1146 2902; x_wconf 91' lang='lat' dir='ltr'>de</span> <span class='ocrx_word' id='word_1_462' title='bbox 1170 2868 1297 2914; x_wconf 88' lang='lat' dir='ltr'>quibus</span> <span class='ocrx_word' id='word_1_463' title='bbox 1318 2867 1444 2913; x_wconf 86' lang='lat' dir='ltr'>aliquis</span> <span class='ocrx_word' id='word_1_464' title='bbox 1466 2867 1574 2902; x_wconf 88' lang='lat' dir='ltr'>habet</span> <span class='ocrx_word' id='word_1_465' title='bbox 1595 2879 1645 2902; x_wconf 86' lang='lat' dir='ltr'>re-</span> 
     </span>
    </p>
   </div>
  </div>
 </body>
</html>
