<?xml version="1.0" encoding="UTF-8"?>
<!DOCTYPE html PUBLIC "-//W3C//DTD XHTML 1.0 Transitional//EN"
    "http://www.w3.org/TR/xhtml1/DTD/xhtml1-transitional.dtd">
<html xmlns="http://www.w3.org/1999/xhtml" xml:lang="en" lang="en">
 <head>
  <title>
</title>
<meta http-equiv="Content-Type" content="text/html;charset=utf-8" />
  <meta name='ocr-system' content='tesseract 3.04.00' />
  <meta name='ocr-capabilities' content='ocr_page ocr_carea ocr_par ocr_line ocrx_word'/>
</head>
<body>
  <div class='ocr_page' id='page_1' title='image "./divithomaeaquina03thomuoft_1033.png"; bbox 0 0 1859 3122; ppageno 0'>
   <div class='ocr_carea' id='block_1_1' title="bbox 484 191 1639 234">
    <p class='ocr_par' dir='ltr' id='par_1_1' title="bbox 484 191 1639 234">
     <span class='ocr_line' id='line_1_1' title="bbox 484 191 1639 234; baseline -0.003 -9"><span class='ocrx_word' id='word_1_1' title='bbox 484 194 706 231; x_wconf 82' lang='lat' dir='ltr'>QUAESTIO</span> <span class='ocrx_word' id='word_1_2' title='bbox 741 193 871 224; x_wconf 89' lang='lat' dir='ltr'>CLVII.</span> <span class='ocrx_word' id='word_1_3' title='bbox 905 192 1150 224; x_wconf 83' lang='lat' dir='ltr'>ARTICULUS</span> <span class='ocrx_word' id='word_1_4' title='bbox 1182 192 1227 222; x_wconf 89' lang='lat'>11.</span> <span class='ocrx_word' id='word_1_5' title='bbox 1533 191 1639 234; x_wconf 81' lang='lat'><em>1025</em></span> 
     </span>
    </p>
   </div>
   <div class='ocr_carea' id='block_1_2' title="bbox 183 364 1643 511">
    <p class='ocr_par' dir='ltr' id='par_1_2' title="bbox 183 364 1643 511">
     <span class='ocr_line' id='line_1_2' title="bbox 634 364 1643 421; baseline 0 -12"><span class='ocrx_word' id='word_1_6' title='bbox 634 364 978 411; x_wconf 88' lang='lat' dir='ltr'>ARTICULUS</span> <span class='ocrx_word' id='word_1_7' title='bbox 1013 364 1070 407; x_wconf 90' lang='grc' dir='ltr'>ΙΙ.</span> <span class='ocrx_word' id='word_1_8' title='bbox 1578 372 1643 421; x_wconf 82' lang='lat'>763</span> 
     </span>
     <span class='ocr_line' id='line_1_3' title="bbox 183 471 1555 511; baseline -0.004 -6"><span class='ocrx_word' id='word_1_9' title='bbox 183 475 335 505; x_wconf 86' lang='lat' dir='ltr'>UTRUM</span> <span class='ocrx_word' id='word_1_10' title='bbox 367 475 459 504; x_wconf 70' lang='lat' dir='ltr'>TAM</span> <span class='ocrx_word' id='word_1_11' title='bbox 493 475 754 511; x_wconf 70' lang='lat' dir='ltr'>CLEMENTIA,</span> <span class='ocrx_word' id='word_1_12' title='bbox 790 473 914 509; x_wconf 74' lang='lat' dir='ltr'>QUAM</span> <span class='ocrx_word' id='word_1_13' title='bbox 947 472 1248 502; x_wconf 72' lang='lat' dir='ltr'>MANsm-:Tuno</span> <span class='ocrx_word' id='word_1_14' title='bbox 1285 472 1351 500; x_wconf 70' lang='grc' dir='ltr'>εῖτ</span> <span class='ocrx_word' id='word_1_15' title='bbox 1385 471 1555 501; x_wconf 59' lang='lat' dir='ltr'>rursus.</span> 
     </span>
    </p>
   </div>
   <div class='ocr_carea' id='block_1_3' title="bbox 357 559 1377 609">
    <p class='ocr_par' dir='ltr' id='par_1_3' title="bbox 357 559 1377 609">
     <span class='ocr_line' id='line_1_4' title="bbox 357 559 1377 609; baseline -0.005 -12"><span class='ocrx_word' id='word_1_16' title='bbox 357 563 458 608; x_wconf 85' lang='lat' dir='ltr'>(Infr.</span> <span class='ocrx_word' id='word_1_17' title='bbox 481 568 544 597; x_wconf 82' lang='lat' dir='ltr'>art.</span> <span class='ocrx_word' id='word_1_18' title='bbox 563 575 591 609; x_wconf 85' lang='lat'>3.</span> <span class='ocrx_word' id='word_1_19' title='bbox 615 569 703 609; x_wconf 83' lang='lat' dir='ltr'>corp.</span> <span class='ocrx_word' id='word_1_20' title='bbox 725 567 754 597; x_wconf 78' lang='lat' dir='ltr'>et</span> <span class='ocrx_word' id='word_1_21' title='bbox 773 573 801 608; x_wconf 82' lang='lat'>3.</span> <span class='ocrx_word' id='word_1_22' title='bbox 823 562 916 596; x_wconf 78' lang='lat' dir='ltr'>Dist.</span> <span class='ocrx_word' id='word_1_23' title='bbox 935 561 992 596; x_wconf 83' lang='lat'>26.</span> <span class='ocrx_word' id='word_1_24' title='bbox 1014 573 1044 607; x_wconf 83' lang='lat' dir='ltr'>q.</span> <span class='ocrx_word' id='word_1_25' title='bbox 1066 572 1096 595; x_wconf 91' lang='lat'>2.</span> <span class='ocrx_word' id='word_1_26' title='bbox 1117 565 1182 594; x_wconf 86' lang='lat' dir='ltr'>art.</span> <span class='ocrx_word' id='word_1_27' title='bbox 1203 571 1234 595; x_wconf 89' lang='lat'>2.</span> <span class='ocrx_word' id='word_1_28' title='bbox 1254 559 1296 593; x_wconf 72' lang='lat' dir='ltr'>ad</span> <span class='ocrx_word' id='word_1_29' title='bbox 1314 559 1377 603; x_wconf 76' lang='grc'><em>4.).</em></span> 
     </span>
    </p>
   </div>
   <div class='ocr_carea' id='block_1_4' title="bbox 86 647 1663 2932">
    <p class='ocr_par' dir='ltr' id='par_1_4' title="bbox 86 647 1649 846">
     <span class='ocr_line' id='line_1_5' title="bbox 158 647 1649 696; baseline -0.004 -11"><span class='ocrx_word' id='word_1_30' title='bbox 158 651 218 685; x_wconf 89' lang='lat' dir='ltr'>AD</span> <span class='ocrx_word' id='word_1_31' title='bbox 237 661 443 685; x_wconf 78' lang='lat' dir='ltr'>SECUNDUM</span> <span class='ocrx_word' id='word_1_32' title='bbox 463 651 512 684; x_wconf 86' lang='lat' dir='ltr'>sic</span> <span class='ocrx_word' id='word_1_33' title='bbox 535 650 750 696; x_wconf 78' lang='lat' dir='ltr'>proceditur.</span> <span class='ocrx_word' id='word_1_34' title='bbox 772 649 934 691; x_wconf 83' lang='lat' dir='ltr'>Videtur,</span> <span class='ocrx_word' id='word_1_35' title='bbox 957 648 1053 695; x_wconf 91' lang='lat' dir='ltr'>quod</span> <span class='ocrx_word' id='word_1_36' title='bbox 1068 659 1184 694; x_wconf 87' lang='lat' dir='ltr'>neque</span> <span class='ocrx_word' id='word_1_37' title='bbox 1200 647 1403 688; x_wconf 82' lang='lat' dir='ltr'>clementia,</span> <span class='ocrx_word' id='word_1_38' title='bbox 1419 658 1535 692; x_wconf 89' lang='lat' dir='ltr'>neque</span> <span class='ocrx_word' id='word_1_39' title='bbox 1551 657 1649 680; x_wconf 90' lang='lat' dir='ltr'>man-</span> 
     </span>
     <span class='ocr_line' id='line_1_6' title="bbox 86 699 1649 748; baseline -0.004 -9"><span class='ocrx_word' id='word_1_40' title='bbox 86 704 238 740; x_wconf 88' lang='lat' dir='ltr'>suetudo</span> <span class='ocrx_word' id='word_1_41' title='bbox 259 705 303 738; x_wconf 89' lang='lat' dir='ltr'>sit</span> <span class='ocrx_word' id='word_1_42' title='bbox 324 705 452 738; x_wconf 76' lang='lat' dir='ltr'>virtus:</span> <span class='ocrx_word' id='word_1_43' title='bbox 475 704 573 738; x_wconf 81' lang='lat' dir='ltr'>nulla</span> <span class='ocrx_word' id='word_1_44' title='bbox 597 704 694 738; x_wconf 90' lang='lat' dir='ltr'>enim</span> <span class='ocrx_word' id='word_1_45' title='bbox 715 704 825 737; x_wconf 82' lang='lat' dir='ltr'>virtus</span> <span class='ocrx_word' id='word_1_46' title='bbox 849 703 949 737; x_wconf 86' lang='lat' dir='ltr'>alteri</span> <span class='ocrx_word' id='word_1_47' title='bbox 970 703 1089 736; x_wconf 81' lang='lat' dir='ltr'>virtuti</span> <span class='ocrx_word' id='word_1_48' title='bbox 1110 702 1322 748; x_wconf 88' lang='lat' dir='ltr'>opponitur:</span> <span class='ocrx_word' id='word_1_49' title='bbox 1347 701 1406 734; x_wconf 78' lang='lat' dir='ltr'>scd</span> <span class='ocrx_word' id='word_1_50' title='bbox 1431 708 1580 746; x_wconf 80' lang='lat' dir='ltr'>utraque</span> <span class='ocrx_word' id='word_1_51' title='bbox 1599 699 1649 732; x_wconf 90' lang='lat' dir='ltr'>vi-</span> 
     </span>
     <span class='ocr_line' id='line_1_7' title="bbox 87 753 1648 804; baseline -0.004 -12"><span class='ocrx_word' id='word_1_52' title='bbox 87 759 189 792; x_wconf 88' lang='lat' dir='ltr'>detur</span> <span class='ocrx_word' id='word_1_53' title='bbox 203 758 338 804; x_wconf 91' lang='lat' dir='ltr'>opponi</span> <span class='ocrx_word' id='word_1_54' title='bbox 354 758 545 800; x_wconf 77' lang='lat' dir='ltr'>severitati,</span> <span class='ocrx_word' id='word_1_55' title='bbox 560 769 651 803; x_wconf 83' lang='lat' dir='ltr'>quae</span> <span class='ocrx_word' id='word_1_56' title='bbox 665 765 718 791; x_wconf 85' lang='lat' dir='ltr'>est</span> <span class='ocrx_word' id='word_1_57' title='bbox 732 756 911 803; x_wconf 75' lang='lat' dir='ltr'>quaedam</span> <span class='ocrx_word' id='word_1_58' title='bbox 926 757 1056 798; x_wconf 88' lang='lat' dir='ltr'>virtus;</span> <span class='ocrx_word' id='word_1_59' title='bbox 1072 767 1158 801; x_wconf 86' lang='lat' dir='ltr'>ergo</span> <span class='ocrx_word' id='word_1_60' title='bbox 1178 766 1294 801; x_wconf 89' lang='lat' dir='ltr'>neque</span> <span class='ocrx_word' id='word_1_61' title='bbox 1311 753 1517 795; x_wconf 80' lang='lat' dir='ltr'>clementia,</span> <span class='ocrx_word' id='word_1_62' title='bbox 1531 763 1648 798; x_wconf 88' lang='lat' dir='ltr'>neque</span> 
     </span>
     <span class='ocr_line' id='line_1_8' title="bbox 87 811 546 846; baseline -0.004 0"><span class='ocrx_word' id='word_1_63' title='bbox 87 812 327 846; x_wconf 88' lang='lat' dir='ltr'>mansuetudo</span> <span class='ocrx_word' id='word_1_64' title='bbox 351 820 403 845; x_wconf 89' lang='lat' dir='ltr'>est</span> <span class='ocrx_word' id='word_1_65' title='bbox 424 811 546 844; x_wconf 82' lang='lat' dir='ltr'>virtus.</span> 
     </span>
    </p>

    <p class='ocr_par' dir='ltr' id='par_1_5' title="bbox 86 858 1649 1071">
     <span class='ocr_line' id='line_1_9' title="bbox 158 858 1649 909; baseline -0.005 -10"><span class='ocrx_word' id='word_1_66' title='bbox 158 875 189 899; x_wconf 89' lang='lat'>2.</span> <span class='ocrx_word' id='word_1_67' title='bbox 216 865 452 899; x_wconf 71' lang='lat' dir='ltr'><strong>PRAETEREA.</strong></span> <span class='ocrx_word' id='word_1_68' title='bbox 487 865 609 898; x_wconf 68' lang='lat' dir='ltr'>Virtus</span> <span class='ocrx_word' id='word_1_69' title='bbox 644 863 884 909; x_wconf 77' lang='lat' dir='ltr'>corrumpitur</span> <span class='ocrx_word' id='word_1_70' title='bbox 910 873 972 908; x_wconf 89' lang='lat' dir='ltr'>per</span> <span class='ocrx_word' id='word_1_71' title='bbox 998 861 1230 908; x_wconf 84' lang='lat' dir='ltr'>superfluum,</span> <span class='ocrx_word' id='word_1_72' title='bbox 1261 869 1295 895; x_wconf 91' lang='lat' dir='ltr'>et</span> <span class='ocrx_word' id='word_1_73' title='bbox 1323 860 1560 901; x_wconf 88' lang='lat' dir='ltr'>diminutum;</span> <span class='ocrx_word' id='word_1_74' title='bbox 1587 858 1649 893; x_wconf 85' lang='lat' dir='ltr'>sed</span> 
     </span>
     <span class='ocr_line' id='line_1_10' title="bbox 86 906 1649 963; baseline -0.004 -11"><span class='ocrx_word' id='word_1_75' title='bbox 86 926 162 952; x_wconf 85' lang='lat' dir='ltr'>tam</span> <span class='ocrx_word' id='word_1_76' title='bbox 184 917 389 960; x_wconf 82' lang='lat' dir='ltr'>clementia,</span> <span class='ocrx_word' id='word_1_77' title='bbox 411 929 519 963; x_wconf 81' lang='lat' dir='ltr'>quam</span> <span class='ocrx_word' id='word_1_78' title='bbox 543 917 782 951; x_wconf 78' lang='lat' dir='ltr'>mansuetudo</span> <span class='ocrx_word' id='word_1_79' title='bbox 810 917 846 949; x_wconf 88' lang='lat' dir='ltr'>in</span> <span class='ocrx_word' id='word_1_80' title='bbox 873 915 1030 961; x_wconf 84' lang='lat' dir='ltr'>quadam</span> <span class='ocrx_word' id='word_1_81' title='bbox 1057 906 1296 948; x_wconf 78' lang='lat' dir='ltr'>diminutione</span> <span class='ocrx_word' id='word_1_82' title='bbox 1323 913 1542 947; x_wconf 84' lang='lat' dir='ltr'>consistunt:</span> <span class='ocrx_word' id='word_1_83' title='bbox 1564 923 1649 946; x_wconf 86' lang='lat' dir='ltr'>nam</span> 
     </span>
     <span class='ocr_line' id='line_1_11' title="bbox 88 966 1649 1016; baseline -0.004 -11"><span class='ocrx_word' id='word_1_84' title='bbox 88 971 280 1006; x_wconf 79' lang='lat' dir='ltr'>clementia</span> <span class='ocrx_word' id='word_1_85' title='bbox 300 979 352 1005; x_wconf 90' lang='lat' dir='ltr'>est</span> <span class='ocrx_word' id='word_1_86' title='bbox 373 971 586 1004; x_wconf 76' lang='lat' dir='ltr'>diminutiva</span> <span class='ocrx_word' id='word_1_87' title='bbox 607 981 820 1016; x_wconf 86' lang='lat' dir='ltr'>poenarum,</span> <span class='ocrx_word' id='word_1_88' title='bbox 843 969 1084 1002; x_wconf 86' lang='lat' dir='ltr'>mansuetudo</span> <span class='ocrx_word' id='word_1_89' title='bbox 1108 977 1230 1001; x_wconf 83' lang='lat' dir='ltr'>autem</span> <span class='ocrx_word' id='word_1_90' title='bbox 1252 975 1305 1001; x_wconf 89' lang='lat' dir='ltr'>est</span> <span class='ocrx_word' id='word_1_91' title='bbox 1327 966 1540 1000; x_wconf 76' lang='lat' dir='ltr'>diminutiva</span> <span class='ocrx_word' id='word_1_92' title='bbox 1557 966 1649 1007; x_wconf 87' lang='lat' dir='ltr'>irae;</span> 
     </span>
     <span class='ocr_line' id='line_1_12' title="bbox 88 1021 1158 1071; baseline -0.005 -12"><span class='ocrx_word' id='word_1_93' title='bbox 88 1036 175 1071; x_wconf 87' lang='lat' dir='ltr'>ergo</span> <span class='ocrx_word' id='word_1_94' title='bbox 197 1035 313 1070; x_wconf 89' lang='lat' dir='ltr'>neque</span> <span class='ocrx_word' id='word_1_95' title='bbox 336 1024 540 1064; x_wconf 84' lang='lat' dir='ltr'>clementia,</span> <span class='ocrx_word' id='word_1_96' title='bbox 562 1034 678 1069; x_wconf 90' lang='lat' dir='ltr'>neque</span> <span class='ocrx_word' id='word_1_97' title='bbox 702 1022 940 1056; x_wconf 74' lang='lat' dir='ltr'>mansuetudo</span> <span class='ocrx_word' id='word_1_98' title='bbox 962 1029 1014 1055; x_wconf 87' lang='lat' dir='ltr'>est</span> <span class='ocrx_word' id='word_1_99' title='bbox 1036 1021 1158 1055; x_wconf 81' lang='lat' dir='ltr'>virtus.</span> 
     </span>
    </p>

    <p class='ocr_par' dir='ltr' id='par_1_6' title="bbox 89 1072 1652 1229">
     <span class='ocr_line' id='line_1_13' title="bbox 163 1072 1652 1124; baseline -0.005 -12"><span class='ocrx_word' id='word_1_100' title='bbox 163 1090 191 1124; x_wconf 80' lang='lat'>3.</span> <span class='ocrx_word' id='word_1_101' title='bbox 214 1078 449 1112; x_wconf 73' lang='lat' dir='ltr'>PRAETEREA.</span> <span class='ocrx_word' id='word_1_102' title='bbox 472 1076 726 1117; x_wconf 79' lang='lat' dir='ltr'>Mansuetudo,</span> <span class='ocrx_word' id='word_1_103' title='bbox 745 1076 820 1109; x_wconf 77' lang='lat' dir='ltr'>sive</span> <span class='ocrx_word' id='word_1_104' title='bbox 843 1075 976 1108; x_wconf 85' lang='lat' dir='ltr'>mititas</span> <span class='ocrx_word' id='word_1_105' title='bbox 1002 1075 1158 1120; x_wconf 88' lang='lat' dir='ltr'>ponitur,</span> <span class='ocrx_word' id='word_1_106' title='bbox 1180 1074 1308 1107; x_wconf 86' lang='lat' dir='ltr'>Matth.</span> <span class='ocrx_word' id='word_1_107' title='bbox 1332 1084 1372 1117; x_wconf 80' lang='lat'>5.,</span> <span class='ocrx_word' id='word_1_108' title='bbox 1387 1073 1480 1106; x_wconf 84' lang='lat' dir='ltr'>inter</span> <span class='ocrx_word' id='word_1_109' title='bbox 1505 1072 1652 1106; x_wconf 84' lang='lat' dir='ltr'>beatitu-</span> 
     </span>
     <span class='ocr_line' id='line_1_14' title="bbox 89 1125 1652 1173; baseline -0.004 -7"><span class='ocrx_word' id='word_1_110' title='bbox 89 1132 200 1173; x_wconf 83' lang='lat' dir='ltr'>dines,</span> <span class='ocrx_word' id='word_1_111' title='bbox 224 1139 258 1165; x_wconf 91' lang='lat' dir='ltr'>et</span> <span class='ocrx_word' id='word_1_112' title='bbox 278 1132 370 1165; x_wconf 89' lang='lat' dir='ltr'>inter</span> <span class='ocrx_word' id='word_1_113' title='bbox 390 1130 526 1164; x_wconf 88' lang='lat' dir='ltr'>fructus</span> <span class='ocrx_word' id='word_1_114' title='bbox 548 1130 591 1163; x_wconf 89' lang='lat' dir='ltr'>ad</span> <span class='ocrx_word' id='word_1_115' title='bbox 616 1129 696 1163; x_wconf 86' lang='lat' dir='ltr'>Gal.</span> <span class='ocrx_word' id='word_1_116' title='bbox 724 1139 770 1173; x_wconf 79' lang='lat'>5.:</span> <span class='ocrx_word' id='word_1_117' title='bbox 799 1128 859 1162; x_wconf 88' lang='lat' dir='ltr'>sed</span> <span class='ocrx_word' id='word_1_118' title='bbox 887 1129 1033 1161; x_wconf 85' lang='lat' dir='ltr'>virtutes</span> <span class='ocrx_word' id='word_1_119' title='bbox 1063 1127 1230 1161; x_wconf 88' lang='lat' dir='ltr'>differunt</span> <span class='ocrx_word' id='word_1_120' title='bbox 1257 1135 1291 1161; x_wconf 91' lang='lat' dir='ltr'>et</span> <span class='ocrx_word' id='word_1_121' title='bbox 1317 1137 1336 1160; x_wconf 84' lang='lat' dir='ltr'>a</span> <span class='ocrx_word' id='word_1_122' title='bbox 1362 1125 1652 1166; x_wconf 78' lang='lat' dir='ltr'>beatitudinibus,</span> 
     </span>
     <span class='ocr_line' id='line_1_15' title="bbox 89 1181 1083 1229; baseline -0.005 -10"><span class='ocrx_word' id='word_1_123' title='bbox 89 1193 124 1220; x_wconf 90' lang='lat' dir='ltr'>et</span> <span class='ocrx_word' id='word_1_124' title='bbox 145 1196 164 1218; x_wconf 87' lang='lat' dir='ltr'>a</span> <span class='ocrx_word' id='word_1_125' title='bbox 185 1183 380 1225; x_wconf 86' lang='lat' dir='ltr'>fructibus;</span> <span class='ocrx_word' id='word_1_126' title='bbox 403 1194 489 1229; x_wconf 84' lang='lat' dir='ltr'>ergo</span> <span class='ocrx_word' id='word_1_127' title='bbox 511 1194 586 1216; x_wconf 90' lang='lat' dir='ltr'>non</span> <span class='ocrx_word' id='word_1_128' title='bbox 609 1183 837 1216; x_wconf 84' lang='lat' dir='ltr'>continentur</span> <span class='ocrx_word' id='word_1_129' title='bbox 858 1181 921 1215; x_wconf 87' lang='lat' dir='ltr'>sub</span> <span class='ocrx_word' id='word_1_130' title='bbox 944 1182 1083 1215; x_wconf 86' lang='lat' dir='ltr'>virtute.</span> 
     </span>
    </p>

    <p class='ocr_par' dir='ltr' id='par_1_7' title="bbox 88 1230 1655 1485">
     <span class='ocr_line' id='line_1_16' title="bbox 161 1230 1654 1282; baseline -0.005 -10"><span class='ocrx_word' id='word_1_131' title='bbox 161 1237 235 1272; x_wconf 80' lang='lat' dir='ltr'>SED</span> <span class='ocrx_word' id='word_1_132' title='bbox 263 1247 418 1272; x_wconf 79' lang='lat' dir='ltr'>CONTRA</span> <span class='ocrx_word' id='word_1_133' title='bbox 445 1244 508 1277; x_wconf 88' lang='lat' dir='ltr'>est,</span> <span class='ocrx_word' id='word_1_134' title='bbox 531 1235 627 1282; x_wconf 91' lang='lat' dir='ltr'>quod</span> <span class='ocrx_word' id='word_1_135' title='bbox 649 1235 735 1269; x_wconf 84' lang='lat' dir='ltr'>dicit</span> <span class='ocrx_word' id='word_1_136' title='bbox 758 1235 897 1268; x_wconf 83' lang='lat' dir='ltr'><strong>Seneca</strong></span> <span class='ocrx_word' id='word_1_137' title='bbox 924 1235 960 1268; x_wconf 89' lang='lat' dir='ltr'>in</span> <span class='ocrx_word' id='word_1_138' title='bbox 983 1245 1014 1268; x_wconf 89' lang='lat'>2.</span> <span class='ocrx_word' id='word_1_139' title='bbox 1037 1234 1080 1268; x_wconf 90' lang='lat' dir='ltr'>de</span> <span class='ocrx_word' id='word_1_140' title='bbox 1109 1233 1227 1268; x_wconf 84' lang='lat' dir='ltr'>Clem.</span> <span class='ocrx_word' id='word_1_141' title='bbox 1249 1234 1336 1279; x_wconf 74' lang='lat' dir='ltr'>(cap.</span> <span class='ocrx_word' id='word_1_142' title='bbox 1355 1233 1424 1278; x_wconf 85' lang='lat'><em>5.).·</em></span> <span class='ocrx_word' id='word_1_143' title='bbox 1454 1244 1472 1263; x_wconf 84' lang='grc'>«</span> <span class='ocrx_word' id='word_1_144' title='bbox 1488 1230 1654 1266; x_wconf 88' lang='lat' dir='ltr'>Clemen-</span> 
     </span>
     <span class='ocr_line' id='line_1_17' title="bbox 88 1286 1654 1334; baseline -0.004 -9"><span class='ocrx_word' id='word_1_145' title='bbox 88 1291 189 1332; x_wconf 84' lang='lat' dir='ltr'>tiam,</span> <span class='ocrx_word' id='word_1_146' title='bbox 211 1298 246 1324; x_wconf 92' lang='lat' dir='ltr'>et</span> <span class='ocrx_word' id='word_1_147' title='bbox 263 1289 579 1324; x_wconf 88' lang='lat' dir='ltr'>mansuetudinem</span> <span class='ocrx_word' id='word_1_148' title='bbox 598 1300 726 1323; x_wconf 88' lang='lat' dir='ltr'>omnes</span> <span class='ocrx_word' id='word_1_149' title='bbox 744 1288 811 1322; x_wconf 84' lang='lat' dir='ltr'>viri</span> <span class='ocrx_word' id='word_1_150' title='bbox 828 1288 915 1322; x_wconf 87' lang='lat' dir='ltr'>boni</span> <span class='ocrx_word' id='word_1_151' title='bbox 932 1288 1163 1334; x_wconf 78' lang='lat' dir='ltr'>praestabunt</span> <span class='ocrx_word' id='word_1_152' title='bbox 1176 1301 1193 1319; x_wconf 87' lang='lat'>))</span> <span class='ocrx_word' id='word_1_153' title='bbox 1209 1300 1216 1322; x_wconf 90' lang='lat'>:</span> <span class='ocrx_word' id='word_1_154' title='bbox 1231 1287 1293 1321; x_wconf 86' lang='lat' dir='ltr'>sed</span> <span class='ocrx_word' id='word_1_155' title='bbox 1306 1287 1417 1321; x_wconf 76' lang='lat' dir='ltr'>virtus</span> <span class='ocrx_word' id='word_1_156' title='bbox 1432 1294 1484 1320; x_wconf 90' lang='lat' dir='ltr'>est</span> <span class='ocrx_word' id='word_1_157' title='bbox 1499 1286 1654 1331; x_wconf 77' lang='lat' dir='ltr'>proprie,</span> 
     </span>
     <span class='ocr_line' id='line_1_18' title="bbox 90 1340 1654 1391; baseline -0.003 -13"><span class='ocrx_word' id='word_1_158' title='bbox 90 1356 181 1391; x_wconf 88' lang='lat' dir='ltr'>quae</span> <span class='ocrx_word' id='word_1_159' title='bbox 203 1346 356 1390; x_wconf 79' lang='lat' dir='ltr'>pertinet</span> <span class='ocrx_word' id='word_1_160' title='bbox 382 1344 424 1377; x_wconf 83' lang='lat' dir='ltr'>ad</span> <span class='ocrx_word' id='word_1_161' title='bbox 446 1344 562 1377; x_wconf 87' lang='lat' dir='ltr'>bonos</span> <span class='ocrx_word' id='word_1_162' title='bbox 584 1343 699 1377; x_wconf 86' lang='lat' dir='ltr'>viros:</span> <span class='ocrx_word' id='word_1_163' title='bbox 723 1353 809 1376; x_wconf 81' lang='lat' dir='ltr'>nam</span> <span class='ocrx_word' id='word_1_164' title='bbox 835 1342 946 1375; x_wconf 79' lang='lat' dir='ltr'>virtus</span> <span class='ocrx_word' id='word_1_165' title='bbox 969 1350 1031 1383; x_wconf 84' lang='lat' dir='ltr'>est,</span> <span class='ocrx_word' id='word_1_166' title='bbox 1055 1353 1146 1387; x_wconf 86' lang='lat' dir='ltr'>quae</span> <span class='ocrx_word' id='word_1_167' title='bbox 1172 1341 1310 1374; x_wconf 89' lang='lat' dir='ltr'>bonum</span> <span class='ocrx_word' id='word_1_168' title='bbox 1336 1340 1422 1374; x_wconf 88' lang='lat' dir='ltr'>facit</span> <span class='ocrx_word' id='word_1_169' title='bbox 1447 1340 1654 1374; x_wconf 78' lang='lat' dir='ltr'>habentem.</span> 
     </span>
     <span class='ocr_line' id='line_1_19' title="bbox 91 1392 1655 1444; baseline -0.004 -12"><span class='ocrx_word' id='word_1_170' title='bbox 91 1406 126 1433; x_wconf 90' lang='lat' dir='ltr'>et</span> <span class='ocrx_word' id='word_1_171' title='bbox 146 1408 236 1444; x_wconf 91' lang='lat' dir='ltr'>opus</span> <span class='ocrx_word' id='word_1_172' title='bbox 259 1398 334 1442; x_wconf 81' lang='lat' dir='ltr'>ejus</span> <span class='ocrx_word' id='word_1_173' title='bbox 356 1397 494 1430; x_wconf 87' lang='lat' dir='ltr'>bonum</span> <span class='ocrx_word' id='word_1_174' title='bbox 517 1396 642 1438; x_wconf 85' lang='lat' dir='ltr'>reddit,</span> <span class='ocrx_word' id='word_1_175' title='bbox 665 1404 703 1429; x_wconf 88' lang='lat' dir='ltr'>ut</span> <span class='ocrx_word' id='word_1_176' title='bbox 724 1395 852 1429; x_wconf 85' lang='lat' dir='ltr'>dicitur</span> <span class='ocrx_word' id='word_1_177' title='bbox 875 1405 904 1429; x_wconf 91' lang='lat'>2.</span> <span class='ocrx_word' id='word_1_178' title='bbox 928 1395 1044 1429; x_wconf 87' lang='lat' dir='ltr'>Ethic.</span> <span class='ocrx_word' id='word_1_179' title='bbox 1070 1394 1158 1440; x_wconf 78' lang='lat' dir='ltr'>(cap.</span> <span class='ocrx_word' id='word_1_180' title='bbox 1181 1394 1251 1436; x_wconf 82' lang='lat'>6.),·</span> <span class='ocrx_word' id='word_1_181' title='bbox 1277 1404 1364 1438; x_wconf 81' lang='lat' dir='ltr'>ergo</span> <span class='ocrx_word' id='word_1_182' title='bbox 1388 1392 1592 1434; x_wconf 83' lang='lat' dir='ltr'>clementia,</span> <span class='ocrx_word' id='word_1_183' title='bbox 1620 1399 1655 1426; x_wconf 92' lang='lat' dir='ltr'>et</span> 
     </span>
     <span class='ocr_line' id='line_1_20' title="bbox 91 1450 613 1485; baseline -0.006 0"><span class='ocrx_word' id='word_1_184' title='bbox 91 1450 331 1485; x_wconf 88' lang='lat' dir='ltr'>mansuetudo</span> <span class='ocrx_word' id='word_1_185' title='bbox 354 1458 434 1484; x_wconf 87' lang='lat' dir='ltr'>sunt</span> <span class='ocrx_word' id='word_1_186' title='bbox 454 1450 613 1484; x_wconf 86' lang='lat' dir='ltr'>virtutes.</span> 
     </span>
    </p>

    <p class='ocr_par' dir='ltr' id='par_1_8' title="bbox 92 1497 1658 1858">
     <span class='ocr_line' id='line_1_21' title="bbox 161 1497 1654 1548; baseline -0.005 -10"><span class='ocrx_word' id='word_1_187' title='bbox 161 1503 391 1538; x_wconf 76' lang='lat' dir='ltr'>RESPONDEO</span> <span class='ocrx_word' id='word_1_188' title='bbox 414 1503 619 1544; x_wconf 86' lang='lat' dir='ltr'>dicendum,</span> <span class='ocrx_word' id='word_1_189' title='bbox 641 1501 737 1548; x_wconf 87' lang='lat' dir='ltr'>quod</span> <span class='ocrx_word' id='word_1_190' title='bbox 760 1501 850 1535; x_wconf 82' lang='lat' dir='ltr'>ratio</span> <span class='ocrx_word' id='word_1_191' title='bbox 872 1501 1012 1535; x_wconf 84' lang='lat' dir='ltr'>virtutis</span> <span class='ocrx_word' id='word_1_192' title='bbox 1034 1499 1182 1534; x_wconf 82' lang='lat' dir='ltr'>moralis</span> <span class='ocrx_word' id='word_1_193' title='bbox 1206 1499 1369 1534; x_wconf 84' lang='lat' dir='ltr'>consistit</span> <span class='ocrx_word' id='word_1_194' title='bbox 1389 1498 1425 1532; x_wconf 91' lang='lat' dir='ltr'>in</span> <span class='ocrx_word' id='word_1_195' title='bbox 1446 1498 1531 1539; x_wconf 88' lang='lat' dir='ltr'>hoc,</span> <span class='ocrx_word' id='word_1_196' title='bbox 1557 1497 1654 1543; x_wconf 91' lang='lat' dir='ltr'>quod</span> 
     </span>
     <span class='ocr_line' id='line_1_22' title="bbox 93 1552 1655 1604; baseline -0.004 -13"><span class='ocrx_word' id='word_1_197' title='bbox 93 1557 270 1604; x_wconf 84' lang='lat' dir='ltr'>appetitus</span> <span class='ocrx_word' id='word_1_198' title='bbox 289 1556 420 1590; x_wconf 87' lang='lat' dir='ltr'>rationi</span> <span class='ocrx_word' id='word_1_199' title='bbox 434 1556 615 1598; x_wconf 84' lang='lat' dir='ltr'>subdatur,</span> <span class='ocrx_word' id='word_1_200' title='bbox 627 1564 664 1589; x_wconf 91' lang='lat' dir='ltr'>ut</span> <span class='ocrx_word' id='word_1_201' title='bbox 674 1563 770 1601; x_wconf 84' lang='lat' dir='ltr'>patet</span> <span class='ocrx_word' id='word_1_202' title='bbox 784 1567 847 1600; x_wconf 88' lang='lat' dir='ltr'>per</span> <span class='ocrx_word' id='word_1_203' title='bbox 863 1554 999 1588; x_wconf 87' lang='lat' dir='ltr'>Philos.</span> <span class='ocrx_word' id='word_1_204' title='bbox 1013 1555 1049 1588; x_wconf 89' lang='lat' dir='ltr'>in</span> <span class='ocrx_word' id='word_1_205' title='bbox 1065 1554 1179 1588; x_wconf 87' lang='lat' dir='ltr'>Ethic.</span> <span class='ocrx_word' id='word_1_206' title='bbox 1195 1565 1223 1587; x_wconf 90' lang='lat'>1.</span> <span class='ocrx_word' id='word_1_207' title='bbox 1239 1553 1329 1599; x_wconf 76' lang='lat' dir='ltr'>(cap,</span> <span class='ocrx_word' id='word_1_208' title='bbox 1342 1553 1432 1596; x_wconf 78' lang='lat' dir='ltr'>ult.):</span> <span class='ocrx_word' id='word_1_209' title='bbox 1448 1552 1519 1585; x_wconf 89' lang='lat' dir='ltr'>hoc</span> <span class='ocrx_word' id='word_1_210' title='bbox 1535 1559 1655 1585; x_wconf 79' lang='lat' dir='ltr'>autem</span> 
     </span>
     <span class='ocr_line' id='line_1_23' title="bbox 92 1604 1654 1654; baseline -0.004 -10"><span class='ocrx_word' id='word_1_211' title='bbox 92 1618 252 1646; x_wconf 83' lang='lat' dir='ltr'>servatur</span> <span class='ocrx_word' id='word_1_212' title='bbox 262 1618 337 1644; x_wconf 86' lang='lat' dir='ltr'>tam</span> <span class='ocrx_word' id='word_1_213' title='bbox 352 1610 388 1643; x_wconf 93' lang='lat' dir='ltr'>in</span> <span class='ocrx_word' id='word_1_214' title='bbox 404 1609 607 1651; x_wconf 83' lang='lat' dir='ltr'>clementia,</span> <span class='ocrx_word' id='word_1_215' title='bbox 623 1620 733 1654; x_wconf 79' lang='lat' dir='ltr'>quarn</span> <span class='ocrx_word' id='word_1_216' title='bbox 746 1609 782 1642; x_wconf 86' lang='lat' dir='ltr'>in</span> <span class='ocrx_word' id='word_1_217' title='bbox 798 1608 1083 1642; x_wconf 81' lang='lat' dir='ltr'>mansuetudine:</span> <span class='ocrx_word' id='word_1_218' title='bbox 1100 1619 1185 1641; x_wconf 88' lang='lat' dir='ltr'>nam</span> <span class='ocrx_word' id='word_1_219' title='bbox 1201 1606 1404 1647; x_wconf 82' lang='lat' dir='ltr'>clementia,</span> <span class='ocrx_word' id='word_1_220' title='bbox 1420 1604 1654 1639; x_wconf 86' lang='lat' dir='ltr'>diminuendo</span> 
     </span>
     <span class='ocr_line' id='line_1_24' title="bbox 93 1657 1656 1711; baseline -0.005 -13"><span class='ocrx_word' id='word_1_221' title='bbox 93 1675 241 1711; x_wconf 81' lang='lat' dir='ltr'>poenas,</span> <span class='ocrx_word' id='word_1_222' title='bbox 263 1663 389 1709; x_wconf 84' lang='lat' dir='ltr'>aspicit</span> <span class='ocrx_word' id='word_1_223' title='bbox 410 1663 453 1696; x_wconf 89' lang='lat' dir='ltr'>ad</span> <span class='ocrx_word' id='word_1_224' title='bbox 475 1663 665 1703; x_wconf 84' lang='lat' dir='ltr'>rationem,</span> <span class='ocrx_word' id='word_1_225' title='bbox 688 1669 726 1696; x_wconf 89' lang='lat' dir='ltr'>ut</span> <span class='ocrx_word' id='word_1_226' title='bbox 748 1662 888 1696; x_wconf 81' lang='lat' dir='ltr'>Seneca</span> <span class='ocrx_word' id='word_1_227' title='bbox 909 1661 996 1695; x_wconf 89' lang='lat' dir='ltr'>dicit</span> <span class='ocrx_word' id='word_1_228' title='bbox 1016 1661 1052 1694; x_wconf 89' lang='lat' dir='ltr'>in</span> <span class='ocrx_word' id='word_1_229' title='bbox 1067 1671 1098 1694; x_wconf 87' lang='lat'>2.</span> <span class='ocrx_word' id='word_1_230' title='bbox 1114 1661 1157 1694; x_wconf 92' lang='lat' dir='ltr'>de</span> <span class='ocrx_word' id='word_1_231' title='bbox 1174 1660 1292 1694; x_wconf 88' lang='lat' dir='ltr'>Clem.</span> <span class='ocrx_word' id='word_1_232' title='bbox 1308 1660 1475 1705; x_wconf 78' lang='lat' dir='ltr'>(cap.5.):</span> <span class='ocrx_word' id='word_1_233' title='bbox 1491 1657 1656 1692; x_wconf 87' lang='lat' dir='ltr'>similiter</span> 
     </span>
     <span class='ocr_line' id='line_1_25' title="bbox 94 1710 1656 1753; baseline -0.004 -2"><span class='ocrx_word' id='word_1_234' title='bbox 94 1718 202 1752; x_wconf 85' lang='lat' dir='ltr'>etiam</span> <span class='ocrx_word' id='word_1_235' title='bbox 225 1716 465 1750; x_wconf 81' lang='lat' dir='ltr'>mansuetudo</span> <span class='ocrx_word' id='word_1_236' title='bbox 487 1715 686 1750; x_wconf 88' lang='lat' dir='ltr'>secundum</span> <span class='ocrx_word' id='word_1_237' title='bbox 709 1715 887 1748; x_wconf 86' lang='lat' dir='ltr'>rationem</span> <span class='ocrx_word' id='word_1_238' title='bbox 910 1722 1046 1748; x_wconf 83' lang='lat' dir='ltr'>rectam</span> <span class='ocrx_word' id='word_1_239' title='bbox 1068 1713 1276 1747; x_wconf 85' lang='lat' dir='ltr'>moderatur</span> <span class='ocrx_word' id='word_1_240' title='bbox 1302 1713 1384 1753; x_wconf 87' lang='lat' dir='ltr'>iras,</span> <span class='ocrx_word' id='word_1_241' title='bbox 1407 1719 1444 1745; x_wconf 89' lang='lat' dir='ltr'>ut</span> <span class='ocrx_word' id='word_1_242' title='bbox 1465 1711 1594 1745; x_wconf 90' lang='lat' dir='ltr'>dicitur</span> <span class='ocrx_word' id='word_1_243' title='bbox 1619 1710 1656 1744; x_wconf 89' lang='lat' dir='ltr'>in</span> 
     </span>
     <span class='ocr_line' id='line_1_26' title="bbox 92 1765 1658 1815; baseline -0.004 -12"><span class='ocrx_word' id='word_1_244' title='bbox 92 1780 126 1813; x_wconf 82' lang='lat'>4.</span> <span class='ocrx_word' id='word_1_245' title='bbox 148 1770 263 1804; x_wconf 85' lang='lat' dir='ltr'>Ethic.</span> <span class='ocrx_word' id='word_1_246' title='bbox 286 1770 372 1815; x_wconf 76' lang='lat' dir='ltr'>(cap.</span> <span class='ocrx_word' id='word_1_247' title='bbox 387 1770 455 1814; x_wconf 79' lang='lat'><em>5.)‚·</em></span> <span class='ocrx_word' id='word_1_248' title='bbox 479 1769 573 1802; x_wconf 88' lang='lat' dir='ltr'>unde</span> <span class='ocrx_word' id='word_1_249' title='bbox 595 1767 829 1802; x_wconf 88' lang='lat' dir='ltr'>manifestum</span> <span class='ocrx_word' id='word_1_250' title='bbox 851 1775 915 1810; x_wconf 83' lang='lat' dir='ltr'>est,</span> <span class='ocrx_word' id='word_1_251' title='bbox 935 1767 1030 1813; x_wconf 90' lang='lat' dir='ltr'>quod</span> <span class='ocrx_word' id='word_1_252' title='bbox 1048 1775 1123 1801; x_wconf 86' lang='lat' dir='ltr'>tam</span> <span class='ocrx_word' id='word_1_253' title='bbox 1143 1765 1346 1807; x_wconf 83' lang='lat' dir='ltr'>clementia,</span> <span class='ocrx_word' id='word_1_254' title='bbox 1364 1776 1474 1811; x_wconf 85' lang='lat' dir='ltr'>quam</span> <span class='ocrx_word' id='word_1_255' title='bbox 1492 1775 1658 1798; x_wconf 84' lang='lat' dir='ltr'>mansue-</span> 
     </span>
     <span class='ocr_line' id='line_1_27' title="bbox 93 1823 397 1858; baseline -0.01 0"><span class='ocrx_word' id='word_1_256' title='bbox 93 1825 180 1858; x_wconf 91' lang='lat' dir='ltr'>tudo</span> <span class='ocrx_word' id='word_1_257' title='bbox 204 1831 256 1857; x_wconf 91' lang='lat' dir='ltr'>est</span> <span class='ocrx_word' id='word_1_258' title='bbox 275 1823 397 1856; x_wconf 89' lang='lat' dir='ltr'>virtus.</span> 
     </span>
    </p>

    <p class='ocr_par' dir='ltr' id='par_1_9' title="bbox 94 1870 1660 2349">
     <span class='ocr_line' id='line_1_28' title="bbox 166 1870 1659 1920; baseline -0.004 -10"><span class='ocrx_word' id='word_1_259' title='bbox 166 1876 226 1910; x_wconf 86' lang='lat' dir='ltr'>AD</span> <span class='ocrx_word' id='word_1_260' title='bbox 247 1886 397 1910; x_wconf 81' lang='lat' dir='ltr'>PRIMUM</span> <span class='ocrx_word' id='word_1_261' title='bbox 419 1886 506 1920; x_wconf 87' lang='lat' dir='ltr'>ergo</span> <span class='ocrx_word' id='word_1_262' title='bbox 529 1874 734 1916; x_wconf 86' lang='lat' dir='ltr'>dicendum,</span> <span class='ocrx_word' id='word_1_263' title='bbox 757 1874 853 1919; x_wconf 90' lang='lat' dir='ltr'>quod</span> <span class='ocrx_word' id='word_1_264' title='bbox 876 1873 1116 1907; x_wconf 85' lang='lat' dir='ltr'>mansuetudo</span> <span class='ocrx_word' id='word_1_265' title='bbox 1138 1883 1213 1906; x_wconf 92' lang='lat' dir='ltr'>non</span> <span class='ocrx_word' id='word_1_266' title='bbox 1235 1872 1370 1906; x_wconf 85' lang='lat' dir='ltr'>directe</span> <span class='ocrx_word' id='word_1_267' title='bbox 1392 1870 1586 1917; x_wconf 87' lang='lat' dir='ltr'>opponitur</span> <span class='ocrx_word' id='word_1_268' title='bbox 1607 1881 1659 1904; x_wconf 92' lang='lat' dir='ltr'>se-</span> 
     </span>
     <span class='ocr_line' id='line_1_29' title="bbox 94 1923 1658 1969; baseline -0.004 -6"><span class='ocrx_word' id='word_1_269' title='bbox 94 1929 254 1964; x_wconf 83' lang='lat' dir='ltr'>veritati:</span> <span class='ocrx_word' id='word_1_270' title='bbox 277 1940 363 1962; x_wconf 87' lang='lat' dir='ltr'>nam</span> <span class='ocrx_word' id='word_1_271' title='bbox 385 1928 625 1961; x_wconf 82' lang='lat' dir='ltr'>mansuetudo</span> <span class='ocrx_word' id='word_1_272' title='bbox 658 1935 710 1961; x_wconf 88' lang='lat' dir='ltr'>est</span> <span class='ocrx_word' id='word_1_273' title='bbox 744 1927 839 1960; x_wconf 80' lang='lat' dir='ltr'>circa</span> <span class='ocrx_word' id='word_1_274' title='bbox 868 1927 962 1969; x_wconf 80' lang='lat' dir='ltr'>iras3</span> <span class='ocrx_word' id='word_1_275' title='bbox 991 1927 1162 1960; x_wconf 76' lang='lat' dir='ltr'>severitas</span> <span class='ocrx_word' id='word_1_276' title='bbox 1195 1934 1317 1959; x_wconf 82' lang='lat' dir='ltr'>autem</span> <span class='ocrx_word' id='word_1_277' title='bbox 1345 1924 1536 1958; x_wconf 84' lang='lat' dir='ltr'>attenditur</span> <span class='ocrx_word' id='word_1_278' title='bbox 1563 1923 1658 1957; x_wconf 81' lang='lat' dir='ltr'>circa</span> 
     </span>
     <span class='ocr_line' id='line_1_30' title="bbox 96 1978 1659 2027; baseline -0.004 -9"><span class='ocrx_word' id='word_1_279' title='bbox 96 1984 311 2019; x_wconf 79' lang='lat' dir='ltr'>exteriorem</span> <span class='ocrx_word' id='word_1_280' title='bbox 333 1982 568 2016; x_wconf 82' lang='lat' dir='ltr'>inflictionem</span> <span class='ocrx_word' id='word_1_281' title='bbox 590 1992 813 2027; x_wconf 76' lang='lat' dir='ltr'>poenarum;</span> <span class='ocrx_word' id='word_1_282' title='bbox 836 1981 930 2014; x_wconf 90' lang='lat' dir='ltr'>unde</span> <span class='ocrx_word' id='word_1_283' title='bbox 952 1980 1151 2014; x_wconf 87' lang='lat' dir='ltr'>secundum</span> <span class='ocrx_word' id='word_1_284' title='bbox 1173 1980 1244 2014; x_wconf 85' lang='lat' dir='ltr'>hoc</span> <span class='ocrx_word' id='word_1_285' title='bbox 1263 1980 1442 2013; x_wconf 86' lang='lat' dir='ltr'>videretur</span> <span class='ocrx_word' id='word_1_286' title='bbox 1461 1978 1577 2023; x_wconf 80' lang='lat' dir='ltr'>magis</span> <span class='ocrx_word' id='word_1_287' title='bbox 1599 1988 1659 2023; x_wconf 91' lang='lat' dir='ltr'>op-</span> 
     </span>
     <span class='ocr_line' id='line_1_31' title="bbox 96 2031 1660 2084; baseline -0.004 -14"><span class='ocrx_word' id='word_1_288' title='bbox 96 2037 184 2084; x_wconf 92' lang='lat' dir='ltr'>poni</span> <span class='ocrx_word' id='word_1_289' title='bbox 210 2036 435 2076; x_wconf 85' lang='lat' dir='ltr'>clementiae,</span> <span class='ocrx_word' id='word_1_290' title='bbox 463 2045 554 2080; x_wconf 86' lang='lat' dir='ltr'>quae</span> <span class='ocrx_word' id='word_1_291' title='bbox 581 2034 690 2068; x_wconf 83' lang='lat' dir='ltr'>etiam</span> <span class='ocrx_word' id='word_1_292' title='bbox 718 2035 812 2068; x_wconf 88' lang='lat' dir='ltr'>circa</span> <span class='ocrx_word' id='word_1_293' title='bbox 839 2033 1054 2067; x_wconf 82' lang='lat' dir='ltr'>exteriorem</span> <span class='ocrx_word' id='word_1_294' title='bbox 1081 2033 1307 2079; x_wconf 88' lang='lat' dir='ltr'>punitionem</span> <span class='ocrx_word' id='word_1_295' title='bbox 1335 2031 1593 2072; x_wconf 80' lang='lat' dir='ltr'>consideratur,</span> <span class='ocrx_word' id='word_1_296' title='bbox 1621 2038 1660 2064; x_wconf 87' lang='lat' dir='ltr'>ut</span> 
     </span>
     <span class='ocr_line' id='line_1_32' title="bbox 97 2086 1660 2135; baseline -0.004 -11"><span class='ocrx_word' id='word_1_297' title='bbox 97 2091 234 2125; x_wconf 88' lang='lat' dir='ltr'>dictum</span> <span class='ocrx_word' id='word_1_298' title='bbox 256 2098 310 2124; x_wconf 89' lang='lat' dir='ltr'>est</span> <span class='ocrx_word' id='word_1_299' title='bbox 331 2089 412 2134; x_wconf 82' lang='lat' dir='ltr'>(art.</span> <span class='ocrx_word' id='word_1_300' title='bbox 431 2088 585 2135; x_wconf 70' lang='lat' dir='ltr'>praec.):</span> <span class='ocrx_word' id='word_1_301' title='bbox 607 2099 681 2121; x_wconf 92' lang='lat' dir='ltr'>non</span> <span class='ocrx_word' id='word_1_302' title='bbox 702 2095 824 2121; x_wconf 85' lang='lat' dir='ltr'>tamen</span> <span class='ocrx_word' id='word_1_303' title='bbox 847 2087 1050 2132; x_wconf 90' lang='lat' dir='ltr'>opponitur,</span> <span class='ocrx_word' id='word_1_304' title='bbox 1078 2097 1121 2120; x_wconf 91' lang='lat' dir='ltr'>eo</span> <span class='ocrx_word' id='word_1_305' title='bbox 1142 2086 1237 2131; x_wconf 90' lang='lat' dir='ltr'>quod</span> <span class='ocrx_word' id='word_1_306' title='bbox 1256 2093 1446 2131; x_wconf 88' lang='lat' dir='ltr'>utrumque</span> <span class='ocrx_word' id='word_1_307' title='bbox 1465 2092 1517 2118; x_wconf 89' lang='lat' dir='ltr'>est</span> <span class='ocrx_word' id='word_1_308' title='bbox 1535 2095 1660 2118; x_wconf 91' lang='lat' dir='ltr'>secun-</span> 
     </span>
     <span class='ocr_line' id='line_1_33' title="bbox 98 2139 1657 2184; baseline -0.004 -7"><span class='ocrx_word' id='word_1_309' title='bbox 98 2144 184 2178; x_wconf 91' lang='lat' dir='ltr'>dum</span> <span class='ocrx_word' id='word_1_310' title='bbox 206 2143 386 2177; x_wconf 88' lang='lat' dir='ltr'>rationem</span> <span class='ocrx_word' id='word_1_311' title='bbox 406 2149 560 2175; x_wconf 84' lang='lat' dir='ltr'>rectam:</span> <span class='ocrx_word' id='word_1_312' title='bbox 581 2152 667 2174; x_wconf 87' lang='lat' dir='ltr'>nam</span> <span class='ocrx_word' id='word_1_313' title='bbox 689 2141 858 2174; x_wconf 90' lang='lat' dir='ltr'>severitas</span> <span class='ocrx_word' id='word_1_314' title='bbox 884 2140 1085 2174; x_wconf 79' lang='lat' dir='ltr'>inflexibiiis</span> <span class='ocrx_word' id='word_1_315' title='bbox 1108 2149 1160 2174; x_wconf 89' lang='lat' dir='ltr'>est</span> <span class='ocrx_word' id='word_1_316' title='bbox 1187 2140 1281 2173; x_wconf 85' lang='lat' dir='ltr'>circa</span> <span class='ocrx_word' id='word_1_317' title='bbox 1307 2139 1545 2173; x_wconf 86' lang='lat' dir='ltr'>inflictionem</span> <span class='ocrx_word' id='word_1_318' title='bbox 1571 2149 1657 2184; x_wconf 89' lang='lat' dir='ltr'>poe-</span> 
     </span>
     <span class='ocr_line' id='line_1_34' title="bbox 97 2192 1659 2241; baseline -0.003 -11"><span class='ocrx_word' id='word_1_319' title='bbox 97 2208 239 2237; x_wconf 88' lang='lat' dir='ltr'>narum,</span> <span class='ocrx_word' id='word_1_320' title='bbox 261 2195 405 2241; x_wconf 85' lang='lat' dir='ltr'>quando</span> <span class='ocrx_word' id='word_1_321' title='bbox 423 2195 495 2228; x_wconf 87' lang='lat' dir='ltr'>hoc</span> <span class='ocrx_word' id='word_1_322' title='bbox 517 2202 614 2228; x_wconf 87' lang='lat' dir='ltr'>recta</span> <span class='ocrx_word' id='word_1_323' title='bbox 635 2194 726 2228; x_wconf 86' lang='lat' dir='ltr'>ratio</span> <span class='ocrx_word' id='word_1_324' title='bbox 748 2194 912 2239; x_wconf 91' lang='lat' dir='ltr'>requirit:</span> <span class='ocrx_word' id='word_1_325' title='bbox 928 2193 1122 2227; x_wconf 80' lang='lat' dir='ltr'>clementia</span> <span class='ocrx_word' id='word_1_326' title='bbox 1140 2201 1261 2226; x_wconf 85' lang='lat' dir='ltr'>autern</span> <span class='ocrx_word' id='word_1_327' title='bbox 1283 2192 1495 2226; x_wconf 82' lang='lat' dir='ltr'>diminutiva</span> <span class='ocrx_word' id='word_1_328' title='bbox 1511 2199 1564 2226; x_wconf 86' lang='lat' dir='ltr'>est</span> <span class='ocrx_word' id='word_1_329' title='bbox 1577 2202 1659 2237; x_wconf 90' lang='lat' dir='ltr'>poe-</span> 
     </span>
     <span class='ocr_line' id='line_1_35' title="bbox 98 2244 1658 2292; baseline -0.004 -8"><span class='ocrx_word' id='word_1_330' title='bbox 98 2261 228 2284; x_wconf 86' lang='lat' dir='ltr'>narum</span> <span class='ocrx_word' id='word_1_331' title='bbox 250 2249 358 2283; x_wconf 85' lang='lat' dir='ltr'>etiam</span> <span class='ocrx_word' id='word_1_332' title='bbox 373 2247 573 2282; x_wconf 89' lang='lat' dir='ltr'>secundum</span> <span class='ocrx_word' id='word_1_333' title='bbox 583 2247 761 2280; x_wconf 87' lang='lat' dir='ltr'>rationem</span> <span class='ocrx_word' id='word_1_334' title='bbox 776 2255 923 2288; x_wconf 83' lang='lat' dir='ltr'>rectam,</span> <span class='ocrx_word' id='word_1_335' title='bbox 946 2247 1089 2292; x_wconf 82' lang='lat' dir='ltr'>quando</span> <span class='ocrx_word' id='word_1_336' title='bbox 1105 2246 1245 2280; x_wconf 83' lang='lat' dir='ltr'>scilicet</span> <span class='ocrx_word' id='word_1_337' title='bbox 1263 2253 1416 2291; x_wconf 86' lang='lat' dir='ltr'>oportet,</span> <span class='ocrx_word' id='word_1_338' title='bbox 1432 2253 1466 2279; x_wconf 83' lang='lat' dir='ltr'>et</span> <span class='ocrx_word' id='word_1_339' title='bbox 1481 2246 1516 2278; x_wconf 85' lang='lat' dir='ltr'>in</span> <span class='ocrx_word' id='word_1_340' title='bbox 1531 2244 1658 2290; x_wconf 86' lang='lat' dir='ltr'>quibus</span> 
     </span>
     <span class='ocr_line' id='line_1_36' title="bbox 100 2299 1323 2349; baseline -0.004 -12"><span class='ocrx_word' id='word_1_341' title='bbox 100 2311 260 2349; x_wconf 81' lang='lat' dir='ltr'>oportet3</span> <span class='ocrx_word' id='word_1_342' title='bbox 282 2309 316 2336; x_wconf 89' lang='lat' dir='ltr'>et</span> <span class='ocrx_word' id='word_1_343' title='bbox 337 2301 417 2334; x_wconf 89' lang='lat' dir='ltr'>ideo</span> <span class='ocrx_word' id='word_1_344' title='bbox 437 2312 501 2334; x_wconf 88' lang='lat' dir='ltr'>non</span> <span class='ocrx_word' id='word_1_345' title='bbox 521 2306 596 2334; x_wconf 84' lang='lat' dir='ltr'>sunt</span> <span class='ocrx_word' id='word_1_346' title='bbox 616 2301 775 2346; x_wconf 81' lang='lat' dir='ltr'>opposita,</span> <span class='ocrx_word' id='word_1_347' title='bbox 798 2300 881 2345; x_wconf 82' lang='lat' dir='ltr'>quia</span> <span class='ocrx_word' id='word_1_348' title='bbox 902 2311 976 2333; x_wconf 89' lang='lat' dir='ltr'>non</span> <span class='ocrx_word' id='word_1_349' title='bbox 995 2308 1077 2334; x_wconf 89' lang='lat' dir='ltr'>sunt</span> <span class='ocrx_word' id='word_1_350' title='bbox 1099 2300 1194 2334; x_wconf 83' lang='lat' dir='ltr'>circa</span> <span class='ocrx_word' id='word_1_351' title='bbox 1215 2299 1323 2333; x_wconf 90' lang='lat' dir='ltr'>idem.</span> 
     </span>
    </p>

    <p class='ocr_par' dir='ltr' id='par_1_10' title="bbox 99 2351 1663 2932">
     <span class='ocr_line' id='line_1_37' title="bbox 171 2351 1657 2398; baseline -0.004 -8"><span class='ocrx_word' id='word_1_352' title='bbox 171 2357 231 2390; x_wconf 85' lang='lat' dir='ltr'>AD</span> <span class='ocrx_word' id='word_1_353' title='bbox 258 2364 464 2390; x_wconf 76' lang='lat' dir='ltr'>SECUNDUM</span> <span class='ocrx_word' id='word_1_354' title='bbox 490 2353 694 2395; x_wconf 85' lang='lat' dir='ltr'>dicendum,</span> <span class='ocrx_word' id='word_1_355' title='bbox 717 2353 824 2398; x_wconf 83' lang='lat' dir='ltr'>quod,</span> <span class='ocrx_word' id='word_1_356' title='bbox 846 2353 1045 2387; x_wconf 89' lang='lat' dir='ltr'>secundum</span> <span class='ocrx_word' id='word_1_357' title='bbox 1071 2352 1208 2386; x_wconf 84' lang='lat' dir='ltr'>Philos.</span> <span class='ocrx_word' id='word_1_358' title='bbox 1235 2352 1272 2385; x_wconf 87' lang='lat' dir='ltr'>in</span> <span class='ocrx_word' id='word_1_359' title='bbox 1292 2362 1324 2394; x_wconf 83' lang='lat'>4.</span> <span class='ocrx_word' id='word_1_360' title='bbox 1347 2351 1462 2385; x_wconf 88' lang='lat' dir='ltr'>Ethic.</span> <span class='ocrx_word' id='word_1_361' title='bbox 1491 2351 1580 2396; x_wconf 75' lang='lat' dir='ltr'>(cap.</span> <span class='ocrx_word' id='word_1_362' title='bbox 1598 2351 1657 2396; x_wconf 82' lang='lat'><em>5.)‚</em></span> 
     </span>
     <span class='ocr_line' id='line_1_38' title="bbox 99 2404 1660 2454; baseline -0.004 -11"><span class='ocrx_word' id='word_1_363' title='bbox 99 2410 242 2444; x_wconf 85' lang='lat' dir='ltr'>habitus</span> <span class='ocrx_word' id='word_1_364' title='bbox 266 2408 326 2454; x_wconf 83' lang='lat' dir='ltr'>qui</span> <span class='ocrx_word' id='word_1_365' title='bbox 347 2407 509 2441; x_wconf 81' lang='lat' dir='ltr'>medium</span> <span class='ocrx_word' id='word_1_366' title='bbox 529 2414 628 2440; x_wconf 91' lang='lat' dir='ltr'>tenet</span> <span class='ocrx_word' id='word_1_367' title='bbox 647 2407 684 2439; x_wconf 88' lang='lat' dir='ltr'>in</span> <span class='ocrx_word' id='word_1_368' title='bbox 705 2407 768 2447; x_wconf 89' lang='lat' dir='ltr'>ira,</span> <span class='ocrx_word' id='word_1_369' title='bbox 787 2414 841 2440; x_wconf 89' lang='lat' dir='ltr'>est</span> <span class='ocrx_word' id='word_1_370' title='bbox 860 2406 1127 2448; x_wconf 79' lang='lat' dir='ltr'>innominatus3</span> <span class='ocrx_word' id='word_1_371' title='bbox 1151 2414 1185 2439; x_wconf 93' lang='lat' dir='ltr'>et</span> <span class='ocrx_word' id='word_1_372' title='bbox 1204 2406 1287 2439; x_wconf 88' lang='lat' dir='ltr'>ideo</span> <span class='ocrx_word' id='word_1_373' title='bbox 1314 2405 1424 2438; x_wconf 84' lang='lat' dir='ltr'>virtus</span> <span class='ocrx_word' id='word_1_374' title='bbox 1451 2404 1660 2438; x_wconf 88' lang='lat' dir='ltr'>nominatur</span> 
     </span>
     <span class='ocr_line' id='line_1_39' title="bbox 103 2457 1659 2505; baseline -0.004 -9"><span class='ocrx_word' id='word_1_375' title='bbox 103 2475 122 2497; x_wconf 90' lang='lat' dir='ltr'>a</span> <span class='ocrx_word' id='word_1_376' title='bbox 143 2461 383 2496; x_wconf 88' lang='lat' dir='ltr'>diminutione</span> <span class='ocrx_word' id='word_1_377' title='bbox 405 2460 490 2501; x_wconf 87' lang='lat' dir='ltr'>irae,</span> <span class='ocrx_word' id='word_1_378' title='bbox 512 2471 603 2505; x_wconf 83' lang='lat' dir='ltr'>quae</span> <span class='ocrx_word' id='word_1_379' title='bbox 625 2459 846 2505; x_wconf 84' lang='lat' dir='ltr'>significatur</span> <span class='ocrx_word' id='word_1_380' title='bbox 867 2459 1016 2493; x_wconf 89' lang='lat' dir='ltr'>nomine</span> <span class='ocrx_word' id='word_1_381' title='bbox 1037 2458 1340 2492; x_wconf 88' lang='lat' dir='ltr'>mansuetudinis:</span> <span class='ocrx_word' id='word_1_382' title='bbox 1364 2468 1407 2491; x_wconf 91' lang='lat' dir='ltr'>eo</span> <span class='ocrx_word' id='word_1_383' title='bbox 1431 2457 1527 2502; x_wconf 90' lang='lat' dir='ltr'>quod</span> <span class='ocrx_word' id='word_1_384' title='bbox 1548 2457 1659 2490; x_wconf 89' lang='lat' dir='ltr'>virtus</span> 
     </span>
     <span class='ocr_line' id='line_1_40' title="bbox 102 2510 1662 2562; baseline -0.004 -12"><span class='ocrx_word' id='word_1_385' title='bbox 102 2515 338 2562; x_wconf 89' lang='lat' dir='ltr'>propinquior</span> <span class='ocrx_word' id='word_1_386' title='bbox 361 2521 413 2547; x_wconf 88' lang='lat' dir='ltr'>est</span> <span class='ocrx_word' id='word_1_387' title='bbox 434 2512 676 2554; x_wconf 87' lang='lat' dir='ltr'>diminutioni,</span> <span class='ocrx_word' id='word_1_388' title='bbox 696 2524 806 2558; x_wconf 87' lang='lat' dir='ltr'>quam</span> <span class='ocrx_word' id='word_1_389' title='bbox 827 2512 1188 2558; x_wconf 83' lang='lat' dir='ltr'>superabundantiae,</span> <span class='ocrx_word' id='word_1_390' title='bbox 1210 2519 1356 2557; x_wconf 89' lang='lat' dir='ltr'>propter</span> <span class='ocrx_word' id='word_1_391' title='bbox 1382 2510 1453 2544; x_wconf 89' lang='lat' dir='ltr'>hoc</span> <span class='ocrx_word' id='word_1_392' title='bbox 1480 2510 1577 2555; x_wconf 91' lang='lat' dir='ltr'>quod</span> <span class='ocrx_word' id='word_1_393' title='bbox 1602 2521 1662 2543; x_wconf 81' lang='lat' dir='ltr'>na-</span> 
     </span>
     <span class='ocr_line' id='line_1_41' title="bbox 102 2563 1660 2611; baseline -0.004 -8"><span class='ocrx_word' id='word_1_394' title='bbox 102 2568 251 2603; x_wconf 88' lang='lat' dir='ltr'>turalius</span> <span class='ocrx_word' id='word_1_395' title='bbox 273 2575 327 2601; x_wconf 89' lang='lat' dir='ltr'>est</span> <span class='ocrx_word' id='word_1_396' title='bbox 346 2566 488 2600; x_wconf 87' lang='lat' dir='ltr'>homini</span> <span class='ocrx_word' id='word_1_397' title='bbox 509 2573 675 2611; x_wconf 87' lang='lat' dir='ltr'>appetere</span> <span class='ocrx_word' id='word_1_398' title='bbox 700 2565 898 2599; x_wconf 86' lang='lat' dir='ltr'>vindictam</span> <span class='ocrx_word' id='word_1_399' title='bbox 924 2565 1135 2609; x_wconf 83' lang='lat' dir='ltr'>injuriarum</span> <span class='ocrx_word' id='word_1_400' title='bbox 1161 2563 1355 2605; x_wconf 79' lang='lat' dir='ltr'>illatarum,</span> <span class='ocrx_word' id='word_1_401' title='bbox 1383 2574 1492 2608; x_wconf 89' lang='lat' dir='ltr'>quam</span> <span class='ocrx_word' id='word_1_402' title='bbox 1515 2563 1562 2602; x_wconf 53' lang='lat' dir='ltr'>‚ab</span> <span class='ocrx_word' id='word_1_403' title='bbox 1588 2563 1660 2596; x_wconf 93' lang='lat' dir='ltr'>hoc</span> 
     </span>
     <span class='ocr_line' id='line_1_42' title="bbox 105 2615 1663 2666; baseline -0.005 -9"><span class='ocrx_word' id='word_1_404' title='bbox 105 2622 277 2663; x_wconf 89' lang='lat' dir='ltr'>deficere;</span> <span class='ocrx_word' id='word_1_405' title='bbox 299 2620 382 2666; x_wconf 87' lang='lat' dir='ltr'>quia</span> <span class='ocrx_word' id='word_1_406' title='bbox 402 2620 460 2653; x_wconf 85' lang='lat' dir='ltr'>vix</span> <span class='ocrx_word' id='word_1_407' title='bbox 483 2619 590 2652; x_wconf 84' lang='lat' dir='ltr'>alicui</span> <span class='ocrx_word' id='word_1_408' title='bbox 609 2619 716 2653; x_wconf 89' lang='lat' dir='ltr'>nimis</span> <span class='ocrx_word' id='word_1_409' title='bbox 742 2630 873 2664; x_wconf 87' lang='lat' dir='ltr'>parvae</span> <span class='ocrx_word' id='word_1_410' title='bbox 898 2618 1064 2651; x_wconf 88' lang='lat' dir='ltr'>videntur</span> <span class='ocrx_word' id='word_1_411' title='bbox 1089 2617 1238 2662; x_wconf 86' lang='lat' dir='ltr'>injuriae</span> <span class='ocrx_word' id='word_1_412' title='bbox 1265 2616 1331 2650; x_wconf 87' lang='lat' dir='ltr'>sibi</span> <span class='ocrx_word' id='word_1_413' title='bbox 1354 2615 1487 2657; x_wconf 86' lang='lat' dir='ltr'>illatae,</span> <span class='ocrx_word' id='word_1_414' title='bbox 1514 2624 1552 2650; x_wconf 92' lang='lat' dir='ltr'>ut</span> <span class='ocrx_word' id='word_1_415' title='bbox 1577 2615 1663 2650; x_wconf 88' lang='lat' dir='ltr'>dicit</span> 
     </span>
     <span class='ocr_line' id='line_1_43' title="bbox 107 2669 1663 2718; baseline -0.004 -9"><span class='ocrx_word' id='word_1_416' title='bbox 107 2675 297 2710; x_wconf 86' lang='lat' dir='ltr'>Sallustius</span> <span class='ocrx_word' id='word_1_417' title='bbox 319 2673 372 2718; x_wconf 82' lang='lat' dir='ltr'>(in</span> <span class='ocrx_word' id='word_1_418' title='bbox 393 2675 522 2718; x_wconf 79' lang='lat' dir='ltr'>conjur.</span> <span class='ocrx_word' id='word_1_419' title='bbox 547 2671 646 2706; x_wconf 75' lang='lat' dir='ltr'>Catil.</span> <span class='ocrx_word' id='word_1_420' title='bbox 670 2677 744 2706; x_wconf 73' lang='lat' dir='ltr'>ante</span> <span class='ocrx_word' id='word_1_421' title='bbox 764 2671 846 2706; x_wconf 78' lang='lat' dir='ltr'>med.</span> <span class='ocrx_word' id='word_1_422' title='bbox 865 2676 949 2705; x_wconf 80' lang='lat' dir='ltr'>orat.</span> <span class='ocrx_word' id='word_1_423' title='bbox 974 2671 1146 2715; x_wconf 50' lang='lat' dir='ltr'>Caesam:</span> <span class='ocrx_word' id='word_1_424' title='bbox 1170 2669 1362 2704; x_wconf 84' lang='lat' dir='ltr'>clementia</span> <span class='ocrx_word' id='word_1_425' title='bbox 1389 2677 1511 2703; x_wconf 86' lang='lat' dir='ltr'>autem</span> <span class='ocrx_word' id='word_1_426' title='bbox 1537 2677 1590 2703; x_wconf 87' lang='lat' dir='ltr'>est</span> <span class='ocrx_word' id='word_1_427' title='bbox 1615 2669 1663 2702; x_wconf 91' lang='lat' dir='ltr'>di-</span> 
     </span>
     <span class='ocr_line' id='line_1_44' title="bbox 107 2722 1663 2772; baseline -0.004 -10"><span class='ocrx_word' id='word_1_428' title='bbox 107 2728 282 2762; x_wconf 88' lang='lat' dir='ltr'>minutiva</span> <span class='ocrx_word' id='word_1_429' title='bbox 303 2737 516 2772; x_wconf 85' lang='lat' dir='ltr'>poenarum,</span> <span class='ocrx_word' id='word_1_430' title='bbox 537 2736 611 2759; x_wconf 92' lang='lat' dir='ltr'>non</span> <span class='ocrx_word' id='word_1_431' title='bbox 629 2725 775 2770; x_wconf 90' lang='lat' dir='ltr'>quidem</span> <span class='ocrx_word' id='word_1_432' title='bbox 796 2725 833 2758; x_wconf 89' lang='lat' dir='ltr'>in</span> <span class='ocrx_word' id='word_1_433' title='bbox 853 2732 1018 2770; x_wconf 89' lang='lat' dir='ltr'>respectu</span> <span class='ocrx_word' id='word_1_434' title='bbox 1041 2724 1083 2757; x_wconf 89' lang='lat' dir='ltr'>ad</span> <span class='ocrx_word' id='word_1_435' title='bbox 1106 2723 1140 2756; x_wconf 90' lang='lat' dir='ltr'>id</span> <span class='ocrx_word' id='word_1_436' title='bbox 1160 2724 1255 2768; x_wconf 85' lang='lat' dir='ltr'>quod</span> <span class='ocrx_word' id='word_1_437' title='bbox 1274 2731 1327 2756; x_wconf 90' lang='lat' dir='ltr'>est</span> <span class='ocrx_word' id='word_1_438' title='bbox 1344 2722 1542 2756; x_wconf 85' lang='lat' dir='ltr'>secundum</span> <span class='ocrx_word' id='word_1_439' title='bbox 1558 2722 1663 2756; x_wconf 88' lang='lat' dir='ltr'>ratio-</span> 
     </span>
     <span class='ocr_line' id='line_1_45' title="bbox 106 2775 1661 2824; baseline -0.005 -9"><span class='ocrx_word' id='word_1_440' title='bbox 106 2793 193 2816; x_wconf 89' lang='lat' dir='ltr'>nem</span> <span class='ocrx_word' id='word_1_441' title='bbox 214 2788 363 2821; x_wconf 85' lang='lat' dir='ltr'>rectam,</span> <span class='ocrx_word' id='word_1_442' title='bbox 385 2779 447 2813; x_wconf 88' lang='lat' dir='ltr'>sed</span> <span class='ocrx_word' id='word_1_443' title='bbox 468 2779 505 2812; x_wconf 88' lang='lat' dir='ltr'>in</span> <span class='ocrx_word' id='word_1_444' title='bbox 526 2786 689 2824; x_wconf 87' lang='lat' dir='ltr'>respectu</span> <span class='ocrx_word' id='word_1_445' title='bbox 712 2778 755 2812; x_wconf 89' lang='lat' dir='ltr'>ad</span> <span class='ocrx_word' id='word_1_446' title='bbox 777 2778 811 2811; x_wconf 91' lang='lat' dir='ltr'>id</span> <span class='ocrx_word' id='word_1_447' title='bbox 839 2778 934 2823; x_wconf 90' lang='lat' dir='ltr'>quod</span> <span class='ocrx_word' id='word_1_448' title='bbox 961 2786 1014 2811; x_wconf 88' lang='lat' dir='ltr'>est</span> <span class='ocrx_word' id='word_1_449' title='bbox 1039 2776 1241 2811; x_wconf 88' lang='lat' dir='ltr'>secundum</span> <span class='ocrx_word' id='word_1_450' title='bbox 1266 2775 1386 2820; x_wconf 81' lang='lat' dir='ltr'>Iegem</span> <span class='ocrx_word' id='word_1_451' title='bbox 1413 2786 1661 2817; x_wconf 88' lang='lat' dir='ltr'>communem,</span> 
     </span>
     <span class='ocr_line' id='line_1_46' title="bbox 108 2827 1662 2880; baseline -0.005 -12"><span class='ocrx_word' id='word_1_452' title='bbox 108 2846 217 2880; x_wconf 86' lang='lat' dir='ltr'>quam</span> <span class='ocrx_word' id='word_1_453' title='bbox 239 2833 385 2879; x_wconf 88' lang='lat' dir='ltr'>respicit</span> <span class='ocrx_word' id='word_1_454' title='bbox 404 2832 539 2878; x_wconf 88' lang='lat' dir='ltr'>justitia</span> <span class='ocrx_word' id='word_1_455' title='bbox 559 2830 705 2876; x_wconf 86' lang='lat' dir='ltr'>legalis:</span> <span class='ocrx_word' id='word_1_456' title='bbox 727 2832 788 2865; x_wconf 91' lang='lat' dir='ltr'>sed</span> <span class='ocrx_word' id='word_1_457' title='bbox 809 2839 953 2877; x_wconf 90' lang='lat' dir='ltr'>propter</span> <span class='ocrx_word' id='word_1_458' title='bbox 976 2830 1094 2876; x_wconf 84' lang='lat' dir='ltr'>aliqua</span> <span class='ocrx_word' id='word_1_459' title='bbox 1112 2828 1340 2875; x_wconf 82' lang='lat' dir='ltr'>particularia</span> <span class='ocrx_word' id='word_1_460' title='bbox 1355 2828 1580 2862; x_wconf 86' lang='lat' dir='ltr'>considerata</span> <span class='ocrx_word' id='word_1_461' title='bbox 1595 2827 1662 2862; x_wconf 92' lang='lat' dir='ltr'>cle-</span> 
     </span>
     <span class='ocr_line' id='line_1_47' title="bbox 109 2881 1662 2932; baseline -0.005 -10"><span class='ocrx_word' id='word_1_462' title='bbox 109 2888 243 2923; x_wconf 83' lang='lat' dir='ltr'>mentia</span> <span class='ocrx_word' id='word_1_463' title='bbox 265 2886 432 2921; x_wconf 87' lang='lat' dir='ltr'>diminuit</span> <span class='ocrx_word' id='word_1_464' title='bbox 451 2896 599 2932; x_wconf 82' lang='lat' dir='ltr'>poenas,</span> <span class='ocrx_word' id='word_1_465' title='bbox 621 2884 723 2931; x_wconf 84' lang='lat' dir='ltr'>quasi</span> <span class='ocrx_word' id='word_1_466' title='bbox 743 2884 938 2919; x_wconf 89' lang='lat' dir='ltr'>decernens</span> <span class='ocrx_word' id='word_1_467' title='bbox 959 2883 1149 2917; x_wconf 81' lang='lat' dir='ltr'>hominem</span> <span class='ocrx_word' id='word_1_468' title='bbox 1170 2893 1244 2916; x_wconf 92' lang='lat' dir='ltr'>non</span> <span class='ocrx_word' id='word_1_469' title='bbox 1267 2893 1343 2916; x_wconf 86' lang='lat' dir='ltr'>esse</span> <span class='ocrx_word' id='word_1_470' title='bbox 1370 2881 1486 2927; x_wconf 85' lang='lat' dir='ltr'>magis</span> <span class='ocrx_word' id='word_1_471' title='bbox 1510 2881 1662 2927; x_wconf 87' lang='lat' dir='ltr'>punien-</span> 
     </span>
    </p>
   </div>
  </div>
 </body>
</html>
