1859 3122
475 203 695 239 QUAESTIO
729 203 905 233 LXXXIX.
939 203 1184 233 ARTICULUS
1218 203 1246 232 1.
1553 192 1634 246 639

77 286 163 320 dum
185 293 249 321 est.
272 285 480 319 Assumitur
503 293 623 319 autem
645 285 807 318 divinum
829 296 964 319 nomen
988 285 1028 318 ab
1051 284 1202 318 homine
1226 284 1423 329 tripliciter:
1452 295 1515 317 uno
1542 283 1637 317 modo

77 351 139 386 per
160 339 311 373 modum
336 339 529 383 juramenti
548 338 590 372 ad
614 339 756 384 propria
775 339 885 373 verba
905 338 1175 372 confirmanda:
1199 337 1265 371 alio
1289 336 1382 370 modo
1402 348 1464 382 per
1486 336 1636 370 modum

78 393 309 438 adjurationis
339 392 383 426 ad
414 392 503 426 alios
533 392 795 427 inducendum:
817 393 912 427 tertio
937 392 1031 425 modo
1059 402 1120 436 per
1148 391 1299 424 modum
1328 391 1568 424 invocationis
1595 391 1638 424 ad

78 446 268 488 orandum,
291 445 349 480 vel
367 445 607 487 laudandum3
624 447 736 492 primo
759 456 846 491 ergo
869 446 912 480 de
932 446 1136 489 juramento
1165 445 1347 491 agendum
1370 452 1433 479 est.

571 534 673 568 Circa
694 533 779 579 qnod
800 539 1007 580 quaeruntur
1028 533 1144 568 decem.

147 604 283 639 Primo.
308 604 407 645 Quid
435 606 478 639 sit
495 605 751 650 juramentum.

150 658 331 693 Secundo.
356 658 487 693 Utrum
506 658 551 692 sit
571 657 722 692 licitum.

149 711 288 747 Tertio.
313 711 387 753 Qui
409 712 479 746 sint
505 711 657 745 comites
678 711 882 756 juramenti.

151 765 304 806 Quarto.
329 766 442 810 Cujus
463 764 603 799 virtutis
626 766 670 798 sit
692 772 803 798 actus.

152 819 303 860 Quinto.
338 819 471 853 Utrum
504 818 548 852 sit
578 817 832 863 appetendum,
860 826 894 852 et
926 816 1240 863 frequentandum,
1274 825 1460 863 tamquam
1495 817 1581 851 utile
1608 825 1642 851 et

78 873 229 907 bonum.

151 927 271 960 Sexto.
295 925 427 959 Utrum
448 924 559 959 liceat
578 925 695 969 jurare
718 936 781 971 per
803 933 1017 958 creaturam.

151 979 326 1025 Septimo.
351 979 484 1013 Utrum
506 980 750 1023 juramentum
772 978 816 1012 sit
833 977 1102 1023 obligatorium.

152 1033 309 1068 Octavo.
334 1031 440 1072 Quae
463 1032 507 1066 sit
529 1033 647 1077 major
669 1031 855 1077 obligatio,
878 1040 997 1065 utrum
1019 1031 1223 1076 juramenti,
1245 1030 1302 1066 vel
1320 1031 1406 1066 voti.

151 1086 272 1120 Nono.
302 1086 433 1120 Utrum
454 1085 491 1119 in
511 1086 716 1130 juramento
739 1086 852 1130 possit
874 1085 1082 1131 dispensari.

150 1140 319 1174 Decimo.
344 1138 499 1181 Quibus,
523 1147 556 1173 et
578 1139 723 1185 quando
746 1138 852 1174 liceat
870 1140 1000 1184 jurare.

662 1278 1007 1324 ARTICULUS
1042 1279 1075 1322 Ι.
1577 1289 1646 1332 482

338 1388 492 1417 UTRUM
514 1387 675 1429 JURARE
704 1388 770 1417 SIT
799 1388 972 1416 TESTEM
999 1387 1123 1416 DEUM
1149 1387 1384 1417 INVOCARE.

410 1475 511 1521 (Infr.
533 1487 562 1521 q.
586 1476 641 1522 98.
663 1480 726 1510 art.
748 1487 778 1510 2.
802 1481 890 1521 corp.
912 1479 940 1509 et
956 1486 984 1520 3.
1006 1475 1095 1509 Dist.
1111 1485 1162 1520 39.
1186 1479 1250 1509 art.
1271 1474 1329 1518 L).

157 1565 217 1599 AD
238 1575 388 1599 PRIMUM
410 1564 460 1598 sic
482 1564 699 1610 proceditur.
720 1564 883 1606 Videtur,
903 1564 998 1610 quod
1017 1565 1135 1609 jurare
1152 1574 1227 1597 non
1245 1563 1290 1597 sit
1307 1571 1439 1597 testem
1460 1563 1581 1596 Deum
1599 1562 1650 1596 in-

85 1629 217 1652 vocare
229 1618 466 1664 :quicumque
477 1618 575 1652 enim
587 1617 725 1652 inducit
739 1618 991 1652 auctoritatem
1004 1617 1136 1651 Sacrae
1152 1617 1370 1663 Scripturae,
1381 1616 1518 1650 inducit
1526 1616 1647 1650 Deum

85 1672 122 1706 in
135 1671 395 1713 testimonium,
411 1672 510 1717 cujus
524 1671 631 1705 verba
646 1679 896 1716 proponuntur
909 1671 945 1704 in
962 1671 1072 1705 Sacra
1088 1670 1290 1716 Scriptura;
1312 1670 1342 1704 si
1360 1681 1446 1715 ergo
1461 1671 1577 1715 jurare
1597 1678 1650 1703 est

86 1733 216 1760 testem
237 1726 358 1759 Deum
379 1725 563 1767 invocare,
586 1725 804 1770 quicumque
831 1724 966 1758 inducit
997 1724 1248 1759 auctoritatem
1278 1724 1410 1758 Sacrae
1433 1723 1650 1770 Scripturae,

86 1780 233 1825 juraret:
256 1779 327 1813 hoc
351 1787 472 1813 autem
495 1787 548 1813 est
572 1778 723 1821 falsum3
746 1789 833 1824 ergo
857 1787 891 1812 et
912 1778 1080 1823 primum.

158 1843 189 1867 2.
212 1833 449 1867 PRAETEREAQ.
472 1832 524 1866 Ex
546 1833 616 1866 hoc
639 1832 736 1878 quod
759 1832 886 1878 aliquis
913 1832 1050 1866 inducit
1079 1831 1237 1878 aliquem
1266 1831 1302 1865 in
1332 1839 1472 1873 testem,
1503 1829 1593 1864 nihil
1619 1829 1652 1864 ei

88 1886 218 1929 reddit;
234 1886 296 1920 sed
310 1886 370 1920 ille
386 1886 447 1932 qui
461 1898 524 1932 per
537 1886 659 1920 Deum
672 1887 776 1931 jurat,
792 1885 924 1931 aliquid
943 1886 1024 1919 Deo
1044 1885 1177 1919 reddit:
1194 1885 1322 1919 dicitur
1340 1885 1437 1918 enim
1454 1885 1582 1918 Matth.
1601 1894 1629 1929 5.
1644 1894 1650 1916 :

90 1940 208 1976 Reddas
224 1941 374 1974 Domino
388 1942 581 1985 juramenta
601 1945 668 1981 tua,
690 1948 724 1974 et
742 1939 894 1984 August.
915 1939 999 1973 dicit
1019 1939 1132 1984 (serm.
1152 1939 1205 1973 28.
1225 1938 1260 1973 de
1285 1939 1378 1973 Verb.
1399 1938 1512 1984 Apost.
1528 1944 1598 1984 cap.
1618 1937 1650 1972 6.

88 1999 162 2028 ante
179 1993 261 2027 med.
285 1998 361 2028 tom.
384 1994 465 2038 10),
490 1992 585 2038 quod
607 1993 724 2038 jurare
747 2000 799 2026 est
814 1995 871 2038 jus
891 1993 1044 2027 veritatis
1061 1993 1134 2026 Duo
1153 1991 1306 2032 reddar&
1330 2002 1417 2037 ergo
1438 1992 1556 2037 jurare
1577 2002 1651 2025 non

90 2054 142 2082 est
161 2047 283 2081 Deum
305 2054 435 2081 testem
457 2046 638 2080 invocare.

165 2112 192 2147 3.
214 2101 450 2135 PRAETEREA.
473 2099 583 2134 Aliud
606 2107 658 2134 est
679 2098 840 2134 officium
861 2099 1001 2145 judicis,
1025 2106 1059 2133 et
1081 2098 1176 2132 aliud
1192 2098 1303 2140 testis,
1322 2106 1360 2132 ut
1378 2109 1419 2132 ex
1441 2097 1652 2144 supradictis

90 2162 187 2201 patet
210 2154 254 2200 (q.
273 2165 328 2200 47.
355 2160 385 2189 et
411 2155 502 2200 70.):
527 2154 589 2188 sed
611 2153 828 2200 quandoque
849 2153 1001 2199 jurando
1031 2152 1203 2199 implorat
1230 2152 1345 2186 homo
1376 2151 1538 2185 divinum
1567 2151 1654 2196 judi-

93 2210 200 2250 cium,
223 2207 423 2242 secundum
444 2207 530 2241 illud
554 2207 647 2242 Psal.
665 2208 766 2253 7.:Si
786 2207 913 2242 reddidi
935 2207 1187 2242 retribuentibus
1204 2206 1286 2240 mihi
1307 2205 1409 2248 mala,
1427 2205 1575 2240 decidam
1592 2217 1654 2239 mc-

92 2263 158 2297 rito
179 2262 219 2296 ab
241 2263 385 2296 inimicis
410 2262 489 2295 meis
514 2262 643 2302 inanis;
668 2272 754 2307 ergo
774 2261 892 2306 jurare
914 2272 988 2294 non
1011 2268 1064 2294 est
1084 2268 1213 2294 testem
1234 2260 1356 2293 Deum
1376 2259 1557 2292 invocare.

165 2315 239 2349 SED
262 2325 417 2349 CONTRA
440 2322 504 2357 est,
525 2314 622 2360 quod
644 2314 739 2360 Aug.
762 2314 848 2348 dicit
868 2314 904 2348 in
927 2314 1087 2360 quodam
1109 2324 1215 2347 serm.
1238 2313 1281 2347 de
1303 2312 1467 2358 Perjurio
1491 2312 1653 2358 (loc.sup.

96 2368 167 2414 cit.)
181 2381 191 2403 .·
217 2367 346 2408 «Quid
368 2376 421 2402 est
440 2368 557 2413 jurare
578 2379 641 2414 per
661 2368 794 2410 Deum,
816 2368 903 2402 nisi:
927 2367 1048 2402 Testis
1075 2375 1128 2401 est
1153 2365 1278 2400 Deus?
1302 2379 1319 2398 »

163 2422 392 2456 RESPONDEO
415 2421 621 2463 dicendum,
643 2421 752 2467 quod,
779 2421 870 2455 sicut
891 2421 1019 2467 Apost.
1043 2420 1128 2454 dicit
1151 2420 1195 2454 ad
1218 2420 1326 2454 Hebr.
1350 2418 1402 2453 6.:
1421 2419 1654 2463 Juramentzmz

93 2475 136 2511 ad
153 2476 434 2521 confirmationem
456 2474 655 2515 ordinatum
677 2474 906 2508 confirmatio
929 2482 1050 2508 autem
1068 2474 1104 2507 in
1123 2473 1305 2507 scibilibus
1324 2484 1387 2518 per
1405 2473 1584 2506 rationem
1598 2471 1655 2513 fit3

94 2540 185 2575 quae
207 2529 370 2574 procedit
391 2539 432 2562 ex
455 2527 631 2573 aliquibus
650 2527 858 2562 naturaliter
876 2529 994 2569 motis,
1014 2538 1105 2573 quae
1125 2535 1207 2561 sunt
1223 2525 1456 2560 infallibiliter
1473 2536 1574 2559 vera:
1595 2525 1655 2558 sed

95 2582 323 2628 particularia
344 2581 438 2615 facta
460 2581 707 2627 contingentia
732 2581 926 2615 hominum
955 2592 1029 2614 non
1061 2588 1212 2626 possunt
1242 2591 1305 2624 per
1332 2579 1511 2612 rationem
1538 2589 1658 2611 neces-

95 2636 226 2670 sariam
249 2635 471 2670 confirmari:
495 2643 529 2669 et
549 2635 631 2669 ideo
661 2646 703 2668 ea
734 2646 824 2680 quae
852 2634 895 2668 de
925 2635 981 2668 his
1011 2634 1188 2675 dicuntur,
1217 2632 1335 2667 solent
1362 2631 1569 2666 confirmari
1595 2642 1658 2677 per

98 2697 225 2731 testes;
248 2689 309 2723 sed
331 2689 534 2722 humanum
555 2688 805 2722 testimonium
838 2699 912 2722 non
943 2695 995 2722 est
1021 2687 1202 2722 sufficiens
1229 2686 1273 2720 ad
1298 2685 1508 2731 hujusmodi
1532 2684 1658 2718 confir-

97 2742 283 2784 mandum,
305 2750 450 2788 propter
472 2742 556 2775 dno:
578 2742 690 2787 primo
713 2741 859 2786 quidem
880 2749 1026 2787 propter
1057 2740 1238 2774 defectum
1267 2739 1425 2773 veritatis
1458 2739 1655 2772 humanae:

98 2795 180 2841 quia
201 2794 347 2841 plurimi
367 2795 403 2829 in
425 2795 658 2829 mendacium
679 2793 856 2837 labuntur,
879 2795 1078 2829 secundum
1099 2793 1187 2827 illud
1206 2791 1299 2826 Psal.
1326 2791 1396 2826 16.:
1423 2793 1467 2826 Os
1487 2804 1600 2826 eorum
1615 2792 1658 2825 lo-

99 2854 210 2884 cutum
224 2854 267 2883 est
281 2849 507 2883 mandacium:
529 2847 664 2883 secundo
684 2856 829 2894 propter
848 2847 1029 2882 defectum
1049 2846 1282 2892 cognitionis:
1303 2846 1385 2891 quia
1400 2845 1568 2879 homines
1583 2856 1656 2879 non

100 2909 251 2947 possunt
272 2913 493 2948 cognoscere
515 2912 631 2947 neque
649 2900 778 2944 futura,
798 2912 916 2948 neque
931 2901 1096 2935 cordium
1112 2899 1266 2941 occulta,
1281 2897 1340 2933 vel
1354 2899 1463 2933 etiam
1478 2899 1657 2940 absentia3
