1859 3122
525 181 742 217 QUAESTIO
775 182 888 212 CLIV.
922 181 1165 211 ARTICULUS
1199 180 1254 209 VI.
1560 179 1664 222 1003

111 265 317 299 trahebatur
343 274 387 297 ne
409 263 636 309 signaculum
658 263 872 309 virginitatis
899 263 1098 297 amitteret:
1126 271 1203 296 tum
1229 262 1338 296 etiam
1366 273 1406 296 ex
1430 269 1527 308 parte
1549 261 1670 308 patris,

112 318 170 364 qui
192 318 234 352 de
265 318 341 361 ejus
371 316 533 350 custodia
556 316 823 350 solicitudinem
856 316 957 362 gerit,
987 316 1184 350 secundum
1216 315 1303 349 illud
1325 315 1436 349 Eccli.
1468 325 1545 358 42.:
1566 315 1672 360 Super

106 371 213 415 filiam
239 371 443 404 luxuriosam
462 370 623 415 confirma
650 370 841 411 custodiam,
865 382 902 404 ne
924 369 1052 415 quando
1073 369 1182 415 saciat
1204 374 1230 403 te
1253 371 1285 403 in
1313 370 1529 415 opprobrium
1556 369 1671 402 venire

113 425 275 464 inimicis,-
299 431 333 457 et
354 423 436 456 ideo
456 423 686 457 manifestum
706 431 768 465 est,
791 423 887 469 quod
909 431 1084 468 stuprum,
1107 422 1202 468 quod
1225 423 1396 468 importat
1419 421 1581 455 illicitam
1604 420 1670 454 vir-

111 477 235 523 ginum
257 476 534 510 deflorationem
557 477 620 510 sub
643 488 727 510 cura
750 484 938 523 parentum
961 476 1201 517 existentium,
1229 484 1281 510 est
1307 476 1545 510 determinata
1572 474 1671 508 luxu-

110 530 184 564 riae
202 531 351 576 species.

181 584 240 618 AD
263 593 410 618 PRIMUM
434 595 520 629 ergo
543 583 747 625 dicendum,
769 583 864 629 quod
884 583 1048 629 quamvis
1070 583 1173 628 virgo
1196 583 1239 616 sit
1257 582 1375 616 soluta
1395 594 1413 616 a
1436 581 1581 616 vinculo
1602 592 1673 614 ma-

110 636 283 678 trimonii,
305 649 378 671 non
401 646 521 671 tamen
544 644 597 670 est
610 637 727 670 soluta
742 648 761 670 a
777 637 884 682 patris
908 643 1102 682 potestate:
1125 637 1234 670 habet
1252 636 1361 670 etiarn
1383 635 1539 680 speciale
1558 635 1667 680 impe-

113 690 312 724 dimentum
335 690 517 724 fornicarii
541 690 751 723 concubitus
770 690 983 735 virginitatis
1005 691 1161 735 signum,
1184 689 1279 735 quod
1295 700 1368 723 non
1391 689 1497 723 debet
1518 688 1585 722 nisi
1606 698 1670 734 per

112 743 383 777 matrimonium
399 743 526 777 auferri
541 756 549 785 ;
569 743 662 776 unde
677 751 839 789 stuprum
854 754 927 777 non
943 751 996 777 est
1010 742 1201 777 fornicatio
1216 742 1381 789 simplex,
1398 742 1458 776 sed
1478 741 1669 776 fornicatio

113 804 166 830 est
187 797 411 838 concubitus,
434 798 493 842 qui
520 796 558 830 fit
580 807 661 829 cum
685 797 943 839 meretricibus,
970 796 1061 830 idest
1087 795 1296 830 mulieribus
1317 797 1391 840 jam
1418 795 1605 841 corruptis,
1633 802 1670 828 ut

112 857 210 895 patet
231 860 293 894 per
317 849 488 883 Glossam
511 849 655 894 (interl.)
676 859 706 883 2.
723 849 766 882 ad
782 850 868 884 Cor.
896 860 946 883 12.
969 861 1075 895 super
1096 849 1200 883 illud:
1225 850 1295 893 Qui
1316 861 1381 882 non
1407 854 1540 894 egerunt
1559 848 1674 894 poeni-

112 904 244 936 tentiam
269 910 365 948 super
385 902 606 943 ῐηιηιιιηᾰῐίῐιι,
622 903 901 948 εἰ-[ονηῐζιιΐῐοηῲ
929 910 996 936 etc.

183 956 242 990 AD
269 966 476 990 SECUNDUM
498 955 703 996 dicendum,
727 956 823 1001 quod
845 956 1015 989 Ambros.
1039 955 1086 988 ibi
1108 955 1210 989 aliter
1225 955 1355 1001 accipit
1377 963 1550 1000 stuprum,
1566 961 1673 1000 prout

113 1009 250 1043 scilicet
272 1009 514 1043 communiter
536 1009 708 1054 accipitur
729 1019 793 1054 pro
818 1009 919 1041 omni
940 1015 1090 1054 peccato
1112 1007 1294 1049 luxuriae,
1317 1008 1411 1041 unde
1434 1017 1599 1053 stuprum
1625 1006 1674 1040 ibi

114 1063 279 1096 nominat
308 1062 541 1096 concubitum
572 1061 639 1094 viri
668 1061 853 1106 conjugati
882 1073 963 1094 cum
993 1072 1223 1106 quacumque
1245 1061 1314 1094 alia
1349 1060 1500 1094 muliere
1534 1068 1675 1106 praeter

113 1127 274 1157 uxorem,
297 1115 394 1161 quod
415 1123 513 1161 patet
534 1126 575 1148 ex
590 1115 661 1148 hoc
684 1114 780 1160 quod
799 1114 932 1148 subdit:
956 1115 1025 1148 Nec
1039 1116 1113 1148 viro
1129 1115 1214 1156 licet,
1237 1113 1322 1159 quod
1343 1114 1477 1148 mulieri
1495 1125 1561 1147 non
1577 1114 1668 1153 licet,-

112 1177 146 1202 et
159 1169 231 1202 hoc
247 1169 358 1202 modo
375 1169 483 1202 etiam
503 1168 685 1214 accipitur,
700 1167 809 1201 Num.
830 1179 870 1212 5.,
885 1167 945 1200 ubi
963 1167 1108 1202 dicitur:
1126 1167 1163 1201 Si
1177 1167 1253 1202 lutet
1267 1167 1479 1209 adulterim,
1501 1172 1532 1200 et
1549 1167 1676 1201 testibus

111 1223 208 1267 argui
232 1233 298 1255 non
318 1226 438 1268 potest,
462 1222 540 1266 quia
561 1232 625 1254 non
644 1225 688 1254 est
704 1221 837 1254 inventa
856 1222 889 1254 in
914 1225 1037 1266 stupro,
1060 1228 1126 1254 etc.

182 1275 242 1309 AD
266 1284 437 1308 TERTIUM
459 1274 664 1315 dicendum,
691 1273 787 1319 quod
814 1273 904 1307 nihil
931 1274 1107 1320 prohibet,
1135 1285 1248 1307 unum
1274 1281 1467 1320 peccatum
1489 1284 1531 1306 ex
1553 1272 1675 1318 adjun-

113 1327 231 1362 ctione
253 1327 398 1361 alterius
435 1326 632 1361 deformius
654 1326 752 1361 fieri:
786 1326 824 1361 fit
851 1335 972 1361 autem
1000 1327 1196 1361 deformius
1227 1335 1419 1373 peccatum
1448 1326 1610 1360 luxuriae
1632 1337 1674 1360 ex

111 1389 262 1426 peccato
292 1380 508 1425 injustitiae:
543 1380 625 1426 quia
658 1380 797 1414 videtur
828 1380 1122 1426 concupiscentia
1157 1391 1235 1414 esse
1268 1380 1518 1421 inordinatior,
1542 1390 1633 1425 quae
1653 1391 1673 1413 a

112 1433 382 1468 delectabilibus
400 1444 475 1467 non
498 1433 660 1474 abstinet,
677 1441 714 1466 ut
731 1433 899 1478 injuriam
920 1433 1017 1467 vitet.
1038 1433 1155 1467 Habet
1177 1441 1298 1467 autem
1322 1433 1484 1479 duplicem
1506 1432 1675 1478 injuriam

115 1498 308 1520 annexam:
324 1498 427 1520 unam
442 1486 589 1532 quidem
605 1497 648 1520 ex
662 1494 762 1532 parte
777 1486 936 1532 virginis,
959 1498 1068 1532 quarn
1085 1487 1149 1520 etsi
1164 1498 1238 1520 non
1260 1486 1297 1520 vi
1319 1493 1538 1532 corrumpat,
1553 1494 1675 1519 tamen

112 1551 194 1574 eam
215 1541 368 1582 seducit;
391 1548 425 1574 et
439 1541 489 1574 sic
505 1547 646 1574 tenetur
662 1540 694 1574 ei
715 1539 940 1582 satisfacere3
963 1540 1057 1574 unde
1080 1540 1209 1574 dicitur
1230 1540 1343 1574 Exod.
1360 1550 1432 1575 22.:
1456 1541 1492 1574 Si
1513 1539 1677 1574 seduxerit

112 1596 184 1640 quis
201 1595 367 1639 virginem
385 1593 532 1628 nondum
554 1593 790 1640 desponsatum,
811 1593 1045 1639 dormieritque
1063 1606 1137 1628 cum
1165 1606 1212 1636 ea,
1233 1594 1358 1629 dotabit
1383 1606 1466 1635 eam,
1495 1598 1522 1628 et
1548 1594 1676 1628 habebit

112 1659 270 1682 uxorem:
304 1649 331 1681 si
363 1655 484 1680 autem
507 1652 606 1693 pater
634 1647 776 1692 virginis
805 1647 882 1681 dare
907 1647 1062 1690 noluerit,
1090 1647 1198 1681 reddet
1217 1648 1395 1694 pecuniam
1418 1650 1519 1692 juxta
1542 1646 1676 1680 modum

113 1700 208 1742 dotis,
229 1711 328 1746 qnam
349 1701 494 1746 virgines
515 1701 662 1745 accipere
679 1705 936 1734 consueverunt:
959 1700 1062 1734 aliam
1081 1711 1168 1734 vero
1187 1700 1355 1745 injuriam
1373 1700 1458 1734 facit
1476 1699 1567 1746 patri
1581 1697 1678 1745 puel-

113 1753 187 1788 lae:
213 1753 306 1788 unde
329 1761 363 1787 et
385 1755 416 1787 ei
439 1753 640 1787 secundum
655 1752 775 1798 legem
788 1761 929 1786 tenetur
945 1753 987 1786 ad
1003 1764 1180 1799 poenam:
1197 1754 1325 1788 dicitur
1347 1753 1444 1787 enim
1466 1753 1573 1787 Deut.
1597 1762 1675 1786 22.:

114 1807 149 1842 Si
174 1808 338 1841 invenerit
362 1807 419 1840 vir
434 1806 580 1852 puellam
606 1807 784 1851 virginem,
811 1817 893 1851 quae
916 1818 980 1840 non
1002 1807 1098 1840 habet
1114 1813 1278 1853 sponsum,
1301 1812 1330 1841 et
1348 1806 1589 1854 apprehendens
1604 1817 1678 1840 con-

115 1861 265 1895 cubuerit
278 1871 352 1894 cum
369 1859 436 1899 illa,
455 1863 483 1893 et
496 1871 545 1893 res
559 1858 600 1892 ad
611 1858 775 1903 judicium
789 1860 924 1900 venerit,
941 1859 1031 1893 dabit
1046 1861 1102 1905 qul
1115 1859 1275 1894 dormivit
1293 1872 1367 1894 cum
1383 1871 1431 1901 ea,
1446 1859 1678 1906 patripuellae

113 1915 354 1960 quinquaginta
374 1913 467 1946 siclos
493 1913 634 1958 argenti,
650 1917 678 1946 et
699 1912 827 1946 habebit
845 1924 916 1946 eam
934 1925 1092 1947 uxorem:
1119 1918 1150 1947 et
1175 1915 1254 1959 quia
1275 1914 1466 1947 humiliavit
1484 1913 1590 1954 illam,
1612 1923 1679 1946 non

107 1968 229 2013 poterit
251 1966 413 2000 dimittere
431 1977 500 2000 eam
521 1966 643 1999 cunctis
664 1964 774 1999 diebus
799 1967 889 1999 vitae
913 1977 1010 2000 suae:
1040 1974 1074 1999 et
1094 1966 1166 2000 hoc
1196 1966 1277 2000 ideo
1304 1978 1378 2000 non
1404 1966 1569 2000 videatur
1590 1964 1678 1999 ludi-

112 2020 232 2053 brium
253 2018 392 2060 fecisse,
415 2026 453 2052 ut
476 2018 629 2064 August.
652 2017 738 2052 dicit
759 2018 812 2063 (in
839 2018 895 2052 lib.
913 2019 991 2063 QQ.
1017 2020 1049 2052 in
1070 2019 1170 2053 Dent.
1190 2031 1219 2065 q.
1235 2019 1317 2065 34).

663 2157 1005 2201 ARTICULUS
1040 2159 1139 2201 VII.
1610 2171 1675 2215 748

175 2265 328 2295 UTRUM
359 2264 526 2294 RAPTUS
560 2265 627 2293 stT
661 2265 831 2294 SPECIES
858 2266 1078 2295 LUXURIAE
1111 2266 1350 2296 DISTINCTA
1377 2266 1404 2295 A
1432 2266 1616 2296 sTUPRo.

140 2354 259 2401 (Supr.
278 2358 341 2387 art.
364 2365 392 2388 Ι.
414 2357 441 2386 et
461 2364 494 2396 4.
516 2353 604 2387 Dist.
626 2364 676 2397 41.
700 2358 763 2387 art.
785 2365 818 2397 4.
841 2365 869 2399 q.
893 2366 919 2388 1.
939 2359 968 2388 et
985 2367 1015 2399 q.
1034 2366 1065 2388 2.
1087 2359 1116 2388 et
1137 2354 1178 2388 ad
1197 2354 1229 2389 6.
1249 2359 1279 2388 et
1293 2354 1376 2388 Mal.
1399 2366 1429 2399 q.
1451 2365 1495 2398 15.
1514 2358 1579 2387 art.
1595 2353 1651 2398 3.).

186 2443 246 2477 AD
269 2452 461 2476 SEPTIMUM
482 2441 532 2475 sic
554 2442 770 2487 proceditur.
792 2442 954 2484 Videtur,
973 2443 1069 2489 quod
1097 2450 1217 2488 raptus
1244 2453 1318 2476 non
1341 2442 1384 2476 sit
1415 2441 1552 2486 species
1573 2440 1672 2475 luxu-

117 2497 190 2530 riae
212 2495 378 2529 distincta
400 2505 420 2528 a
441 2502 584 2540 stupro:
607 2495 692 2529 dicit
713 2495 811 2529 enim
836 2495 918 2529 Isid.
941 2496 976 2529 in
998 2495 1057 2529 lib.
1085 2506 1111 2540 ς.
1134 2495 1343 2541 Etymolog.
1365 2495 1456 2541 (cap.
1475 2494 1561 2539 26),
1578 2494 1675 2540 quod

120 2562 137 2580 α
159 2556 335 2594 stuprum,
356 2547 448 2581 idest
474 2555 606 2593 raptus,
633 2549 775 2594 proprie
802 2556 855 2582 est
880 2547 1026 2582 illicitus
1049 2549 1164 2582 coitus
1196 2560 1215 2581 a
1244 2547 1511 2593 corrumpendo
1539 2547 1676 2582 dictus:

117 2603 212 2636 unde
235 2610 269 2636 et
290 2602 351 2647 qui
376 2609 479 2647 raptu
513 2602 658 2647 potitur,
685 2610 807 2648 stupro
832 2601 960 2636 fruitur
980 2615 1021 2645 »3
1049 2613 1135 2648 ergo
1157 2601 1308 2643 videtur,
1335 2601 1432 2647 quod
1458 2609 1578 2647 raptus
1605 2612 1679 2635 non

117 2656 246 2690 debeat
266 2655 354 2701 poni
373 2655 511 2700 species
532 2654 692 2689 luxuriae
715 2667 734 2689 a
755 2664 878 2701 stupro
901 2656 1078 2691 distincta.

189 2718 221 2742 2.
244 2708 479 2742 PRAETEREA.
507 2708 643 2753 Raptus
664 2708 804 2742 videtur
837 2709 1034 2754 quamdam
1067 2708 1277 2742 violentiam
1314 2708 1527 2754 importare:
1551 2707 1680 2749 dicitur

119 2761 216 2795 enim
237 2761 274 2794 in
294 2760 458 2794 Decretis
482 2758 535 2805 36.
558 2772 590 2806 q.
617 2772 645 2794 1.
669 2761 719 2804 (in
741 2761 878 2807 append.
905 2762 1001 2796 Grat.
1025 2761 1067 2795 ad
1093 2768 1163 2807 cap.
1179 2775 1188 2796 :
1207 2762 1276 2795 Lex
1298 2762 1385 2807 illa),
1409 2761 1505 2807 quod
1523 2773 1541 2792 ‹<
1559 2768 1679 2806 raptus

119 2814 370 2855 committitur,
393 2825 477 2847 cum
498 2813 618 2859 puella
638 2813 815 2848 violenter
837 2826 856 2848 a
883 2815 994 2849 domo
1022 2815 1130 2860 patris
1159 2814 1357 2856 abducitur,
1385 2822 1423 2848 ut
1450 2822 1617 2860 corrupta
1644 2815 1680 2848 in

119 2878 270 2901 uxorem
290 2867 466 2901 habeatur
487 2878 528 2900 »z
552 2867 613 2901 sed
627 2867 711 2909 hoc,
728 2868 824 2913 quod
845 2867 1018 2902 violentia
1041 2868 1146 2902 alicui
1168 2867 1350 2910 inferatur,
1369 2879 1430 2914 per
1453 2867 1620 2902 accidens
1642 2878 1679 2901 se
