1859 3122
175 180 260 235 478
587 190 807 225 QUAEsrto
840 190 956 219 Lxrv.
989 190 1233 220 ARTICULUS
1265 190 1322 219 v1.

176 272 307 307 catoris
328 272 368 306 fit
388 271 486 305 licita
507 282 571 317 per
593 272 906 317 comparationem
924 271 968 304 ad
985 271 1122 304 bonum
1139 281 1346 312 commune,
1361 270 1458 316 quod
1472 281 1534 316 per
1547 278 1737 315 peccatum

176 325 435 374 corrumpitur:
457 325 531 358 vita
553 332 674 358 autem
695 325 874 369 justorum
897 332 948 358 est
971 324 1233 365 conservativa,
1256 331 1290 357 et
1310 323 1516 368 promotiva
1537 323 1625 357 boni
1642 334 1743 357 com*

175 379 313 413 munis:
338 378 420 424 quia
443 378 510 423 ipsi
530 386 612 411 sunt
632 376 866 423 principalior
887 388 968 422 pars
983 376 1243 418 multitudinis;
1263 384 1298 410 et
1310 376 1393 410 ideo
1408 375 1509 410 nuno
1528 377 1640 410 modo
1654 376 1739 410 licet

176 431 344 466 occidere
366 431 611 465 innocentem.

247 486 307 519 AD
325 495 474 519 PRIMUM
490 495 576 529 ergo
600 483 805 525 dicendum,
828 483 925 529 quod
946 483 1046 517 Deus
1063 483 1173 516 habet
1194 482 1396 516 dominium
1417 482 1555 524 mortis,
1575 490 1609 516 et
1625 484 1738 518 vitae:

177 540 251 583 ejus
275 539 372 572 enim
395 537 622 572 ordinatione
637 537 841 570 moriuntur
863 543 897 570 et
918 544 1140 582 peccatores,
1164 543 1197 570 et
1219 536 1319 580 justi3
1343 544 1376 570 et
1391 535 1473 569 ideo
1489 535 1549 569 ille
1567 535 1628 581 qui
1642 546 1740 569 man-

176 593 260 626 dato
282 592 353 625 Dei
381 591 514 625 occidit
544 590 789 631 innocentem,
821 589 901 623 talis
932 601 1006 623 non
1036 598 1180 635 peccat;
1207 589 1299 623 sicut
1324 600 1392 623 nec
1421 589 1534 630 Deus,
1560 589 1660 634 cujus
1687 596 1740 623 est

176 653 364 686 executor3
386 652 421 678 et
442 644 641 678 ostenditur
661 643 783 676 Deum
804 643 943 684 timere,
967 644 1042 687 ejus
1064 642 1242 676 mandatis
1265 642 1447 676 obediens.

247 698 306 732 AD
334 707 540 732 SECUNDUM
563 697 768 737 dicendum,
791 696 888 742 quod
910 697 945 730 in
969 696 1151 741 pensanda
1174 696 1348 741 gravitate
1376 697 1516 740 peccati
1543 695 1660 741 magis
1687 702 1741 730 est

177 751 480 785 considerandum
502 750 536 783 id
559 749 655 795 quod
679 758 731 783 est
751 760 813 795 per
834 760 882 791 se,
906 761 1015 795 quam
1038 750 1072 782 id
1096 749 1192 794 quod
1215 757 1267 783 est
1285 760 1348 795 per
1363 749 1549 790 accidens,
1568 748 1663 782 unde
1680 747 1739 782 ille

176 805 237 851 qui
255 804 389 838 occidit
411 805 556 848 justum,
579 803 723 849 gravius
745 811 881 848 peccat,
904 815 1013 848 quam
1035 802 1094 836 ille
1118 803 1178 848 qui
1200 802 1335 836 occidit
1351 810 1606 848 peccatorem:
1626 803 1740 848 primo

177 857 334 904 quidem,
357 857 439 903 quia
461 865 570 891 nocet
591 856 635 898 ei,
658 867 766 902 quem
788 856 867 902 plus
890 856 995 890 debet
1017 856 1186 902 diligere:
1209 864 1243 890 et
1264 856 1314 890 ita
1334 856 1451 902 magis
1477 864 1604 890 contra
1629 856 1742 890 chari-

175 919 288 945 tatem
311 910 401 956 agit:
419 910 568 951 secundo,
592 909 675 955 quia
694 910 863 954 injuriam
877 909 983 943 infert
998 910 1041 950 ei,
1057 910 1117 955 qui
1132 917 1185 944 est
1203 909 1321 943 minus
1338 909 1485 955 dignus:
1503 917 1537 943 et
1554 910 1603 943 ita
1624 909 1741 955 magis

177 972 302 998 contra
324 963 496 1009 justitiam
519 963 610 1009 agit:
635 964 743 1004 tertio,
767 963 850 1008 quia
872 964 987 1008 privat
1010 963 1313 997 communitatem
1327 963 1588 1008 majoribono:
1608 968 1740 1008 quarto,

177 1018 261 1064 quia
282 1017 399 1062 magis
421 1017 543 1050 Deum
566 1015 778 1057 contemnit,
800 1015 999 1049 secundum
1021 1015 1109 1049 illud
1132 1016 1252 1050 Lucae
1280 1026 1353 1050 10.:
1378 1016 1449 1060 Qui
1468 1028 1526 1050 vos
1538 1017 1677 1062 spernit,
1692 1028 1742 1050 m:

175 1072 321 1117 spernit,-
351 1070 447 1116 quod
468 1078 589 1103 autem
611 1071 722 1114 justus
746 1069 887 1103 occisus
911 1069 954 1102 ad
977 1069 1132 1114 gloriam
1155 1070 1370 1115 perducatur
1396 1080 1416 1103 a
1443 1069 1538 1111 Deo,
1564 1080 1627 1114 per
1653 1070 1743 1103 acci-

177 1125 265 1158 dens
287 1136 324 1158 se
345 1124 454 1157 habet
476 1123 519 1156 ad
542 1123 778 1157 occisionem.

248 1178 307 1211 AD
331 1187 501 1211 TERTIUM
521 1176 725 1216 dicendum,
749 1175 842 1221 quod
867 1175 984 1220 judex,
1007 1175 1035 1209 si
1057 1176 1125 1210 scit
1147 1175 1305 1222 aliquem
1323 1175 1559 1210 innocentem
1575 1186 1663 1217 esse,
1679 1175 1741 1221 qui

176 1231 274 1265 falsis
293 1231 441 1264 testibus
464 1229 701 1268 convincitur,
726 1229 830 1263 debet
852 1228 1056 1274 diligentius
1080 1229 1286 1263 examinare
1307 1236 1426 1270 testes,
1446 1237 1484 1262 ut
1500 1229 1661 1263 inveniat
1686 1239 1744 1262 oc-

178 1286 363 1318 casionem
384 1283 559 1316 liberandi
580 1283 786 1324 innoxium3
817 1282 907 1316 sicut
929 1281 1061 1316 Daniel
1082 1281 1184 1316 fecit:
1219 1282 1248 1316 si
1270 1290 1391 1315 autem
1413 1282 1483 1316 hoc
1511 1293 1586 1315 non
1612 1289 1742 1327 potest,

178 1338 283 1371 debet
305 1349 386 1371 eum
408 1336 589 1382 superiori
610 1336 811 1382 relinquere
833 1336 1083 1380 judicandum:
1116 1336 1145 1370 si
1172 1344 1292 1369 autem
1319 1346 1385 1369 nec
1412 1336 1484 1369 hoc
1512 1343 1641 1381 potest,
1667 1347 1741 1369 non

176 1399 305 1437 peccat
325 1390 525 1424 secundum
547 1389 702 1435 allegata
723 1389 940 1423 senteutiam
961 1387 1098 1422 ferens:
1122 1389 1207 1434 quia
1229 1389 1304 1434 ipse
1326 1400 1401 1422 non
1420 1388 1553 1422 occidit
1573 1389 1743 1423 innocen-

176 1453 262 1485 tem,
284 1443 345 1477 sed
366 1443 419 1477 illi
440 1443 500 1488 qui
527 1454 610 1476 eum
638 1451 801 1476 asserunt
827 1450 1042 1476 nocentem:
1074 1442 1237 1476 minister
1267 1450 1388 1475 autem
1418 1442 1545 1486 judicis
1575 1442 1744 1476 condem-

178 1497 295 1531 nantis
325 1497 570 1537 innocentem,
592 1496 622 1529 si
643 1496 819 1530 sententia
840 1494 1105 1529 intolerabilem
1128 1506 1289 1528 errorem
1317 1494 1512 1536 contineat,
1538 1506 1613 1528 non
1639 1494 1745 1529 debet

179 1550 344 1584 obedire:
368 1549 455 1584 alias
477 1557 732 1583 excusarentur
754 1548 952 1590 carnifices,
975 1549 1035 1594 qui
1057 1548 1232 1594 Martyres
1256 1548 1484 1582 occiderunt:
1507 1548 1536 1582 si
1557 1559 1642 1582 vero
1668 1559 1744 1582 non

179 1604 363 1638 contineat
383 1602 613 1637 manifestam
634 1602 858 1647 injustitiam,
885 1613 960 1635 non
989 1610 1116 1646 peccat
1136 1609 1369 1647 praeceptum
1400 1600 1633 1646 exequendo3
1660 1601 1744 1646 quia

176 1658 253 1703 ipse
274 1668 348 1690 non
370 1656 479 1690 habet
501 1656 678 1690 discutere
697 1655 891 1701 superioris
909 1655 1149 1697 sententiam3
1171 1665 1238 1688 nec
1254 1654 1329 1700 ipse
1350 1654 1484 1688 occidit
1497 1654 1742 1696 innocentem,

177 1711 239 1744 sed
261 1711 378 1756 judex,
398 1709 455 1743 cui
477 1709 717 1743 ministerium
739 1709 894 1742 exhibet.
926 1741 930 1747 ,

726 1850 1070 1895 ARTICULUS
1105 1851 1203 1894 VH.
1673 1859 1738 1906 362

249 1961 401 1991 UTRUM
428 1961 586 1990 LICEAT
614 1959 763 1989 Artem
791 1959 1013 1989 occmERE
1040 1958 1254 1997 ALIQUEM,
1284 1958 1331 1986 SE
1360 1957 1673 1987 DEFENDENDO.

549 2047 600 2091 (4.
622 2047 710 2080 Dist.
733 2057 780 2091 25.
804 2057 832 2091 q.
856 2057 887 2080 2.
910 2050 974 2079 ast.
997 2057 1027 2079 2.
1051 2057 1080 2090 q.
1103 2056 1134 2079 2.
1157 2044 1198 2078 ‹er
1220 2056 1250 2078 2.
1273 2049 1303 2079 et
1321 2045 1376 2090 3).

253 2136 310 2169 AD
334 2145 526 2169 SEPTIMUM
548 2134 597 2167 sic
620 2134 837 2179 proceditur.
860 2133 1022 2174 Videtur,
1045 2133 1140 2178 quod
1161 2133 1250 2166 nulii
1265 2132 1373 2166 liceat
1388 2133 1553 2166 occidere
1574 2132 1744 2178 aliquem,

180 2200 217 2223 se
241 2188 478 2229 defendendo,
502 2187 586 2220 dicit
609 2187 706 2220 enim
733 2187 886 2232 August.
910 2186 952 2219 ad
982 2186 1206 2220 Publicolam
1231 2187 1340 2232 (epist.
1368 2198 1424 2231 49.
1452 2187 1494 2220 ol.
1520 2197 1586 2231 154.
1614 2190 1643 2220 et
1667 2186 1742 2220 hab.

180 2248 253 2288 cap.
277 2242 308 2276 6.
336 2253 383 2287 23.
407 2253 435 2286 cy.
454 2241 520 2286 5.):
547 2240 634 2273 «De
658 2240 864 2273 occidendis
887 2239 1106 2280 hominibus,
1128 2251 1173 2273 ne
1197 2240 1238 2272 ab
1262 2240 1312 2273 eis
1332 2240 1521 2285 quisquam
1549 2238 1746 2281 occidatur,

179 2306 253 2328 non
275 2295 365 2328 inihi
386 2293 504 2340 placet
526 2293 731 2333 consilium,
747 2293 814 2326 nisi
829 2291 920 2326 forte
940 2293 984 2326 sit
1002 2292 1117 2333 miles,
1138 2301 1197 2325 aut
1211 2293 1355 2337 publica
1370 2292 1555 2326 functione
1570 2300 1744 2333 teneatur,

180 2357 217 2382 ut
235 2359 309 2382 non
331 2359 396 2394 pro
419 2359 456 2381 se
478 2347 549 2380 hoc
569 2345 687 2386 faciat,
708 2346 768 2379 sed
791 2357 855 2391 pro
872 2345 960 2386 aliis,
981 2354 1129 2390 accepta
1143 2345 1305 2391 legitima
1320 2353 1509 2391 potestate,
1524 2345 1553 2379 si
1572 2346 1647 2390 ejus
1663 2355 1746 2379 con-

179 2410 283 2448 gruat
304 2412 478 2447 personae
494 2413 529 2434 »z
553 2399 615 2433 sed
638 2399 696 2432 ille
720 2399 779 2444 qui
801 2410 838 2432 se
859 2397 1094 2443 ,defendendo
1130 2399 1263 2432 occidit
1291 2399 1462 2444 aliquem,
1489 2399 1533 2432 ad
1559 2399 1631 2432 hoc
1659 2408 1743 2431 eum

182 2455 326 2496 occidit,
348 2466 392 2488 ne
415 2454 489 2500 ipse
513 2453 554 2486 ab
578 2464 620 2486 eo
644 2452 847 2493 occidatur3
870 2462 956 2495 ergo
980 2452 1049 2484 hoc
1072 2451 1212 2485 videtur
1234 2463 1311 2485 esse
1332 2451 1508 2485 illicitum.

253 2519 282 2542 2.
306 2508 541 2542 PRAETEREA.
565 2506 603 2539 In
631 2516 657 2539 1.
682 2505 724 2538 de
748 2505 824 2538 Lib.
848 2505 933 2537 Arb.
959 2504 1046 2550 (cap.
1066 2505 1112 2549 5.)
1141 2505 1286 2539 dicitur:
1313 2517 1331 2536 «
1354 2504 1557 2544 Quomodo
1581 2504 1672 2550 apud
1695 2503 1746 2538 di-

181 2563 303 2595 vinam
325 2559 586 2607 providentiam
612 2570 631 2592 a
653 2566 803 2604 peccato
827 2557 929 2590 liberi
950 2566 1042 2598 sunt,
1067 2558 1126 2603 qui
1149 2569 1213 2603 pro
1236 2558 1291 2591 his
1314 2558 1429 2599 rebus,
1449 2569 1537 2603 quas
1560 2557 1746 2590 contemni

138 2651 141 2652 ⁷
182 2622 334 2661 oportet,
349 2615 509 2647 humana
526 2612 634 2646 caede
650 2611 778 2657 polluti
794 2610 897 2644 sunt?
915 2624 931 2642 >³
947 2623 954 2644 :
971 2622 1030 2644 eas
1046 2619 1167 2644 autem
1182 2622 1238 2644 res
1254 2611 1340 2644 dicit
1357 2622 1434 2645 esse
1450 2609 1746 2651 contemnendas,

185 2679 272 2714 quas
287 2667 455 2701 homines
474 2666 575 2699 inviti
592 2665 754 2698 amittere
771 2672 932 2709 possunt,
948 2672 985 2697 ut
1004 2675 1046 2697 ex
1062 2664 1266 2708 praemissis
1284 2671 1380 2709 patet
1390 2663 1474 2708 (eod.
1486 2665 1594 2710 cap.):
1613 2663 1746 2697 horum

183 2730 303 2755 autem
326 2720 560 2766 praecipuum
583 2726 635 2752 est
655 2718 727 2751 vita
751 2716 965 2762 corporali53
994 2728 1080 2762 ergo
1107 2728 1171 2762 pro
1195 2717 1442 2750 conservanda
1463 2718 1538 2750 vita
1560 2715 1742 2762 corporali

182 2773 271 2808 nulli
295 2774 433 2807 licitum
457 2781 509 2806 cst
530 2771 720 2805 hominem
747 2770 927 2804 occidere.

257 2838 285 2872 3.
308 2826 543 2860 PRAETEREA.
567 2823 741 2858 Nicolaus
763 2823 788 2856 I.
811 2822 908 2868 Papa
933 2822 983 2865 (in
1009 2822 1155 2863 dees-ctis,
1180 2824 1228 2856 tit.
1255 2823 1291 2857 de
1323 2823 1480 2867 Clericis)
1503 2822 1598 2864 dicit,
1624 2830 1660 2855 ut
1682 2821 1747 2855 ha—

182 2881 285 2914 betur
306 2879 341 2912 in
364 2879 527 2912 Decretis
550 2878 640 2911 Dist.
668 2887 718 2922 50.
743 2876 828 2922 (cap.
857 2875 928 2920 6.):
961 2889 977 2906 κ
993 2875 1048 2909 De
1080 2875 1244 2918 Clericis,
1275 2888 1339 2922 pro
1372 2877 1499 2922 quibus
1522 2875 1746 2919 consuluisti,
