1859 3122
453 177 674 213 QUAEsno
708 176 839 206 xtvn.
873 176 1117 206 ARTicULth
1150 176 1210 206 111.
1530 175 1549 217 3
1559 175 1612 217 57

599 348 944 392 ARTICULUS
976 348 1054 391 III.
1547 357 1615 393 260

210 457 363 487 UTRUM
394 457 643 487 PRUDENTIA
677 456 743 485 SIT
778 456 1110 486 COGNOSCITIVA
1142 457 1453 487 SINGULARIUM.

124 546 228 592 (Infr.
251 550 313 580 art.
339 557 380 591 15.
404 552 491 591 corp.
515 551 544 580 ct
564 557 593 591 q.
615 556 672 590 49.
694 550 758 579 art.
780 556 811 579 2.
834 544 876 579 ad
896 557 923 580 Ι.
946 550 975 579 et
996 550 1059 579 art.
1077 556 1105 591 5.
1130 544 1171 579 ad
1188 557 1219 580 2.
1239 550 1266 580 at
1287 550 1352 580 art.
1374 556 1402 591 7.
1422 545 1543 592 corp).

125 635 186 669 AD
209 643 380 668 TERT1UM
399 633 448 667 sic
472 632 851 679 proceditur.Videtur‚
877 633 974 679 quod
996 633 1183 679 prudentia
1204 644 1279 666 non
1301 633 1346 667 sit
1367 633 1615 677 cognoscitiva

53 687 309 733 singularium:
334 687 521 732 prudentia
543 687 639 720 enirn
662 694 715 720 est
736 686 771 720 in
792 687 944 728 ratione,
967 694 1005 720 ut
1027 687 1163 720 dictum
1185 694 1238 720 est
1254 686 1332 730 (art.
1348 699 1374 721 I.
1390 687 1458 731 lmj.
1474 688 1537 731 q.):
1553 687 1615 720 sed

54 743 144 776 ratio
167 749 220 776 est
241 740 509 782 universalium,
532 748 570 774 ut
591 740 719 774 dicitur
741 740 776 773 in
802 751 828 774 1.
851 740 995 786 Physic.
1017 740 1095 784 (tex.
1111 741 1200 786 49.);
1221 751 1308 785 ergo
1331 740 1519 785 prudentia
1541 751 1615 773 non

54 804 107 830 est
128 795 377 840 cognoscitiva
398 794 467 828 nisi
492 793 760 827 universalium.

125 859 156 882 2.
184 849 420 883 PRAETEREA.
449 846 652 892 Singularia
686 855 768 880 sunt
789 846 946 882 infinita:
969 847 1031 880 sed
1056 846 1195 880 infinita
1227 858 1302 880 non
1335 855 1486 893 possunt
1519 858 1617 880 com-

53 902 227 950 prehendi
243 913 262 935 a
276 902 434 943 ratione3
457 912 544 946 ergo
567 900 766 947 prudentia,
785 912 876 946 quae
893 909 945 934 est
959 901 1050 934 ratio
1072 908 1180 942 recta,
1199 911 1273 934 non
1296 908 1349 934 est
1366 899 1616 945 singularium.

127 967 156 1001 3.
178 956 414 990 PRAETEREA.
437 953 672 988 Particularia
693 965 757 1000 per
771 965 915 988 sensum
940 962 1229 999 cognoscuntur:
1252 954 1314 987 sed
1333 954 1520 998 prudentia
1538 965 1613 987 non

54 1017 107 1044 est
132 1009 168 1042 in
190 1020 315 1043 sensu:
338 1007 443 1041 multi
470 1007 566 1041 enim
594 1007 769 1041 habentes
799 1018 924 1041 sensus
955 1007 1150 1041 exteriores
1171 1007 1410 1053 perspicaces,
1432 1018 1508 1041 non
1535 1015 1617 1041 sunt

54 1062 266 1109 prudentes3
289 1073 377 1107 ergo
400 1060 588 1107 prudentia
610 1072 684 1094 non
707 1069 760 1095 est
781 1060 1032 1106 singularium.

125 1116 200 1150 SED
223 1125 378 1150 CONTRA
401 1122 463 1156 est,
486 1114 583 1160 quod
605 1113 741 1148 Philos.
764 1114 850 1148 dicit
870 1114 906 1147 in
933 1113 964 1148 6.
986 1114 1102 1148 Ethic.
1125 1114 1210 1160 (cap.
1234 1114 1294 1160 7.),
1317 1115 1414 1160 quod
1429 1115 1616 1161 prudentia

53 1180 127 1204 non
149 1177 202 1203 est
224 1167 481 1202 universalium
503 1166 636 1209 solum,
658 1167 720 1201 sed
747 1175 890 1213 oportet
912 1167 1020 1201 etiam
1043 1167 1240 1213 singularia
1262 1179 1497 1214 cognoscere.

125 1222 354 1257 RESPONDEO
377 1221 582 1262 dicendum,
602 1220 710 1266 quod,
733 1220 825 1254 sicut
846 1232 952 1266 supra
974 1221 1111 1255 dictum
1135 1229 1188 1254 est
1210 1221 1290 1265 (art.
1310 1234 1337 1256 r.
1360 1221 1428 1267 huj.
1449 1233 1478 1267 q.
1502 1222 1543 1256 ad
1556 1222 1615 1268 3),

53 1276 97 1310 ad
119 1275 347 1322 prudentiam
368 1274 522 1321 pertinet
534 1285 608 1307 non
623 1273 743 1308 solum
766 1274 1008 1308 consideratio
1032 1274 1193 1316 rationis,
1215 1275 1277 1308 sed
1297 1275 1406 1308 etiam
1422 1275 1615 1321 applicatio

54 1329 98 1363 ad
119 1340 223 1374 opus,
246 1339 337 1374 quae
360 1335 413 1361 est
432 1327 513 1361 finis
535 1327 714 1373 practicae
737 1327 903 1361 rationis:
927 1327 1046 1361 nullus
1070 1336 1191 1361 autem
1217 1336 1336 1374 potest
1358 1329 1617 1363 convenienter

54 1382 156 1416 alteri
178 1381 310 1427 aliquid
333 1380 525 1427 applicare,
546 1381 616 1414 nisi
641 1389 833 1426 utrumque
864 1389 1082 1426 cognoscat,
1113 1381 1251 1416 scilicet
1273 1390 1308 1416 et
1327 1382 1362 1416 id
1385 1383 1482 1428 quod
1509 1382 1617 1428 appli-

55 1435 211 1470 candum
233 1443 297 1476 est,
324 1442 358 1468 et
378 1434 414 1467 id
441 1434 499 1468 cui
520 1434 775 1480 applicandum
793 1443 860 1468 est:
882 1435 1112 1480 operationes
1139 1444 1262 1469 autem
1289 1444 1371 1470 sunt
1396 1437 1431 1469 in
1459 1436 1617 1482 singula-

54 1489 169 1531 ribus;
192 1496 227 1522 et
246 1488 328 1521 ideo
351 1498 498 1521 necesse
525 1495 588 1529 est,
612 1488 708 1533 quod
727 1484 882 1533 prudens
910 1496 944 1522 et
970 1496 1171 1533 cognoscat
1197 1489 1414 1523 universalia
1440 1490 1617 1536 principia

53 1541 215 1583 rationis,
237 1549 272 1575 et
293 1548 494 1586 cognoscat
514 1540 722 1586 singularia,
745 1541 840 1574 circa
862 1553 954 1587 quae
976 1550 1057 1576 sunt
1079 1542 1320 1587 operationes.

125 1595 185 1629 AD
206 1605 356 1629 PRIMUM
371 1604 457 1639 ergo
473 1593 678 1635 dicendum,
693 1594 789 1639 quod
811 1595 902 1628 ratio
925 1595 1043 1640 primo
1066 1595 1224 1640 quidem,
1247 1603 1281 1629 et
1299 1596 1542 1642 principaliter
1565 1605 1618 1631 est

53 1648 331 1683 universalium:
358 1654 477 1693 potest
502 1654 623 1680 tamen
651 1646 872 1681 universales
900 1648 1058 1682 rationes
1086 1648 1129 1681 ad
1156 1648 1388 1694 particularia
1416 1649 1616 1696 applicare3

54 1701 149 1735 unde
171 1701 472 1747 syllogismorum
495 1699 749 1734 conclusiones
764 1712 838 1734 non
853 1700 973 1734 solum
991 1709 1073 1735 sunt
1087 1701 1320 1744 universales,
1335 1702 1397 1737 sed
1412 1703 1521 1737 etiam
1543 1715 1620 1748 par—

54 1755 240 1797 ticulares;
263 1754 346 1800 quia
360 1753 563 1787 intellectus
578 1765 639 1799 per
655 1754 850 1799 quamdam
873 1754 1107 1788 reflexionem
1127 1766 1163 1789 se
1179 1755 1224 1788 ad
1238 1756 1429 1790 materiam
1449 1756 1616 1799 extendit,

55 1816 94 1843 ut
115 1809 243 1842 dicitur
266 1808 301 1841 in
327 1819 355 1853 3.
378 1807 421 1841 de
444 1807 579 1840 Anima
603 1807 679 1850 (tex.
706 1807 788 1851 10).

126 1863 186 1896 AD
209 1871 417 1896 SECUNDUM
443 1860 647 1902 dicendum,
670 1861 766 1906 quod
786 1861 868 1907 quia
890 1861 1044 1895 infinitas
1064 1862 1302 1908 singularium
1322 1874 1397 1897 non
1424 1872 1542 1910 potest
1568 1875 1618 1897 ra-

55 1916 155 1950 tione
175 1915 336 1949 humana
360 1914 637 1959 comprehendi3
660 1914 742 1948 inde
765 1922 818 1948 est
839 1914 935 1960 quod
957 1923 1039 1948 sunt
1060 1917 1204 1950 incertas
1216 1917 1449 1962 providentiae
1476 1923 1615 1959 nostrae,

55 1976 94 2003 ut
115 1969 242 2003 dicitur
265 1968 348 2014 Sap.
371 1979 423 2014 9.:
445 1975 568 2001 tamen
590 1978 652 2013 per
674 1968 928 2013 experientiam
951 1968 1146 2014 singularia
1167 1969 1306 2004 infinita
1327 1971 1549 2005 reducuntur
1574 1971 1617 2005 ad

56 2022 176 2069 aliqua
196 2022 306 2063 finita,
329 2032 421 2067 quae
444 2029 481 2055 ut
501 2021 538 2054 in
558 2020 718 2067 pluribus
742 2021 926 2064 accidunt3
950 2033 1105 2068 quorum
1128 2023 1290 2068 cognitio
1317 2023 1448 2058 sufficit
1474 2025 1517 2058 ad
1540 2036 1618 2071 pru-

55 2075 215 2110 dentiam
236 2075 448 2109 humanam.

126 2129 187 2163 An
209 2139 381 2163 TERTIUM
399 2128 604 2169 dicendum,
627 2128 734 2173 quod,
756 2127 848 2162 sicut
861 2128 997 2163 Philos.
1014 2129 1099 2163 dicit
1113 2129 1149 2163 in
1172 2128 1203 2163 6.
1219 2129 1334 2165 Ethic.
1353 2131 1439 2177 (cap.
1455 2132 1515 2175 8.),
1539 2143 1617 2178 pru-

58 2182 179 2216 dentia
199 2193 274 2216 non
297 2182 461 2215 consistit
481 2181 516 2214 in
539 2192 645 2215 sensu
669 2182 848 2224 exteriori,
876 2193 947 2228 quo
975 2183 1233 2228 cognoscimus
1255 2184 1436 2218 sensibilia
1461 2186 1617 2231 propria,

58 2235 121 2270 sed
141 2235 178 2268 in
200 2246 306 2269 sensu
328 2234 502 2275 interiori,
525 2235 584 2279 qui
605 2233 785 2279 perficitur
798 2246 862 2280 per
876 2236 1106 2277 memoriam,
1130 2245 1164 2270 et
1178 2248 1241 2282 per
1263 2239 1550 2283 experimentum
1573 2239 1616 2272 ad

57 2297 223 2334 prompte
236 2288 470 2333 judicandum
485 2288 527 2321 de
541 2287 814 2332 particularibus
829 2289 998 2334 expertis:
1021 2300 1096 2322 non
1110 2298 1232 2324 tamen
1247 2291 1296 2324 ita
1318 2291 1414 2336 quod
1429 2292 1617 2336 prudentia

57 2341 102 2375 sit
120 2341 157 2374 in
179 2352 285 2375 sensu
306 2341 478 2382 interiori,
505 2340 596 2374 sicut
621 2340 656 2374 in
683 2341 846 2386 subjecto
872 2342 1080 2388 principali:
1108 2343 1170 2377 sed
1197 2343 1442 2390 principaliter
1468 2344 1614 2390 quidem

57 2402 110 2429 est
136 2394 173 2428 in
201 2395 352 2436 ratione,
382 2405 444 2440 per
474 2393 670 2439 quamdam
692 2402 812 2428 autem
835 2394 1117 2441 applicationem
1138 2397 1309 2442 pertingit
1335 2397 1379 2431 ad
1406 2397 1617 2443 hujusmodi

57 2459 214 2482 sensum.

612 2565 956 2610 ARTICULUS
990 2566 1066 2609 IV.
1549 2577 1611 2613 261

481 2662 633 2691 UTRUM
659 2663 907 2693 PRUDENTIA
932 2663 998 2692 SIT
1025 2663 1195 2693 VIRTUS.

131 2739 232 2785 (Infr.
254 2750 340 2784 φῇ.
363 2743 427 2773 art.
449 2750 476 2773 1.
496 2737 538 2772 ad
554 2750 581 2773 Ι.
604 2743 634 2773 et
650 2750 715 2773 1-2.
742 2751 772 2784 q.
791 2750 842 2785 37.
863 2744 929 2774 art.
951 2751 979 2785 5.
1006 2739 1048 2773 ad
1065 2751 1092 2785 3.
1115 2744 1143 2774 et
1164 2751 1192 2784 q.
1214 2739 1264 2774 61.
1287 2744 1352 2773 art.
1374 2751 1402 2774 Ι.
1424 2740 1542 2786 corp).

130 2819 189 2854 AD
212 2830 399 2859 QUARTUM
422 2820 472 2854 sic
492 2820 707 2866 proceditur.
727 2821 889 2864 Videtur,
908 2821 1004 2868 quod
1027 2821 1216 2867 prudentia
1237 2831 1311 2854 non
1326 2821 1371 2854 sit
1383 2820 1510 2855 virtus:
1531 2821 1616 2856 dicit

60 2875 157 2908 enirn
171 2874 323 2919 August.
346 2874 381 2908 in
412 2885 439 2908 1.
461 2874 504 2909 de
527 2875 602 2910 Lib.
626 2874 712 2910 Arb.
730 2875 816 2921 (cap.
838 2877 912 2922 13),
928 2875 1025 2922 quod
1039 2874 1227 2921 prudentia
1250 2881 1302 2908 est
1320 2873 1615 2920 appetendarum,

202 2955 230 2981 S.
251 2955 372 2981 Tuomst
396 2956 500 2981 Summa
526 2956 685 2991 Theologica.
707 2957 771 2983 Vol.
795 2957 846 2983 ΙΙΙ.
1441 2963 1474 2987 24
