1859 3122
537 138 757 174 QUAESTIO
791 138 861 167 XX.
896 137 1139 168 ARTICULUS
1172 137 1198 166 Ι.
1542 124 1616 178 163

141 235 169 269 3.
191 222 426 256 PRAETEREA.
450 219 488 255 Si
510 220 712 267 desperatio
739 228 832 254 esset
859 227 1061 266 peccatum,
1088 219 1196 254 etiam
1223 218 1400 253 damnatis
1427 225 1520 252 esset
1545 227 1624 263 pec-

67 284 200 317 catum,
222 275 317 321 quod
341 275 545 320 desperant:
565 274 626 308 sed
648 274 719 307 hoc
742 284 815 307 non
837 273 1033 319 imputatur
1055 273 1106 307 eis
1129 273 1171 306 ad
1195 272 1351 318 culpam,
1373 271 1434 306 sed
1450 270 1565 316 magis
1580 269 1623 304 ad

67 329 358 371 damnationem3
382 339 468 373 ergo
491 338 607 373 neque
628 327 824 361 viatoribus
846 327 1041 373 imputatur
1059 326 1102 360 ad
1123 326 1284 373 culpam3
1307 334 1342 360 et
1359 326 1407 360 ita
1422 323 1625 371 desperatio

67 394 142 417 non
162 391 214 417 est
235 390 436 428 peccatum.

142 436 215 471 SED
238 446 404 470 CONTRA.
429 434 532 476 Illud,
567 446 628 479 per
661 434 757 480 quod
791 434 959 468 homines
994 434 1030 467 in
1057 442 1205 480 peccata
1232 433 1460 474 inducuntur,
1486 430 1627 465 videtur

69 501 145 524 esse
172 500 244 522 non
282 489 400 522 solum
425 496 626 534 peccatum,
649 487 709 521 sed
732 487 947 533 principium
975 496 1225 533 peccatorum:
1250 487 1310 521 sed
1339 485 1541 532 desperatio
1577 491 1629 518 est

68 542 293 587 hujusmodi:
324 542 408 575 dicit
435 541 533 575 enim
556 541 682 586 Apost.
715 540 757 574 de
780 541 994 586 quibusdam
1023 541 1065 574 ad
1093 540 1223 586 Ephes.
1252 550 1301 582 ,μ
1327 541 1396 584 Qui
1427 539 1630 585 desperantes

71 598 252 643 senzelipsos
280 595 485 630 [indiderunt
505 594 729 641 impudiciliaezc
761 596 794 627 in
817 596 1035 640 operalionem
1071 596 1178 628 omnis
1201 594 1439 634 immunditiae,
1461 598 1490 627 et
1519 592 1631 626 awri-

73 652 155 690 tiae;
173 660 259 694 ergo
276 649 477 695 desperatio
500 659 573 682 non
596 647 715 682 solum
735 656 787 682 est
808 656 1010 694 peccatum,
1034 648 1094 682 sed
1111 647 1265 682 aliorum
1288 655 1521 692 peccatorum
1540 646 1631 691 prin—

73 704 218 750 cipium.

144 757 373 791 RESPONDEO
396 756 600 798 dicendum,
624 755 720 801 quod
743 756 942 790 secundum
965 755 1101 790 Philos.
1117 755 1152 789 in
1168 753 1199 789 6.
1215 755 1331 789 Ethic.
1349 755 1435 802 (cap.
1455 756 1515 800 2.),
1531 753 1630 795 illud,

73 811 170 857 quod
192 818 245 844 est
265 810 301 843 in
323 809 507 844 intellectu
530 808 732 851 affirmatio,
754 809 812 843 vel
832 810 991 855 negatio,
1019 818 1071 844 est
1102 809 1138 843 in
1169 809 1325 856 appetitu
1353 808 1571 854 prosecutio,
1598 815 1632 841 et

73 864 177 910 fuga3
200 871 234 898 et
255 863 351 909 quod
374 870 427 897 est
448 863 482 897 in
504 862 687 896 intellectu
710 874 849 905 verum,
871 862 930 897 vel
950 862 1093 905 falsum,
1117 871 1169 897 est
1190 863 1225 896 in
1248 863 1406 909 appetitu
1427 863 1576 904 bonurn,
1599 869 1633 895 et

74 917 231 958 malum;
253 925 287 950 et
309 916 391 950 ideo
420 916 538 950 omnis
558 924 678 950 motus
701 916 916 962 appetitivus
944 916 1179 951 conformiter
1207 927 1244 950 se
1265 916 1403 951 habens
1432 914 1630 949 intellectui

74 982 173 1013 vero,
195 978 248 1004 est
268 970 469 1004 secundum
489 981 525 1003 se
546 969 681 1003 bonus:
705 970 823 1004 omnis
844 978 964 1004 autem
983 978 1103 1004 motus
1119 970 1332 1017 appetitivus
1348 969 1584 1004 conformiter
1596 979 1633 1003 se

75 1024 211 1058 habens
233 1022 431 1057 intellectui
453 1022 555 1065 falso,
579 1031 631 1057 est
652 1023 852 1058 secundum
875 1035 911 1057 se
934 1023 1063 1067 malus,
1089 1032 1123 1058 et
1151 1032 1361 1070 peccatum:
1392 1023 1487 1057 circa
1512 1023 1633 1056 Deum

78 1086 197 1112 autem
218 1088 303 1110 vera
325 1076 542 1110 existimatio
565 1076 767 1110 intellectus
790 1085 853 1119 est,
875 1077 971 1123 quod
994 1089 1036 1111 ex
1049 1077 1127 1124 ipso
1142 1077 1307 1123 provenit
1320 1077 1514 1111 hominum
1527 1074 1635 1116 salus,

79 1139 113 1165 et
133 1130 237 1164 venia
259 1130 509 1176 peccatoribus
532 1130 645 1171 datur,
667 1131 866 1164 secundum
887 1130 974 1164 illud
997 1131 1127 1165 Ezech.
1155 1131 1223 1165 18.:
1251 1131 1337 1165 Nolo
1365 1135 1504 1165 mortem
1525 1136 1638 1176 pecca-

80 1186 169 1226 toris,
191 1182 243 1218 sad
261 1188 295 1217 ut
317 1188 539 1225 convertatur,
563 1188 592 1218 et
611 1185 727 1218 vivat.-
750 1183 839 1218 falsa
863 1192 982 1218 autern
1005 1184 1128 1230 opinio
1152 1192 1215 1226 est,
1238 1184 1333 1230 quod
1356 1182 1539 1229 peccatori
1556 1193 1638 1229 poe-

80 1237 207 1272 nitenti
227 1237 372 1271 veniam
394 1238 557 1283 deneget,
579 1237 637 1271 vel
659 1237 754 1283 quod
776 1246 987 1283 peccatores
1003 1238 1045 1272 ad
1060 1249 1098 1272 se
1114 1249 1188 1271 non
1209 1245 1395 1272 convertat
1408 1248 1471 1283 per
1484 1236 1637 1282 gratiam

80 1290 350 1337 justificantem:
374 1298 408 1324 et
428 1291 511 1325 ideo
533 1291 625 1325 sicut
646 1298 767 1325 motus
789 1291 875 1337 spei,
899 1292 956 1337 qui
986 1290 1223 1326 conformiter
1249 1302 1286 1326 se
1313 1291 1422 1325 habet
1450 1290 1492 1324 ad
1523 1289 1640 1324 existi-

82 1345 281 1379 mationem
302 1355 437 1385 veram,
461 1352 513 1379 est
533 1344 733 1386 laudabilis,
757 1352 790 1378 et
811 1345 1010 1379 virtuosus:
1034 1345 1082 1379 ita
1110 1345 1296 1391 oppositus
1327 1352 1447 1378 motus
1478 1343 1640 1389 despera-

81 1398 201 1439 tionis,
223 1397 284 1443 qui
305 1409 342 1431 se
363 1398 471 1431 habet
493 1397 727 1432 conformiter
746 1398 1004 1432 existimationi
1024 1398 1136 1433 falsae
1158 1399 1201 1433 de
1222 1399 1316 1441 Deo,
1339 1406 1392 1433 est
1417 1398 1579 1440 vitiosus,
1606 1404 1640 1430 et

83 1459 284 1497 peccatum.

157 1504 216 1538 AD
238 1514 386 1538 PRIMUM
408 1515 493 1549 ergo
517 1504 720 1546 dicendum,
743 1505 838 1550 quod
853 1505 888 1538 in
903 1505 1064 1551 quolibet
1077 1514 1227 1552 peccato
1241 1505 1386 1540 mortali
1405 1513 1455 1539 est
1469 1504 1641 1551 quodam-

86 1557 197 1590 modo
221 1557 359 1590 aversio
383 1568 401 1590 a
419 1557 516 1591 bono
539 1557 839 1599 incommutabili,
862 1566 896 1592 et
918 1559 1108 1593 conversio
1132 1559 1174 1592 ad
1197 1560 1334 1593 bonurn
1362 1557 1639 1592 commutabile:

86 1610 147 1644 sed
163 1609 275 1651 aliter,
297 1618 331 1644 et
353 1609 469 1645 aliter:
492 1622 576 1644 nam
599 1610 842 1656 principaliter
864 1612 1064 1646 consistunt
1085 1613 1119 1646 in
1142 1612 1328 1646 aversione
1352 1623 1371 1645 a
1392 1612 1489 1645 bono
1506 1611 1642 1644 incom-

86 1663 251 1697 mutabili
271 1672 431 1708 peccata,
454 1675 544 1709 quae
567 1672 796 1710 opponuntur
817 1664 1004 1699 virtutibus
1032 1665 1262 1711 theologicis,
1289 1673 1326 1699 ut
1353 1665 1477 1699 odium
1501 1664 1581 1706 Dei,
1609 1671 1643 1697 et

90 1716 302 1761 desperatio,
325 1724 359 1750 et
379 1716 587 1751 infidelitas:
611 1717 694 1763 quia
708 1717 856 1751 virtutes
870 1717 1101 1764 theologicae
1119 1719 1254 1753 habent
1268 1719 1388 1753 Deum
1401 1729 1466 1764 pro
1483 1719 1643 1763 objecto:

88 1781 130 1804 ex
152 1770 387 1816 consequenti
409 1779 529 1804 autem
551 1771 749 1816 important
770 1771 1049 1806 conversionem
1072 1772 1115 1806 ad
1133 1773 1270 1806 bonurn
1299 1771 1569 1813 commutabile,
1596 1770 1645 1804 in-

88 1830 262 1869 quantum
285 1823 404 1857 anima
424 1824 590 1857 deserens
612 1824 743 1865 Deum,
767 1833 1030 1870 consequenter
1051 1837 1198 1860 necesse
1217 1833 1270 1859 est
1291 1825 1386 1871 quod
1409 1825 1451 1858 ad
1475 1824 1544 1858 alia
1563 1835 1646 1858 con-

88 1884 261 1910 vertatur:
283 1885 431 1922 peccata
453 1888 538 1910 vero
561 1876 630 1910 alia
652 1876 895 1923 principaliter
924 1879 1121 1913 constitunt
1148 1879 1183 1912 in
1212 1879 1449 1913 conversione
1478 1878 1522 1912 ad
1549 1888 1648 1911 com-

89 1928 260 1963 mutabile
282 1930 435 1964 bonum:
456 1942 497 1964 ex
520 1930 754 1976 consequenti
772 1941 859 1964 vero
881 1930 917 1964 in
940 1932 1127 1966 aversione
1150 1932 1191 1966 ab
1215 1931 1505 1966 incommutabili
1530 1931 1645 1965 bono:

90 1993 164 2016 non
186 1982 283 2017 enim
305 1983 365 2029 qui
385 1983 592 2026 fornicatur,
611 1983 763 2017 intendit
785 1995 804 2017 a
832 1983 912 2017 Deo
943 1986 1123 2028 recedere,
1152 1986 1213 2020 sed
1244 1985 1379 2019 carnali
1407 1984 1646 2019 delectatione

90 2035 178 2079 frui3
201 2047 243 2070 ex
264 2048 335 2082 quo
358 2037 526 2083 sequitur,
549 2036 645 2083 quod
669 2048 688 2070 a
706 2037 787 2070 Deo
809 2037 963 2072 recedat.

162 2089 222 2123 AD
240 2100 445 2124 SECUNDUM
467 2090 671 2131 dicendum,
694 2089 790 2135 quod
813 2101 854 2123 ex
875 2091 994 2126 radice
1013 2093 1150 2127 virtutis
1165 2100 1283 2139 potest
1301 2092 1434 2138 aliquid
1452 2091 1646 2137 procedere

93 2142 290 2189 dupliciter:
313 2155 376 2177 uno
399 2144 492 2178 modo
515 2144 647 2179 directe
671 2155 713 2177 ex
734 2150 833 2189 parte
858 2143 950 2189 ipius
976 2146 1134 2188 virtutis;
1164 2146 1256 2180 sicut
1285 2154 1384 2180 actus
1413 2145 1575 2191 procedit
1605 2156 1646 2179 ex

93 2196 234 2230 habitu:
258 2204 292 2231 et
312 2197 383 2232 hoc
406 2198 517 2232 modo
540 2210 582 2232 ex
608 2197 767 2231 virtuosa
789 2196 907 2231 radice
926 2210 1000 2232 non
1019 2207 1136 2245 potest
1154 2199 1300 2245 aliquod
1318 2206 1507 2244 peccatum
1526 2209 1647 2244 proce-

95 2249 195 2284 dere:
217 2250 288 2284 hoc
312 2251 408 2284 enim
430 2263 536 2286 sensu
551 2251 777 2297 Augustinus
794 2249 879 2283 dicit
900 2251 936 2285 in
958 2251 1016 2286 lib.
1034 2263 1064 2286 2.
1079 2252 1122 2287 de
1138 2253 1214 2286 Lib.
1238 2252 1352 2286 Arbit.
1368 2252 1456 2298 (cap.
1472 2253 1522 2287 18.
1537 2257 1566 2286 et
1579 2252 1646 2297 19.)

95 2303 191 2349 quod
211 2305 333 2338 virtute
353 2317 445 2339 nemo
466 2306 551 2339 mala
572 2307 696 2340 utitur.-
719 2304 784 2338 alio
808 2305 900 2339 modo
923 2306 1085 2351 procedit
1104 2305 1237 2351 aliquid
1257 2317 1298 2339 ex
1316 2306 1445 2339 virtute
1463 2305 1648 2345 indirecte,

96 2357 169 2390 sive
191 2357 484 2393 occasionaliter:
509 2367 542 2393 et
563 2359 612 2393 sic
635 2359 725 2392 nihil
746 2359 923 2406 prohibet,
946 2359 1091 2405 aliquod
1114 2367 1304 2405 peccatum
1320 2370 1361 2392 ex
1381 2357 1499 2404 aliqua
1520 2358 1649 2391 virtute

96 2409 307 2455 procedere:
329 2411 420 2445 sicut
440 2412 619 2446 interdum
642 2412 751 2458 aliqui
764 2413 806 2447 de
821 2413 1008 2447 virtutibus
1031 2413 1250 2459 superbiunt,
1265 2412 1463 2446 secundum
1478 2411 1564 2444 illud
1579 2411 1651 2444 Au-

97 2463 229 2508 gustini
260 2464 366 2509 (epist.
388 2476 459 2499 221.
487 2466 565 2499 olim
586 2467 692 2511 109.):
717 2466 880 2512 Superbia
907 2467 997 2500 bonis
1018 2467 1167 2512 operibus
1183 2465 1370 2507 insidiatur,
1391 2470 1425 2499 ut
1439 2469 1596 2511 peream&
1617 2471 1651 2498 et

96 2516 167 2549 hoc
190 2516 300 2550 modo
323 2528 365 2550 ex
385 2517 515 2552 timore
536 2518 617 2560 Dei,
639 2518 697 2552 vel
718 2530 759 2553 ex
781 2519 932 2553 horrore
960 2519 1187 2565 propriorum
1215 2526 1448 2564 peccatorum
1476 2517 1651 2563 contingit

98 2569 318 2615 desperatio;
340 2570 554 2616 inquantum
574 2572 629 2606 his
647 2572 750 2606 bonis
773 2571 900 2618 aliquis
923 2572 1018 2606 male
1040 2572 1159 2614 utitur,
1179 2572 1412 2606 occasionem
1432 2571 1473 2604 ab
1493 2570 1542 2604 eis
1564 2570 1653 2604 acci-

100 2622 199 2667 piens
221 2622 442 2668 desperandi.

170 2675 228 2708 AD
249 2685 419 2710 TERTmM
441 2671 643 2720 dicendum,
667 2678 762 2724 quod
785 2678 945 2712 damnati
962 2690 1035 2712 non
1055 2686 1136 2712 sunt
1157 2679 1192 2712 in
1214 2685 1306 2711 statu
1325 2676 1491 2722 sperandi
1508 2685 1653 2723 propter

100 2728 427 2774 impossibilitatem
448 2731 580 2764 reditus
603 2731 645 2764 ad
667 2731 937 2773 beatitudinem,
960 2739 994 2765 et
1014 2731 1096 2765 ideo
1119 2730 1215 2776 quod
1233 2741 1306 2764 non
1325 2738 1479 2776 sperant,
1497 2741 1571 2764 non
1590 2730 1654 2764 im-

102 2789 244 2827 putatur
265 2783 315 2816 eis
337 2782 380 2815 ad
402 2782 557 2828 culpam,
572 2784 633 2817 sed
647 2792 792 2830 estpars
808 2784 1048 2818 damnationis
1067 2785 1247 2829 ipsorum:
1270 2783 1362 2817 sicut
1380 2783 1488 2817 etiam
1505 2783 1542 2818 in
1560 2790 1652 2818 statu

102 2834 180 2868 viae
202 2835 232 2869 si
252 2835 329 2881 quis
351 2835 554 2882 desperaret
575 2836 618 2870 de
641 2848 696 2878 eo,
718 2836 814 2883 quod
837 2849 910 2871 non
932 2845 984 2871 est
1005 2845 1108 2871 natus
1131 2837 1290 2882 adipisci,
1312 2836 1369 2871 vel
1387 2837 1483 2883 quod
1504 2848 1578 2872 non
1602 2845 1653 2872 est
