1859 3122
219 198 330 253 1184
594 207 815 243 QUAESTIO
852 205 1059 236 CLXXXIII.
1094 204 1337 235 ARTICULUS
1370 204 1397 234 1.

641 430 995 491 QUAESTIO
1028 429 1352 477 CLXXXIII.

225 557 287 587 DE
327 556 536 594 OFFICIIS,
580 555 638 585 ET
676 554 833 586 VARHS
878 554 1099 586 STATIBUS
1139 553 1372 585 HOMINUM
1411 553 1462 584 IN
1501 553 1755 592 GENERALI,

579 627 629 657 IN
669 625 897 665 QUATUOR
934 624 1195 656 ARTICULOS
1234 624 1408 656 DIVISA.

284 766 559 812 Consequenter
585 765 889 800 considerandum
920 772 973 798 est
999 764 1042 798 de
1073 764 1277 798 diversitate
1310 771 1480 807 statuum,
1502 771 1536 798 et
1568 762 1773 798 officiorum

212 820 477 862 humanorum3
497 827 530 854 et
546 821 658 865 primo
682 818 985 852 considerandum
1007 826 1061 852 est
1081 818 1124 851 de
1147 817 1286 860 officiis,
1305 825 1340 852 et
1357 817 1506 852 statibus
1527 817 1721 852 hominum
1736 817 1774 852 in

213 873 390 919 generali:
411 873 546 908 secundo
564 871 767 918 specialiter
788 872 831 906 de
854 879 947 906 statu
969 870 1223 916 perfectorum.

639 962 682 996 Et
700 963 789 996 clrca
807 963 959 1008 primum
981 966 1186 1007 quacruntzcr
1207 966 1360 1007 quatuor.

278 1035 414 1069 Primo.
435 1034 533 1076 Quid
551 1034 659 1068 faciat
679 1034 714 1068 in
736 1034 945 1068 hominibus
968 1042 1112 1068 statum.

284 1088 464 1122 Secundo.
488 1088 620 1122 Utrum
641 1088 677 1122 in
704 1088 912 1121 hominibus
939 1088 1093 1122 debeant
1121 1098 1198 1122 esse
1225 1087 1356 1121 diversi
1382 1094 1505 1129 status,
1531 1087 1607 1121 sive
1636 1086 1775 1122 diversa

213 1141 342 1177 officia.

285 1194 423 1229 Tertio.
446 1195 502 1229 De
525 1194 722 1229 differentia
745 1194 962 1228 officiorum.

287 1249 440 1290 Quarto.
459 1249 515 1283 De
536 1248 735 1283 differentia
757 1257 926 1283 statuum.

799 1377 1146 1423 ARTICULUS
1173 1377 1206 1420 Ι.
1707 1387 1777 1433 864

215 1487 368 1517 UTRUM
391 1487 557 1516 STATUS
579 1487 621 1517 IN
640 1487 707 1516 SUI
726 1488 779 1515 Κλ
792 1486 918 1516 ΓΙΟΝΕ
936 1486 1159 1515 IMPORTET
1180 1484 1491 1516 CONDITIONEM
1509 1484 1777 1524 LIBERTATIS,

805 1552 887 1580 VEL
921 1551 1189 1581 SERVITUTIS.

217 1640 318 1686 (Infr.
341 1645 406 1675 art.
427 1651 460 1684 4.
483 1644 553 1685 εἰς.
572 1640 646 1684 184.
670 1644 734 1674 art.
749 1651 780 1683 4.
803 1644 831 1674 et
852 1651 881 1685 q.
900 1639 974 1674 186.
998 1644 1063 1674 art.
1080 1638 1112 1674 6.
1136 1644 1225 1685 corp.
1248 1643 1276 1673 et
1299 1637 1422 1683 Quodl.
1445 1650 1476 1674 2.
1499 1643 1562 1673 art.
1588 1648 1639 1685 17.
1658 1638 1777 1685 corp).

286 1731 346 1764 AD
373 1740 521 1764 PRIMUM
551 1729 601 1763 sic
625 1729 840 1775 proceditur.
868 1728 1031 1771 Videtur,
1054 1728 1150 1774 quod
1173 1736 1284 1762 status
1313 1728 1349 1761 in
1371 1729 1424 1762 sui
1446 1728 1586 1762 ratione
1611 1739 1686 1762 non
1711 1727 1778 1762 im-

215 1792 333 1829 portet
355 1783 603 1817 conditionem
625 1782 808 1825 libertatis,
823 1782 879 1816 vel
901 1783 1097 1816 servitutis:
1113 1790 1224 1816 status
1247 1781 1343 1815 enim
1363 1793 1382 1815 a
1403 1781 1532 1816 stando
1554 1781 1699 1815 dicitur:
1715 1780 1778 1815 sed

215 1846 307 1871 stare
330 1837 456 1871 dicitur
483 1836 609 1882 aliquis
633 1837 770 1870 ratione
793 1836 1033 1877 rectitudini33
1057 1836 1151 1869 unde
1175 1835 1302 1869 dicitur
1323 1834 1453 1868 Ezech.
1477 1844 1527 1868 2.:
1550 1835 1618 1869 Fili
1639 1835 1780 1869 hominis

214 1896 260 1925 stit
277 1897 373 1936 super
387 1890 481 1936 paclus
499 1895 587 1930 ἰαθῇ
612 1898 645 1924 et
669 1889 777 1935 Greg.
801 1890 885 1923 dicit
907 1890 942 1923 in
966 1900 996 1934 7.
1021 1888 1148 1923 Moral.
1165 1889 1255 1935 (cap.
1273 1889 1363 1934 17.).·
1389 1901 1406 1920 ((
1423 1889 1478 1922 Ab
1495 1888 1596 1922 omni
1616 1895 1708 1922 statu
1729 1899 1780 1923 re-

217 1944 397 1979 ctitudinis
419 1944 625 1988 depereunt,
648 1944 708 1989 qui
734 1955 796 1989 per
817 1943 925 1977 noxia
946 1943 1053 1977 verba
1077 1943 1280 1977 dilabuntur
1295 1954 1331 1976 »:
1355 1942 1416 1976 sed
1437 1942 1689 1976 rectitudinem
1710 1942 1779 1988 spi-

216 1997 380 2032 ritualem
404 1997 554 2042 acquirit
575 1997 689 2030 homo
712 2008 774 2042 per
795 1997 878 2039 hoc,
902 1997 998 2042 quod
1021 1997 1163 2041 subjicit
1184 2007 1287 2030 suam
1309 1996 1535 2030 voluntatem
1557 1996 1661 2038 Deo;
1684 1995 1778 2030 unde

216 2063 322 2097 super
343 2050 430 2084 illud
454 2050 510 2084 Ps.
536 2061 607 2096 32.:
632 2052 744 2085 Rectus
764 2050 851 2085 decet
871 2051 1079 2091 collaudatio,
1097 2051 1182 2084 dicit
1205 2050 1324 2085 Gloss.
1347 2050 1473 2096 (ordin.
1496 2051 1617 2095 Aug.).·
1643 2063 1660 2083 ‹<
1675 2050 1779 2084 Recti

217 2112 309 2146 sunt,
332 2104 392 2150 qui
407 2104 562 2149 dirigunt
577 2115 638 2137 cor
660 2115 764 2137 suum
789 2104 987 2138 secundum
1009 2103 1235 2138 voluntatem
1256 2103 1326 2137 Dei
1341 2116 1381 2145 »ς
1404 2115 1490 2149 ergo
1512 2103 1663 2146 videtur,
1682 2103 1779 2150 quod

217 2157 294 2192 sola
317 2157 519 2190 obedientia
542 2157 748 2190 divinorum
770 2158 1025 2191 mandatorum
1048 2156 1202 2191 sufficiat
1225 2157 1268 2191 ad
1290 2157 1468 2191 rationem
1490 2164 1612 2192 status.

290 2221 321 2244 2.
343 2210 579 2244 PRAETEREA.
599 2210 745 2243 Nomen
768 2218 878 2244 status
890 2211 1029 2245 videtur
1042 2210 1238 2256 importare
1260 2209 1565 2252 immobilitatem,
1580 2209 1779 2244 secundum

217 2264 305 2299 illud
324 2275 351 2298 1.
375 2263 417 2297 ad
434 2264 519 2298 Cor.
547 2274 614 2306 15.:
635 2264 772 2298 Stabilas
790 2269 896 2306 estote,
913 2269 940 2298 el
957 2264 1160 2304 immobiles,-
1181 2263 1275 2297 unde
1299 2263 1408 2309 Greg.
1423 2263 1509 2297 dicit
1529 2275 1634 2310 super
1647 2263 1778 2298 Ezech.

219 2318 348 2362 (homil.
370 2317 465 2361 21.).·
491 2330 508 2348 ‹<
523 2317 629 2363 Lapis
653 2317 808 2362 quadrus
831 2326 893 2359 est,
917 2326 951 2351 et
973 2317 1074 2363 quasi
1101 2329 1141 2351 ex
1164 2317 1265 2350 omni
1286 2316 1397 2351 latere
1419 2324 1551 2351 statum
1572 2317 1691 2359 habet,
1720 2316 1780 2363 qui

218 2382 343 2405 casum
365 2371 401 2404 in
424 2370 541 2416 aliqua
560 2371 824 2416 permutatione
847 2382 920 2404 non
942 2371 1050 2404 habet
1066 2383 1105 2405 »t
1129 2371 1190 2405 sed
1212 2372 1323 2405 virtus
1346 2379 1410 2412 est,
1432 2382 1524 2416 quae
1544 2370 1781 2405 immobiliter

217 2424 302 2458 facit
323 2424 474 2470 operari,
490 2431 527 2457 ut
549 2424 677 2457 dicitur
691 2424 727 2457 in
742 2433 772 2457 2.
796 2423 955 2458 Ethicor.
979 2425 1068 2470 (cap.
1084 2438 1111 2459 I.
1130 2425 1201 2470 2.),·
1227 2435 1312 2470 ergo
1332 2425 1482 2466 videtur,
1501 2424 1598 2470 quod
1620 2436 1661 2458 ex
1680 2424 1780 2458 omni

218 2478 429 2524 operatione
450 2477 610 2511 virtuosa
633 2476 758 2522 aliquis
781 2485 913 2510 statum
936 2478 1162 2523 adipiscatur.

294 2542 321 2576 3.
344 2531 579 2565 PRAETEREA.
602 2531 749 2564 Nomen
771 2539 882 2565 status
898 2531 1037 2565 videtur
1059 2532 1102 2565 ad
1119 2532 1315 2577 quamdam
1338 2531 1563 2566 altitudinem
1581 2532 1780 2578 pertinere3

218 2595 303 2618 nam
325 2595 367 2617 ex
389 2584 459 2617 hoc
483 2584 611 2630 aliquis
633 2592 713 2626 stat,
737 2584 831 2629 quod
854 2584 890 2617 in
919 2584 1031 2618 altum
1054 2585 1220 2630 erigitur:
1243 2585 1305 2619 sed
1328 2596 1390 2631 per
1412 2585 1551 2619 diversa
1572 2584 1692 2619 officia
1719 2584 1782 2618 ali—

219 2637 297 2682 quis
319 2636 356 2670 fit
371 2637 474 2671 altior
497 2637 628 2671 altero:
651 2637 816 2671 similiter
834 2638 942 2671 etiam
965 2649 1026 2683 per
1048 2638 1190 2683 gradus,
1214 2638 1270 2672 vel
1293 2638 1437 2672 ordines
1457 2638 1617 2673 diversos
1640 2638 1782 2672 diversi-

220 2690 327 2724 mode
349 2690 517 2724 homines
546 2692 579 2724 in
595 2690 751 2736 quadam
775 2690 960 2724 altitudine
983 2693 1267 2733 constituuntur3
1290 2702 1376 2737 ergo
1399 2690 1477 2725 sola
1499 2691 1684 2726 diversitas
1706 2702 1781 2737 gra-

221 2743 343 2786 duum,
366 2743 422 2777 vel
445 2744 624 2785 ordinum,
646 2743 705 2778 vel
727 2743 930 2777 officiorum
953 2743 1083 2778 sufficit
1105 2745 1148 2778 ad
1171 2744 1485 2779 diversificandum
1507 2752 1648 2779 statum.

292 2796 366 2830 SED
397 2808 550 2831 CONTRA
573 2805 636 2839 est,
665 2797 760 2842 quod
789 2797 826 2830 in
852 2797 960 2830 Decr.
989 2807 1018 2830 2.
1048 2809 1081 2843 q.
1108 2797 1138 2831 6.
1162 2798 1249 2844 (cap.
1276 2798 1352 2842 40.)
1370 2798 1514 2833 dicitur:
1537 2811 1554 2830 (ι
1571 2798 1609 2832 Si
1635 2798 1779 2844 quando

222 2850 256 2882 in
272 2861 380 2883 causa
403 2850 556 2895 capitali,
578 2850 636 2884 vel
655 2862 762 2884 causa
784 2859 894 2885 status
911 2851 1177 2896 interpellatum
1199 2851 1314 2894 fuerit,
1336 2863 1409 2885 non
1432 2864 1492 2897 per
1514 2860 1778 2899 procuratores,

223 2902 283 2936 sed
319 2915 378 2948 per
405 2904 541 2947 seipsos
576 2912 627 2937 est
654 2903 835 2949 agendum
850 2917 888 2939 »t
920 2904 979 2938 ubi
1012 2915 1119 2938 causa
1146 2913 1257 2939 status
1292 2905 1492 2951 appellatur
1530 2906 1709 2952 pertinens
1736 2905 1779 2939 ad
