1859 3122
198 184 281 227 552
586 181 805 217 QUAESTIO
838 181 1016 211 LXXVIII.
1050 181 1294 212 ARTICULUS
1327 182 1370 211 11.

194 264 356 309 accipere
380 262 423 296 de
450 262 602 308 pecunia
625 262 820 297 commissa
843 262 1048 304 mercatori,
1074 261 1132 296 vel
1153 262 1303 304 artifici;
1335 273 1421 308 ergo
1451 261 1536 296 licet
1565 261 1674 296 etiam
1699 261 1735 297 lu

195 328 295 350 crum
319 317 481 360 accipere
505 315 547 349 de
569 316 721 361 pecunia
741 323 914 350 mutuata.

265 368 295 403 6.
315 369 551 403 PRAETEREA.
573 369 644 402 Pro
664 369 817 414 pecunia
839 377 1000 403 mutuata
1019 377 1138 415 potest
1155 369 1270 403 homo
1296 369 1425 415 pignus
1447 369 1621 415 accipere,
1648 369 1748 415 cujus

195 434 279 456 usus
300 431 421 468 posset
442 422 557 468 pretio
581 422 701 467 aliquo
722 423 849 465 vendi3
880 423 972 457 sicut
1002 434 1085 456 curn
1115 423 1379 468 impignoratur
1407 433 1503 467 ager,
1528 422 1586 456 vel
1607 423 1748 466 domus,

196 487 286 521 quae
308 476 544 517 inhabitatum
567 487 654 521 ergo
676 476 761 509 licet
783 475 928 522 aliquod
951 475 1091 509 lucrum
1114 476 1247 510 habere
1270 475 1312 509 de
1334 476 1487 521 pecunia
1508 483 1681 510 mutuata.

266 539 297 573 7.
319 529 554 563 PRAETEREA.
580 528 769 574 Contingit
791 529 1020 575 quandoque,
1044 529 1139 574 quod
1163 528 1290 574 aliquis
1313 529 1428 563 carius
1449 529 1572 563 vendit
1592 539 1647 563 res
1667 541 1749 564 suas

196 582 334 615 ratione
353 582 479 622 mutui,
502 590 562 615 aut
582 581 686 615 vilius
711 582 797 615 emit
819 582 914 627 quod
938 590 991 616 est
1012 582 1168 623 alterius,
1186 581 1245 615 vel
1267 582 1376 616 etiam
1398 594 1462 627 pro
1486 581 1658 616 dilatione
1674 594 1751 628 pre-

195 635 285 669 tium
308 643 425 681 auget,
447 634 505 668 vel
526 646 590 680 pro
614 634 877 669 acceleratione
901 635 1082 668 diminuit:
1098 635 1134 668 in
1149 635 1276 681 quibus
1296 635 1463 669 omnibus
1477 635 1617 669 videtur
1631 635 1750 681 aliqua

195 689 485 734 recompensatio
516 688 593 722 fieri
623 688 724 734 quasi
753 699 817 734 pro
846 696 974 722 mutuo
1008 689 1199 734 pecuniae:
1228 688 1299 722 hoc
1324 695 1444 722 autem
1465 699 1539 721 non
1561 687 1749 722 manifeste

197 750 343 787 apparet
364 741 547 783 illicitum3
570 752 656 787 ergo
678 741 817 775 videtur
838 741 978 775 licitum
1002 752 1078 775 esse
1101 741 1246 787 aliquod
1270 741 1508 775 commodum
1531 741 1574 775 de
1595 742 1748 787 pecunia

197 802 359 829 mutuata
381 803 556 841 expetere,
578 795 635 828 vel
658 794 766 828 etiam
789 796 943 839 exigere.

268 848 341 882 SED
370 859 524 882 CONTRA
547 857 610 889 est,
629 849 725 893 quod
747 848 877 881 Ezech.
898 848 948 881 18.
968 847 1096 881 dicitur
1117 848 1208 882 inter
1222 847 1303 889 alia,
1318 858 1409 893 quae
1425 847 1468 881 ad
1481 847 1599 881 virum
1616 848 1750 893 justum

196 902 440 947 requiruntur:
464 902 498 936 51·
518 913 667 943 usuram,
683 907 711 936 at
731 901 1070 947 superabundmztiam
1092 913 1156 934 non
1179 903 1350 947 acceperit.

268 955 495 989 RESPONDEO
519 955 724 996 dicendum,
758 955 854 1000 quod
884 955 1083 988 secundum
1114 954 1250 988 Philos.
1278 955 1315 988 in
1342 964 1374 997 4.
1398 954 1558 989 Ethicor.
1583 953 1669 1000 (cap.
1692 955 1749 1000 J.),

199 1020 306 1042 omne
328 1008 415 1041 illud
438 1020 501 1054 pro
525 1008 675 1054 pecunia
699 1008 861 1049 habetur,
885 1009 985 1053 cujus
1006 1008 1161 1053 pretium
1182 1016 1300 1054 potest
1313 1008 1467 1054 pecunia
1481 1008 1698 1051 mensurari3
1718 1016 1752 1043 et

197 1062 279 1095 ideo
302 1062 394 1095 sicut
415 1062 444 1095 si
467 1061 592 1107 aliquis
615 1073 679 1107 pro
702 1062 854 1107 pecunia
881 1069 1055 1103 mutuata,
1077 1061 1134 1095 vel
1157 1073 1384 1107 quacumque
1407 1061 1476 1095 alia
1497 1073 1545 1104 re,
1568 1073 1660 1107 quae
1673 1062 1751 1108 ipso

198 1126 263 1148 usu
286 1116 520 1156 consumitur,
549 1115 741 1160 pecuniam
764 1115 894 1160 accipit
915 1126 957 1148 ex
979 1123 1085 1160 pacto
1107 1116 1229 1156 tacito,
1251 1114 1309 1148 vel
1331 1125 1510 1160 expresso,
1531 1122 1657 1161 peccat
1671 1127 1753 1149 con-

198 1176 252 1202 tra
273 1169 457 1213 justitiam,
480 1176 518 1202 ut
539 1168 674 1201 dictum
697 1176 750 1201 est
771 1169 1004 1214 (art.p7-‹wr.),
1026 1168 1074 1201 ita
1096 1168 1203 1201 etiam
1220 1168 1437 1213 quicumque
1453 1180 1495 1202 ex
1509 1176 1615 1214 pacto
1629 1169 1751 1210 tacito,

198 1221 255 1254 vel
277 1232 444 1267 expresso
468 1222 722 1266 quodcumque
746 1221 841 1254 aliud
865 1221 1053 1266 acceperit,
1077 1222 1175 1265 cujus
1198 1221 1351 1265 pretium
1374 1221 1527 1266 pecunia
1553 1221 1753 1256 mensurari

198 1282 327 1320 potest,
360 1274 477 1308 simile
504 1282 694 1320 peccatum
722 1274 884 1307 incurrit:
916 1274 945 1307 si
972 1285 1057 1308 vero
1092 1274 1245 1319 accipiat
1274 1273 1405 1319 aliquid
1436 1274 1655 1319 hujusmodi,
1677 1286 1752 1308 non

199 1329 301 1374 quasi
323 1329 479 1373 exigens,
501 1339 567 1361 nec
591 1327 692 1372 quasi
714 1338 756 1360 ex
778 1326 896 1372 aliqua
919 1326 1140 1372 obligatione
1166 1327 1286 1368 tacita,
1307 1326 1365 1360 vel
1387 1338 1551 1372 expressa
1572 1327 1634 1361 sed
1661 1328 1753 1361 sicut

201 1381 395 1427 gratuitum
418 1380 566 1422 donum,
589 1391 662 1413 non
686 1388 827 1424 peccat:
857 1381 939 1425 quia
966 1381 1074 1413 etiam
1097 1387 1290 1425 antequam
1320 1381 1512 1425 pecuniam
1542 1388 1752 1423 mutuasset,

200 1435 295 1468 licite
318 1441 457 1479 poterat
479 1434 624 1479 aliquod
647 1433 782 1467 donum
805 1434 913 1477 gratis
933 1434 1116 1478 accipere:
1138 1444 1204 1466 nec
1220 1433 1351 1478 pejoris
1367 1433 1582 1467 conditionis
1602 1432 1752 1467 efficitur

201 1500 263 1534 per
284 1488 354 1522 hoc
377 1488 473 1534 quod
496 1487 690 1521 mutuavit:
718 1486 1095 1532 recompensationem
1116 1498 1202 1520 vero
1221 1497 1359 1528 eorum,
1381 1497 1472 1532 quae
1497 1487 1650 1531 pecunia
1675 1497 1750 1520 non

199 1548 462 1583 mensurantur,
486 1540 570 1574 licet
590 1551 655 1586 pro
674 1548 802 1574 mutuo
822 1540 983 1585 exigere3
1005 1547 1089 1586 puta
1110 1539 1413 1581 benevolentiam,
1430 1547 1465 1574 et
1486 1550 1649 1574 amorem
1663 1540 1752 1586 ejus,

199 1595 256 1629 cui
276 1594 464 1635 mutuavit,
490 1594 549 1628 vel
571 1593 703 1639 aliquid
725 1593 945 1638 hujusmodi.

269 1648 328 1682 AD
350 1658 498 1682 PRIMUM
522 1658 609 1692 ergo
632 1646 837 1689 dicendum,
856 1646 952 1692 quod
974 1645 1034 1680 ille
1050 1648 1111 1692 qui
1131 1655 1296 1680 mutuum
1312 1646 1382 1690 dat,
1395 1654 1513 1692 potest
1527 1647 1660 1693 absque
1674 1658 1754 1693 pec-

199 1709 280 1735 cato
302 1703 336 1735 in
359 1709 505 1747 pactum
527 1700 704 1734 deducere
729 1711 811 1733 cum
840 1710 895 1741 eo,
922 1699 983 1745 qui
1008 1708 1175 1734 mutuum
1205 1699 1345 1746 accipit,
1375 1701 1752 1746 recompensationem

199 1755 332 1796 damni,
354 1766 416 1800 per
438 1754 534 1800 quod
556 1754 774 1787 subtrahitur
795 1753 861 1787 sibi
884 1752 1029 1798 aliquid,
1051 1753 1148 1799 quod
1171 1753 1277 1787 debet
1297 1753 1449 1795 habere3
1471 1753 1542 1788 hoc
1564 1754 1660 1787 enim
1678 1764 1752 1787 non

199 1816 252 1843 est
272 1808 428 1842 vendere
450 1818 556 1841 usum
577 1807 764 1852 pecuniae,
786 1806 847 1840 sed
870 1806 1044 1840 damnum
1065 1807 1196 1848 vitare3
1220 1814 1254 1840 et
1275 1814 1394 1852 potest
1420 1818 1508 1849 esse,
1539 1807 1635 1853 quod
1665 1806 1755 1841 acci-

198 1863 298 1908 piens
320 1869 487 1894 mutuum
508 1861 624 1905 majus
647 1860 820 1893 damnum
841 1859 958 1901 evitet,
982 1871 1091 1905 quam
1118 1860 1205 1893 dans
1235 1860 1415 1894 incurrat:
1448 1861 1542 1894 unde
1572 1859 1751 1905 accipiens

199 1923 377 1955 mutuum,
401 1925 483 1948 cum
506 1925 569 1947 sua
590 1912 742 1947 utilitate
765 1913 938 1946 damnum
966 1913 1110 1946 alterius
1141 1921 1413 1957 recompensat:
1448 1913 1754 1959 recompensatio-

198 1979 282 2002 nem
304 1978 389 2002 vero
414 1967 548 2008 damni,
570 1967 665 2012 quod
688 1966 933 1999 consideratur
955 1966 991 1999 in
1017 1966 1087 2000 hoc
1110 1965 1206 2011 quod
1235 1966 1277 2000 de
1304 1966 1456 2011 pecunia
1482 1977 1556 2000 non
1582 1966 1752 2008 lucratur,

198 2032 272 2055 non
294 2028 411 2067 potest
432 2020 467 2053 in
490 2028 634 2065 pactum
656 2019 856 2053 deducere:
885 2019 967 2064 quia
993 2030 1066 2052 non
1094 2019 1200 2053 debet
1220 2019 1376 2053 vendere
1399 2019 1445 2061 id,
1468 2019 1564 2065 quod
1588 2020 1750 2054 nondum

198 2075 317 2115 habet,
340 2081 373 2108 et
395 2081 512 2119 potest
533 2073 698 2118 impediri
720 2071 966 2118 multipliciter
988 2072 1030 2105 ab
1052 2072 1233 2106 habendo.

270 2128 329 2161 AD
350 2137 553 2161 SECUNDUM
582 2126 787 2166 dicendum,
810 2125 906 2171 quod
921 2125 1213 2170 recompensatio
1229 2124 1380 2169 alicujus
1398 2125 1561 2159 beneficii
1579 2125 1753 2172 dupliciter

199 2181 274 2215 fieri
295 2188 434 2227 potest:
457 2191 520 2213 unc>
548 2179 694 2224 quidem
719 2178 812 2212 modo
836 2190 878 2212 ex
900 2178 1019 2212 debito
1042 2178 1215 2223 justitiaeg
1246 2178 1289 2211 ad
1316 2179 1411 2224 quod
1434 2179 1561 2224 aliquis
1583 2190 1624 2213 ex
1651 2187 1751 2214 certo

198 2243 304 2281 pacto
327 2234 479 2277 obligari
500 2241 634 2279 potest:
658 2240 692 2266 et
712 2232 783 2265 hoc
807 2232 966 2265 debitum
989 2232 1181 2266 attenditur
1207 2233 1407 2266 secundum
1435 2232 1670 2278 quantitatem
1697 2233 1752 2267 be-

199 2288 329 2329 neficii,
353 2287 447 2333 quod
472 2287 549 2332 quis
572 2287 733 2331 accepit,
757 2293 791 2319 et
812 2285 893 2318 ideo
916 2284 976 2318 ille
999 2285 1058 2330 qui
1080 2285 1219 2330 accepit
1237 2293 1403 2319 mutuum
1422 2286 1609 2331 pecuniae,
1623 2285 1682 2320 vel
1696 2298 1752 2321 cu-

198 2343 410 2387 juscumque
432 2339 559 2374 similis
581 2340 642 2380 rei,
666 2339 765 2383 cujus
788 2349 872 2371 usus
889 2346 942 2371 est
957 2339 1030 2382 ejus
1047 2339 1290 2384 consumptio,
1305 2349 1378 2372 non
1393 2346 1534 2373 tenetur
1550 2339 1594 2373 ad
1609 2338 1687 2385 plus
1701 2351 1753 2374 re-

201 2394 523 2441 compensandum,
539 2403 646 2438 quam
662 2399 788 2425 mutuo
812 2391 1007 2436 acceperit3
1027 2391 1120 2425 unde
1141 2399 1265 2425 contra
1287 2391 1459 2437 justitiam
1481 2399 1544 2434 est,
1567 2393 1596 2426 si
1611 2392 1654 2425 ad
1672 2391 1750 2438 plus

199 2448 422 2483 reddendum
444 2446 641 2491 obligetur:
664 2445 730 2478 alio
749 2444 843 2478 modo
859 2452 1001 2478 tenetur
1023 2444 1150 2489 aliquis
1172 2444 1215 2478 ad
1243 2444 1594 2490 recompensandum
1618 2444 1752 2479 benefi-

201 2503 295 2536 cium
315 2513 358 2535 ex
379 2500 499 2534 debito
524 2498 722 2539 amicitiae,
744 2497 779 2530 in
802 2508 873 2542 quo
896 2497 1012 2541 magis
1036 2497 1283 2531 consideratur
1297 2497 1456 2539 affectus,
1473 2509 1514 2532 ex
1530 2509 1602 2543 quo
1624 2497 1751 2544 aliquis

200 2554 416 2588 beneficium
440 2552 604 2593 contulit,
627 2562 735 2597 quam
758 2550 866 2584 etiarn
882 2550 1060 2595 quantitas
1076 2551 1150 2595 ejus
1170 2551 1266 2596 quod
1281 2550 1382 2592 fecit3
1405 2559 1439 2584 et
1461 2550 1522 2584 tali
1543 2550 1662 2584 debito
1676 2561 1750 2585 non

201 2607 375 2653 competit
396 2606 510 2640 civilis
532 2605 718 2649 obligatio,
740 2615 802 2649 per
828 2614 937 2649 quam
964 2603 1143 2637 inducitur
1177 2604 1353 2649 quaedam
1379 2603 1584 2645 necessitas,
1614 2611 1653 2637 ut
1676 2614 1750 2638 non

201 2669 398 2708 spontanea
420 2657 709 2704 recompensatio
732 2656 801 2691 fiat.

272 2714 332 2747 AD
355 2723 525 2746 TERTmM
545 2711 749 2751 dicendum,
773 2709 867 2755 quod
891 2709 919 2742 si
941 2708 1067 2754 aliquis
1091 2720 1131 2743 ex
1153 2709 1305 2755 pecunia
1324 2717 1485 2743 mutuata
1507 2717 1678 2756 expectet,
1692 2709 1750 2744 vel

202 2768 330 2812 exigat,
365 2767 465 2811 quasi
488 2776 549 2811 per
572 2763 832 2809 obligationem
854 2762 947 2808 pacti
970 2763 1077 2803 taciti,
1100 2763 1155 2796 vel
1179 2763 1345 2808 expressi,
1375 2762 1749 2808 recompensationem

202 2821 359 2854 muneris
381 2820 421 2853 ab
441 2820 599 2863 obsequio,
627 2817 684 2851 vel
705 2828 724 2850 a
746 2817 871 2861 lingua,
899 2815 1045 2861 perinde
1067 2823 1120 2849 cst
1141 2827 1181 2849 ac
1209 2816 1238 2849 si
1264 2824 1478 2861 expectaret,
1507 2815 1564 2849 vel
1593 2816 1751 2862 exigeret

202 2884 330 2907 munus
350 2884 369 2906 ιι
389 2883 507 2911 mmm;
528 2871 608 2916 quia
633 2878 821 2915 utrumque
844 2869 995 2914 pecunia
1014 2869 1193 2902 aestimari
1220 2876 1354 2914 potcst3
1377 2877 1414 2902 ut
1435 2876 1530 2914 patet
1551 2869 1586 2902 in
1604 2869 1671 2911 his,
1689 2868 1750 2914 qui
