<?xml version="1.0" encoding="UTF-8"?>
<!DOCTYPE html PUBLIC "-//W3C//DTD XHTML 1.0 Transitional//EN"
    "http://www.w3.org/TR/xhtml1/DTD/xhtml1-transitional.dtd">
<html xmlns="http://www.w3.org/1999/xhtml" xml:lang="en" lang="en">
 <head>
  <title>
</title>
<meta http-equiv="Content-Type" content="text/html;charset=utf-8" />
  <meta name='ocr-system' content='tesseract 3.04.00' />
  <meta name='ocr-capabilities' content='ocr_page ocr_carea ocr_par ocr_line ocrx_word'/>
</head>
<body>
  <div class='ocr_page' id='page_1' title='image "./divithomaeaquina03thomuoft_1241.png"; bbox 0 0 1859 3122; ppageno 0'>
   <div class='ocr_carea' id='block_1_1' title="bbox 423 194 1633 239">
    <p class='ocr_par' dir='ltr' id='par_1_1' title="bbox 423 194 1633 239">
     <span class='ocr_line' id='line_1_1' title="bbox 423 194 1633 239; baseline 0.003 -17"><span class='ocrx_word' id='word_1_1' title='bbox 423 194 644 229; x_wconf 76' lang='lat' dir='ltr'><strong>QUAESTIO</strong></span> <span class='ocrx_word' id='word_1_2' title='bbox 679 194 883 224; x_wconf 81' lang='lat' dir='ltr'><strong>CLXXXVI.</strong></span> <span class='ocrx_word' id='word_1_3' title='bbox 917 195 1161 225; x_wconf 80' lang='lat' dir='ltr'><strong>ARTICULUS</strong></span> <span class='ocrx_word' id='word_1_4' title='bbox 1193 195 1282 225; x_wconf 89' lang='lat' dir='ltr'><strong>VIII.</strong></span> <span class='ocrx_word' id='word_1_5' title='bbox 1527 196 1633 239; x_wconf 76' lang='lat'><em>1233</em></span> 
     </span>
    </p>
   </div>
   <div class='ocr_carea' id='block_1_2' title="bbox 77 273 1639 1172">
    <p class='ocr_par' dir='ltr' id='par_1_2' title="bbox 78 273 1637 376">
     <span class='ocr_line' id='line_1_2' title="bbox 79 273 1637 323; baseline 0.002 -16"><span class='ocrx_word' id='word_1_6' title='bbox 79 274 230 319; x_wconf 85' lang='lat' dir='ltr'>August.</span> <span class='ocrx_word' id='word_1_7' title='bbox 249 274 282 307; x_wconf 87' lang='lat' dir='ltr'>in</span> <span class='ocrx_word' id='word_1_8' title='bbox 305 273 395 308; x_wconf 87' lang='lat' dir='ltr'>libro</span> <span class='ocrx_word' id='word_1_9' title='bbox 418 275 461 309; x_wconf 93' lang='lat' dir='ltr'>de</span> <span class='ocrx_word' id='word_1_10' title='bbox 483 274 582 321; x_wconf 89' lang='lat' dir='ltr'>Virg.</span> <span class='ocrx_word' id='word_1_11' title='bbox 602 276 689 322; x_wconf 80' lang='lat' dir='ltr'>(cap.</span> <span class='ocrx_word' id='word_1_12' title='bbox 716 276 813 321; x_wconf 72' lang='lat'><em>46.):</em></span> <span class='ocrx_word' id='word_1_13' title='bbox 829 276 1174 323; x_wconf 87' lang='lat' dir='ltr'>«Ncm0,quantum</span> <span class='ocrx_word' id='word_1_14' title='bbox 1190 284 1289 323; x_wconf 90' lang='lat' dir='ltr'>puto,</span> <span class='ocrx_word' id='word_1_15' title='bbox 1313 288 1420 312; x_wconf 85' lang='lat' dir='ltr'>ausus</span> <span class='ocrx_word' id='word_1_16' title='bbox 1442 276 1548 311; x_wconf 90' lang='lat' dir='ltr'>fuerit</span> <span class='ocrx_word' id='word_1_17' title='bbox 1568 277 1637 311; x_wconf 89' lang='lat' dir='ltr'>vir-</span> 
     </span>
     <span class='ocr_line' id='line_1_3' title="bbox 78 327 1061 376; baseline 0.002 -16"><span class='ocrx_word' id='word_1_18' title='bbox 78 327 266 373; x_wconf 87' lang='lat' dir='ltr'>ginitatem</span> <span class='ocrx_word' id='word_1_19' title='bbox 289 327 466 373; x_wconf 75' lang='lat' dir='ltr'>praeferre</span> <span class='ocrx_word' id='word_1_20' title='bbox 489 329 711 363; x_wconf 89' lang='lat' dir='ltr'>monasterio</span> <span class='ocrx_word' id='word_1_21' title='bbox 734 329 795 374; x_wconf 83' lang='lat' dir='ltr'>[al.</span> <span class='ocrx_word' id='word_1_22' title='bbox 815 330 1000 376; x_wconf 73' lang='lat' dir='ltr'>Martyrio]</span> <span class='ocrx_word' id='word_1_23' title='bbox 1030 344 1061 363; x_wconf 89' lang='lat'>».</span> 
     </span>
    </p>

    <p class='ocr_par' dir='ltr' id='par_1_3' title="bbox 78 380 1638 638">
     <span class='ocr_line' id='line_1_4' title="bbox 150 380 1638 430; baseline 0.003 -16"><span class='ocrx_word' id='word_1_24' title='bbox 150 380 209 414; x_wconf 88' lang='lat' dir='ltr'>AD</span> <span class='ocrx_word' id='word_1_25' title='bbox 232 391 379 415; x_wconf 62' lang='lat' dir='ltr'>Pitinum</span> <span class='ocrx_word' id='word_1_26' title='bbox 396 393 482 427; x_wconf 88' lang='lat' dir='ltr'>ergo</span> <span class='ocrx_word' id='word_1_27' title='bbox 505 382 709 423; x_wconf 89' lang='lat' dir='ltr'>dicendum,</span> <span class='ocrx_word' id='word_1_28' title='bbox 732 383 827 429; x_wconf 89' lang='lat' dir='ltr'>quod</span> <span class='ocrx_word' id='word_1_29' title='bbox 844 384 1036 418; x_wconf 87' lang='lat' dir='ltr'>consilium</span> <span class='ocrx_word' id='word_1_30' title='bbox 1052 384 1277 418; x_wconf 81' lang='lat' dir='ltr'>obedientiae</span> <span class='ocrx_word' id='word_1_31' title='bbox 1299 383 1493 418; x_wconf 85' lang='lat' dir='ltr'>includitur</span> <span class='ocrx_word' id='word_1_32' title='bbox 1511 384 1547 418; x_wconf 91' lang='lat' dir='ltr'>in</span> <span class='ocrx_word' id='word_1_33' title='bbox 1560 384 1638 430; x_wconf 89' lang='lat' dir='ltr'>ipsa</span> 
     </span>
     <span class='ocr_line' id='line_1_5' title="bbox 79 432 1637 483; baseline 0.004 -17"><span class='ocrx_word' id='word_1_34' title='bbox 79 432 214 467; x_wconf 86' lang='lat' dir='ltr'>Christi</span> <span class='ocrx_word' id='word_1_35' title='bbox 236 434 398 480; x_wconf 76' lang='lat' dir='ltr'>sequela:</span> <span class='ocrx_word' id='word_1_36' title='bbox 427 435 487 481; x_wconf 91' lang='lat' dir='ltr'>qui</span> <span class='ocrx_word' id='word_1_37' title='bbox 505 435 602 469; x_wconf 87' lang='lat' dir='ltr'>enim</span> <span class='ocrx_word' id='word_1_38' title='bbox 621 436 753 478; x_wconf 86' lang='lat' dir='ltr'>obedit,</span> <span class='ocrx_word' id='word_1_39' title='bbox 775 437 933 483; x_wconf 88' lang='lat' dir='ltr'>sequitur</span> <span class='ocrx_word' id='word_1_40' title='bbox 949 437 1092 471; x_wconf 87' lang='lat' dir='ltr'>alterius</span> <span class='ocrx_word' id='word_1_41' title='bbox 1107 437 1352 479; x_wconf 81' lang='lat' dir='ltr'>voluntatem3</span> <span class='ocrx_word' id='word_1_42' title='bbox 1376 446 1410 472; x_wconf 90' lang='lat' dir='ltr'>et</span> <span class='ocrx_word' id='word_1_43' title='bbox 1424 438 1504 472; x_wconf 90' lang='lat' dir='ltr'>ideo</span> <span class='ocrx_word' id='word_1_44' title='bbox 1521 438 1637 483; x_wconf 88' lang='lat' dir='ltr'>magis</span> 
     </span>
     <span class='ocr_line' id='line_1_6' title="bbox 78 487 1633 537; baseline 0.003 -17"><span class='ocrx_word' id='word_1_45' title='bbox 78 487 230 532; x_wconf 76' lang='lat' dir='ltr'>pertinet</span> <span class='ocrx_word' id='word_1_46' title='bbox 258 487 300 520; x_wconf 82' lang='lat' dir='ltr'>ad</span> <span class='ocrx_word' id='word_1_47' title='bbox 324 487 596 532; x_wconf 80' lang='lat' dir='ltr'>perfectionem,</span> <span class='ocrx_word' id='word_1_48' title='bbox 630 501 739 535; x_wconf 87' lang='lat' dir='ltr'>quam</span> <span class='ocrx_word' id='word_1_49' title='bbox 762 498 887 524; x_wconf 86' lang='lat' dir='ltr'>votum</span> <span class='ocrx_word' id='word_1_50' title='bbox 919 491 1161 537; x_wconf 75' lang='lat' dir='ltr'>paupertati33</span> <span class='ocrx_word' id='word_1_51' title='bbox 1189 491 1283 537; x_wconf 87' lang='lat' dir='ltr'>quia,</span> <span class='ocrx_word' id='word_1_52' title='bbox 1314 499 1352 525; x_wconf 87' lang='lat' dir='ltr'>ut</span> <span class='ocrx_word' id='word_1_53' title='bbox 1386 491 1633 537; x_wconf 82' lang='lat' dir='ltr'>Hieronymus</span> 
     </span>
     <span class='ocr_line' id='line_1_7' title="bbox 79 540 1638 591; baseline 0.003 -18"><span class='ocrx_word' id='word_1_54' title='bbox 79 540 164 574; x_wconf 91' lang='lat' dir='ltr'>dicit</span> <span class='ocrx_word' id='word_1_55' title='bbox 185 552 292 586; x_wconf 89' lang='lat' dir='ltr'>super</span> <span class='ocrx_word' id='word_1_56' title='bbox 320 541 445 575; x_wconf 79' lang='lat' dir='ltr'>Matth.</span> <span class='ocrx_word' id='word_1_57' title='bbox 467 542 557 589; x_wconf 73' lang='lat' dir='ltr'>(cap.</span> <span class='ocrx_word' id='word_1_58' title='bbox 577 553 628 588; x_wconf 85' lang='lat'>19.</span> <span class='ocrx_word' id='word_1_59' title='bbox 650 551 719 589; x_wconf 81' lang='lat' dir='ltr'>sup.</span> <span class='ocrx_word' id='word_1_60' title='bbox 740 543 840 577; x_wconf 71' lang='lat' dir='ltr'>illud:</span> <span class='ocrx_word' id='word_1_61' title='bbox 856 545 938 578; x_wconf 60' lang='lat' dir='ltr'>Ecca</span> <span class='ocrx_word' id='word_1_62' title='bbox 956 556 1013 578; x_wconf 82' lang='lat' dir='ltr'>nos</span> <span class='ocrx_word' id='word_1_63' title='bbox 1034 545 1224 590; x_wconf 65' lang='lat' dir='ltr'>reliquimus</span> <span class='ocrx_word' id='word_1_64' title='bbox 1243 545 1333 590; x_wconf 66' lang='lat' dir='ltr'>etc),</span> <span class='ocrx_word' id='word_1_65' title='bbox 1357 545 1424 578; x_wconf 84' lang='lat' dir='ltr'>«id</span> <span class='ocrx_word' id='word_1_66' title='bbox 1443 545 1540 591; x_wconf 88' lang='lat' dir='ltr'>quod</span> <span class='ocrx_word' id='word_1_67' title='bbox 1563 556 1638 591; x_wconf 93' lang='lat' dir='ltr'>per-</span> 
     </span>
     <span class='ocr_line' id='line_1_8' title="bbox 78 592 1297 638; baseline 0.005 -12"><span class='ocrx_word' id='word_1_68' title='bbox 78 592 243 627; x_wconf 84' lang='lat' dir='ltr'>fectionis</span> <span class='ocrx_word' id='word_1_69' title='bbox 273 603 335 636; x_wconf 87' lang='lat' dir='ltr'>est,</span> <span class='ocrx_word' id='word_1_70' title='bbox 360 595 494 629; x_wconf 80' lang='lat' dir='ltr'>addidit</span> <span class='ocrx_word' id='word_1_71' title='bbox 519 595 658 638; x_wconf 88' lang='lat' dir='ltr'>Petrus,</span> <span class='ocrx_word' id='word_1_72' title='bbox 680 608 763 630; x_wconf 91' lang='lat' dir='ltr'>cum</span> <span class='ocrx_word' id='word_1_73' title='bbox 778 597 881 632; x_wconf 84' lang='lat' dir='ltr'>dixit:</span> <span class='ocrx_word' id='word_1_74' title='bbox 904 599 947 632; x_wconf 86' lang='lat' dir='ltr'>Et</span> <span class='ocrx_word' id='word_1_75' title='bbox 967 599 1064 632; x_wconf 73' lang='lat' dir='ltr'>secuti</span> <span class='ocrx_word' id='word_1_76' title='bbox 1085 610 1195 633; x_wconf 74' lang='lat' dir='ltr'>sumus</span> <span class='ocrx_word' id='word_1_77' title='bbox 1216 603 1243 633; x_wconf 66' lang='lat' dir='ltr'>te</span> <span class='ocrx_word' id='word_1_78' title='bbox 1266 612 1297 632; x_wconf 68' lang='lat'>³).</span> 
     </span>
    </p>

    <p class='ocr_par' dir='ltr' id='par_1_4' title="bbox 77 647 1638 906">
     <span class='ocr_line' id='line_1_9' title="bbox 150 647 1634 698; baseline 0.004 -18"><span class='ocrx_word' id='word_1_79' title='bbox 150 647 209 680; x_wconf 87' lang='lat' dir='ltr'>AD</span> <span class='ocrx_word' id='word_1_80' title='bbox 232 657 437 682; x_wconf 68' lang='lat' dir='ltr'>SECUNDUM</span> <span class='ocrx_word' id='word_1_81' title='bbox 456 649 662 691; x_wconf 90' lang='lat' dir='ltr'>dicendum,</span> <span class='ocrx_word' id='word_1_82' title='bbox 684 650 780 695; x_wconf 91' lang='lat' dir='ltr'>quod</span> <span class='ocrx_word' id='word_1_83' title='bbox 807 662 850 684; x_wconf 79' lang='lat' dir='ltr'>ex</span> <span class='ocrx_word' id='word_1_84' title='bbox 875 651 983 684; x_wconf 88' lang='lat' dir='ltr'>verbo</span> <span class='ocrx_word' id='word_1_85' title='bbox 1009 651 1072 685; x_wconf 88' lang='lat' dir='ltr'>illo</span> <span class='ocrx_word' id='word_1_86' title='bbox 1101 663 1175 686; x_wconf 91' lang='lat' dir='ltr'>non</span> <span class='ocrx_word' id='word_1_87' title='bbox 1204 651 1368 693; x_wconf 89' lang='lat' dir='ltr'>habetur,</span> <span class='ocrx_word' id='word_1_88' title='bbox 1397 652 1493 698; x_wconf 91' lang='lat' dir='ltr'>quod</span> <span class='ocrx_word' id='word_1_89' title='bbox 1521 652 1634 685; x_wconf 87' lang='lat' dir='ltr'>conti-</span> 
     </span>
     <span class='ocr_line' id='line_1_10' title="bbox 78 699 1638 751; baseline 0.004 -19"><span class='ocrx_word' id='word_1_90' title='bbox 78 699 199 733; x_wconf 87' lang='lat' dir='ltr'>nentia</span> <span class='ocrx_word' id='word_1_91' title='bbox 226 699 446 745; x_wconf 80' lang='lat' dir='ltr'>praeferatur</span> <span class='ocrx_word' id='word_1_92' title='bbox 467 702 635 736; x_wconf 84' lang='lat' dir='ltr'>omnibus</span> <span class='ocrx_word' id='word_1_93' title='bbox 658 702 735 737; x_wconf 90' lang='lat' dir='ltr'>aliis</span> <span class='ocrx_word' id='word_1_94' title='bbox 750 704 885 737; x_wconf 90' lang='lat' dir='ltr'>actibus</span> <span class='ocrx_word' id='word_1_95' title='bbox 914 705 1093 746; x_wconf 80' lang='lat' dir='ltr'>virtuosis,</span> <span class='ocrx_word' id='word_1_96' title='bbox 1113 705 1174 738; x_wconf 88' lang='lat' dir='ltr'>sed</span> <span class='ocrx_word' id='word_1_97' title='bbox 1194 704 1378 751; x_wconf 88' lang='lat' dir='ltr'>conjugali</span> <span class='ocrx_word' id='word_1_98' title='bbox 1400 705 1564 746; x_wconf 86' lang='lat' dir='ltr'>castitati,</span> <span class='ocrx_word' id='word_1_99' title='bbox 1580 704 1638 739; x_wconf 90' lang='lat' dir='ltr'>vel</span> 
     </span>
     <span class='ocr_line' id='line_1_11' title="bbox 79 753 1637 803; baseline 0.004 -18"><span class='ocrx_word' id='word_1_100' title='bbox 79 753 188 786; x_wconf 88' lang='lat' dir='ltr'>etiam</span> <span class='ocrx_word' id='word_1_101' title='bbox 210 753 445 787; x_wconf 75' lang='lat' dir='ltr'>exterioribus</span> <span class='ocrx_word' id='word_1_102' title='bbox 466 755 598 789; x_wconf 88' lang='lat' dir='ltr'>divitiis</span> <span class='ocrx_word' id='word_1_103' title='bbox 622 756 709 797; x_wconf 85' lang='lat' dir='ltr'>auri,</span> <span class='ocrx_word' id='word_1_104' title='bbox 736 764 771 790; x_wconf 89' lang='lat' dir='ltr'>et</span> <span class='ocrx_word' id='word_1_105' title='bbox 797 757 946 802; x_wconf 79' lang='lat' dir='ltr'>argenti,</span> <span class='ocrx_word' id='word_1_106' title='bbox 974 769 1064 803; x_wconf 86' lang='lat' dir='ltr'>quae</span> <span class='ocrx_word' id='word_1_107' title='bbox 1092 758 1252 803; x_wconf 86' lang='lat' dir='ltr'>pondere</span> <span class='ocrx_word' id='word_1_108' title='bbox 1280 765 1551 792; x_wconf 84' lang='lat' dir='ltr'>mensurantur:</span> <span class='ocrx_word' id='word_1_109' title='bbox 1579 757 1637 792; x_wconf 88' lang='lat' dir='ltr'>vel</span> 
     </span>
     <span class='ocr_line' id='line_1_12' title="bbox 78 806 1638 858; baseline 0.004 -19"><span class='ocrx_word' id='word_1_110' title='bbox 78 816 141 852; x_wconf 91' lang='lat' dir='ltr'>per</span> <span class='ocrx_word' id='word_1_111' title='bbox 159 806 420 840; x_wconf 84' lang='lat' dir='ltr'>continentiam</span> <span class='ocrx_word' id='word_1_112' title='bbox 440 807 650 854; x_wconf 87' lang='lat' dir='ltr'>intelligitur</span> <span class='ocrx_word' id='word_1_113' title='bbox 671 809 919 844; x_wconf 83' lang='lat' dir='ltr'>universaliter</span> <span class='ocrx_word' id='word_1_114' title='bbox 938 811 1152 845; x_wconf 82' lang='lat' dir='ltr'>abstinentia</span> <span class='ocrx_word' id='word_1_115' title='bbox 1168 811 1210 845; x_wconf 86' lang='lat' dir='ltr'>ab</span> <span class='ocrx_word' id='word_1_116' title='bbox 1231 811 1334 845; x_wconf 91' lang='lat' dir='ltr'>omni</span> <span class='ocrx_word' id='word_1_117' title='bbox 1349 811 1459 853; x_wconf 85' lang='lat' dir='ltr'>malo,</span> <span class='ocrx_word' id='word_1_118' title='bbox 1475 820 1513 846; x_wconf 91' lang='lat' dir='ltr'>ut</span> <span class='ocrx_word' id='word_1_119' title='bbox 1531 822 1638 858; x_wconf 87' lang='lat' dir='ltr'>supra</span> 
     </span>
     <span class='ocr_line' id='line_1_13' title="bbox 77 859 713 906; baseline 0.006 -14"><span class='ocrx_word' id='word_1_120' title='bbox 77 859 242 893; x_wconf 88' lang='lat' dir='ltr'>habiturn</span> <span class='ocrx_word' id='word_1_121' title='bbox 261 868 313 894; x_wconf 89' lang='lat' dir='ltr'>est</span> <span class='ocrx_word' id='word_1_122' title='bbox 331 861 375 906; x_wconf 84' lang='lat' dir='ltr'>(q.</span> <span class='ocrx_word' id='word_1_123' title='bbox 395 872 455 906; x_wconf 78' lang='lat'>155.</span> <span class='ocrx_word' id='word_1_124' title='bbox 469 866 533 895; x_wconf 81' lang='lat' dir='ltr'>art.</span> <span class='ocrx_word' id='word_1_125' title='bbox 548 873 581 905; x_wconf 85' lang='lat'>4.</span> <span class='ocrx_word' id='word_1_126' title='bbox 600 861 643 895; x_wconf 85' lang='lat' dir='ltr'>ad</span> <span class='ocrx_word' id='word_1_127' title='bbox 657 863 713 906; x_wconf 77' lang='lat' dir='ltr'>L).</span> 
     </span>
    </p>

    <p class='ocr_par' dir='ltr' id='par_1_5' title="bbox 77 912 1639 1172">
     <span class='ocr_line' id='line_1_14' title="bbox 149 912 1637 963; baseline 0.004 -17"><span class='ocrx_word' id='word_1_128' title='bbox 149 912 209 946; x_wconf 89' lang='lat' dir='ltr'>AD</span> <span class='ocrx_word' id='word_1_129' title='bbox 230 923 401 947; x_wconf 79' lang='lat' dir='ltr'>TERTIUM</span> <span class='ocrx_word' id='word_1_130' title='bbox 423 915 629 956; x_wconf 85' lang='lat' dir='ltr'>dicendum,</span> <span class='ocrx_word' id='word_1_131' title='bbox 656 915 752 961; x_wconf 90' lang='lat' dir='ltr'>quod</span> <span class='ocrx_word' id='word_1_132' title='bbox 774 915 872 962; x_wconf 88' lang='lat' dir='ltr'>Papa</span> <span class='ocrx_word' id='word_1_133' title='bbox 893 917 929 950; x_wconf 89' lang='lat' dir='ltr'>in</span> <span class='ocrx_word' id='word_1_134' title='bbox 947 924 1034 950; x_wconf 80' lang='lat' dir='ltr'>voto</span> <span class='ocrx_word' id='word_1_135' title='bbox 1061 917 1290 952; x_wconf 89' lang='lat' dir='ltr'>obedientiae</span> <span class='ocrx_word' id='word_1_136' title='bbox 1316 929 1390 952; x_wconf 91' lang='lat' dir='ltr'>non</span> <span class='ocrx_word' id='word_1_137' title='bbox 1413 926 1531 963; x_wconf 89' lang='lat' dir='ltr'>potest</span> <span class='ocrx_word' id='word_1_138' title='bbox 1553 929 1637 951; x_wconf 91' lang='lat' dir='ltr'>cum</span> 
     </span>
     <span class='ocr_line' id='line_1_15' title="bbox 79 965 1626 1017; baseline 0.004 -18"><span class='ocrx_word' id='word_1_139' title='bbox 79 965 251 1011; x_wconf 90' lang='lat' dir='ltr'>religioso</span> <span class='ocrx_word' id='word_1_140' title='bbox 274 967 491 1011; x_wconf 86' lang='lat' dir='ltr'>dispensare,</span> <span class='ocrx_word' id='word_1_141' title='bbox 515 975 551 1002; x_wconf 92' lang='lat' dir='ltr'>ut</span> <span class='ocrx_word' id='word_1_142' title='bbox 572 967 661 1002; x_wconf 91' lang='lat' dir='ltr'>nulli</span> <span class='ocrx_word' id='word_1_143' title='bbox 681 968 842 1014; x_wconf 84' lang='lat' dir='ltr'>praelato</span> <span class='ocrx_word' id='word_1_144' title='bbox 865 977 1029 1003; x_wconf 85' lang='lat' dir='ltr'>teneatur</span> <span class='ocrx_word' id='word_1_145' title='bbox 1051 970 1197 1004; x_wconf 90' lang='lat' dir='ltr'>obedire</span> <span class='ocrx_word' id='word_1_146' title='bbox 1225 971 1262 1004; x_wconf 92' lang='lat' dir='ltr'>in</span> <span class='ocrx_word' id='word_1_147' title='bbox 1284 971 1355 1012; x_wconf 90' lang='lat' dir='ltr'>his,</span> <span class='ocrx_word' id='word_1_148' title='bbox 1383 982 1475 1017; x_wconf 83' lang='lat' dir='ltr'>quae</span> <span class='ocrx_word' id='word_1_149' title='bbox 1499 971 1542 1005; x_wconf 84' lang='lat' dir='ltr'>ad</span> <span class='ocrx_word' id='word_1_150' title='bbox 1564 982 1626 1017; x_wconf 91' lang='lat' dir='ltr'>per</span> 
     </span>
     <span class='ocr_line' id='line_1_16' title="bbox 77 1017 1636 1068; baseline 0.005 -17"><span class='ocrx_word' id='word_1_151' title='bbox 77 1017 275 1052; x_wconf 84' lang='lat' dir='ltr'>sectionem</span> <span class='ocrx_word' id='word_1_152' title='bbox 296 1020 390 1054; x_wconf 82' lang='lat' dir='ltr'>vitae</span> <span class='ocrx_word' id='word_1_153' title='bbox 417 1021 610 1066; x_wconf 85' lang='lat' dir='ltr'>pertinent:</span> <span class='ocrx_word' id='word_1_154' title='bbox 638 1033 711 1055; x_wconf 91' lang='lat' dir='ltr'>non</span> <span class='ocrx_word' id='word_1_155' title='bbox 739 1022 836 1056; x_wconf 91' lang='lat' dir='ltr'>enim</span> <span class='ocrx_word' id='word_1_156' title='bbox 862 1031 979 1068; x_wconf 88' lang='lat' dir='ltr'>potest</span> <span class='ocrx_word' id='word_1_157' title='bbox 1001 1034 1083 1057; x_wconf 88' lang='lat' dir='ltr'>eum</span> <span class='ocrx_word' id='word_1_158' title='bbox 1105 1035 1124 1058; x_wconf 89' lang='lat' dir='ltr'>a</span> <span class='ocrx_word' id='word_1_159' title='bbox 1146 1035 1209 1058; x_wconf 88' lang='lat' dir='ltr'>sua</span> <span class='ocrx_word' id='word_1_160' title='bbox 1231 1025 1437 1059; x_wconf 85' lang='lat' dir='ltr'>obedientia</span> <span class='ocrx_word' id='word_1_161' title='bbox 1459 1025 1636 1060; x_wconf 82' lang='lat' dir='ltr'>eximere:</span> 
     </span>
     <span class='ocr_line' id='line_1_17' title="bbox 78 1074 1639 1124; baseline 0.004 -18"><span class='ocrx_word' id='word_1_162' title='bbox 78 1079 198 1117; x_wconf 89' lang='lat' dir='ltr'>potest</span> <span class='ocrx_word' id='word_1_163' title='bbox 222 1080 346 1106; x_wconf 85' lang='lat' dir='ltr'>tamen</span> <span class='ocrx_word' id='word_1_164' title='bbox 368 1084 451 1107; x_wconf 88' lang='lat' dir='ltr'>eum</span> <span class='ocrx_word' id='word_1_165' title='bbox 479 1074 635 1108; x_wconf 84' lang='lat' dir='ltr'>eximere</span> <span class='ocrx_word' id='word_1_166' title='bbox 658 1075 700 1108; x_wconf 92' lang='lat' dir='ltr'>ab</span> <span class='ocrx_word' id='word_1_167' title='bbox 727 1074 903 1110; x_wconf 87' lang='lat' dir='ltr'>inferioris</span> <span class='ocrx_word' id='word_1_168' title='bbox 925 1076 1075 1122; x_wconf 84' lang='lat' dir='ltr'>praelati</span> <span class='ocrx_word' id='word_1_169' title='bbox 1096 1077 1339 1122; x_wconf 82' lang='lat' dir='ltr'>subjectione3</span> <span class='ocrx_word' id='word_1_170' title='bbox 1366 1078 1463 1124; x_wconf 90' lang='lat' dir='ltr'>quod</span> <span class='ocrx_word' id='word_1_171' title='bbox 1489 1089 1563 1111; x_wconf 89' lang='lat' dir='ltr'>non</span> <span class='ocrx_word' id='word_1_172' title='bbox 1585 1085 1639 1112; x_wconf 89' lang='lat' dir='ltr'>est</span> 
     </span>
     <span class='ocr_line' id='line_1_18' title="bbox 78 1126 706 1172; baseline 0.005 -14"><span class='ocrx_word' id='word_1_173' title='bbox 78 1126 114 1159; x_wconf 91' lang='lat' dir='ltr'>in</span> <span class='ocrx_word' id='word_1_174' title='bbox 133 1134 220 1159; x_wconf 78' lang='lat' dir='ltr'>voto</span> <span class='ocrx_word' id='word_1_175' title='bbox 243 1126 469 1160; x_wconf 86' lang='lat' dir='ltr'>obedientiae</span> <span class='ocrx_word' id='word_1_176' title='bbox 489 1127 706 1172; x_wconf 87' lang='lat' dir='ltr'>dispensare.</span> 
     </span>
    </p>
   </div>
   <div class='ocr_carea' id='block_1_3' title="bbox 641 1259 1637 1319">
    <p class='ocr_par' dir='ltr' id='par_1_6' title="bbox 641 1259 1637 1319">
     <span class='ocr_line' id='line_1_19' title="bbox 641 1259 1637 1319; baseline 0.004 -17"><span class='ocrx_word' id='word_1_177' title='bbox 641 1259 985 1304; x_wconf 81' lang='lat' dir='ltr'><strong>ARTICULUS</strong></span> <span class='ocrx_word' id='word_1_178' title='bbox 1021 1261 1098 1303; x_wconf 83' lang='lat' dir='ltr'>IX.</span> <span class='ocrx_word' id='word_1_179' title='bbox 1570 1273 1637 1319; x_wconf 74' lang='lat'>892</span> 
     </span>
    </p>
   </div>
   <div class='ocr_carea' id='block_1_4' title="bbox 285 1367 1437 1468">
    <p class='ocr_par' dir='ltr' id='par_1_7' title="bbox 285 1367 1437 1468">
     <span class='ocr_line' id='line_1_20' title="bbox 285 1367 1437 1398; baseline 0.002 -2"><span class='ocrx_word' id='word_1_180' title='bbox 285 1367 438 1397; x_wconf 78' lang='lat' dir='ltr'>UTRUM</span> <span class='ocrx_word' id='word_1_181' title='bbox 470 1367 725 1397; x_wconf 89' lang='lat' dir='ltr'><strong>RELIGIOSUS</strong></span> <span class='ocrx_word' id='word_1_182' title='bbox 759 1368 921 1398; x_wconf 83' lang='lat' dir='ltr'>SEMPER</span> <span class='ocrx_word' id='word_1_183' title='bbox 954 1369 1121 1398; x_wconf 87' lang='lat' dir='ltr'><strong>PECCET</strong></span> <span class='ocrx_word' id='word_1_184' title='bbox 1154 1368 1437 1398; x_wconf 87' lang='lat' dir='ltr'><strong>MORTALITER</strong></span> 
     </span>
     <span class='ocr_line' id='line_1_21' title="bbox 341 1432 1387 1468; baseline -0.001 -5"><span class='ocrx_word' id='word_1_185' title='bbox 341 1432 738 1463; x_wconf 90' lang='lat' dir='ltr'><strong>TRANSGREDIENDO</strong></span> <span class='ocrx_word' id='word_1_186' title='bbox 766 1433 821 1462; x_wconf 90' lang='lat' dir='ltr'>EA</span> <span class='ocrx_word' id='word_1_187' title='bbox 844 1433 961 1468; x_wconf 87' lang='lat' dir='ltr'><strong>QUAE</strong></span> <span class='ocrx_word' id='word_1_188' title='bbox 988 1433 1100 1463; x_wconf 91' lang='lat' dir='ltr'>SUNT</span> <span class='ocrx_word' id='word_1_189' title='bbox 1127 1433 1171 1462; x_wconf 66' lang='lat' dir='ltr'>IN</span> <span class='ocrx_word' id='word_1_190' title='bbox 1197 1434 1387 1463; x_wconf 89' lang='lat' dir='ltr'>REGULA.</span> 
     </span>
    </p>
   </div>
   <div class='ocr_carea' id='block_1_5' title="bbox 213 1520 1500 1619">
    <p class='ocr_par' dir='ltr' id='par_1_8' title="bbox 213 1520 1500 1619">
     <span class='ocr_line' id='line_1_22' title="bbox 213 1520 1500 1567; baseline -0.002 -11"><span class='ocrx_word' id='word_1_191' title='bbox 213 1521 329 1567; x_wconf 81' lang='lat' dir='ltr'>(Supr.</span> <span class='ocrx_word' id='word_1_192' title='bbox 348 1532 378 1566; x_wconf 83' lang='lat' dir='ltr'>q.</span> <span class='ocrx_word' id='word_1_193' title='bbox 405 1521 459 1556; x_wconf 82' lang='lat'>88.</span> <span class='ocrx_word' id='word_1_194' title='bbox 478 1526 543 1555; x_wconf 80' lang='lat' dir='ltr'>art.</span> <span class='ocrx_word' id='word_1_195' title='bbox 570 1521 619 1556; x_wconf 75' lang='lat'>18.</span> <span class='ocrx_word' id='word_1_196' title='bbox 647 1520 689 1554; x_wconf 82' lang='lat' dir='ltr'>ad</span> <span class='ocrx_word' id='word_1_197' title='bbox 713 1532 745 1564; x_wconf 84' lang='lat'>4.</span> <span class='ocrx_word' id='word_1_198' title='bbox 767 1525 798 1554; x_wconf 79' lang='lat' dir='ltr'>et</span> <span class='ocrx_word' id='word_1_199' title='bbox 822 1531 854 1564; x_wconf 82' lang='lat'>4.</span> <span class='ocrx_word' id='word_1_200' title='bbox 875 1521 962 1554; x_wconf 71' lang='lat' dir='ltr'>Dist.</span> <span class='ocrx_word' id='word_1_201' title='bbox 981 1522 1032 1566; x_wconf 80' lang='lat'>38.</span> <span class='ocrx_word' id='word_1_202' title='bbox 1059 1533 1089 1566; x_wconf 84' lang='lat' dir='ltr'>q.</span> <span class='ocrx_word' id='word_1_203' title='bbox 1108 1534 1135 1556; x_wconf 83' lang='lat' dir='ltr'>I.</span> <span class='ocrx_word' id='word_1_204' title='bbox 1156 1526 1219 1555; x_wconf 78' lang='lat' dir='ltr'>art.</span> <span class='ocrx_word' id='word_1_205' title='bbox 1246 1532 1279 1565; x_wconf 83' lang='lat'>4.</span> <span class='ocrx_word' id='word_1_206' title='bbox 1307 1532 1337 1567; x_wconf 83' lang='lat' dir='ltr'>q.</span> <span class='ocrx_word' id='word_1_207' title='bbox 1359 1533 1387 1556; x_wconf 86' lang='lat' dir='ltr'>r.</span> <span class='ocrx_word' id='word_1_208' title='bbox 1407 1521 1449 1555; x_wconf 82' lang='lat' dir='ltr'>ad</span> <span class='ocrx_word' id='word_1_209' title='bbox 1471 1533 1500 1567; x_wconf 83' lang='lat'>5.</span> 
     </span>
     <span class='ocr_line' id='line_1_23' title="bbox 658 1573 1067 1619; baseline -0.002 -11"><span class='ocrx_word' id='word_1_210' title='bbox 658 1579 685 1608; x_wconf 80' lang='lat' dir='ltr'>et</span> <span class='ocrx_word' id='word_1_211' title='bbox 702 1573 823 1618; x_wconf 78' lang='lat' dir='ltr'>chodl.</span> <span class='ocrx_word' id='word_1_212' title='bbox 850 1584 879 1606; x_wconf 87' lang='lat'>1.</span> <span class='ocrx_word' id='word_1_213' title='bbox 899 1579 963 1608; x_wconf 81' lang='lat' dir='ltr'>art.</span> <span class='ocrx_word' id='word_1_214' title='bbox 982 1574 1067 1619; x_wconf 73' lang='lat'>20).</span> 
     </span>
    </p>
   </div>
   <div class='ocr_carea' id='block_1_6' title="bbox 81 1661 1644 2934">
    <p class='ocr_par' dir='ltr' id='par_1_9' title="bbox 81 1661 1640 1974">
     <span class='ocr_line' id='line_1_24' title="bbox 151 1661 1638 1708; baseline -0.001 -11"><span class='ocrx_word' id='word_1_215' title='bbox 151 1662 212 1697; x_wconf 87' lang='lat' dir='ltr'>AD</span> <span class='ocrx_word' id='word_1_216' title='bbox 233 1672 375 1697; x_wconf 82' lang='lat' dir='ltr'>NONUM</span> <span class='ocrx_word' id='word_1_217' title='bbox 396 1662 447 1696; x_wconf 90' lang='lat' dir='ltr'>sic</span> <span class='ocrx_word' id='word_1_218' title='bbox 470 1662 686 1708; x_wconf 88' lang='lat' dir='ltr'>proceditur.</span> <span class='ocrx_word' id='word_1_219' title='bbox 708 1661 870 1703; x_wconf 88' lang='lat' dir='ltr'>Videtur,</span> <span class='ocrx_word' id='word_1_220' title='bbox 891 1661 988 1707; x_wconf 91' lang='lat' dir='ltr'>quod</span> <span class='ocrx_word' id='word_1_221' title='bbox 1010 1661 1200 1707; x_wconf 90' lang='lat' dir='ltr'>religiosus</span> <span class='ocrx_word' id='word_1_222' title='bbox 1228 1673 1372 1708; x_wconf 89' lang='lat' dir='ltr'>semper</span> <span class='ocrx_word' id='word_1_223' title='bbox 1392 1669 1519 1708; x_wconf 90' lang='lat' dir='ltr'>peccet</span> <span class='ocrx_word' id='word_1_224' title='bbox 1544 1673 1638 1696; x_wconf 91' lang='lat' dir='ltr'>mor-</span> 
     </span>
     <span class='ocr_line' id='line_1_25' title="bbox 81 1714 1638 1761; baseline -0.001 -11"><span class='ocrx_word' id='word_1_225' title='bbox 81 1715 198 1750; x_wconf 86' lang='lat' dir='ltr'>taliter</span> <span class='ocrx_word' id='word_1_226' title='bbox 218 1715 514 1761; x_wconf 88' lang='lat' dir='ltr'>transgrediendo</span> <span class='ocrx_word' id='word_1_227' title='bbox 537 1726 578 1749; x_wconf 88' lang='lat' dir='ltr'>ea</span> <span class='ocrx_word' id='word_1_228' title='bbox 600 1726 691 1761; x_wconf 89' lang='lat' dir='ltr'>quae</span> <span class='ocrx_word' id='word_1_229' title='bbox 713 1723 794 1749; x_wconf 90' lang='lat' dir='ltr'>sunt</span> <span class='ocrx_word' id='word_1_230' title='bbox 814 1715 851 1748; x_wconf 91' lang='lat' dir='ltr'>in</span> <span class='ocrx_word' id='word_1_231' title='bbox 873 1714 1013 1760; x_wconf 87' lang='lat' dir='ltr'>regula:</span> <span class='ocrx_word' id='word_1_232' title='bbox 1035 1714 1154 1749; x_wconf 85' lang='lat' dir='ltr'>facere</span> <span class='ocrx_word' id='word_1_233' title='bbox 1176 1715 1273 1749; x_wconf 88' lang='lat' dir='ltr'>enim</span> <span class='ocrx_word' id='word_1_234' title='bbox 1296 1723 1421 1749; x_wconf 89' lang='lat' dir='ltr'>contra</span> <span class='ocrx_word' id='word_1_235' title='bbox 1442 1723 1570 1749; x_wconf 84' lang='lat' dir='ltr'>votum</span> <span class='ocrx_word' id='word_1_236' title='bbox 1586 1723 1638 1749; x_wconf 85' lang='lat' dir='ltr'>est</span> 
     </span>
     <span class='ocr_line' id='line_1_26' title="bbox 82 1767 1638 1815; baseline -0.001 -12"><span class='ocrx_word' id='word_1_237' title='bbox 82 1776 274 1815; x_wconf 90' lang='lat' dir='ltr'>peccatum</span> <span class='ocrx_word' id='word_1_238' title='bbox 295 1768 520 1810; x_wconf 78' lang='lat' dir='ltr'>damnabile3</span> <span class='ocrx_word' id='word_1_239' title='bbox 541 1776 579 1802; x_wconf 91' lang='lat' dir='ltr'>ut</span> <span class='ocrx_word' id='word_1_240' title='bbox 604 1776 702 1814; x_wconf 90' lang='lat' dir='ltr'>patet</span> <span class='ocrx_word' id='word_1_241' title='bbox 718 1779 780 1813; x_wconf 92' lang='lat' dir='ltr'>per</span> <span class='ocrx_word' id='word_1_242' title='bbox 798 1767 832 1801; x_wconf 88' lang='lat' dir='ltr'>id</span> <span class='ocrx_word' id='word_1_243' title='bbox 855 1768 951 1813; x_wconf 90' lang='lat' dir='ltr'>quod</span> <span class='ocrx_word' id='word_1_244' title='bbox 973 1769 1100 1814; x_wconf 89' lang='lat' dir='ltr'>Apost.</span> <span class='ocrx_word' id='word_1_245' title='bbox 1122 1768 1219 1810; x_wconf 88' lang='lat' dir='ltr'>dicit,</span> <span class='ocrx_word' id='word_1_246' title='bbox 1245 1779 1273 1802; x_wconf 90' lang='lat'>1.</span> <span class='ocrx_word' id='word_1_247' title='bbox 1297 1767 1462 1803; x_wconf 91' lang='lat' dir='ltr'>Timoth.</span> <span class='ocrx_word' id='word_1_248' title='bbox 1485 1779 1526 1813; x_wconf 86' lang='lat'>5.,</span> <span class='ocrx_word' id='word_1_249' title='bbox 1541 1768 1638 1814; x_wconf 92' lang='lat' dir='ltr'>quod</span> 
     </span>
     <span class='ocr_line' id='line_1_27' title="bbox 82 1821 1640 1868; baseline 0 -12"><span class='ocrx_word' id='word_1_250' title='bbox 82 1821 203 1856; x_wconf 78' lang='lat' dir='ltr'>viduae</span> <span class='ocrx_word' id='word_1_251' title='bbox 228 1833 311 1868; x_wconf 67' lang='lat' dir='ltr'>quae</span> <span class='ocrx_word' id='word_1_252' title='bbox 327 1822 441 1855; x_wconf 78' lang='lat' dir='ltr'>volunt</span> <span class='ocrx_word' id='word_1_253' title='bbox 458 1822 590 1864; x_wconf 71' lang='lat' dir='ltr'>nubere,</span> <span class='ocrx_word' id='word_1_254' title='bbox 612 1821 855 1855; x_wconf 78' lang='lat' dir='ltr'>damnationem</span> <span class='ocrx_word' id='word_1_255' title='bbox 874 1821 1011 1861; x_wconf 77' lang='lat' dir='ltr'>habent;</span> <span class='ocrx_word' id='word_1_256' title='bbox 1039 1822 1117 1866; x_wconf 76' lang='lat' dir='ltr'>quia</span> <span class='ocrx_word' id='word_1_257' title='bbox 1136 1822 1287 1867; x_wconf 76' lang='lat' dir='ltr'>primam</span> <span class='ocrx_word' id='word_1_258' title='bbox 1304 1821 1406 1866; x_wconf 71' lang='lat' dir='ltr'>fidem</span> <span class='ocrx_word' id='word_1_259' title='bbox 1431 1823 1568 1856; x_wconf 85' lang='lat' dir='ltr'>irritam</span> <span class='ocrx_word' id='word_1_260' title='bbox 1588 1821 1640 1867; x_wconf 82' lang='lat' dir='ltr'>fe-</span> 
     </span>
     <span class='ocr_line' id='line_1_28' title="bbox 81 1873 1640 1921; baseline -0.001 -11"><span class='ocrx_word' id='word_1_261' title='bbox 81 1881 215 1910; x_wconf 76' lang='lat' dir='ltr'>cerunt:</span> <span class='ocrx_word' id='word_1_262' title='bbox 243 1875 305 1910; x_wconf 89' lang='lat' dir='ltr'>sed</span> <span class='ocrx_word' id='word_1_263' title='bbox 326 1874 488 1920; x_wconf 80' lang='lat' dir='ltr'>religiosi</span> <span class='ocrx_word' id='word_1_264' title='bbox 505 1883 592 1909; x_wconf 87' lang='lat' dir='ltr'>voto</span> <span class='ocrx_word' id='word_1_265' title='bbox 611 1873 844 1921; x_wconf 84' lang='lat' dir='ltr'>professionis</span> <span class='ocrx_word' id='word_1_266' title='bbox 867 1874 917 1908; x_wconf 82' lang='lat' dir='ltr'>ad</span> <span class='ocrx_word' id='word_1_267' title='bbox 932 1874 1095 1920; x_wconf 84' lang='lat' dir='ltr'>regulam</span> <span class='ocrx_word' id='word_1_268' title='bbox 1117 1875 1355 1921; x_wconf 81' lang='lat' dir='ltr'>astriguntur3</span> <span class='ocrx_word' id='word_1_269' title='bbox 1378 1886 1464 1921; x_wconf 88' lang='lat' dir='ltr'>ergo</span> <span class='ocrx_word' id='word_1_270' title='bbox 1486 1882 1640 1921; x_wconf 86' lang='lat' dir='ltr'>peccant</span> 
     </span>
     <span class='ocr_line' id='line_1_29' title="bbox 82 1927 1248 1974; baseline -0.001 -12"><span class='ocrx_word' id='word_1_271' title='bbox 82 1928 283 1963; x_wconf 85' lang='lat' dir='ltr'>mortaliter</span> <span class='ocrx_word' id='word_1_272' title='bbox 308 1928 606 1974; x_wconf 86' lang='lat' dir='ltr'>transgrediendo</span> <span class='ocrx_word' id='word_1_273' title='bbox 629 1939 670 1962; x_wconf 90' lang='lat' dir='ltr'>ea</span> <span class='ocrx_word' id='word_1_274' title='bbox 691 1938 782 1973; x_wconf 86' lang='lat' dir='ltr'>quae</span> <span class='ocrx_word' id='word_1_275' title='bbox 803 1927 839 1960; x_wconf 91' lang='lat' dir='ltr'>in</span> <span class='ocrx_word' id='word_1_276' title='bbox 861 1927 986 1973; x_wconf 90' lang='lat' dir='ltr'>regula</span> <span class='ocrx_word' id='word_1_277' title='bbox 1008 1927 1248 1962; x_wconf 89' lang='lat' dir='ltr'>continentur.</span> 
     </span>
    </p>

    <p class='ocr_par' dir='ltr' id='par_1_10' title="bbox 82 1980 1639 2135">
     <span class='ocr_line' id='line_1_30' title="bbox 153 1980 1639 2028; baseline -0.002 -11"><span class='ocrx_word' id='word_1_278' title='bbox 153 1993 184 2017; x_wconf 90' lang='lat'>2.</span> <span class='ocrx_word' id='word_1_279' title='bbox 206 1982 442 2018; x_wconf 73' lang='lat' dir='ltr'>PRAETEREA.</span> <span class='ocrx_word' id='word_1_280' title='bbox 465 1981 605 2028; x_wconf 85' lang='lat' dir='ltr'>Regula</span> <span class='ocrx_word' id='word_1_281' title='bbox 630 1981 829 2027; x_wconf 83' lang='lat' dir='ltr'>imponitur</span> <span class='ocrx_word' id='word_1_282' title='bbox 858 1981 1043 2026; x_wconf 87' lang='lat' dir='ltr'>religioso,</span> <span class='ocrx_word' id='word_1_283' title='bbox 1069 1981 1161 2015; x_wconf 89' lang='lat' dir='ltr'>sicut</span> <span class='ocrx_word' id='word_1_284' title='bbox 1182 1980 1239 2015; x_wconf 81' lang='lat' dir='ltr'>lex</span> <span class='ocrx_word' id='word_1_285' title='bbox 1265 1981 1463 2027; x_wconf 86' lang='lat' dir='ltr'>quaedam:</span> <span class='ocrx_word' id='word_1_286' title='bbox 1491 1980 1553 2015; x_wconf 87' lang='lat' dir='ltr'>sed</span> <span class='ocrx_word' id='word_1_287' title='bbox 1578 1980 1639 2014; x_wconf 91' lang='lat' dir='ltr'>ille</span> 
     </span>
     <span class='ocr_line' id='line_1_31' title="bbox 83 2033 1638 2083; baseline -0.002 -12"><span class='ocrx_word' id='word_1_288' title='bbox 83 2037 144 2083; x_wconf 89' lang='lat' dir='ltr'>qui</span> <span class='ocrx_word' id='word_1_289' title='bbox 163 2036 423 2081; x_wconf 83' lang='lat' dir='ltr'>transgreditur</span> <span class='ocrx_word' id='word_1_290' title='bbox 449 2042 682 2081; x_wconf 83' lang='lat' dir='ltr'>praeceptum</span> <span class='ocrx_word' id='word_1_291' title='bbox 711 2034 813 2080; x_wconf 92' lang='lat' dir='ltr'>legis,</span> <span class='ocrx_word' id='word_1_292' title='bbox 840 2042 967 2080; x_wconf 90' lang='lat' dir='ltr'>peccat</span> <span class='ocrx_word' id='word_1_293' title='bbox 995 2034 1214 2076; x_wconf 83' lang='lat' dir='ltr'>mortaliter3</span> <span class='ocrx_word' id='word_1_294' title='bbox 1251 2046 1337 2080; x_wconf 89' lang='lat' dir='ltr'>ergo</span> <span class='ocrx_word' id='word_1_295' title='bbox 1364 2035 1515 2076; x_wconf 89' lang='lat' dir='ltr'>videtur,</span> <span class='ocrx_word' id='word_1_296' title='bbox 1543 2033 1638 2080; x_wconf 90' lang='lat' dir='ltr'>quod</span> 
     </span>
     <span class='ocr_line' id='line_1_32' title="bbox 82 2087 1449 2135; baseline -0.002 -10"><span class='ocrx_word' id='word_1_297' title='bbox 82 2091 285 2125; x_wconf 86' lang='lat' dir='ltr'>monachus</span> <span class='ocrx_word' id='word_1_298' title='bbox 306 2089 570 2135; x_wconf 88' lang='lat' dir='ltr'>transgrediens</span> <span class='ocrx_word' id='word_1_299' title='bbox 589 2100 631 2123; x_wconf 89' lang='lat' dir='ltr'>ea</span> <span class='ocrx_word' id='word_1_300' title='bbox 653 2099 744 2134; x_wconf 86' lang='lat' dir='ltr'>quae</span> <span class='ocrx_word' id='word_1_301' title='bbox 766 2096 848 2122; x_wconf 90' lang='lat' dir='ltr'>sunt</span> <span class='ocrx_word' id='word_1_302' title='bbox 868 2088 904 2121; x_wconf 90' lang='lat' dir='ltr'>in</span> <span class='ocrx_word' id='word_1_303' title='bbox 925 2087 1061 2133; x_wconf 88' lang='lat' dir='ltr'>regula,</span> <span class='ocrx_word' id='word_1_304' title='bbox 1083 2096 1210 2134; x_wconf 90' lang='lat' dir='ltr'>peccet</span> <span class='ocrx_word' id='word_1_305' title='bbox 1237 2087 1449 2122; x_wconf 88' lang='lat' dir='ltr'>mortaliter.</span> 
     </span>
    </p>

    <p class='ocr_par' dir='ltr' id='par_1_11' title="bbox 83 2139 1643 2350">
     <span class='ocr_line' id='line_1_33' title="bbox 157 2139 1643 2190; baseline -0.003 -12"><span class='ocrx_word' id='word_1_306' title='bbox 157 2155 186 2190; x_wconf 84' lang='lat'>3.</span> <span class='ocrx_word' id='word_1_307' title='bbox 200 2143 437 2178; x_wconf 76' lang='lat' dir='ltr'>PRAETEREA.</span> <span class='ocrx_word' id='word_1_308' title='bbox 453 2142 694 2187; x_wconf 89' lang='lat' dir='ltr'>Contemptus</span> <span class='ocrx_word' id='word_1_309' title='bbox 712 2141 849 2175; x_wconf 83' lang='lat' dir='ltr'>inducit</span> <span class='ocrx_word' id='word_1_310' title='bbox 869 2149 1059 2186; x_wconf 87' lang='lat' dir='ltr'>peccatum</span> <span class='ocrx_word' id='word_1_311' title='bbox 1078 2140 1248 2175; x_wconf 82' lang='lat' dir='ltr'>mortale:</span> <span class='ocrx_word' id='word_1_312' title='bbox 1265 2141 1327 2175; x_wconf 90' lang='lat' dir='ltr'>sed</span> <span class='ocrx_word' id='word_1_313' title='bbox 1343 2141 1561 2186; x_wconf 89' lang='lat' dir='ltr'>quicumque</span> <span class='ocrx_word' id='word_1_314' title='bbox 1575 2139 1643 2174; x_wconf 88' lang='lat' dir='ltr'>fre-</span> 
     </span>
     <span class='ocr_line' id='line_1_34' title="bbox 83 2193 1642 2244; baseline -0.003 -13"><span class='ocrx_word' id='word_1_315' title='bbox 83 2205 234 2244; x_wconf 87' lang='lat' dir='ltr'>quenter</span> <span class='ocrx_word' id='word_1_316' title='bbox 255 2196 388 2242; x_wconf 91' lang='lat' dir='ltr'>aliquid</span> <span class='ocrx_word' id='word_1_317' title='bbox 406 2196 521 2237; x_wconf 87' lang='lat' dir='ltr'>iterat,</span> <span class='ocrx_word' id='word_1_318' title='bbox 543 2194 639 2240; x_wconf 91' lang='lat' dir='ltr'>quod</span> <span class='ocrx_word' id='word_1_319' title='bbox 660 2205 734 2228; x_wconf 88' lang='lat' dir='ltr'>non</span> <span class='ocrx_word' id='word_1_320' title='bbox 753 2193 857 2228; x_wconf 90' lang='lat' dir='ltr'>debet</span> <span class='ocrx_word' id='word_1_321' title='bbox 878 2193 1009 2235; x_wconf 91' lang='lat' dir='ltr'>facere,</span> <span class='ocrx_word' id='word_1_322' title='bbox 1030 2193 1171 2228; x_wconf 84' lang='lat' dir='ltr'>videtur</span> <span class='ocrx_word' id='word_1_323' title='bbox 1185 2205 1228 2228; x_wconf 81' lang='lat' dir='ltr'>ex</span> <span class='ocrx_word' id='word_1_324' title='bbox 1243 2201 1454 2239; x_wconf 88' lang='lat' dir='ltr'>contemptu</span> <span class='ocrx_word' id='word_1_325' title='bbox 1469 2204 1642 2239; x_wconf 87' lang='lat' dir='ltr'>peccare;</span> 
     </span>
     <span class='ocr_line' id='line_1_35' title="bbox 84 2246 1641 2297; baseline -0.003 -13"><span class='ocrx_word' id='word_1_326' title='bbox 84 2262 170 2297; x_wconf 89' lang='lat' dir='ltr'>ergo</span> <span class='ocrx_word' id='word_1_327' title='bbox 191 2250 342 2291; x_wconf 88' lang='lat' dir='ltr'>videtur,</span> <span class='ocrx_word' id='word_1_328' title='bbox 365 2249 460 2295; x_wconf 87' lang='lat' dir='ltr'>quod</span> <span class='ocrx_word' id='word_1_329' title='bbox 483 2249 512 2282; x_wconf 88' lang='lat' dir='ltr'>si</span> <span class='ocrx_word' id='word_1_330' title='bbox 533 2247 722 2293; x_wconf 90' lang='lat' dir='ltr'>religiosus</span> <span class='ocrx_word' id='word_1_331' title='bbox 743 2246 948 2293; x_wconf 90' lang='lat' dir='ltr'>frequenter</span> <span class='ocrx_word' id='word_1_332' title='bbox 973 2246 1255 2292; x_wconf 86' lang='lat' dir='ltr'>transgrediatur</span> <span class='ocrx_word' id='word_1_333' title='bbox 1275 2247 1311 2280; x_wconf 90' lang='lat' dir='ltr'>id</span> <span class='ocrx_word' id='word_1_334' title='bbox 1335 2247 1432 2292; x_wconf 92' lang='lat' dir='ltr'>quod</span> <span class='ocrx_word' id='word_1_335' title='bbox 1454 2254 1508 2280; x_wconf 88' lang='lat' dir='ltr'>est</span> <span class='ocrx_word' id='word_1_336' title='bbox 1527 2246 1564 2279; x_wconf 90' lang='lat' dir='ltr'>in</span> <span class='ocrx_word' id='word_1_337' title='bbox 1590 2257 1641 2280; x_wconf 91' lang='lat' dir='ltr'>re·</span> 
     </span>
     <span class='ocr_line' id='line_1_36' title="bbox 84 2301 560 2350; baseline -0.006 -12"><span class='ocrx_word' id='word_1_338' title='bbox 84 2303 180 2350; x_wconf 91' lang='lat' dir='ltr'>gula,</span> <span class='ocrx_word' id='word_1_339' title='bbox 201 2311 328 2349; x_wconf 92' lang='lat' dir='ltr'>peccet</span> <span class='ocrx_word' id='word_1_340' title='bbox 348 2301 560 2336; x_wconf 84' lang='lat' dir='ltr'>mortaliter.</span> 
     </span>
    </p>

    <p class='ocr_par' dir='ltr' id='par_1_12' title="bbox 84 2352 1643 2720">
     <span class='ocr_line' id='line_1_37' title="bbox 156 2352 1643 2400; baseline -0.004 -9"><span class='ocrx_word' id='word_1_341' title='bbox 156 2357 230 2391; x_wconf 80' lang='lat' dir='ltr'>SED</span> <span class='ocrx_word' id='word_1_342' title='bbox 254 2366 409 2391; x_wconf 73' lang='lat' dir='ltr'>CONTRA</span> <span class='ocrx_word' id='word_1_343' title='bbox 431 2362 493 2396; x_wconf 91' lang='lat' dir='ltr'>est,</span> <span class='ocrx_word' id='word_1_344' title='bbox 516 2354 612 2400; x_wconf 92' lang='lat' dir='ltr'>quod</span> <span class='ocrx_word' id='word_1_345' title='bbox 634 2361 745 2388; x_wconf 88' lang='lat' dir='ltr'>status</span> <span class='ocrx_word' id='word_1_346' title='bbox 770 2352 955 2398; x_wconf 86' lang='lat' dir='ltr'>religionis</span> <span class='ocrx_word' id='word_1_347' title='bbox 978 2361 1031 2387; x_wconf 84' lang='lat' dir='ltr'>est</span> <span class='ocrx_word' id='word_1_348' title='bbox 1051 2353 1222 2394; x_wconf 89' lang='lat' dir='ltr'>securior,</span> <span class='ocrx_word' id='word_1_349' title='bbox 1245 2363 1354 2398; x_wconf 91' lang='lat' dir='ltr'>quam</span> <span class='ocrx_word' id='word_1_350' title='bbox 1380 2359 1493 2386; x_wconf 87' lang='lat' dir='ltr'>status</span> <span class='ocrx_word' id='word_1_351' title='bbox 1520 2362 1643 2386; x_wconf 87' lang='lat' dir='ltr'>saecu-</span> 
     </span>
     <span class='ocr_line' id='line_1_38' title="bbox 84 2405 1642 2453; baseline -0.003 -9"><span class='ocrx_word' id='word_1_352' title='bbox 84 2409 168 2445; x_wconf 92' lang='lat' dir='ltr'>laris</span> <span class='ocrx_word' id='word_1_353' title='bbox 189 2410 303 2452; x_wconf 80' lang='lat' dir='ltr'>vitae3</span> <span class='ocrx_word' id='word_1_354' title='bbox 326 2409 420 2442; x_wconf 89' lang='lat' dir='ltr'>unde</span> <span class='ocrx_word' id='word_1_355' title='bbox 443 2407 609 2453; x_wconf 88' lang='lat' dir='ltr'>Gregor.,</span> <span class='ocrx_word' id='word_1_356' title='bbox 627 2406 664 2440; x_wconf 90' lang='lat' dir='ltr'>in</span> <span class='ocrx_word' id='word_1_357' title='bbox 685 2407 796 2452; x_wconf 91' lang='lat' dir='ltr'>princ.</span> <span class='ocrx_word' id='word_1_358' title='bbox 815 2406 907 2440; x_wconf 88' lang='lat' dir='ltr'>Mor.</span> <span class='ocrx_word' id='word_1_359' title='bbox 925 2406 974 2449; x_wconf 88' lang='lat' dir='ltr'>(in</span> <span class='ocrx_word' id='word_1_360' title='bbox 994 2407 1084 2452; x_wconf 77' lang='lat' dir='ltr'>epist.</span> <span class='ocrx_word' id='word_1_361' title='bbox 1099 2405 1140 2439; x_wconf 82' lang='lat' dir='ltr'>ad</span> <span class='ocrx_word' id='word_1_362' title='bbox 1158 2405 1280 2440; x_wconf 80' lang='lat' dir='ltr'>Leand.</span> <span class='ocrx_word' id='word_1_363' title='bbox 1296 2406 1407 2452; x_wconf 80' lang='lat' dir='ltr'>Episc.</span> <span class='ocrx_word' id='word_1_364' title='bbox 1421 2411 1491 2451; x_wconf 79' lang='lat' dir='ltr'>sup.</span> <span class='ocrx_word' id='word_1_365' title='bbox 1506 2406 1642 2451; x_wconf 79' lang='lat' dir='ltr'>exposit.</span> 
     </span>
     <span class='ocr_line' id='line_1_39' title="bbox 84 2457 1638 2508; baseline -0.005 -10"><span class='ocrx_word' id='word_1_366' title='bbox 84 2463 140 2498; x_wconf 86' lang='lat' dir='ltr'>lib.</span> <span class='ocrx_word' id='word_1_367' title='bbox 157 2464 230 2508; x_wconf 80' lang='lat' dir='ltr'>Job.</span> <span class='ocrx_word' id='word_1_368' title='bbox 253 2468 324 2508; x_wconf 83' lang='lat' dir='ltr'>cap.</span> <span class='ocrx_word' id='word_1_369' title='bbox 341 2462 400 2506; x_wconf 74' lang='grc'><strong><em>1.),</em></strong></span> <span class='ocrx_word' id='word_1_370' title='bbox 433 2467 621 2505; x_wconf 83' lang='lat' dir='ltr'>comparat</span> <span class='ocrx_word' id='word_1_371' title='bbox 646 2460 758 2493; x_wconf 85' lang='lat' dir='ltr'>vitam</span> <span class='ocrx_word' id='word_1_372' title='bbox 785 2458 1009 2493; x_wconf 89' lang='lat' dir='ltr'>saecularem</span> <span class='ocrx_word' id='word_1_373' title='bbox 1035 2459 1127 2492; x_wconf 86' lang='lat' dir='ltr'>mari</span> <span class='ocrx_word' id='word_1_374' title='bbox 1151 2457 1350 2499; x_wconf 87' lang='lat' dir='ltr'>fluctuanti,</span> <span class='ocrx_word' id='word_1_375' title='bbox 1376 2458 1488 2491; x_wconf 87' lang='lat' dir='ltr'>vitam</span> <span class='ocrx_word' id='word_1_376' title='bbox 1515 2464 1638 2491; x_wconf 89' lang='lat' dir='ltr'>autem</span> 
     </span>
     <span class='ocr_line' id='line_1_40' title="bbox 84 2510 1643 2562; baseline -0.004 -12"><span class='ocrx_word' id='word_1_377' title='bbox 84 2515 269 2562; x_wconf 89' lang='lat' dir='ltr'>religionis</span> <span class='ocrx_word' id='word_1_378' title='bbox 291 2514 411 2561; x_wconf 87' lang='lat' dir='ltr'>portui</span> <span class='ocrx_word' id='word_1_379' title='bbox 430 2512 644 2559; x_wconf 89' lang='lat' dir='ltr'>tranquillo:</span> <span class='ocrx_word' id='word_1_380' title='bbox 666 2512 729 2546; x_wconf 91' lang='lat' dir='ltr'>sed</span> <span class='ocrx_word' id='word_1_381' title='bbox 750 2512 779 2546; x_wconf 91' lang='lat' dir='ltr'>si</span> <span class='ocrx_word' id='word_1_382' title='bbox 800 2511 980 2558; x_wconf 85' lang='lat' dir='ltr'>quaelibet</span> <span class='ocrx_word' id='word_1_383' title='bbox 999 2511 1236 2557; x_wconf 84' lang='lat' dir='ltr'>transgressio</span> <span class='ocrx_word' id='word_1_384' title='bbox 1259 2522 1399 2552; x_wconf 89' lang='lat' dir='ltr'>eorum,</span> <span class='ocrx_word' id='word_1_385' title='bbox 1421 2521 1512 2556; x_wconf 89' lang='lat' dir='ltr'>quae</span> <span class='ocrx_word' id='word_1_386' title='bbox 1534 2510 1571 2543; x_wconf 92' lang='lat' dir='ltr'>in</span> <span class='ocrx_word' id='word_1_387' title='bbox 1591 2521 1643 2544; x_wconf 88' lang='lat' dir='ltr'>re-</span> 
     </span>
     <span class='ocr_line' id='line_1_41' title="bbox 87 2562 1642 2615; baseline -0.005 -12"><span class='ocrx_word' id='word_1_388' title='bbox 87 2568 171 2615; x_wconf 88' lang='lat' dir='ltr'>gula</span> <span class='ocrx_word' id='word_1_389' title='bbox 192 2568 432 2608; x_wconf 88' lang='lat' dir='ltr'>continentur,</span> <span class='ocrx_word' id='word_1_390' title='bbox 447 2566 658 2612; x_wconf 87' lang='lat' dir='ltr'>religiosum</span> <span class='ocrx_word' id='word_1_391' title='bbox 672 2564 849 2610; x_wconf 86' lang='lat' dir='ltr'>obligaret</span> <span class='ocrx_word' id='word_1_392' title='bbox 866 2565 909 2598; x_wconf 91' lang='lat' dir='ltr'>ad</span> <span class='ocrx_word' id='word_1_393' title='bbox 925 2572 1116 2610; x_wconf 88' lang='lat' dir='ltr'>peccatum</span> <span class='ocrx_word' id='word_1_394' title='bbox 1138 2563 1302 2606; x_wconf 88' lang='lat' dir='ltr'>mortale,</span> <span class='ocrx_word' id='word_1_395' title='bbox 1324 2571 1436 2598; x_wconf 89' lang='lat' dir='ltr'>status</span> <span class='ocrx_word' id='word_1_396' title='bbox 1455 2562 1642 2608; x_wconf 88' lang='lat' dir='ltr'>religionis</span> 
     </span>
     <span class='ocr_line' id='line_1_42' title="bbox 87 2617 1643 2668; baseline -0.005 -11"><span class='ocrx_word' id='word_1_397' title='bbox 87 2630 182 2657; x_wconf 87' lang='lat' dir='ltr'>esset</span> <span class='ocrx_word' id='word_1_398' title='bbox 201 2620 528 2668; x_wconf 89' lang='lat' dir='ltr'>periculosissimus</span> <span class='ocrx_word' id='word_1_399' title='bbox 541 2626 686 2665; x_wconf 89' lang='lat' dir='ltr'>propter</span> <span class='ocrx_word' id='word_1_400' title='bbox 699 2617 966 2652; x_wconf 88' lang='lat' dir='ltr'>multitudinem</span> <span class='ocrx_word' id='word_1_401' title='bbox 981 2617 1310 2659; x_wconf 61' lang='lat' dir='ltr'>observantiarum</span> <span class='ocrx_word' id='word_1_402' title='bbox 1328 2627 1403 2650; x_wconf 91' lang='lat' dir='ltr'>non</span> <span class='ocrx_word' id='word_1_403' title='bbox 1425 2627 1512 2661; x_wconf 90' lang='lat' dir='ltr'>ergo</span> <span class='ocrx_word' id='word_1_404' title='bbox 1535 2627 1643 2661; x_wconf 88' lang='lat' dir='ltr'>quae-</span> 
     </span>
     <span class='ocr_line' id='line_1_43' title="bbox 86 2667 1642 2720; baseline -0.004 -11"><span class='ocrx_word' id='word_1_405' title='bbox 86 2675 172 2710; x_wconf 89' lang='lat' dir='ltr'>libet</span> <span class='ocrx_word' id='word_1_406' title='bbox 191 2673 429 2720; x_wconf 89' lang='lat' dir='ltr'>transgressio</span> <span class='ocrx_word' id='word_1_407' title='bbox 451 2683 590 2713; x_wconf 91' lang='lat' dir='ltr'>eorum‚</span> <span class='ocrx_word' id='word_1_408' title='bbox 612 2681 704 2718; x_wconf 89' lang='lat' dir='ltr'>quae</span> <span class='ocrx_word' id='word_1_409' title='bbox 723 2671 761 2704; x_wconf 89' lang='lat' dir='ltr'>in</span> <span class='ocrx_word' id='word_1_410' title='bbox 782 2670 908 2716; x_wconf 88' lang='lat' dir='ltr'>regula</span> <span class='ocrx_word' id='word_1_411' title='bbox 929 2672 1168 2712; x_wconf 88' lang='lat' dir='ltr'>continentur,</span> <span class='ocrx_word' id='word_1_412' title='bbox 1190 2677 1242 2704; x_wconf 85' lang='lat' dir='ltr'>est</span> <span class='ocrx_word' id='word_1_413' title='bbox 1263 2677 1454 2715; x_wconf 88' lang='lat' dir='ltr'>peccatum</span> <span class='ocrx_word' id='word_1_414' title='bbox 1475 2667 1642 2702; x_wconf 83' lang='lat' dir='ltr'>mortale.</span> 
     </span>
    </p>

    <p class='ocr_par' dir='ltr' id='par_1_13' title="bbox 88 2721 1644 2934">
     <span class='ocr_line' id='line_1_44' title="bbox 158 2721 1642 2770; baseline -0.005 -8"><span class='ocrx_word' id='word_1_415' title='bbox 158 2727 387 2762; x_wconf 75' lang='lat' dir='ltr'>RESPONDEO</span> <span class='ocrx_word' id='word_1_416' title='bbox 409 2725 614 2766; x_wconf 89' lang='lat' dir='ltr'>dicendum,</span> <span class='ocrx_word' id='word_1_417' title='bbox 635 2723 733 2770; x_wconf 91' lang='lat' dir='ltr'>quod</span> <span class='ocrx_word' id='word_1_418' title='bbox 756 2723 793 2758; x_wconf 90' lang='lat' dir='ltr'>in</span> <span class='ocrx_word' id='word_1_419' title='bbox 818 2723 943 2769; x_wconf 85' lang='lat' dir='ltr'>regula</span> <span class='ocrx_word' id='word_1_420' title='bbox 969 2723 1172 2757; x_wconf 89' lang='lat' dir='ltr'>continetur</span> <span class='ocrx_word' id='word_1_421' title='bbox 1193 2722 1327 2768; x_wconf 85' lang='lat' dir='ltr'>aliquid</span> <span class='ocrx_word' id='word_1_422' title='bbox 1349 2722 1532 2768; x_wconf 79' lang='lat' dir='ltr'>dupliciter,</span> <span class='ocrx_word' id='word_1_423' title='bbox 1548 2721 1642 2755; x_wconf 89' lang='lat' dir='ltr'>sicut</span> 
     </span>
     <span class='ocr_line' id='line_1_45' title="bbox 89 2775 1643 2826; baseline -0.005 -11"><span class='ocrx_word' id='word_1_424' title='bbox 89 2792 132 2815; x_wconf 83' lang='lat' dir='ltr'>ex</span> <span class='ocrx_word' id='word_1_425' title='bbox 153 2780 256 2814; x_wconf 87' lang='lat' dir='ltr'>dictis</span> <span class='ocrx_word' id='word_1_426' title='bbox 277 2787 375 2826; x_wconf 89' lang='lat' dir='ltr'>patet</span> <span class='ocrx_word' id='word_1_427' title='bbox 395 2779 475 2824; x_wconf 82' lang='lat' dir='ltr'>(art.</span> <span class='ocrx_word' id='word_1_428' title='bbox 495 2789 524 2824; x_wconf 89' lang='lat'>7.</span> <span class='ocrx_word' id='word_1_429' title='bbox 547 2778 614 2823; x_wconf 82' lang='lat' dir='ltr'>huj.</span> <span class='ocrx_word' id='word_1_430' title='bbox 637 2789 666 2823; x_wconf 87' lang='lat' dir='ltr'>q.</span> <span class='ocrx_word' id='word_1_431' title='bbox 689 2776 731 2811; x_wconf 85' lang='lat' dir='ltr'>ad</span> <span class='ocrx_word' id='word_1_432' title='bbox 747 2789 774 2812; x_wconf 77' lang='grc' dir='ltr'>ι.</span> <span class='ocrx_word' id='word_1_433' title='bbox 793 2781 822 2811; x_wconf 80' lang='lat' dir='ltr'>et</span> <span class='ocrx_word' id='word_1_434' title='bbox 846 2777 918 2821; x_wconf 86' lang='lat'>2.):</span> <span class='ocrx_word' id='word_1_435' title='bbox 946 2788 1010 2810; x_wconf 83' lang='lat' dir='ltr'>uno</span> <span class='ocrx_word' id='word_1_436' title='bbox 1031 2775 1126 2810; x_wconf 84' lang='lat' dir='ltr'>modo</span> <span class='ocrx_word' id='word_1_437' title='bbox 1147 2776 1240 2810; x_wconf 89' lang='lat' dir='ltr'>sicut</span> <span class='ocrx_word' id='word_1_438' title='bbox 1260 2775 1340 2810; x_wconf 89' lang='lat' dir='ltr'>finis</span> <span class='ocrx_word' id='word_1_439' title='bbox 1362 2775 1528 2821; x_wconf 80' lang='lat' dir='ltr'>regulae3</span> <span class='ocrx_word' id='word_1_440' title='bbox 1557 2781 1643 2820; x_wconf 86' lang='lat' dir='ltr'>puta</span> 
     </span>
     <span class='ocr_line' id='line_1_46' title="bbox 89 2827 1644 2880; baseline -0.005 -12"><span class='ocrx_word' id='word_1_441' title='bbox 89 2845 131 2869; x_wconf 88' lang='lat' dir='ltr'>ea</span> <span class='ocrx_word' id='word_1_442' title='bbox 152 2845 243 2880; x_wconf 88' lang='lat' dir='ltr'>quae</span> <span class='ocrx_word' id='word_1_443' title='bbox 262 2832 441 2879; x_wconf 87' lang='lat' dir='ltr'>pertinent</span> <span class='ocrx_word' id='word_1_444' title='bbox 462 2831 505 2865; x_wconf 87' lang='lat' dir='ltr'>ad</span> <span class='ocrx_word' id='word_1_445' title='bbox 527 2838 626 2865; x_wconf 91' lang='lat' dir='ltr'>actus</span> <span class='ocrx_word' id='word_1_446' title='bbox 646 2830 837 2872; x_wconf 81' lang='lat' dir='ltr'>virtutum3</span> <span class='ocrx_word' id='word_1_447' title='bbox 857 2837 891 2863; x_wconf 92' lang='lat' dir='ltr'>et</span> <span class='ocrx_word' id='word_1_448' title='bbox 911 2829 1044 2863; x_wconf 88' lang='lat' dir='ltr'>horum</span> <span class='ocrx_word' id='word_1_449' title='bbox 1062 2828 1311 2874; x_wconf 85' lang='lat' dir='ltr'>transgressio,</span> <span class='ocrx_word' id='word_1_450' title='bbox 1333 2836 1508 2874; x_wconf 89' lang='lat' dir='ltr'>quantum</span> <span class='ocrx_word' id='word_1_451' title='bbox 1529 2827 1573 2861; x_wconf 90' lang='lat' dir='ltr'>ad</span> <span class='ocrx_word' id='word_1_452' title='bbox 1601 2838 1644 2861; x_wconf 90' lang='lat' dir='ltr'>ea</span> 
     </span>
     <span class='ocr_line' id='line_1_47' title="bbox 88 2881 1644 2934; baseline -0.005 -12"><span class='ocrx_word' id='word_1_453' title='bbox 88 2899 181 2934; x_wconf 87' lang='lat' dir='ltr'>quae</span> <span class='ocrx_word' id='word_1_454' title='bbox 203 2886 335 2921; x_wconf 88' lang='lat' dir='ltr'>cadunt</span> <span class='ocrx_word' id='word_1_455' title='bbox 356 2884 598 2920; x_wconf 89' lang='lat' dir='ltr'>communiter</span> <span class='ocrx_word' id='word_1_456' title='bbox 618 2883 682 2918; x_wconf 89' lang='lat' dir='ltr'>sub</span> <span class='ocrx_word' id='word_1_457' title='bbox 704 2890 908 2929; x_wconf 82' lang='lat' dir='ltr'>praecepto,</span> <span class='ocrx_word' id='word_1_458' title='bbox 930 2881 1067 2928; x_wconf 86' lang='lat' dir='ltr'>obligat</span> <span class='ocrx_word' id='word_1_459' title='bbox 1092 2882 1136 2916; x_wconf 89' lang='lat' dir='ltr'>ad</span> <span class='ocrx_word' id='word_1_460' title='bbox 1156 2881 1329 2924; x_wconf 90' lang='lat' dir='ltr'>mortale;</span> <span class='ocrx_word' id='word_1_461' title='bbox 1352 2889 1527 2928; x_wconf 84' lang='lat' dir='ltr'>quantum</span> <span class='ocrx_word' id='word_1_462' title='bbox 1553 2891 1644 2914; x_wconf 87' lang='lat' dir='ltr'>vero</span> 
     </span>
    </p>
   </div>
  </div>
 </body>
</html>
