1859 3122
485 142 705 179 QUAESTIO
739 142 882 173 cxmv.
916 142 1161 173 ARTICULUS
1198 142 1259 172 111.
1570 143 1653 185 939

98 226 205 260 traria
225 226 321 271 juxta
348 236 385 260 se
407 225 523 271 posita
551 226 689 270 majora
711 224 893 268 videntur;
920 224 1015 259 unde
1042 235 1124 259 curn
1153 224 1281 270 aliquis
1307 223 1424 259 subito
1451 223 1494 258 de
1521 222 1655 269 aliquo,

100 290 206 324 quem
229 279 365 313 bonum
387 279 600 321 aestimavit,
624 278 755 324 aliquid
777 286 878 324 turpe
906 278 1065 324 percipit,
1090 271 1326 324 apprehendit
1347 278 1418 312 hoc
1440 284 1478 311 ut
1499 277 1654 323 turpius:

100 332 141 365 ab
164 331 232 366 illis
255 340 387 374 autem,
410 343 429 365 a
451 332 578 377 quibus
601 332 734 378 aliquid
750 332 792 366 de
814 343 911 366 novo
927 331 1164 378 postulamus,
1179 331 1235 365 vel
1251 343 1406 377 quorum
1427 341 1522 365 nunc
1537 330 1654 376 primo

98 384 266 419 volumus
289 397 366 420 esse
390 386 508 427 amici,
531 386 646 431 magis
668 386 955 420 verecundamur
977 393 1122 431 propter
1143 393 1406 419 nocumentum
1428 385 1510 418 inde
1532 395 1656 430 prove-

98 438 210 480 niens,
233 439 329 484 quod
359 447 411 474 est
438 440 737 484 impedimentum
765 439 969 485 implendae
997 438 1190 483 petitionis,
1219 446 1254 473 et
1280 438 1458 473 amicitiae
1491 448 1657 472 consum-

99 492 262 526 mandate.

652 634 994 679 ARTICULUS
1030 635 1105 677 IV.
1587 644 1655 693 699

128 740 281 771 UTRUM
302 740 439 770 ETIAM
460 741 502 771 IN
524 741 755 771 VIRTUOSIS
782 742 1021 773 HOMINIBUS
1044 741 1195 771 POSSIT
1216 742 1316 771 ESSE
1332 741 1626 772 VERECUNDIA.

579 828 681 872 (Psal.
704 841 752 876 43.
776 835 803 864 at
820 841 852 874 4.
875 830 980 865 Ethiae.
1005 830 1075 865 lect.
1102 830 1180 876 17).

168 917 228 951 ΑΒ
251 927 439 956 QUARTUM
461 917 510 951 sic
533 918 748 964 proceditur.
772 917 933 960 Videtur,
956 918 1052 964 quod
1076 918 1185 952 etiarn
1206 918 1242 952 in
1260 918 1427 952 virtuosis
1448 917 1657 953 hominibus

97 970 211 1016 possit
237 982 314 1005 esse
342 971 579 1014 verecundia3
611 971 873 1006 contrariorum
901 972 998 1005 enirn
1025 971 1195 1006 contrarii
1221 980 1303 1006 sunt
1325 971 1491 1006 effectus:
1518 971 1580 1006 sed
1606 971 1659 1005 illi

98 1025 157 1070 qui
168 1032 250 1058 sunt
260 1024 581 1069 superabundantis
592 1024 762 1066 malitiae,
778 1036 851 1058 non
870 1025 1145 1067 verecundatur,
1160 1025 1358 1059 secundum
1374 1024 1460 1058 illud
1468 1025 1599 1070 Jerem.
1615 1036 1658 1071 3.:

97 1078 204 1112 Frons
224 1079 370 1113 mulieris
391 1080 569 1113 meretricis
579 1079 676 1124 stzsta
697 1084 739 1113 est
761 1079 832 1121 tibi,
860 1079 995 1113 noluisti
1015 1080 1218 1119 erubesces&
1242 1089 1328 1124 ergo
1350 1077 1404 1112 illi
1418 1079 1479 1124 qui
1496 1087 1578 1113 sunt
1592 1079 1658 1112 vir-

97 1131 202 1173 tuosi,
225 1131 340 1177 magis
366 1131 663 1165 verecundantur.

169 1195 200 1218 2.
222 1185 457 1219 PRAETEREA.
479 1184 615 1218 Philos.
632 1185 718 1219 dicit
738 1185 774 1218 in
798 1195 827 1219 2.
843 1185 948 1219 Rhet.
969 1186 1057 1232 (cap.
1074 1186 1137 1231 6.),
1153 1185 1249 1231 quod
1264 1185 1432 1219 homines
1447 1196 1522 1219 non
1536 1185 1657 1220 solum

98 1238 312 1272 erubescunt
333 1238 429 1279 vitia,
452 1238 513 1272 sed
532 1238 641 1272 etiam
663 1238 765 1284 signa
779 1238 970 1282 vitiorum,
994 1250 1086 1284 quae
1101 1239 1247 1285 quidem
1263 1239 1440 1285 contingit
1455 1239 1564 1273 etiam
1579 1250 1657 1274 esse

97 1292 132 1325 in
153 1291 340 1333 virtuosis,
363 1302 449 1336 ergo
471 1291 507 1325 in
529 1291 697 1326 virtuosis
719 1300 837 1338 potest
858 1304 935 1326 esse
956 1292 1184 1326 verecundia.

171 1356 199 1390 3.
223 1345 458 1379 PRAETEREA.
490 1344 716 1379 Verecundia
740 1354 793 1380 est
816 1347 917 1380 timor
935 1346 1192 1391 ingloriationisz
1217 1346 1278 1380 sed
1301 1346 1490 1392 contingit,
1518 1345 1657 1392 aliquos

95 1398 276 1432 virtuosos
295 1397 513 1443 ingloriosos
537 1409 632 1441 esse;
654 1406 739 1444 puta
754 1399 782 1432 si
803 1398 890 1433 false
914 1398 1154 1441 diffamentur,
1169 1399 1226 1434 vel
1240 1399 1349 1433 etiam
1371 1399 1515 1445 indigne
1531 1411 1659 1445 oppro-

97 1451 173 1485 bria
195 1451 394 1497 patiantur,
417 1462 503 1497 ergo
525 1452 742 1486 verecundia
764 1459 881 1498 potest
903 1464 980 1487 esse
1006 1452 1043 1486 in
1064 1453 1214 1486 homine
1236 1453 1408 1486 virtuoso.

167 1515 199 1547 4.
216 1505 451 1539 PRAETEREA.
468 1504 695 1538 Verecundia
714 1513 766 1539 est
784 1517 864 1551 pars
879 1506 1149 1551 temperantiae,
1172 1513 1210 1540 ut
1231 1505 1366 1539 dictum
1382 1513 1434 1539 est
1447 1506 1632 1552 (q.prczec.)
1646 1518 1656 1540 :

97 1569 177 1604 pars
200 1566 320 1592 autem
342 1569 417 1591 non
438 1566 622 1603 separatur
652 1570 671 1592 a
692 1566 786 1600 toto;
811 1570 894 1593 cum
917 1570 1003 1605 ergo
1026 1559 1262 1605 temperantia
1289 1559 1334 1593 sit
1359 1559 1394 1593 in
1416 1559 1566 1593 homine
1592 1559 1658 1592 vir-

96 1619 215 1654 tuoso,
237 1611 377 1645 videtur
400 1612 495 1657 quod
514 1612 622 1645 etiam
644 1612 873 1646 verecundia.

168 1665 241 1699 SED
257 1675 411 1699 CONTRA
428 1673 491 1706 est,
507 1665 603 1711 quod
626 1665 762 1700 Philos.
779 1665 863 1700 dicit
886 1665 921 1699 in
934 1675 967 1708 4.
983 1664 1099 1700 Ethic.
1117 1665 1205 1713 (cap.
1221 1666 1311 1711 ult),
1327 1666 1424 1712 quod
1438 1665 1654 1700 verecundia

95 1729 169 1752 non
191 1726 244 1752 est
263 1717 423 1752 hominis
451 1718 613 1752 studiosi.

166 1771 394 1806 RESPONDEO
414 1771 619 1814 dicendum,
642 1771 750 1817 quod,
773 1772 865 1806 sicut
887 1772 1023 1806 dictum
1045 1780 1098 1806 est
1125 1772 1203 1816 (art.
1230 1785 1257 1807 1.
1279 1778 1307 1808 et
1325 1785 1355 1808 2.
1375 1773 1443 1819 huj.
1471 1774 1532 1819 q.),
1559 1784 1657 1807 vere-

96 1825 226 1859 cundia
248 1833 301 1859 est
327 1824 438 1858 timor
467 1824 616 1870 alicujus
643 1825 889 1871 turpitudinis:
918 1825 1014 1871 quod
1038 1833 1158 1859 autem
1181 1825 1325 1872 aliquod
1354 1826 1492 1860 malum
1518 1837 1591 1860 non
1618 1826 1657 1860 ti-

96 1886 246 1920 meatur,
262 1886 380 1924 potest
393 1886 537 1924 propter
550 1878 713 1925 duplicem
729 1880 908 1912 rationem
925 1879 1150 1924 contingere:
1166 1891 1232 1913 uno
1247 1879 1354 1921 modo,
1371 1880 1453 1925 quia
1467 1890 1540 1913 non
1556 1879 1657 1913 aesti-

95 1939 213 1966 matur
238 1939 277 1966 ut
296 1931 456 1965 malum:
480 1932 544 1966 alio
566 1932 672 1973 modo,
700 1932 783 1978 quia
796 1944 870 1966 non
893 1932 1102 1966 aestimatur
1116 1940 1154 1966 ut
1168 1932 1337 1978 possibile
1352 1933 1429 1974 sibi,
1443 1932 1501 1966 vel
1518 1940 1556 1966 ut
1570 1931 1656 1966 diffi-

95 1985 163 2019 cile
184 1985 310 2028 vitari,
337 1993 371 2019 et
395 1985 571 2019 secundum
593 1986 650 2020 hoc
675 1986 876 2020 verecundia
897 1985 1017 2019 deficit
1038 1986 1074 2019 in
1097 1985 1218 2032 aliquo
1241 1986 1435 2032 dupliciter:
1462 1997 1526 2020 uno
1545 1985 1653 2026 modo,

95 2038 178 2084 quia
200 2049 242 2072 ea
260 2049 352 2084 quae
373 2047 455 2072 sunt
476 2038 736 2081 erubescibilia,
758 2050 831 2072 non
854 2039 1171 2085 apprehenduntur
1192 2047 1230 2074 ut
1247 2039 1382 2086 turpia;
1405 2047 1440 2074 et
1456 2039 1526 2073 hoc
1542 2039 1654 2073 modo

96 2099 217 2126 carent
237 2091 454 2125 verecundia
479 2092 650 2126 homines
670 2092 706 2126 in
728 2092 886 2138 peccatis
914 2092 1131 2138 profundati,
1159 2093 1286 2139 quibus
1318 2104 1381 2127 sua
1410 2100 1558 2139 peccata
1580 2104 1654 2126 non

95 2144 297 2191 displicent,
319 2145 380 2179 sed
403 2147 518 2191 magis
541 2145 583 2179 de
604 2145 653 2180 eis
668 2145 886 2191 gloriantur:
909 2146 974 2180 alio
993 2146 1101 2189 modo,
1117 2146 1199 2192 quia
1213 2157 1288 2180 non
1303 2146 1575 2192 apprehendunt
1588 2154 1656 2180 tur-

71 2220 74 2222 -
95 2198 295 2244 pitudinem
318 2206 356 2232 ut
377 2198 587 2244 possibilem
609 2199 686 2240 sibi,
707 2198 765 2233 vel
792 2199 893 2244 quasi
913 2210 988 2233 non
1013 2199 1118 2234 facile
1147 2199 1349 2242 vitabilem3
1383 2208 1418 2234 et
1443 2200 1514 2234 hoc
1542 2199 1653 2234 modo

95 2263 210 2293 senes,
233 2260 266 2285 et
294 2251 443 2286 virtuosi
469 2252 687 2286 verecundia
714 2260 854 2286 carent:
882 2260 964 2286 sunt
989 2260 1112 2287 tamen
1138 2253 1189 2287 sic
1219 2253 1393 2299 dispositi,
1423 2260 1461 2287 ut
1486 2253 1515 2287 si
1541 2253 1577 2286 in
1604 2253 1654 2286 eis

95 2313 188 2340 esset
210 2304 342 2350 aliquid
364 2313 477 2350 turpe,
500 2305 543 2339 de
564 2305 635 2339 hoc
662 2306 1009 2348 verecundarentur3
1032 2306 1126 2340 unde
1154 2305 1289 2340 Philos.
1313 2306 1398 2340 dicit
1415 2306 1451 2340 in
1477 2316 1509 2348 4.
1537 2305 1653 2340 Ethic.

96 2358 182 2406 (cap.
205 2358 291 2403 ult),
316 2358 412 2403 quod
433 2358 649 2392 verecundia
672 2366 724 2392 est
746 2370 788 2393 ex
809 2360 1057 2405 suppositione
1079 2360 1240 2394 studiosi.

164 2413 224 2446 AD
240 2422 388 2446 PRIMUM
404 2422 489 2457 ergo
512 2411 716 2454 dicendum,
739 2412 835 2458 quod
863 2412 1022 2447 defectus
1043 2413 1285 2447 verecundiae
1318 2412 1496 2458 contingit
1521 2412 1557 2445 in
1579 2423 1655 2457 pes-

94 2465 205 2508 simis,
227 2473 262 2499 et.
283 2465 429 2510 optimis
450 2464 534 2498 viris
557 2476 599 2499 ex
621 2465 769 2500 diversis
791 2466 918 2508 causis,
941 2474 979 2500 ut
1001 2466 1137 2500 dictum
1160 2474 1213 2500 est
1241 2467 1294 2510 (in
1320 2467 1427 2512 corp.)
1439 2478 1448 2500 .·
1475 2465 1654 2499 invenitur

95 2527 215 2553 autern
236 2519 272 2552 in
298 2518 353 2552 his
376 2518 436 2563 qui
454 2518 685 2553 mediocriter
706 2530 743 2553 se
765 2519 910 2560 habent,
932 2520 1133 2554 secundum
1155 2520 1251 2565 quod
1267 2527 1320 2554 est
1340 2519 1375 2553 in
1396 2519 1445 2553 eis
1460 2518 1593 2565 aliquid
1608 2519 1651 2553 de

94 2583 219 2606 amore
236 2571 334 2613 boni,
357 2579 391 2605 et
411 2579 534 2605 tamen
554 2583 629 2605 non
651 2579 732 2606 sunt
752 2572 911 2606 totaliter
933 2573 1114 2607 immunes
1137 2584 1156 2606 a
1179 2572 1288 2606 malo.

164 2625 224 2659 AD
247 2634 454 2659 SECUNDUM
476 2624 680 2666 dicendum,
703 2626 799 2670 quod
822 2626 864 2659 ad
887 2625 1089 2660 virtuosum
1111 2625 1264 2671 pertinet
1293 2636 1367 2658 non
1394 2623 1513 2658 solum
1540 2624 1651 2659 vitare

93 2677 190 2719 vitia,
204 2677 266 2711 sed
279 2677 387 2711 etiam
400 2688 441 2711 ea
453 2688 543 2722 quae
554 2677 688 2712 habent
698 2678 857 2724 speciem
867 2679 1051 2720 vitiorum,
1068 2678 1266 2712 secundum
1280 2677 1367 2711 illud
1384 2689 1411 2711 1.
1422 2676 1587 2711 Thessal.
1604 2688 1651 2722 5.:

94 2732 148 2766 Ab
171 2731 261 2764 omni
281 2731 382 2776 specie
404 2730 494 2764 mala
516 2732 668 2766 abstinete
690 2743 770 2773 v05;
793 2739 827 2766 et
848 2731 983 2767 Philos.
1004 2732 1089 2765 dicit
1110 2732 1145 2764 in
1160 2742 1192 2773 4.
1216 2731 1331 2765 Ethic.
1347 2732 1433 2776 (cap.
1452 2731 1539 2776 ult),
1555 2731 1652 2777 quod

98 2797 116 2816 «
130 2784 274 2818 vitanda
301 2791 383 2818 sunt
403 2783 578 2826 virtuoso,
599 2791 673 2818 tam
696 2795 738 2818 ea
760 2796 851 2830 quae
873 2793 955 2819 sunt
975 2784 1072 2819 mala
1094 2784 1293 2819 secundum
1314 2784 1515 2826 veritatem,
1542 2795 1651 2830 quam

96 2847 137 2871 ea
159 2847 251 2883 quae
269 2844 352 2871 sunt
372 2836 469 2871 mala
490 2836 690 2872 secundum
712 2837 973 2884 opinionem».
