1859 3122
207 122 290 177 728
646 132 865 168 QUAESTIO
901 133 990 164 C111.
1024 133 1268 164 ARTICULUS
1301 134 1328 164 1.

203 215 436 250 exterioribus
451 214 567 256 rebus,
582 222 667 260 puta
687 215 723 248 in
742 226 935 249 munerum
950 214 1145 257 oblatione,
1162 223 1222 249 aut
1235 215 1437 261 imaginum
1451 215 1687 258 institutione,
1702 215 1762 250 vel

204 270 280 304 aliis
296 268 520 313 hujusmodi3
540 275 574 302 et
588 268 787 302 secundum
802 269 873 303 hoc
888 269 1007 303 honor
1020 269 1057 302 in
1072 268 1183 314 signis
1205 269 1450 310 exterioribus,
1466 277 1500 303 et
1515 268 1761 316 corporalibus

204 330 376 370 consistit.

276 377 334 410 AD
356 385 505 410 PRIMUM
527 386 613 420 ergo
636 375 841 417 dicendum,
864 375 960 421 quod
981 369 1181 409 reverentia
1210 386 1283 409 non
1306 382 1359 409 est
1379 375 1487 417 idem,
1505 376 1602 421 quod
1623 375 1761 410 honor:

207 430 269 464 sed
293 441 334 463 ex
356 440 426 462 una
444 435 543 474 parte
566 436 618 462 est
639 428 796 474 primum
818 430 998 462 motivum
1020 428 1063 461 ad
1084 428 1360 470 honorandum3
1386 428 1601 474 inquantum
1626 428 1764 463 scilicet

207 483 334 528 aliquis
363 494 406 516 ex
433 481 643 523 reverentia,
668 493 776 527 quam
798 481 907 515 habet
937 481 979 514 ad
1003 480 1172 527 aliquem,
1203 492 1286 516 eum
1316 479 1490 515 honorat:
1513 493 1555 516 ex
1585 481 1655 516 alia
1675 475 1762 516 vero

206 544 304 582 parte
326 543 378 570 est
398 535 548 569 honoris
574 534 670 577 finis3
692 535 905 580 inquantum
935 533 1073 568 scilicet
1102 534 1230 580 aliquis
1259 533 1302 568 ad
1330 534 1401 568 hoc
1430 535 1641 577 honoratur,
1668 542 1706 569 ut
1725 534 1762 568 in

205 588 403 624 reverentia
425 588 599 622 habeatur
621 588 662 621 ab
686 588 775 622 aliis.

277 643 336 676 AD
364 651 570 676 SECUNDUM
592 640 797 683 dicendum,
819 640 927 686 quod,
949 640 1040 674 sicut
1055 639 1191 675 Philos.
1213 640 1346 674 ibidem
1362 640 1458 682 dicit,
1478 641 1599 675 honor
1619 652 1693 675 non
1710 649 1763 675 est

205 695 385 730 sufficiens
406 695 544 728 virtutis
562 694 783 740 praemium:
807 694 868 728 sed
890 693 980 727 nihil
1005 701 1122 739 potest
1144 705 1220 728 esse
1241 693 1277 727 in
1299 693 1467 728 humanis
1493 695 1610 737 rebus,
1633 702 1667 728 et
1688 705 1764 728 cor-

204 749 386 796 poralibus
405 749 519 793 majus
542 748 702 789 honore3
723 748 937 793 inquantum
964 747 1101 781 scilicet
1126 747 1225 793 ipsae
1249 747 1456 793 corporales
1477 759 1532 782 res
1553 755 1636 782 sunt
1660 747 1763 793 signa

205 802 486 836 demonstrativa
518 800 724 835 excellentis
746 801 902 835 virtutis:
931 808 984 835 est
1013 808 1133 834 autem
1163 800 1322 834 debitum
1348 800 1458 843 bono,
1480 808 1515 835 et
1534 800 1699 847 pulchro,
1725 808 1764 834 ut

206 855 463 896 manifestetur,
488 854 685 888 secundum
713 853 801 887 illud
823 853 950 887 Matth.
977 864 1025 898 5.:
1048 854 1159 899 Neque
1180 853 1360 888 accendunt
1380 854 1562 896 lucernam,
1590 859 1620 889 et
1632 859 1763 900 ponunt

206 922 277 944 actm
297 910 354 944 sul]
375 908 496 951 modio,
515 907 567 942 sed
587 914 683 954 super
705 907 951 949 camialalarzmz,
975 911 1009 941 ut
1027 907 1132 942 luccat
1158 908 1318 950 omnibus,
1346 908 1402 953 qui
1427 908 1462 942 in
1482 906 1576 941 domo
1601 912 1701 948 sunt;
1729 915 1763 941 et

205 974 269 1009 pro
288 970 389 996 tanto
417 961 617 1007 praemium
636 961 775 995 virtutis
798 960 926 994 dicitur
946 960 1077 994 honor.

278 1016 338 1050 AD
366 1025 536 1050 TERTIUM
563 1014 768 1055 dicendum,
791 1014 886 1060 quod
908 1013 985 1048 laus
1010 1013 1238 1059 distinguitur
1261 1013 1302 1047 ab
1324 1013 1466 1048 honore
1487 1013 1683 1060 dupliciter:
1698 1025 1763 1048 uno

207 1069 314 1111 modo,
337 1069 419 1114 quia
446 1067 523 1102 laus
551 1067 714 1102 consistit
742 1067 778 1100 in
806 1067 891 1101 solis
913 1067 1025 1112 signis
1047 1067 1262 1108 verborum3
1283 1066 1404 1100 honor
1426 1074 1546 1101 autem
1566 1067 1603 1101 in
1624 1066 1765 1113 quibus-

207 1133 363 1168 cumque
386 1121 618 1156 exterioribus
637 1121 765 1167 signis:
789 1128 823 1154 et
841 1120 1040 1154 secundum
1060 1120 1130 1153 hoc
1153 1119 1230 1154 laus
1251 1120 1287 1153 in
1309 1120 1449 1154 honore
1471 1119 1682 1154 includitur:
1698 1120 1762 1155 alio

207 1176 316 1218 modo,
340 1177 421 1221 quia
449 1186 510 1220 per
537 1174 796 1208 exhibitionem
822 1173 972 1207 honoris
1001 1173 1249 1207 testimonium
1276 1173 1457 1207 reddimus
1484 1173 1527 1207 de
1554 1173 1765 1208 excellentia

206 1229 375 1263 bonitatis
398 1228 547 1272 alicujus
569 1227 749 1269 absolute;
772 1227 833 1261 sed
855 1238 918 1272 per
938 1226 1084 1261 laudem
1111 1226 1343 1260 testificamur
1364 1226 1407 1260 de
1433 1227 1593 1261 bonitate
1615 1226 1763 1272 alicujus

208 1284 245 1317 in
264 1283 389 1317 ordine
412 1282 455 1316 ad
476 1281 606 1323 finemg
633 1281 726 1315 sicut
750 1280 940 1314 laudamus
965 1280 1056 1313 bene
1083 1287 1294 1325 operantem
1320 1288 1465 1326 propter
1490 1279 1618 1314 finem:
1645 1280 1764 1314 honor

211 1345 332 1370 autem
355 1343 407 1370 est
428 1335 537 1369 etiam
559 1335 795 1380 optimorum,
817 1344 908 1379 quae
930 1344 1004 1366 non
1026 1333 1236 1366 ordinantur
1257 1333 1301 1366 ad
1319 1333 1440 1375 finem,
1455 1333 1517 1367 sed
1538 1334 1611 1378 jam
1632 1342 1714 1368 sunt
1726 1333 1763 1367 in

210 1389 292 1431 fine,
315 1397 352 1423 ut
373 1396 470 1435 patet
491 1399 553 1433 per
575 1387 711 1421 Philos.
733 1387 771 1421 in
796 1398 823 1420 1.
846 1386 961 1420 Ethic.
987 1385 1072 1432 (cap.
1090 1387 1159 1431 5.):
1182 1385 1296 1431 gloria
1316 1394 1436 1420 autem
1459 1394 1511 1420 est
1533 1385 1680 1420 effectus
1701 1386 1764 1420 ho-

207 1443 304 1476 noris
327 1450 361 1476 et
382 1441 515 1475 laudis:
538 1441 621 1486 quia
643 1451 684 1474 ex
706 1441 776 1474 hoc
800 1440 895 1485 quod
917 1439 1151 1473 testificamur
1172 1439 1214 1473 de
1236 1439 1395 1474 bonitate
1417 1439 1578 1485 alicujus,
1600 1440 1765 1474 clarescit

207 1496 349 1530 bonitas
372 1496 446 1540 ejus
480 1495 516 1528 in
537 1494 664 1528 notitia
686 1493 942 1540 plurimorum:
979 1501 1013 1527 et
1041 1493 1112 1526 hoc
1142 1493 1312 1538 importat
1334 1504 1469 1527 nomen
1495 1493 1650 1539 gloriae:
1677 1505 1762 1527 nam

209 1549 324 1595 gloria
346 1549 486 1589 dicitur,
509 1547 610 1593 quasi
631 1547 758 1593 κλαρία
781 1546 942 1591 (cla1·icz);
963 1546 1056 1580 unde
1079 1546 1122 1579 ad
1141 1545 1248 1580 Rom.
1270 1546 1332 1580 ult.
1348 1546 1433 1580 dicit
1447 1547 1625 1592 quaedam
1641 1546 1762 1581 Gloss.

209 1602 403 1647 Augustini
427 1601 510 1645 (ord.
534 1601 589 1635 lib.
605 1612 632 1646 3.
649 1605 732 1635 cont.
752 1601 933 1634 illczximin.
949 1606 1021 1645 cap.
1043 1600 1115 1645 13),
1132 1599 1227 1645 quod
1243 1599 1357 1645 gloria
1377 1608 1429 1634 est
1450 1600 1546 1634 clara
1561 1611 1644 1634 cum
1657 1600 1762 1635 laude

207 1664 345 1690 notitia.

778 1735 1122 1780 ARTICULUS
1155 1736 1211 1778 n.
1699 1757 1760 1794 543

399 1827 550 1856 UTRUM
583 1826 737 1857 HONOR
769 1826 950 1855 PROPRIE
983 1826 1214 1855 DEBEATUR
1248 1826 1567 1856 SUPERIORIBUS.

705 1895 776 1940 (Ad
796 1896 900 1930 Hebr.
921 1908 966 1930 H.
989 1896 1056 1930 lact.
1075 1908 1101 1941 3.
1120 1895 1264 1943 prima).

273 1975 333 2010 AD
355 1985 561 2010 SECUNDUM
583 1974 633 2008 sic
655 1974 871 2020 proceditur.
893 1973 1054 2015 Videtur,
1076 1973 1172 2019 quod
1194 1973 1314 2008 honor
1334 1985 1408 2008 non
1429 1974 1571 2020 proprie
1593 1973 1763 2008 debeatur

204 2029 465 2075 superioribus:
488 2028 636 2073 angelus
657 2028 754 2062 enim
777 2035 829 2061 est
849 2027 1011 2073 superior
1032 2026 1192 2072 quolibet
1217 2026 1366 2060 homine
1392 2027 1542 2068 viatore,
1563 2026 1761 2061 secundum

205 2082 305 2124 illud,
327 2082 455 2115 Matth.
489 2093 559 2115 11.:
589 2083 658 2125 Qui
681 2083 790 2115 minor
810 2085 852 2115 est
873 2082 907 2114 in
929 2092 1026 2126 reg-no
1046 2080 1221 2122 coelorum,
1249 2082 1361 2126 major
1381 2085 1423 2114 est
1443 2081 1569 2124 joanne
1594 2081 1760 2127 Baptista:

205 2136 267 2170 sed
290 2134 438 2180 angelus
465 2135 647 2180 prohibuit
668 2134 847 2179 Joannem
868 2133 1051 2167 volentem
1079 2144 1116 2167 se
1143 2133 1335 2175 honorare,
1369 2141 1406 2167 ut
1427 2141 1523 2179 patet
1543 2134 1660 2179 Apoc.
1687 2133 1760 2177 ult.;

206 2200 293 2234 ergo
315 2189 435 2222 honor
455 2199 528 2222 non
550 2188 698 2222 debetur
718 2187 967 2233 superioribus.

279 2253 309 2276 2.
332 2242 566 2276 PRAETEREA.
590 2241 716 2274 Honor
732 2241 878 2274 debetur
899 2239 1006 2273 alicui
1019 2239 1055 2273 in
1076 2239 1325 2273 testimonium
1343 2239 1492 2282 virtutis,
1508 2248 1545 2274 ut
1558 2240 1694 2274 dictum
1709 2248 1762 2274 est

208 2296 286 2340 (ιινί.
304 2302 416 2341 praes.
443 2301 471 2329 et
492 2307 521 2340 q.
545 2296 594 2340 63.
616 2299 679 2328 art.
698 2294 763 2339 3.):
792 2294 853 2327 sed
880 2293 1097 2339 quandoque
1126 2293 1312 2338 contingit,
1340 2293 1435 2338 quod
1462 2293 1665 2339 superiores
1686 2304 1760 2327 non

206 2357 287 2383 sunt
305 2348 471 2390 virtuosi3
495 2358 582 2393 ergo
605 2347 654 2381 eis
676 2358 749 2380 non
772 2346 920 2380 debetur
945 2346 1075 2387 honor,
1094 2346 1186 2380 sicut
1204 2357 1270 2380 nec
1293 2346 1540 2388 daemonibus,
1560 2346 1620 2392 qui
1637 2354 1760 2380 tamen

207 2402 410 2448 superiores
431 2401 535 2435 nobis
557 2408 639 2435 sunt
653 2400 777 2434 ordine
796 2408 955 2434 naturae.

282 2468 309 2501 3.
329 2456 563 2490 PRAETEREA.
580 2453 779 2500 Apostolus
795 2453 878 2487 dicit
894 2454 937 2487 ad
951 2453 1058 2487 Rom.
1078 2463 1148 2487 12.:
1165 2453 1335 2486 Honorem
1354 2453 1758 2499 invicempraevenientes·

207 2519 241 2545 et
267 2521 293 2543 1.
317 2510 392 2543 Pet.
416 2519 463 2543 2.:
489 2509 608 2542 Omnes
630 2508 804 2541 honorate:
826 2507 888 2540 sed
909 2507 979 2540 hoc
1003 2517 1075 2540 non
1099 2514 1191 2540 esset
1205 2505 1433 2547 servandum,
1451 2505 1480 2539 si
1498 2505 1584 2540 solis
1605 2505 1762 2552 superio—

206 2564 300 2597 ribus
322 2563 441 2596 honor
459 2562 662 2603 deberetur3
685 2571 771 2605 ergo
794 2560 912 2593 honor
933 2570 1006 2593 non
1030 2560 1176 2593 debetur
1195 2559 1336 2604 proprie
1358 2558 1610 2604 superioribus.

275 2616 557 2658 4.PRAE*1·EREA.
582 2613 721 2648 Tobiae
748 2624 774 2647 1.
791 2613 928 2654 dicitur,
946 2613 1041 2658 quod
1062 2612 1198 2646 Tobias
1213 2612 1366 2646 habebat
1379 2612 1484 2646 decem
1499 2612 1622 2646 talanta
1642 2623 1681 2646 ex
1698 2612 1757 2653 his,

205 2671 319 2715 (salluis
340 2674 409 2703 arnt
430 2669 608 2703 honoratus
626 2679 645 2701 iz
668 2679 761 2712 rege:
785 2666 913 2711 legitur
930 2666 1037 2699 etiam
1058 2666 1186 2699 Hester
1201 2664 1244 2707 6.‚
1264 2665 1359 2710 quod
1375 2665 1552 2699 Assuerus
1566 2664 1760 2698 honoravit

206 2723 503 2763 Mardochaeum,
526 2729 559 2755 et
574 2732 697 2755 coram
713 2732 756 2754 eo
772 2719 854 2754 fecit
870 2718 1036 2752 clamari:
1057 2720 1128 2753 Huc
1148 2719 1267 2752 honora
1282 2719 1396 2763 dignus
1409 2723 1463 2760 est,
1479 2730 1571 2763 quem
1587 2729 1645 2752 rex
1659 2718 1758 2752 hono-

206 2788 281 2809 Jure
302 2775 465 2815 voluerim
489 2786 575 2819 ergo
602 2775 721 2807 honor
743 2773 851 2807 etiam
874 2772 1061 2806 exhibetur
1083 2771 1326 2806 inferioribus:
1350 2779 1383 2805 et
1411 2771 1459 2805 ita
1489 2770 1638 2812 videtur,
1661 2770 1757 2816 quod

206 2829 322 2863 honor
341 2840 414 2862 non
437 2829 581 2862 debetur
601 2828 742 2873 proprie
765 2826 1015 2872 superioribus.
