1859 3122
180 167 289 208 1160
558 175 776 211 QUAESTIO
811 174 969 205 CLXXX.
1003 175 1247 205 ARTICULUS
1279 175 1306 204 1.

761 332 1106 376 ARTICULUS
1141 333 1174 376 I.
1663 348 1730 391 848

292 442 445 472 UTRUM
467 442 572 471 VITA
599 441 973 471 CONTEMPLATIV’A
994 441 1115 471 NIHIL
1139 442 1311 471 HABEAT
1334 442 1378 471 IN
1400 442 1612 484 AFFECTU,

623 507 702 536 SED
731 507 889 536 TOTUM
916 507 959 537 IN
986 507 1278 537 INTELLECTU.

367 595 469 642 (Infr.
492 601 556 631 art.
579 607 610 631 2.
630 595 672 630 ad
693 608 720 631 1.
742 600 772 630 et
792 600 856 630 art.
881 607 909 642 7.
937 595 978 629 ad
1004 607 1033 631 2.
1058 601 1088 630 et
1101 607 1128 642 3.
1152 596 1241 630 Dist.
1260 607 1304 642 35.
1326 608 1356 642 q.
1379 608 1406 631 1.
1425 601 1488 632 art.
1511 608 1543 632 2.

696 658 725 683 et
745 649 831 683 Veri.
851 661 882 695 q.
895 661 944 684 12.
961 654 1026 684 art.
1040 661 1085 684 11.
1101 648 1142 683 ad
1159 649 1218 694 1.).

247 738 306 772 AD
322 748 470 772 PRIMUM
492 738 542 772 sic
564 737 781 784 proceditur.
800 737 961 780 Videtur,
981 738 1078 784 quod
1097 738 1168 772 vita
1190 738 1472 784 contemplativa
1492 739 1583 774 nihil
1603 740 1735 775 habeat

175 793 211 826 in
235 790 377 833 affectu,
399 791 460 826 sed
478 799 595 825 totum
618 792 654 825 in
675 791 879 826 intellectu:
900 791 984 825 dicit
1012 792 1106 825 enim
1131 791 1266 826 Philos.
1288 792 1323 825 in
1347 803 1377 826 2.
1400 792 1558 838 Metapli.
1580 793 1659 838 (tex.
1683 791 1737 840 3.)-

177 845 274 891 quod
286 845 367 890 finis
389 845 671 891 contmzplutionz's
688 850 731 880 est
747 847 885 880 veritus:
908 845 1039 879 veritas
1063 853 1181 879 autem
1205 845 1357 891 pertinet
1379 845 1422 879 ad
1443 845 1667 880 intellectum
1684 855 1735 881 to-

175 898 312 940 taliter;
335 909 421 943 ergo
440 898 591 940 videtur,
611 899 707 944 quod
722 899 793 932 vita
816 897 1097 944 contemplativa
1115 898 1272 932 totaliter
1293 899 1328 932 in
1347 898 1531 933 intellectu
1550 900 1734 935 consistat.

248 962 279 985 2.
298 952 533 986 PRAETEREA.
551 952 659 997 Greg.
682 952 767 986 dicit
786 952 823 985 in
846 951 876 985 6.
898 951 1028 986 Moral.
1054 951 1138 998 (cap.
1154 953 1203 987 18.
1222 957 1250 986 et
1264 952 1349 986 hom.
1368 963 1419 996 14.
1437 954 1472 986 in
1493 953 1625 998 Ezech.)
1638 953 1734 1000 quod

180 1019 197 1037 «
219 1005 368 1047 Rachel,
391 1017 481 1052 quae
502 1006 754 1052 interpretatur
775 1006 892 1039 visum
914 1005 1141 1052 principium,
1160 1006 1270 1039 vitam
1291 1006 1612 1052 contemplativam
1631 1007 1736 1053 signi-

176 1059 261 1093 ficat
281 1070 313 1092 »ι
336 1059 398 1093 sed
419 1059 509 1093 visio
532 1059 697 1105 principii
715 1059 866 1105 pertinet
880 1059 1023 1105 proprie
1046 1059 1089 1092 ad
1110 1058 1355 1101 intellectum3
1378 1070 1465 1105 ergo
1483 1060 1554 1094 vita
1577 1067 1738 1097 contern-

177 1112 309 1159 plativa
331 1113 473 1158 proprie
497 1113 538 1146 ad
560 1112 786 1147 intellectum
808 1115 970 1158 pertinet.

252 1178 280 1212 3.
304 1167 538 1201 PRAETEREA.
560 1166 669 1212 Greg.
693 1166 778 1200 dicit
800 1177 905 1211 super
926 1165 1056 1199 Ezech.
1081 1166 1182 1209 (hom.
1209 1167 1276 1211 14.)
1301 1166 1397 1212 quod
1423 1179 1440 1198 t<
1460 1167 1504 1201 ad
1524 1167 1636 1201 vitam
1655 1178 1738 1202 con-

178 1219 428 1265 templativam
451 1220 603 1264 pertinet
625 1220 666 1253 ab
690 1219 857 1254 exteriori
880 1220 1021 1253 actione
1044 1219 1227 1265 quiescere
1250 1231 1281 1253 »z
1305 1220 1366 1253 sed
1388 1219 1441 1253 vis
1464 1219 1640 1262 affectiva,
1662 1220 1737 1255 sive

179 1273 371 1319 appetitiva
397 1273 546 1307 inclinat
573 1273 616 1306 ad
644 1273 837 1307 exteriores
864 1272 1043 1315 actiones3
1072 1283 1158 1318 ergo
1184 1272 1334 1315 videtur,
1358 1273 1454 1319 quod
1481 1273 1553 1307 vita
1580 1281 1740 1309 contem-

178 1326 311 1373 plativa
332 1337 407 1360 non
434 1328 608 1372 pertineat
629 1326 749 1372 aliquo
773 1326 884 1360 modo
905 1326 948 1359 ad
970 1326 1044 1359 vim
1067 1326 1310 1372 appetitivam.

252 1380 326 1414 SED
343 1390 496 1414 CONTRA
519 1388 581 1421 est,
604 1380 701 1426 quod
717 1379 826 1425 Greg.
845 1379 976 1413 ibidem
999 1379 1046 1424 (at
1068 1379 1123 1413 lib.
1143 1379 1175 1414 6.
1198 1379 1321 1413 Mor-al.
1345 1386 1416 1426 cap.
1437 1380 1506 1424 18.)
1522 1380 1618 1422 dicit,
1640 1380 1737 1427 quod

182 1446 199 1465 «
223 1433 503 1479 contemplativa
525 1434 596 1467 vita
619 1441 671 1467 est
694 1433 907 1467 charitatem
928 1432 1009 1474 Dei,
1032 1440 1067 1466 et
1086 1432 1243 1478 proximi
1268 1440 1345 1466 tota
1371 1441 1492 1467 mente
1518 1433 1682 1475 retinere,
1703 1441 1739 1468 et

179 1487 249 1522 soli
269 1487 445 1521 desiderio
469 1487 666 1521 conditoris
688 1486 877 1520 inhaerere
898 1497 930 1519 »2
953 1486 1015 1520 sed
1030 1486 1258 1527 desiderium,
1281 1495 1315 1520 et
1330 1497 1433 1520 amor
1455 1486 1499 1520 ad
1513 1486 1588 1520 vim
1608 1485 1738 1521 affecti-

178 1552 276 1583 vam,
290 1540 364 1574 sive
381 1541 611 1586 appetitivam
630 1540 818 1586 pertinent,
841 1547 878 1573 ut
899 1551 1006 1585 supra
1024 1539 1187 1573 habitum
1207 1547 1259 1573 est
1280 1540 1358 1584 (1-2.
1381 1551 1410 1585 q.
1428 1551 1476 1586 23.
1500 1545 1563 1574 art.
1584 1552 1611 1575 1.
1630 1545 1659 1575 et
1672 1541 1737 1586 4.);

180 1605 266 1640 ergo
291 1594 398 1627 etiam
420 1594 493 1628 vita
515 1593 798 1640 contemplativa
813 1593 920 1627 habet
936 1592 1069 1638 aliquid
1090 1593 1126 1626 in
1144 1593 1179 1625 vi
1201 1592 1376 1634 affectiva,
1396 1593 1470 1627 sive
1489 1593 1691 1640 appetitiva.

251 1647 480 1682 Respoxmao
500 1647 705 1689 dicendum,
727 1647 834 1693 quod,
857 1647 949 1681 sicut
975 1647 1111 1680 dictum
1133 1654 1186 1680 est
1207 1646 1378 1693 (q.pruec.
1401 1652 1463 1681 art.
1485 1649 1542 1692 1.),
1562 1647 1635 1681 vita
1657 1658 1742 1682 con-

179 1700 388 1747 templativa
410 1700 556 1735 illorum
579 1712 656 1735 esse
676 1700 805 1734 dicitur
827 1701 887 1746 qui
909 1699 1152 1746 principaliter
1166 1700 1356 1734 intendunt
1371 1700 1671 1747 contemplationi
1683 1712 1740 1735 ve-

179 1755 311 1789 ritatis:
333 1755 483 1788 intentio
513 1762 633 1788 autem
656 1762 708 1788 est
730 1762 829 1788 actus
851 1753 1058 1795 voluntatis,
1081 1761 1119 1787 ut
1140 1765 1246 1799 supra
1273 1754 1436 1788 habitum
1459 1761 1511 1788 est
1534 1755 1614 1798 (1-2.
1637 1766 1666 1800 q.
1689 1766 1739 1790 12.

180 1813 244 1843 art.
267 1808 324 1853 1.),
349 1808 431 1854 quia
452 1808 603 1842 intentio
632 1816 685 1842 est
711 1808 754 1842 de
781 1807 862 1849 fine,
890 1809 949 1853 qui
977 1815 1030 1841 est
1055 1807 1253 1841 voluntatis
1276 1808 1476 1853 objectum;
1505 1816 1539 1842 et
1563 1808 1645 1842 ideo
1667 1808 1741 1842 vita

181 1861 462 1908 contemplativa
477 1870 651 1908 quantum
674 1861 716 1895 ad
739 1861 855 1907 ipsam
879 1861 1073 1895 essentiam
1089 1860 1242 1895 actionis
1258 1861 1411 1907 pertinet
1433 1861 1476 1895 ad
1497 1861 1740 1897 intellectum:

181 1924 355 1961 quantum
378 1923 498 1949 autem
521 1915 564 1949 ad
591 1915 625 1948 id
653 1916 749 1961 quod
773 1922 896 1948 movet
918 1915 961 1948 ad
984 1915 1223 1951 exercendam
1249 1915 1360 1949 talem
1382 1915 1646 1960 operationem,
1666 1927 1742 1962 per-

179 1970 269 2003 tinet
290 1969 332 2003 ad
354 1968 592 2011 voluntatem,
612 1979 702 2014 quae
725 1976 849 2002 movet
872 1979 999 2002 omnes
1014 1968 1101 2002 alias
1117 1969 1307 2014 potentias,
1331 1976 1364 2003 et
1386 1969 1495 2003 etiam
1516 1968 1740 2003 intellectum

182 2023 226 2057 ad
247 2034 353 2057 suum
375 2030 507 2064 actum,
523 2030 561 2056 ut
575 2033 681 2068 supra
703 2023 839 2056 dictum
856 2030 908 2056 est
929 2023 1009 2066 (1-2.
1029 2033 1058 2067 q.
1082 2034 1113 2068 9.
1137 2027 1200 2056 art.
1217 2022 1272 2066 1.).
1292 2022 1417 2056 Movet
1433 2030 1553 2056 autern
1566 2022 1619 2056 vis
1638 2034 1741 2069 appe-

180 2077 281 2111 titiva
308 2077 350 2110 ad
378 2076 511 2122 aliquid
539 2076 815 2121 inspiciendum,
841 2076 893 2110 vel
919 2075 1143 2117 sensibiliter,
1163 2076 1214 2110 vel
1234 2075 1524 2122 intelligibiliter:
1551 2076 1742 2123 quandoque

181 2131 327 2177 quidem
349 2138 494 2176 propter
510 2141 674 2164 amorem
696 2131 746 2163 rei
768 2130 994 2176 visae;quia‚
1016 2137 1053 2163 ut
1078 2130 1207 2163 dicitur
1220 2130 1347 2164 Matth.
1364 2128 1414 2164 6.:
1436 2131 1503 2164 Ubi
1514 2135 1559 2165 est
1576 2131 1742 2165 thesaurus

182 2189 265 2226 tuus,
284 2185 331 2218 ibi
352 2189 394 2218 est
414 2189 443 2218 et
465 2195 521 2217 cor
543 2189 657 2222 tenum
681 2183 872 2229 quandoque
891 2191 1011 2217 autem
1034 2191 1180 2229 propter
1202 2194 1365 2217 amorem
1381 2183 1490 2229 ipsius
1513 2183 1741 2230 cognitionis,

181 2249 290 2283 quam
313 2237 391 2283 quis
413 2248 455 2270 ex
477 2237 701 2282 inspectione
725 2237 973 2283 consequitur3
996 2245 1029 2271 et
1051 2245 1195 2283 propter
1220 2237 1291 2271 hoc
1320 2237 1472 2283 Gregor.
1499 2237 1601 2281 (hom.
1628 2248 1679 2281 14.
1705 2238 1742 2271 in

181 2292 314 2336 Ezech.)
333 2290 517 2324 constituit
537 2291 649 2324 vitam
672 2290 992 2336 contemplativam
1014 2290 1050 2324 in
1073 2290 1246 2324 charitate
1260 2290 1349 2333 Dei3
1369 2291 1583 2336 inquantum
1605 2289 1743 2325 scilicet

182 2345 309 2391 aliquis
325 2356 366 2378 ex
381 2344 573 2379 dilectione
595 2344 666 2378 Dei
687 2344 879 2378 inardescit
899 2345 941 2378 ad
960 2345 1035 2389 ejus
1053 2344 1359 2390 pulchritudinem
1374 2344 1688 2390 conspiciendam3
1708 2351 1743 2378 et

180 2399 264 2444 quia
286 2398 529 2444 unusquisque
553 2397 760 2439 delectatur,
784 2409 867 2431 curn
891 2398 1038 2443 adeptus
1060 2396 1164 2432 fuerit
1181 2397 1216 2431 id
1231 2397 1327 2443 quod
1347 2405 1454 2440 amat,
1476 2397 1558 2432 ideo
1572 2397 1646 2432 vita
1660 2407 1743 2431 con-

179 2451 390 2498 templativa
420 2451 634 2485 terminatur
655 2451 699 2485 ad
722 2450 1012 2492 delectationem,
1039 2461 1130 2496 quae
1158 2458 1210 2485 est
1234 2451 1270 2484 in
1298 2450 1439 2494 affectu,
1467 2462 1508 2485 ex
1534 2461 1605 2497 quo
1633 2450 1744 2486 etiam

183 2516 286 2539 amor
303 2505 510 2540 intenditur.

254 2559 313 2593 AD
335 2569 484 2593 PRIMUM
507 2569 594 2604 ergo
616 2557 822 2598 dicendum,
843 2556 938 2603 quod
961 2568 1002 2590 ex
1024 2557 1094 2591 hoc
1114 2557 1191 2603 ipso
1214 2557 1310 2603 quod
1332 2557 1462 2592 veritas
1484 2565 1537 2592 est
1557 2556 1637 2592 finis
1660 2567 1744 2591 con—

182 2611 439 2658 templationis,
461 2612 569 2646 habet
590 2611 769 2645 rationem
795 2611 881 2644 boni
908 2610 1120 2656 appetibilis,
1143 2618 1178 2645 et
1198 2610 1374 2653 amabilis,
1402 2618 1436 2645 et
1457 2610 1687 2654 delectanti83
1709 2618 1744 2645 et

180 2666 380 2700 secundum
401 2667 472 2700 hoc
496 2667 646 2712 pertinet
668 2665 710 2699 ad
731 2665 805 2698 vim
828 2664 1071 2710 appetitivam.

253 2721 312 2754 AD
335 2731 541 2755 SECUNDUM
563 2719 767 2761 dicendum,
790 2719 886 2765 quod
909 2718 951 2752 ad
970 2719 1086 2764 ipsam
1104 2718 1283 2752 visionem
1302 2718 1405 2764 primi
1421 2717 1744 2764 principii‚scilicet

180 2774 260 2816 Dei,
282 2774 406 2808 incitat
428 2785 531 2808 amor
552 2774 683 2820 ipsius;
719 2773 812 2806 unde
837 2773 944 2817 Greg.
968 2772 1053 2805 dicit
1074 2783 1180 2817 super
1202 2772 1332 2806 Ezech.
1355 2772 1436 2816 (loc.
1456 2778 1527 2818 sup.
1550 2771 1623 2816 cit.)
1645 2771 1742 2818 quod

182 2841 199 2858 «
222 2828 292 2861 vita
315 2827 607 2872 contemplativa,
631 2826 776 2861 calcatis
800 2826 893 2860 curis
915 2825 1095 2866 omnibus,
1119 2825 1161 2858 ad
1184 2825 1377 2860 videndam
1398 2824 1531 2860 faciem
1553 2825 1605 2859 sui
1629 2825 1740 2860 Crea-

180 2881 268 2916 toris
290 2881 483 2915 inardescit
504 2895 534 2915 ».
