1859 3122
457 201 674 237 QUAESTIO
708 200 866 231 CLXXX.
899 200 1143 230 ARTICULUS
1177 200 1250 230 v11.
1519 200 1621 244 1171

70 284 228 332 platione
251 282 448 323 contentio,
472 290 505 316 et
527 290 710 316 certarnen
738 293 779 316 ex
807 282 1060 316 contrarietate
1087 281 1246 316 veritatis
1273 292 1381 327 quam
1410 281 1630 328 contempla-

70 349 161 379 mur,
183 337 244 372 sed
267 348 309 371 ex
331 335 471 370 defectu
494 336 605 369 nostri
632 335 846 378 intellectus,
874 344 908 370 ct
935 347 977 370 ex
1005 335 1227 381 corruptibili
1254 346 1417 381 corpore,
1444 336 1540 382 quod
1562 346 1629 370 nos

70 392 113 426 ad
135 391 304 426 inferiora
326 390 484 431 retrahit,
506 390 705 423 secundum
728 390 813 423 illud
838 390 920 436 Sap.
943 401 992 436 9.:
1013 389 1142 436 Corpus
1155 389 1240 436 quod
1258 391 1499 436 corrumpitur,
1516 401 1630 436 aggra-

66 451 128 480 vat
153 447 318 479 animam:
345 449 372 479 ct
393 443 549 490 deprimit
575 448 705 477 terrena
733 444 928 478 inhabitatio
954 456 1080 478 Sensum
1106 444 1209 477 mulla
1236 445 1455 488 cogitantem;
1483 451 1518 478 et
1546 443 1629 478 inde

68 508 131 541 est,
147 499 243 545 quod
259 497 403 544 quando
425 497 539 531 homo
560 497 727 542 pertingit
742 497 785 530 ad
801 497 1146 543 contemplationem
1162 497 1332 539 veritatis,
1352 498 1532 532 ardentius
1548 508 1630 531 eam

67 561 182 587 amat:
205 553 266 586 sed
289 551 404 597 magis
427 550 502 584 odit
523 550 710 596 proprium
733 549 924 592 defectum,
947 559 980 585 et
1002 551 1216 595 gravitatem
1239 551 1480 596 corruptibilis
1503 562 1628 597 corpo-

67 606 125 648 ris,
148 613 186 639 ut
207 605 302 639 dicat
324 615 407 639 cum
428 603 610 649 Apostolo
633 603 740 637 Rom.
764 614 813 648 7.:
838 604 958 649 Infelix
979 616 1034 649 ego
1050 604 1157 646 homo,
1181 605 1251 649 quis
1267 617 1315 638 me
1333 604 1486 639 liberabit
1503 604 1539 639 de
1554 616 1627 639 cor-

61 665 143 706 pore
168 660 285 693 mortis
310 658 432 704 hujus?
453 657 546 690 unde
570 665 604 690 et
627 657 735 701 Greg.
759 658 843 691 dicit
865 669 970 704 super
992 658 1123 692 Ezech.
1145 658 1223 703 (loc.
1242 660 1294 692 cit.
1313 659 1348 692 in
1371 659 1473 703 arg.).·
1496 658 1625 693 «Cum

66 713 166 746 Deus
188 713 261 757 jam
283 723 346 758 per
367 711 596 752 desiderium,
613 718 646 744 et
667 710 890 744 intellectum
913 711 1156 757 cognoscitur,
1176 722 1324 746 ornnem
1346 712 1383 746 in
1404 712 1508 746 nobis
1530 711 1629 746 volu-

66 774 200 812 ptatem
225 765 340 800 carnis
364 763 511 798 arefacit
532 777 562 798 ».

138 820 198 854 AD
217 828 389 853 TERTIUM
407 818 614 859 dicendum,
630 818 725 864 quod
743 817 1004 864 contemplatio
1023 819 1091 852 Dei
1113 818 1148 852 in
1170 819 1238 852 hac
1258 819 1330 853 vita
1351 819 1561 865 imperfecta
1577 828 1628 854 est

66 880 230 918 respectu
252 871 569 917 contemplationis
591 872 746 917 patriae:
766 880 800 905 et
819 871 982 905 similiter
1001 872 1192 906 delectatio
1212 873 1530 918 contemplationis
1547 873 1628 907 viae

66 934 118 961 est
138 924 348 971 imperfecta
370 933 533 971 respectu
556 924 807 958 delectationis
830 924 1147 970 contemplationis
1173 927 1318 970 patriae,
1341 926 1384 960 de
1407 938 1476 972 qua
1499 927 1628 960 dicitur

66 980 101 1014 in
123 980 180 1013 Ps.
207 989 278 1025 35.:
305 979 464 1013 Torrente
489 978 668 1025 voluptatis
695 984 767 1013 tuae
790 980 919 1024 potabis
940 990 1010 1012 eos:
1034 979 1095 1012 sed
1123 979 1382 1025 contemplatio
1410 980 1626 1022 divinorum,

65 1044 156 1080 quae
178 1033 330 1066 habetur
344 1032 378 1066 in
395 1032 462 1073 via,
478 1033 543 1066 etsi
557 1032 601 1065 sit
615 1031 837 1078 imperfecta,
859 1040 981 1065 tamen
1004 1040 1056 1066 est
1074 1032 1322 1066 delectabilior
1341 1033 1441 1067 omni
1457 1033 1525 1067 alia
1541 1045 1626 1067 con—

64 1086 313 1133 templatione,
335 1093 667 1131 quantumcumque
690 1084 857 1129 perfecta,
885 1093 1030 1130 propter
1056 1085 1307 1120 excellentiam
1330 1088 1380 1120 rei
1404 1087 1627 1133 contempla-

63 1148 141 1182 tae;
163 1140 257 1173 unde
279 1139 415 1173 Philos.
439 1138 524 1172 dicit
544 1138 581 1171 in
607 1148 634 1171 1.
658 1138 700 1171 de
722 1137 816 1171 Part.
840 1137 999 1171 Animal.
1025 1137 1111 1184 (cap.
1130 1140 1190 1184 5.):
1216 1152 1233 1170 «
1256 1139 1400 1174 Accidit
1426 1141 1521 1173 circa
1547 1140 1626 1175 illas

63 1192 295 1228 honorabiles
319 1194 520 1234 existentes,
536 1198 569 1225 et
584 1191 722 1224 divinas
745 1191 971 1232 substantias,
987 1191 1147 1225 minores
1161 1192 1264 1226 nobis
1281 1192 1430 1226 existere
1448 1193 1623 1227 theorias:

63 1247 124 1281 sed
147 1246 213 1281 etsi
233 1246 433 1280 secundum
455 1244 640 1279 modicum
665 1245 884 1289 attingamus
907 1255 977 1286 eas,
995 1252 1117 1278 tamen
1140 1253 1286 1291 propter
1306 1246 1627 1281 honorabilitatem

64 1299 311 1346 cognoscendi
332 1298 578 1333 delectabilius
602 1297 735 1344 aliquid
756 1298 901 1340 habent,
923 1310 1033 1344 quam
1061 1310 1151 1344 quae
1179 1299 1271 1345 apud
1294 1311 1361 1334 nos
1383 1300 1508 1334 omnia
1529 1313 1569 1344 »3
1592 1309 1627 1335 et

62 1355 133 1388 hoc
155 1361 210 1388 est
231 1353 340 1387 etiarn
363 1352 459 1398 quod
483 1351 592 1398 Greg.
616 1352 701 1385 dicit
723 1363 827 1397 super
849 1351 979 1386 Ezech.
1003 1353 1081 1397 (loc.
1096 1359 1167 1399 sup.
1183 1354 1268 1398 cit.):
1290 1367 1308 1385 κ
1332 1353 1626 1400 Contemplativa

62 1408 135 1442 vita
157 1406 320 1441 amabilis
341 1405 447 1440 valde
470 1405 624 1440 dulcedo
648 1413 711 1447 est,
734 1417 825 1451 quae
853 1417 958 1451 super
985 1406 1218 1451 semetipsam
1241 1407 1401 1441 animam
1423 1408 1524 1454 rapit,
1547 1419 1626 1442 coe-

62 1460 166 1495 lestia
187 1460 310 1506 aperit,
332 1458 529 1505 spiritualia
550 1459 680 1493 mentis
703 1459 817 1493 oculis
839 1458 1008 1504 patefacit
1027 1472 1060 1494 n.

134 1514 194 1548 AD
210 1523 399 1552 QUARTUM
414 1512 619 1554 dicendum,
639 1512 735 1558 quod
750 1512 861 1557 Jacob
878 1520 959 1558 post
974 1512 1321 1558 contemplationem
1335 1525 1407 1548 uno
1427 1515 1517 1560 pede
1532 1514 1625 1549 clau-

63 1568 216 1609 dicabat,
239 1566 321 1612 quia
347 1578 364 1597 (ε
385 1577 534 1600 necesse
557 1574 619 1607 est,
642 1573 680 1599 ut
714 1564 898 1599 debilitato
930 1577 1055 1600 amore
1076 1566 1223 1609 saeculi,
1246 1567 1476 1602 convalescat
1498 1567 1624 1615 aliquis

63 1621 108 1655 ad
130 1630 295 1654 amorem
313 1619 384 1653 Dei
405 1632 437 1660 >›,
453 1627 491 1653 ut
513 1618 623 1664 Greg.
640 1618 727 1652 dicit
747 1629 852 1664 super
874 1618 1054 1652 Ezechiel.
1076 1619 1152 1663 (loc.
1168 1621 1253 1664 cit.);
1273 1628 1308 1654 et
1327 1620 1410 1655 ideo
1427 1629 1508 1667 post
1529 1622 1625 1668 agni-

62 1675 200 1709 tionem
222 1673 406 1707 suavitatis
420 1672 492 1706 Dei
512 1684 604 1706 unus
619 1672 654 1706 in
669 1672 774 1706 nobis
796 1682 857 1717 pes
879 1683 987 1706 sanus
1006 1681 1179 1714 remanet,
1195 1682 1302 1719 atque
1322 1672 1411 1708 alius
1426 1673 1621 1709 claudicat:

63 1728 182 1762 omnis
203 1726 300 1761 enim
322 1726 383 1772 qui
404 1737 477 1760 uno
499 1725 589 1772 pede
612 1725 802 1766 claudicat,
824 1724 943 1759 solum
965 1724 1018 1758 ilh'
1050 1726 1132 1772 pedi
1163 1726 1336 1772 innititur,
1363 1739 1472 1774 quem
1493 1739 1622 1762 sanum

62 1781 171 1816 habet
191 1780 246 1826 (ut
264 1780 460 1826 subjungit).

613 1895 956 1941 ARTICULUS
985 1897 1107 1941 vm.
1553 1913 1619 1958 855

329 1992 481 2022 UTRUM
501 1993 605 2022 VITA
627 1992 998 2023 CONTEMPLATIVA
1019 1994 1086 2024 SIT
1106 1995 1346 2025 DIUTURNA.

249 2070 356 2114 (Part.
379 2082 405 2104 r.
428 2081 457 2115 q.
479 2081 534 2105 20.
556 2074 620 2104 art.
641 2081 674 2114 4.
696 2069 748 2104 ad.
767 2082 795 2116 3.
818 2075 848 2104 et
864 2082 891 2116 3.
915 2071 1002 2106 Dist.
1021 2083 1066 2118 35.
1089 2083 1118 2117 q.
1141 2084 1167 2106 1.
1190 2076 1253 2106 art.
1275 2082 1308 2116 4.
1330 2083 1359 2118 q.
1378 2073 1436 2118 3.).

134 2153 194 2187 AD
219 2162 408 2187 ocTAvuM
437 2151 489 2186 sic
516 2151 731 2197 proceditur.
759 2152 920 2195 Videtur,
947 2154 1043 2199 quod
1070 2153 1142 2188 vita
1169 2154 1451 2200 contemplativa
1476 2166 1550 2190 non
1576 2155 1622 2190 sit

63 2207 245 2241 diuturna:
266 2206 340 2239 vita
362 2205 459 2240 enim
481 2204 763 2251 contemplativa
789 2206 1025 2240 essentialiter
1051 2207 1213 2242 consistit
1238 2208 1274 2241 in
1300 2208 1368 2250 his,
1395 2219 1486 2254 quae
1508 2208 1551 2242 ad
1572 2209 1621 2242 in-

62 2260 248 2295 tellectum
270 2259 463 2305 pertinent;
491 2259 552 2292 sed
574 2269 701 2292 omnes
721 2258 961 2294 intellectivae
981 2259 1220 2305 perfectiones
1238 2261 1344 2307 hujus
1361 2261 1455 2296 vitae
1474 2273 1622 2296 evacua-

61 2315 205 2356 buntur,
227 2313 427 2347 secundum
448 2311 535 2346 illud
562 2322 589 2345 1.
613 2312 656 2346 ad
680 2311 766 2346 Cor.
793 2323 863 2358 13.:
885 2313 962 2348 Sive
978 2314 1171 2360 prophetiae
1192 2316 1454 2357 evacuabuntur,
1473 2316 1540 2349 sive
1561 2315 1621 2349 lin-

60 2379 142 2414 guae
164 2368 341 2408 cessabunt,
363 2367 430 2400 sive
449 2367 586 2400 scientia
607 2365 808 2406 dash-aetum·
832 2377 919 2412 ergo
941 2368 1013 2401 vita
1035 2368 1316 2414 contemplativa
1337 2376 1541 2403 evacuatur.

134 2431 165 2454 2.
191 2421 427 2455 PRAETEREA.
450 2418 692 2452 Dulcedinem
715 2420 1031 2465 contemplationis
1055 2421 1182 2467 aliquis
1204 2421 1318 2455 homo
1341 2423 1482 2468 raptim,
1498 2430 1532 2457 et
1545 2433 1621 2468 per-

61 2473 281 2507 transeundo
300 2473 488 2518 degustat3
510 2471 604 2505 unde
627 2471 720 2517 Aug.
744 2472 830 2506 dicit
850 2473 886 2506 in
908 2484 958 2508 1o.
977 2473 1142 2508 Confess.
1157 2475 1246 2521 (cap.
1260 2476 1332 2519 40.)
1347 2488 1357 2510 ,·
1375 2488 1393 2507 (<
1408 2476 1619 2510 Intromittis

62 2538 121 2561 me
142 2527 179 2560 in
201 2525 371 2560 affectum
398 2525 553 2559 multum
579 2525 787 2559 inusitatum
812 2526 998 2568 introrsus,
1026 2527 1069 2560 ad
1094 2528 1217 2561 nescio
1244 2539 1352 2574 quam
1379 2527 1618 2571 dulcedinem,

62 2581 125 2615 sed
146 2579 266 2614 recido
286 2580 321 2613 in
336 2579 425 2612 haec
443 2577 666 2612 aerumnosis
681 2579 926 2624 ponderibus»
941 2591 948 2613 :
967 2579 1076 2626 Greg.
1092 2581 1200 2614 etiarn
1214 2581 1251 2614 in
1263 2591 1292 2625 5.
1308 2581 1436 2615 Moral.
1452 2582 1539 2628 (cap.
1554 2583 1619 2629 23.)

61 2644 244 2680 exponens
266 2631 353 2666 illud
370 2632 436 2677 Job
458 2641 510 2674 4:
537 2632 621 2666 Cum
641 2633 786 2678 spiritus,
812 2645 863 2667 me
879 2639 1060 2679 praesente,
1090 2636 1253 2676 transiret,
1282 2635 1381 2669 dicit:
1412 2648 1429 2667 «
1445 2636 1484 2669 ln
1505 2637 1619 2670 suavi-

61 2694 134 2721 tate
156 2684 474 2731 contemplationis
496 2685 644 2719 intimae
665 2696 739 2719 non
756 2685 815 2719 diu
834 2698 936 2720 mens
954 2687 1092 2732 figitur3
1115 2688 1197 2733 quia
1219 2689 1262 2721 ad
1284 2689 1527 2734 semetipsam,
1541 2689 1616 2735 ipsa

61 2739 303 2784 immensitate
326 2738 471 2772 luminis
497 2738 732 2780 reverberata,
759 2747 949 2773 revocatur
959 2752 998 2781 »;
1026 2751 1112 2786 ergo
1138 2741 1210 2775 vita
1237 2741 1517 2787 contemplativa
1542 2754 1617 2777 non

62 2800 116 2827 est
135 2793 312 2826 diuturna.

136 2858 164 2891 3.
183 2846 418 2881 PRAETEREA.
431 2843 522 2878 Illud
537 2844 633 2890 quod
647 2855 722 2879 non
738 2852 790 2879 est
803 2845 945 2880 homini
964 2846 1209 2889 connaturale,
1226 2859 1302 2882 non
1315 2855 1434 2894 potest
1452 2860 1529 2883 esse
1544 2849 1616 2883 diu-

63 2907 226 2934 turnum:
249 2899 321 2933 vita
343 2905 464 2933 autem
486 2897 768 2944 contemplativa
785 2907 838 2933 est
858 2899 998 2942 melior,
1018 2911 1126 2946 quam
1144 2901 1342 2936 secundum
1359 2902 1559 2946 hominem,
1578 2911 1616 2938 ut
