<?xml version="1.0" encoding="UTF-8"?>
<!DOCTYPE html PUBLIC "-//W3C//DTD XHTML 1.0 Transitional//EN"
    "http://www.w3.org/TR/xhtml1/DTD/xhtml1-transitional.dtd">
<html xmlns="http://www.w3.org/1999/xhtml" xml:lang="en" lang="en">
 <head>
  <title>
</title>
<meta http-equiv="Content-Type" content="text/html;charset=utf-8" />
  <meta name='ocr-system' content='tesseract 3.04.00' />
  <meta name='ocr-capabilities' content='ocr_page ocr_carea ocr_par ocr_line ocrx_word'/>
</head>
<body>
  <div class='ocr_page' id='page_1' title='image "./divithomaeaquina03thomuoft_0837.png"; bbox 0 0 1859 3122; ppageno 0'>
   <div class='ocr_carea' id='block_1_1' title="bbox 475 159 1628 214">
    <p class='ocr_par' dir='ltr' id='par_1_1' title="bbox 475 159 1628 214">
     <span class='ocr_line' id='line_1_1' title="bbox 475 159 1628 214; baseline -0.004 -8"><span class='ocrx_word' id='word_1_1' title='bbox 475 176 695 212; x_wconf 73' lang='lat' dir='ltr'><strong>QUAESTIO</strong></span> <span class='ocrx_word' id='word_1_2' title='bbox 732 175 864 205; x_wconf 83' lang='lat' dir='ltr'><strong>CXXII.</strong></span> <span class='ocrx_word' id='word_1_3' title='bbox 898 174 1141 205; x_wconf 88' lang='lat' dir='ltr'><strong>ARTICULUS</strong></span> <span class='ocrx_word' id='word_1_4' title='bbox 1174 173 1230 203; x_wconf 90' lang='lat' dir='ltr'><strong>v1.</strong></span> <span class='ocrx_word' id='word_1_5' title='bbox 1547 159 1628 214; x_wconf 83' lang='lat'><strong>829</strong></span> 
     </span>
    </p>
   </div>
   <div class='ocr_carea' id='block_1_2' title="bbox 634 333 1631 378">
    <p class='ocr_par' dir='ltr' id='par_1_2' title="bbox 634 333 1631 378">
     <span class='ocr_line' id='line_1_2' title="bbox 634 333 1631 378; baseline -0.002 -1"><span class='ocrx_word' id='word_1_6' title='bbox 634 333 977 378; x_wconf 91' lang='lat' dir='ltr'><strong>ARTICULUS</strong></span> <span class='ocrx_word' id='word_1_7' title='bbox 1006 333 1081 375; x_wconf 88' lang='lat' dir='ltr'><strong>VI.</strong></span> <span class='ocrx_word' id='word_1_8' title='bbox 1564 340 1631 375; x_wconf 87' lang='lat'><strong>616</strong></span> 
     </span>
    </p>
   </div>
   <div class='ocr_carea' id='block_1_3' title="bbox 388 439 1322 537">
    <p class='ocr_par' dir='ltr' id='par_1_3' title="bbox 388 439 1322 537">
     <span class='ocr_line' id='line_1_3' title="bbox 388 439 1322 472; baseline -0.004 -1"><span class='ocrx_word' id='word_1_9' title='bbox 388 442 542 472; x_wconf 80' lang='lat' dir='ltr'>UTRUM</span> <span class='ocrx_word' id='word_1_10' title='bbox 573 442 673 471; x_wconf 78' lang='lat' dir='ltr'>ALIA</span> <span class='ocrx_word' id='word_1_11' title='bbox 706 442 783 471; x_wconf 89' lang='lat' dir='ltr'><strong>SEX</strong></span> <span class='ocrx_word' id='word_1_12' title='bbox 816 441 1064 471; x_wconf 78' lang='lat' dir='ltr'>PRAECEPTA</span> <span class='ocrx_word' id='word_1_13' title='bbox 1098 439 1322 469; x_wconf 90' lang='lat' dir='ltr'>DECALOGI</span> 
     </span>
     <span class='ocr_line' id='line_1_4' title="bbox 532 506 1178 537; baseline -0.005 0"><span class='ocrx_word' id='word_1_14' title='bbox 532 507 867 537; x_wconf 80' lang='lat' dir='ltr'>CONVENIENTER</span> <span class='ocrx_word' id='word_1_15' title='bbox 900 506 1178 536; x_wconf 72' lang='lat' dir='ltr'><strong>TRADANTUR.</strong></span> 
     </span>
    </p>
   </div>
   <div class='ocr_carea' id='block_1_4' title="bbox 609 594 1099 641">
    <p class='ocr_par' dir='ltr' id='par_1_4' title="bbox 609 594 1099 641">
     <span class='ocr_line' id='line_1_5' title="bbox 609 594 1099 641; baseline -0.004 -12"><span class='ocrx_word' id='word_1_16' title='bbox 609 596 651 641; x_wconf 82' lang='lat'><strong>(3.</strong></span> <span class='ocrx_word' id='word_1_17' title='bbox 671 596 758 629; x_wconf 84' lang='lat' dir='ltr'><strong>Dist.</strong></span> <span class='ocrx_word' id='word_1_18' title='bbox 778 606 827 641; x_wconf 85' lang='lat'><strong>37.</strong></span> <span class='ocrx_word' id='word_1_19' title='bbox 849 599 915 629; x_wconf 84' lang='lat' dir='ltr'><strong>art.</strong></span> <span class='ocrx_word' id='word_1_20' title='bbox 937 606 968 629; x_wconf 90' lang='lat'><strong>2.</strong></span> <span class='ocrx_word' id='word_1_21' title='bbox 991 606 1020 640; x_wconf 87' lang='lat' dir='ltr'><strong>q.</strong></span> <span class='ocrx_word' id='word_1_22' title='bbox 1044 594 1099 638; x_wconf 87' lang='lat' dir='ltr'><strong>r.).</strong></span> 
     </span>
    </p>
   </div>
   <div class='ocr_carea' id='block_1_5' title="bbox 78 678 1648 2917">
    <p class='ocr_par' dir='ltr' id='par_1_5' title="bbox 78 678 1636 997">
     <span class='ocr_line' id='line_1_6' title="bbox 148 678 1635 730; baseline -0.005 -11"><span class='ocrx_word' id='word_1_23' title='bbox 148 684 208 718; x_wconf 88' lang='lat' dir='ltr'><strong>AD</strong></span> <span class='ocrx_word' id='word_1_24' title='bbox 231 694 382 719; x_wconf 74' lang='lat' dir='ltr'>SEXTUM</span> <span class='ocrx_word' id='word_1_25' title='bbox 404 684 453 718; x_wconf 91' lang='lat' dir='ltr'><strong>sic</strong></span> <span class='ocrx_word' id='word_1_26' title='bbox 476 683 693 730; x_wconf 82' lang='lat' dir='ltr'>proceditur.</span> <span class='ocrx_word' id='word_1_27' title='bbox 715 683 877 725; x_wconf 84' lang='lat' dir='ltr'><strong>Videtur,</strong></span> <span class='ocrx_word' id='word_1_28' title='bbox 899 682 995 728; x_wconf 90' lang='lat' dir='ltr'><strong>quod</strong></span> <span class='ocrx_word' id='word_1_29' title='bbox 1018 682 1087 716; x_wconf 82' lang='lat' dir='ltr'><strong>alia</strong></span> <span class='ocrx_word' id='word_1_30' title='bbox 1108 693 1169 716; x_wconf 78' lang='lat' dir='ltr'><strong>sex</strong></span> <span class='ocrx_word' id='word_1_31' title='bbox 1189 687 1380 728; x_wconf 84' lang='lat' dir='ltr'><strong>praecepta</strong></span> <span class='ocrx_word' id='word_1_32' title='bbox 1400 678 1565 724; x_wconf 81' lang='lat' dir='ltr'>decalogi</span> <span class='ocrx_word' id='word_1_33' title='bbox 1586 678 1635 711; x_wconf 91' lang='lat' dir='ltr'><strong>in-</strong></span> 
     </span>
     <span class='ocr_line' id='line_1_7' title="bbox 79 732 1633 780; baseline -0.005 -8"><span class='ocrx_word' id='word_1_34' title='bbox 79 739 334 772; x_wconf 78' lang='lat' dir='ltr'><strong>convenienter</strong></span> <span class='ocrx_word' id='word_1_35' title='bbox 355 738 556 772; x_wconf 85' lang='lat' dir='ltr'><strong>tradantur:</strong></span> <span class='ocrx_word' id='word_1_36' title='bbox 579 748 653 772; x_wconf 91' lang='lat' dir='ltr'><strong>non</strong></span> <span class='ocrx_word' id='word_1_37' title='bbox 676 737 772 772; x_wconf 86' lang='lat' dir='ltr'><strong>enim</strong></span> <span class='ocrx_word' id='word_1_38' title='bbox 795 735 925 771; x_wconf 89' lang='lat' dir='ltr'><strong>sufficit</strong></span> <span class='ocrx_word' id='word_1_39' title='bbox 947 736 989 769; x_wconf 85' lang='lat' dir='ltr'><strong>ad</strong></span> <span class='ocrx_word' id='word_1_40' title='bbox 1009 735 1174 776; x_wconf 85' lang='lat' dir='ltr'><strong>salutern,</strong></span> <span class='ocrx_word' id='word_1_41' title='bbox 1196 734 1292 780; x_wconf 90' lang='lat' dir='ltr'><strong>quod</strong></span> <span class='ocrx_word' id='word_1_42' title='bbox 1315 733 1441 779; x_wconf 90' lang='lat' dir='ltr'><strong>aliquis</strong></span> <span class='ocrx_word' id='word_1_43' title='bbox 1468 732 1633 778; x_wconf 77' lang='lat' dir='ltr'><strong>proximo</strong></span> 
     </span>
     <span class='ocr_line' id='line_1_8' title="bbox 78 785 1633 837; baseline -0.005 -12"><span class='ocrx_word' id='word_1_44' title='bbox 78 802 143 826; x_wconf 90' lang='lat' dir='ltr'><strong>suo</strong></span> <span class='ocrx_word' id='word_1_45' title='bbox 165 802 239 825; x_wconf 91' lang='lat' dir='ltr'><strong>non</strong></span> <span class='ocrx_word' id='word_1_46' title='bbox 260 798 412 833; x_wconf 73' lang='lat' dir='ltr'><strong>noceat,</strong></span> <span class='ocrx_word' id='word_1_47' title='bbox 435 791 496 825; x_wconf 89' lang='lat' dir='ltr'><strong>sed</strong></span> <span class='ocrx_word' id='word_1_48' title='bbox 518 791 707 837; x_wconf 78' lang='lat' dir='ltr'>requiritur</span> <span class='ocrx_word' id='word_1_49' title='bbox 729 790 824 836; x_wconf 90' lang='lat' dir='ltr'><strong>quod</strong></span> <span class='ocrx_word' id='word_1_50' title='bbox 848 790 880 824; x_wconf 85' lang='lat' dir='ltr'><strong>ei</strong></span> <span class='ocrx_word' id='word_1_51' title='bbox 907 789 1066 823; x_wconf 89' lang='lat' dir='ltr'><strong>debitum</strong></span> <span class='ocrx_word' id='word_1_52' title='bbox 1094 788 1228 830; x_wconf 86' lang='lat' dir='ltr'><strong>reddat,</strong></span> <span class='ocrx_word' id='word_1_53' title='bbox 1255 787 1453 822; x_wconf 83' lang='lat' dir='ltr'><strong>secundum</strong></span> <span class='ocrx_word' id='word_1_54' title='bbox 1475 785 1562 819; x_wconf 91' lang='lat' dir='ltr'><strong>illud</strong></span> <span class='ocrx_word' id='word_1_55' title='bbox 1590 785 1633 819; x_wconf 89' lang='lat' dir='ltr'><strong>ad</strong></span> 
     </span>
     <span class='ocr_line' id='line_1_9' title="bbox 78 838 1636 890; baseline -0.005 -11"><span class='ocrx_word' id='word_1_56' title='bbox 78 845 185 879; x_wconf 86' lang='lat' dir='ltr'><strong>Rom.</strong></span> <span class='ocrx_word' id='word_1_57' title='bbox 213 855 281 890; x_wconf 85' lang='lat'>13.:</span> <span class='ocrx_word' id='word_1_58' title='bbox 307 844 434 879; x_wconf 72' lang='lat' dir='ltr'><strong>Reddite</strong></span> <span class='ocrx_word' id='word_1_59' title='bbox 456 846 606 878; x_wconf 73' lang='lat' dir='ltr'><strong>omnibus</strong></span> <span class='ocrx_word' id='word_1_60' title='bbox 626 844 730 878; x_wconf 75' lang='lat' dir='ltr'><strong>debita</strong></span> <span class='ocrx_word' id='word_1_61' title='bbox 743 857 753 878; x_wconf 92' lang='grc'><strong>.·</strong></span> <span class='ocrx_word' id='word_1_62' title='bbox 776 843 837 877; x_wconf 82' lang='lat' dir='ltr'><strong>sed</strong></span> <span class='ocrx_word' id='word_1_63' title='bbox 862 843 896 876; x_wconf 87' lang='lat' dir='ltr'><strong>in</strong></span> <span class='ocrx_word' id='word_1_64' title='bbox 919 854 978 876; x_wconf 80' lang='lat' dir='ltr'><strong>sex</strong></span> <span class='ocrx_word' id='word_1_65' title='bbox 1000 842 1135 876; x_wconf 80' lang='lat' dir='ltr'>ultimis</span> <span class='ocrx_word' id='word_1_66' title='bbox 1157 840 1356 887; x_wconf 78' lang='lat' dir='ltr'>praeceptis</span> <span class='ocrx_word' id='word_1_67' title='bbox 1375 839 1495 874; x_wconf 89' lang='lat' dir='ltr'><strong>solum</strong></span> <span class='ocrx_word' id='word_1_68' title='bbox 1517 838 1636 884; x_wconf 90' lang='lat' dir='ltr'><strong>prohi-</strong></span> 
     </span>
     <span class='ocr_line' id='line_1_10' title="bbox 78 892 1636 943; baseline -0.004 -11"><span class='ocrx_word' id='word_1_69' title='bbox 78 898 179 932; x_wconf 82' lang='lat' dir='ltr'>betur</span> <span class='ocrx_word' id='word_1_70' title='bbox 200 906 462 932; x_wconf 77' lang='lat' dir='ltr'><strong>nocumentum</strong></span> <span class='ocrx_word' id='word_1_71' title='bbox 480 898 646 943; x_wconf 77' lang='lat' dir='ltr'><strong>proximo</strong></span> <span class='ocrx_word' id='word_1_72' title='bbox 662 896 909 938; x_wconf 81' lang='lat' dir='ltr'><strong>inferendum3</strong></span> <span class='ocrx_word' id='word_1_73' title='bbox 925 906 1011 941; x_wconf 86' lang='lat' dir='ltr'><strong>ergo</strong></span> <span class='ocrx_word' id='word_1_74' title='bbox 1028 894 1324 929; x_wconf 80' lang='lat' dir='ltr'><strong>inconvenienter</strong></span> <span class='ocrx_word' id='word_1_75' title='bbox 1339 892 1521 940; x_wconf 84' lang='lat' dir='ltr'><strong>praedicta</strong></span> <span class='ocrx_word' id='word_1_76' title='bbox 1539 903 1636 938; x_wconf 89' lang='lat' dir='ltr'><strong>prae-</strong></span> 
     </span>
     <span class='ocr_line' id='line_1_11' title="bbox 79 952 404 997; baseline 0 -12"><span class='ocrx_word' id='word_1_77' title='bbox 79 960 181 997; x_wconf 88' lang='lat' dir='ltr'><strong>cepta</strong></span> <span class='ocrx_word' id='word_1_78' title='bbox 207 952 404 985; x_wconf 88' lang='lat' dir='ltr'><strong>traduntur.</strong></span> 
     </span>
    </p>

    <p class='ocr_par' dir='ltr' id='par_1_6' title="bbox 78 997 1639 1210">
     <span class='ocr_line' id='line_1_12' title="bbox 150 997 1638 1049; baseline -0.005 -10"><span class='ocrx_word' id='word_1_79' title='bbox 150 1014 180 1038; x_wconf 87' lang='lat'><strong>2.</strong></span> <span class='ocrx_word' id='word_1_80' title='bbox 209 1004 444 1039; x_wconf 72' lang='lat' dir='ltr'>PRAETEREA.</span> <span class='ocrx_word' id='word_1_81' title='bbox 471 1004 511 1037; x_wconf 91' lang='lat' dir='ltr'><strong>In</strong></span> <span class='ocrx_word' id='word_1_82' title='bbox 532 1003 722 1049; x_wconf 88' lang='lat' dir='ltr'><strong>praedictis</strong></span> <span class='ocrx_word' id='word_1_83' title='bbox 745 1002 944 1049; x_wconf 81' lang='lat' dir='ltr'><strong>praeceptis</strong></span> <span class='ocrx_word' id='word_1_84' title='bbox 970 1001 1205 1048; x_wconf 88' lang='lat' dir='ltr'><strong>prohibentur</strong></span> <span class='ocrx_word' id='word_1_85' title='bbox 1230 999 1483 1040; x_wconf 82' lang='lat' dir='ltr'>homicidium,</span> <span class='ocrx_word' id='word_1_86' title='bbox 1506 997 1638 1032; x_wconf 90' lang='lat' dir='ltr'><strong>adulte-</strong></span> 
     </span>
     <span class='ocr_line' id='line_1_13' title="bbox 79 1054 1639 1102; baseline -0.004 -10"><span class='ocrx_word' id='word_1_87' title='bbox 79 1057 183 1099; x_wconf 89' lang='lat' dir='ltr'>rium,</span> <span class='ocrx_word' id='word_1_88' title='bbox 205 1057 349 1100; x_wconf 87' lang='lat' dir='ltr'><strong>furtum,</strong></span> <span class='ocrx_word' id='word_1_89' title='bbox 372 1066 407 1091; x_wconf 87' lang='lat' dir='ltr'><strong>et</strong></span> <span class='ocrx_word' id='word_1_90' title='bbox 427 1057 558 1091; x_wconf 90' lang='lat' dir='ltr'><strong>falsum</strong></span> <span class='ocrx_word' id='word_1_91' title='bbox 579 1057 847 1091; x_wconf 85' lang='lat' dir='ltr'><strong>testimonium:</strong></span> <span class='ocrx_word' id='word_1_92' title='bbox 861 1056 928 1102; x_wconf 26' lang='lat' dir='ltr'><strong>&#39;sed</strong></span> <span class='ocrx_word' id='word_1_93' title='bbox 947 1055 1060 1089; x_wconf 88' lang='lat' dir='ltr'><strong>multa</strong></span> <span class='ocrx_word' id='word_1_94' title='bbox 1076 1054 1145 1088; x_wconf 87' lang='lat' dir='ltr'><strong>alia</strong></span> <span class='ocrx_word' id='word_1_95' title='bbox 1159 1061 1379 1088; x_wconf 90' lang='lat' dir='ltr'><strong>nocumenta</strong></span> <span class='ocrx_word' id='word_1_96' title='bbox 1398 1060 1549 1098; x_wconf 84' lang='lat' dir='ltr'>possunt</span> <span class='ocrx_word' id='word_1_97' title='bbox 1561 1062 1639 1097; x_wconf 92' lang='lat' dir='ltr'><strong>pro-</strong></span> 
     </span>
     <span class='ocr_line' id='line_1_14' title="bbox 78 1105 1635 1157; baseline -0.004 -12"><span class='ocrx_word' id='word_1_98' title='bbox 78 1111 176 1145; x_wconf 80' lang='lat' dir='ltr'><strong>ximo</strong></span> <span class='ocrx_word' id='word_1_99' title='bbox 199 1110 330 1153; x_wconf 83' lang='lat' dir='ltr'><strong>inferri,</strong></span> <span class='ocrx_word' id='word_1_100' title='bbox 357 1119 396 1145; x_wconf 86' lang='lat' dir='ltr'><strong>ut</strong></span> <span class='ocrx_word' id='word_1_101' title='bbox 420 1119 517 1157; x_wconf 89' lang='lat' dir='ltr'><strong>patet</strong></span> <span class='ocrx_word' id='word_1_102' title='bbox 547 1122 589 1144; x_wconf 78' lang='lat' dir='ltr'><strong>ex</strong></span> <span class='ocrx_word' id='word_1_103' title='bbox 616 1110 684 1153; x_wconf 85' lang='lat' dir='ltr'><strong>his,</strong></span> <span class='ocrx_word' id='word_1_104' title='bbox 715 1120 806 1156; x_wconf 88' lang='lat' dir='ltr'><strong>quae</strong></span> <span class='ocrx_word' id='word_1_105' title='bbox 836 1110 943 1155; x_wconf 83' lang='lat' dir='ltr'><strong>supra</strong></span> <span class='ocrx_word' id='word_1_106' title='bbox 977 1108 1214 1143; x_wconf 89' lang='lat' dir='ltr'><strong>determinata</strong></span> <span class='ocrx_word' id='word_1_107' title='bbox 1240 1115 1322 1141; x_wconf 88' lang='lat' dir='ltr'><strong>sunt</strong></span> <span class='ocrx_word' id='word_1_108' title='bbox 1343 1107 1390 1152; x_wconf 82' lang='lat' dir='ltr'><strong>(q.</strong></span> <span class='ocrx_word' id='word_1_109' title='bbox 1414 1117 1465 1152; x_wconf 87' lang='lat'><strong>72.</strong></span> <span class='ocrx_word' id='word_1_110' title='bbox 1488 1110 1516 1140; x_wconf 81' lang='lat' dir='ltr'><strong>et</strong></span> <span class='ocrx_word' id='word_1_111' title='bbox 1533 1105 1635 1150; x_wconf 80' lang='lat' dir='ltr'><strong>seq.);</strong></span> 
     </span>
     <span class='ocr_line' id='line_1_15' title="bbox 79 1160 1478 1210; baseline -0.004 -12"><span class='ocrx_word' id='word_1_112' title='bbox 79 1175 165 1210; x_wconf 82' lang='lat' dir='ltr'><strong>ergo</strong></span> <span class='ocrx_word' id='word_1_113' title='bbox 187 1164 337 1206; x_wconf 88' lang='lat' dir='ltr'><strong>videtur,</strong></span> <span class='ocrx_word' id='word_1_114' title='bbox 359 1164 455 1209; x_wconf 91' lang='lat' dir='ltr'><strong>quod</strong></span> <span class='ocrx_word' id='word_1_115' title='bbox 477 1163 773 1197; x_wconf 84' lang='lat' dir='ltr'><strong>inconvenienter</strong></span> <span class='ocrx_word' id='word_1_116' title='bbox 794 1167 876 1196; x_wconf 85' lang='lat' dir='ltr'><strong>sunt</strong></span> <span class='ocrx_word' id='word_1_117' title='bbox 897 1162 1025 1196; x_wconf 81' lang='lat' dir='ltr'><strong>tradita</strong></span> <span class='ocrx_word' id='word_1_118' title='bbox 1046 1160 1256 1206; x_wconf 81' lang='lat' dir='ltr'><strong>hujusmodi</strong></span> <span class='ocrx_word' id='word_1_119' title='bbox 1276 1167 1478 1206; x_wconf 88' lang='lat' dir='ltr'><strong>praecepta.</strong></span> 
     </span>
    </p>

    <p class='ocr_par' dir='ltr' id='par_1_7' title="bbox 80 1210 1642 1745">
     <span class='ocr_line' id='line_1_16' title="bbox 154 1210 1638 1263; baseline -0.005 -12"><span class='ocrx_word' id='word_1_120' title='bbox 154 1228 181 1263; x_wconf 81' lang='lat'><strong>3.</strong></span> <span class='ocrx_word' id='word_1_121' title='bbox 203 1217 438 1251; x_wconf 75' lang='lat' dir='ltr'>PRAETEREA.</span> <span class='ocrx_word' id='word_1_122' title='bbox 461 1216 767 1263; x_wconf 85' lang='lat' dir='ltr'><strong>Concupiscentia</strong></span> <span class='ocrx_word' id='word_1_123' title='bbox 788 1215 961 1262; x_wconf 73' lang='lat' dir='ltr'><strong>dupliciter</strong></span> <span class='ocrx_word' id='word_1_124' title='bbox 982 1223 1100 1261; x_wconf 85' lang='lat' dir='ltr'><strong>potest</strong></span> <span class='ocrx_word' id='word_1_125' title='bbox 1121 1213 1218 1260; x_wconf 84' lang='lat' dir='ltr'><strong>capi:</strong></span> <span class='ocrx_word' id='word_1_126' title='bbox 1236 1225 1299 1247; x_wconf 87' lang='lat' dir='ltr'><strong>uno</strong></span> <span class='ocrx_word' id='word_1_127' title='bbox 1314 1212 1422 1254; x_wconf 84' lang='lat' dir='ltr'><strong>modo,</strong></span> <span class='ocrx_word' id='word_1_128' title='bbox 1439 1210 1638 1246; x_wconf 88' lang='lat' dir='ltr'><strong>secundum</strong></span> 
     </span>
     <span class='ocr_line' id='line_1_17' title="bbox 80 1263 1639 1316; baseline -0.004 -12"><span class='ocrx_word' id='word_1_129' title='bbox 80 1270 176 1316; x_wconf 93' lang='lat' dir='ltr'><strong>quod</strong></span> <span class='ocrx_word' id='word_1_130' title='bbox 198 1278 250 1304; x_wconf 89' lang='lat' dir='ltr'><strong>est</strong></span> <span class='ocrx_word' id='word_1_131' title='bbox 272 1278 370 1304; x_wconf 88' lang='lat' dir='ltr'><strong>actus</strong></span> <span class='ocrx_word' id='word_1_132' title='bbox 392 1270 605 1312; x_wconf 86' lang='lat' dir='ltr'><strong>voluntatis;</strong></span> <span class='ocrx_word' id='word_1_133' title='bbox 628 1277 666 1303; x_wconf 92' lang='lat' dir='ltr'><strong>ut</strong></span> <span class='ocrx_word' id='word_1_134' title='bbox 687 1270 816 1303; x_wconf 89' lang='lat' dir='ltr'><strong>dicitur</strong></span> <span class='ocrx_word' id='word_1_135' title='bbox 838 1269 921 1315; x_wconf 86' lang='lat' dir='ltr'><strong>Sap.</strong></span> <span class='ocrx_word' id='word_1_136' title='bbox 944 1267 995 1302; x_wconf 81' lang='lat'><strong>6.:</strong></span> <span class='ocrx_word' id='word_1_137' title='bbox 1021 1268 1292 1313; x_wconf 74' lang='lat' dir='ltr'><strong>Concupiscentia</strong></span> <span class='ocrx_word' id='word_1_138' title='bbox 1312 1267 1494 1312; x_wconf 68' lang='lat' dir='ltr'><strong>sapientiae</strong></span> <span class='ocrx_word' id='word_1_139' title='bbox 1513 1263 1639 1299; x_wconf 79' lang='lat' dir='ltr'><strong>deducit</strong></span> 
     </span>
     <span class='ocr_line' id='line_1_18' title="bbox 80 1317 1640 1370; baseline -0.004 -12"><span class='ocrx_word' id='word_1_140' title='bbox 80 1323 122 1358; x_wconf 84' lang='lat' dir='ltr'><strong>ad</strong></span> <span class='ocrx_word' id='word_1_141' title='bbox 144 1335 278 1369; x_wconf 76' lang='lat' dir='ltr'><strong>regnum</strong></span> <span class='ocrx_word' id='word_1_142' title='bbox 294 1329 508 1370; x_wconf 75' lang='lat' dir='ltr'><strong>perpetuum:</strong></span> <span class='ocrx_word' id='word_1_143' title='bbox 532 1324 597 1357; x_wconf 80' lang='lat' dir='ltr'><strong>alio</strong></span> <span class='ocrx_word' id='word_1_144' title='bbox 616 1323 723 1364; x_wconf 81' lang='lat' dir='ltr'><strong>modo,</strong></span> <span class='ocrx_word' id='word_1_145' title='bbox 747 1322 946 1357; x_wconf 87' lang='lat' dir='ltr'><strong>secundum</strong></span> <span class='ocrx_word' id='word_1_146' title='bbox 969 1321 1065 1367; x_wconf 88' lang='lat' dir='ltr'><strong>quod</strong></span> <span class='ocrx_word' id='word_1_147' title='bbox 1088 1329 1140 1356; x_wconf 90' lang='lat' dir='ltr'><strong>est</strong></span> <span class='ocrx_word' id='word_1_148' title='bbox 1162 1329 1261 1354; x_wconf 87' lang='lat' dir='ltr'><strong>actus</strong></span> <span class='ocrx_word' id='word_1_149' title='bbox 1276 1317 1640 1360; x_wconf 72' lang='lat' dir='ltr'><strong>sensualitatis331cut</strong></span> 
     </span>
     <span class='ocr_line' id='line_1_19' title="bbox 80 1372 1641 1422; baseline -0.004 -10"><span class='ocrx_word' id='word_1_150' title='bbox 80 1377 208 1412; x_wconf 89' lang='lat' dir='ltr'><strong>dicitur</strong></span> <span class='ocrx_word' id='word_1_151' title='bbox 224 1377 351 1422; x_wconf 84' lang='lat' dir='ltr'><strong>Jacobi</strong></span> <span class='ocrx_word' id='word_1_152' title='bbox 370 1388 422 1420; x_wconf 69' lang='lat'><strong>4:</strong></span> <span class='ocrx_word' id='word_1_153' title='bbox 451 1376 541 1412; x_wconf 85' lang='lat' dir='ltr'><strong>Unde</strong></span> <span class='ocrx_word' id='word_1_154' title='bbox 563 1377 655 1418; x_wconf 74' lang='lat' dir='ltr'><strong>bella,</strong></span> <span class='ocrx_word' id='word_1_155' title='bbox 679 1382 707 1412; x_wconf 87' lang='lat' dir='ltr'><strong>et</strong></span> <span class='ocrx_word' id='word_1_156' title='bbox 725 1377 792 1411; x_wconf 82' lang='lat' dir='ltr'><strong>lites</strong></span> <span class='ocrx_word' id='word_1_157' title='bbox 813 1377 848 1410; x_wconf 81' lang='lat' dir='ltr'><strong>iu</strong></span> <span class='ocrx_word' id='word_1_158' title='bbox 868 1377 986 1410; x_wconf 75' lang='lat' dir='ltr'><strong>vobis?</strong></span> <span class='ocrx_word' id='word_1_159' title='bbox 1006 1387 1110 1409; x_wconf 78' lang='lat' dir='ltr'><strong>nonne</strong></span> <span class='ocrx_word' id='word_1_160' title='bbox 1132 1386 1170 1409; x_wconf 81' lang='lat' dir='ltr'><strong>ex</strong></span> <span class='ocrx_word' id='word_1_161' title='bbox 1188 1374 1468 1420; x_wconf 74' lang='lat' dir='ltr'><strong>concupiscentiis,</strong></span> <span class='ocrx_word' id='word_1_162' title='bbox 1487 1383 1566 1418; x_wconf 79' lang='lat' dir='ltr'><strong>quae</strong></span> <span class='ocrx_word' id='word_1_163' title='bbox 1581 1372 1641 1405; x_wconf 83' lang='lat' dir='ltr'><strong>mi-</strong></span> 
     </span>
     <span class='ocr_line' id='line_1_20' title="bbox 81 1426 1641 1476; baseline -0.004 -11"><span class='ocrx_word' id='word_1_164' title='bbox 81 1431 177 1466; x_wconf 82' lang='lat' dir='ltr'><strong>litant</strong></span> <span class='ocrx_word' id='word_1_165' title='bbox 198 1432 232 1465; x_wconf 83' lang='lat' dir='ltr'><strong>in</strong></span> <span class='ocrx_word' id='word_1_166' title='bbox 253 1432 408 1465; x_wconf 73' lang='lat' dir='ltr'><strong>membris</strong></span> <span class='ocrx_word' id='word_1_167' title='bbox 424 1432 564 1465; x_wconf 81' lang='lat' dir='ltr'><strong>vestris?</strong></span> <span class='ocrx_word' id='word_1_168' title='bbox 587 1430 656 1464; x_wconf 89' lang='lat' dir='ltr'><strong>Sed</strong></span> <span class='ocrx_word' id='word_1_169' title='bbox 680 1441 741 1476; x_wconf 90' lang='lat' dir='ltr'><strong>per</strong></span> <span class='ocrx_word' id='word_1_170' title='bbox 762 1437 995 1475; x_wconf 89' lang='lat' dir='ltr'><strong>praeceptum</strong></span> <span class='ocrx_word' id='word_1_171' title='bbox 1016 1427 1182 1474; x_wconf 85' lang='lat' dir='ltr'><strong>decalogi</strong></span> <span class='ocrx_word' id='word_1_172' title='bbox 1195 1438 1269 1461; x_wconf 92' lang='lat' dir='ltr'><strong>non</strong></span> <span class='ocrx_word' id='word_1_173' title='bbox 1288 1426 1496 1473; x_wconf 85' lang='lat' dir='ltr'><strong>prohibetur</strong></span> <span class='ocrx_word' id='word_1_174' title='bbox 1511 1435 1641 1459; x_wconf 89' lang='lat' dir='ltr'><strong>concu-</strong></span> 
     </span>
     <span class='ocr_line' id='line_1_21' title="bbox 81 1482 1641 1530; baseline -0.004 -11"><span class='ocrx_word' id='word_1_175' title='bbox 81 1484 255 1530; x_wconf 84' lang='lat' dir='ltr'><strong>piscentia</strong></span> <span class='ocrx_word' id='word_1_176' title='bbox 272 1483 530 1518; x_wconf 83' lang='lat' dir='ltr'><strong>sensualitatis:</strong></span> <span class='ocrx_word' id='word_1_177' title='bbox 551 1484 633 1530; x_wconf 82' lang='lat' dir='ltr'><strong>quia</strong></span> <span class='ocrx_word' id='word_1_178' title='bbox 654 1483 855 1518; x_wconf 88' lang='lat' dir='ltr'><strong>secundum</strong></span> <span class='ocrx_word' id='word_1_179' title='bbox 876 1483 948 1516; x_wconf 89' lang='lat' dir='ltr'><strong>hoc</strong></span> <span class='ocrx_word' id='word_1_180' title='bbox 970 1482 1077 1528; x_wconf 90' lang='lat' dir='ltr'><strong>primi</strong></span> <span class='ocrx_word' id='word_1_181' title='bbox 1097 1489 1217 1516; x_wconf 87' lang='lat' dir='ltr'><strong>motus</strong></span> <span class='ocrx_word' id='word_1_182' title='bbox 1239 1488 1358 1514; x_wconf 87' lang='lat' dir='ltr'><strong>essent</strong></span> <span class='ocrx_word' id='word_1_183' title='bbox 1378 1487 1526 1526; x_wconf 88' lang='lat' dir='ltr'><strong>peccata</strong></span> <span class='ocrx_word' id='word_1_184' title='bbox 1547 1489 1641 1512; x_wconf 92' lang='lat' dir='ltr'><strong>mor-</strong></span> 
     </span>
     <span class='ocr_line' id='line_1_22' title="bbox 82 1532 1640 1583; baseline -0.004 -12"><span class='ocrx_word' id='word_1_185' title='bbox 82 1537 178 1579; x_wconf 85' lang='lat' dir='ltr'><strong>talia,</strong></span> <span class='ocrx_word' id='word_1_186' title='bbox 213 1545 337 1583; x_wconf 89' lang='lat' dir='ltr'><strong>utpote</strong></span> <span class='ocrx_word' id='word_1_187' title='bbox 372 1545 497 1571; x_wconf 90' lang='lat' dir='ltr'><strong>contra</strong></span> <span class='ocrx_word' id='word_1_188' title='bbox 528 1543 761 1583; x_wconf 87' lang='lat' dir='ltr'><strong>praeceptum</strong></span> <span class='ocrx_word' id='word_1_189' title='bbox 795 1535 962 1581; x_wconf 83' lang='lat' dir='ltr'><strong>decalogi</strong></span> <span class='ocrx_word' id='word_1_190' title='bbox 995 1535 1204 1570; x_wconf 82' lang='lat' dir='ltr'><strong>existentes:</strong></span> <span class='ocrx_word' id='word_1_191' title='bbox 1237 1533 1400 1568; x_wconf 81' lang='lat' dir='ltr'><strong>similiter</strong></span> <span class='ocrx_word' id='word_1_192' title='bbox 1427 1532 1535 1566; x_wconf 87' lang='lat' dir='ltr'><strong>etiam</strong></span> <span class='ocrx_word' id='word_1_193' title='bbox 1566 1542 1640 1565; x_wconf 90' lang='lat' dir='ltr'><strong>non</strong></span> 
     </span>
     <span class='ocr_line' id='line_1_23' title="bbox 81 1585 1640 1639; baseline -0.006 -12"><span class='ocrx_word' id='word_1_194' title='bbox 81 1592 291 1639; x_wconf 82' lang='lat' dir='ltr'><strong>prohibetur</strong></span> <span class='ocrx_word' id='word_1_195' title='bbox 312 1591 604 1638; x_wconf 87' lang='lat' dir='ltr'><strong>concupiscentia</strong></span> <span class='ocrx_word' id='word_1_196' title='bbox 624 1590 837 1632; x_wconf 84' lang='lat' dir='ltr'><strong>voluntatis3</strong></span> <span class='ocrx_word' id='word_1_197' title='bbox 862 1590 943 1636; x_wconf 90' lang='lat' dir='ltr'><strong>quia</strong></span> <span class='ocrx_word' id='word_1_198' title='bbox 966 1589 1056 1623; x_wconf 89' lang='lat' dir='ltr'><strong>haec</strong></span> <span class='ocrx_word' id='word_1_199' title='bbox 1078 1587 1270 1622; x_wconf 85' lang='lat' dir='ltr'><strong>includitur</strong></span> <span class='ocrx_word' id='word_1_200' title='bbox 1290 1587 1327 1620; x_wconf 86' lang='lat' dir='ltr'><strong>in</strong></span> <span class='ocrx_word' id='word_1_201' title='bbox 1357 1585 1518 1632; x_wconf 89' lang='lat' dir='ltr'><strong>quolibet</strong></span> <span class='ocrx_word' id='word_1_202' title='bbox 1542 1596 1640 1632; x_wconf 88' lang='lat' dir='ltr'><strong>prae-</strong></span> 
     </span>
     <span class='ocr_line' id='line_1_24' title="bbox 83 1639 1642 1692; baseline -0.005 -12"><span class='ocrx_word' id='word_1_203' title='bbox 83 1654 208 1692; x_wconf 86' lang='lat' dir='ltr'><strong>cept0;</strong></span> <span class='ocrx_word' id='word_1_204' title='bbox 231 1656 317 1690; x_wconf 90' lang='lat' dir='ltr'><strong>ergo</strong></span> <span class='ocrx_word' id='word_1_205' title='bbox 339 1645 431 1679; x_wconf 86' lang='lat' dir='ltr'><strong>inter</strong></span> <span class='ocrx_word' id='word_1_206' title='bbox 451 1652 641 1690; x_wconf 83' lang='lat' dir='ltr'><strong>praecepta</strong></span> <span class='ocrx_word' id='word_1_207' title='bbox 659 1643 825 1689; x_wconf 84' lang='lat' dir='ltr'><strong>decalogi</strong></span> <span class='ocrx_word' id='word_1_208' title='bbox 846 1643 1142 1677; x_wconf 87' lang='lat' dir='ltr'><strong>inconvenienter</strong></span> <span class='ocrx_word' id='word_1_209' title='bbox 1163 1648 1344 1687; x_wconf 89' lang='lat' dir='ltr'><strong>ponuntur</strong></span> <span class='ocrx_word' id='word_1_210' title='bbox 1362 1639 1540 1686; x_wconf 82' lang='lat' dir='ltr'><strong>quaedam</strong></span> <span class='ocrx_word' id='word_1_211' title='bbox 1560 1650 1642 1673; x_wconf 91' lang='lat' dir='ltr'><strong>con-</strong></span> 
     </span>
     <span class='ocr_line' id='line_1_25' title="bbox 83 1698 571 1745; baseline -0.006 -11"><span class='ocrx_word' id='word_1_212' title='bbox 83 1699 324 1745; x_wconf 85' lang='lat' dir='ltr'><strong>cupiscentiae</strong></span> <span class='ocrx_word' id='word_1_213' title='bbox 346 1698 571 1744; x_wconf 86' lang='lat' dir='ltr'><strong>prohibitiva.</strong></span> 
     </span>
    </p>

    <p class='ocr_par' dir='ltr' id='par_1_8' title="bbox 84 1744 1644 1958">
     <span class='ocr_line' id='line_1_26' title="bbox 153 1744 1642 1796; baseline -0.006 -9"><span class='ocrx_word' id='word_1_214' title='bbox 153 1763 186 1795; x_wconf 79' lang='lat'><strong>4.</strong></span> <span class='ocrx_word' id='word_1_215' title='bbox 210 1752 445 1786; x_wconf 75' lang='lat' dir='ltr'>PRAETEREA.</span> <span class='ocrx_word' id='word_1_216' title='bbox 466 1751 714 1785; x_wconf 90' lang='lat' dir='ltr'><strong>Homicidium</strong></span> <span class='ocrx_word' id='word_1_217' title='bbox 738 1758 790 1785; x_wconf 89' lang='lat' dir='ltr'><strong>est</strong></span> <span class='ocrx_word' id='word_1_218' title='bbox 811 1749 954 1796; x_wconf 88' lang='lat' dir='ltr'><strong>gravius</strong></span> <span class='ocrx_word' id='word_1_219' title='bbox 976 1756 1178 1795; x_wconf 88' lang='lat' dir='ltr'><strong>peccatum,</strong></span> <span class='ocrx_word' id='word_1_220' title='bbox 1199 1758 1308 1793; x_wconf 88' lang='lat' dir='ltr'><strong>quam</strong></span> <span class='ocrx_word' id='word_1_221' title='bbox 1331 1745 1557 1787; x_wconf 85' lang='lat' dir='ltr'><strong>adulterium,</strong></span> <span class='ocrx_word' id='word_1_222' title='bbox 1583 1744 1642 1779; x_wconf 86' lang='lat' dir='ltr'><strong>vel</strong></span> 
     </span>
     <span class='ocr_line' id='line_1_27' title="bbox 84 1798 1642 1851; baseline -0.006 -11"><span class='ocrx_word' id='word_1_223' title='bbox 84 1805 236 1840; x_wconf 89' lang='lat' dir='ltr'><strong>furtum:</strong></span> <span class='ocrx_word' id='word_1_224' title='bbox 259 1806 322 1840; x_wconf 89' lang='lat' dir='ltr'><strong>sed</strong></span> <span class='ocrx_word' id='word_1_225' title='bbox 342 1816 417 1839; x_wconf 91' lang='lat' dir='ltr'><strong>non</strong></span> <span class='ocrx_word' id='word_1_226' title='bbox 435 1805 579 1851; x_wconf 91' lang='lat' dir='ltr'><strong>ponitur</strong></span> <span class='ocrx_word' id='word_1_227' title='bbox 601 1804 747 1850; x_wconf 88' lang='lat' dir='ltr'><strong>aliquod</strong></span> <span class='ocrx_word' id='word_1_228' title='bbox 776 1811 1008 1850; x_wconf 89' lang='lat' dir='ltr'><strong>praeceptum</strong></span> <span class='ocrx_word' id='word_1_229' title='bbox 1033 1801 1293 1848; x_wconf 86' lang='lat' dir='ltr'><strong>prohibitivum</strong></span> <span class='ocrx_word' id='word_1_230' title='bbox 1327 1798 1642 1845; x_wconf 84' lang='lat' dir='ltr'><strong>concupiscentiae</strong></span> 
     </span>
     <span class='ocr_line' id='line_1_28' title="bbox 84 1851 1644 1904; baseline -0.005 -11"><span class='ocrx_word' id='word_1_231' title='bbox 84 1859 292 1901; x_wconf 82' lang='lat' dir='ltr'><strong>homicidii3</strong></span> <span class='ocrx_word' id='word_1_232' title='bbox 315 1869 402 1904; x_wconf 92' lang='lat' dir='ltr'><strong>ergo</strong></span> <span class='ocrx_word' id='word_1_233' title='bbox 426 1858 533 1892; x_wconf 85' lang='lat' dir='ltr'><strong>etiarn</strong></span> <span class='ocrx_word' id='word_1_234' title='bbox 552 1858 849 1892; x_wconf 88' lang='lat' dir='ltr'><strong>inconvenienter</strong></span> <span class='ocrx_word' id='word_1_235' title='bbox 870 1864 1052 1902; x_wconf 88' lang='lat' dir='ltr'><strong>ponuntur</strong></span> <span class='ocrx_word' id='word_1_236' title='bbox 1073 1855 1251 1901; x_wconf 87' lang='lat' dir='ltr'><strong>quaedam</strong></span> <span class='ocrx_word' id='word_1_237' title='bbox 1273 1861 1463 1900; x_wconf 80' lang='lat' dir='ltr'><strong>praecepta</strong></span> <span class='ocrx_word' id='word_1_238' title='bbox 1489 1851 1644 1898; x_wconf 88' lang='lat' dir='ltr'><strong>prohibi-</strong></span> 
     </span>
     <span class='ocr_line' id='line_1_29' title="bbox 84 1910 854 1958; baseline -0.003 -12"><span class='ocrx_word' id='word_1_239' title='bbox 84 1912 156 1946; x_wconf 88' lang='lat' dir='ltr'><strong>tiva</strong></span> <span class='ocrx_word' id='word_1_240' title='bbox 178 1912 492 1958; x_wconf 87' lang='lat' dir='ltr'><strong>concupiscentiae</strong></span> <span class='ocrx_word' id='word_1_241' title='bbox 512 1911 607 1954; x_wconf 91' lang='lat' dir='ltr'><strong>furti,</strong></span> <span class='ocrx_word' id='word_1_242' title='bbox 629 1919 663 1945; x_wconf 90' lang='lat' dir='ltr'><strong>et</strong></span> <span class='ocrx_word' id='word_1_243' title='bbox 681 1910 854 1946; x_wconf 90' lang='lat' dir='ltr'><strong>adulterii.</strong></span> 
     </span>
    </p>

    <p class='ocr_par' dir='ltr' id='par_1_9' title="bbox 156 1963 1092 2010">
     <span class='ocr_line' id='line_1_30' title="bbox 156 1963 1092 2010; baseline -0.004 -10"><span class='ocrx_word' id='word_1_244' title='bbox 156 1965 230 2000; x_wconf 82' lang='lat' dir='ltr'><strong>SED</strong></span> <span class='ocrx_word' id='word_1_245' title='bbox 250 1977 288 2000; x_wconf 84' lang='lat' dir='ltr'><strong>IN</strong></span> <span class='ocrx_word' id='word_1_246' title='bbox 312 1976 566 2000; x_wconf 77' lang='lat' dir='ltr'>CONTRARIUM</span> <span class='ocrx_word' id='word_1_247' title='bbox 588 1973 641 1999; x_wconf 90' lang='lat' dir='ltr'><strong>est</strong></span> <span class='ocrx_word' id='word_1_248' title='bbox 660 1964 853 1998; x_wconf 87' lang='lat' dir='ltr'><strong>auctoritas</strong></span> <span class='ocrx_word' id='word_1_249' title='bbox 876 1963 1092 2010; x_wconf 87' lang='lat' dir='ltr'><strong>Scripturae.</strong></span> 
     </span>
    </p>

    <p class='ocr_par' dir='ltr' id='par_1_10' title="bbox 87 2014 1645 2481">
     <span class='ocr_line' id='line_1_31' title="bbox 156 2014 1643 2065; baseline -0.005 -11"><span class='ocrx_word' id='word_1_250' title='bbox 156 2020 383 2054; x_wconf 77' lang='lat' dir='ltr'>RESPONDEO</span> <span class='ocrx_word' id='word_1_251' title='bbox 406 2019 610 2061; x_wconf 89' lang='lat' dir='ltr'><strong>dicendum,</strong></span> <span class='ocrx_word' id='word_1_252' title='bbox 638 2019 734 2065; x_wconf 89' lang='lat' dir='ltr'><strong>quod</strong></span> <span class='ocrx_word' id='word_1_253' title='bbox 763 2019 855 2052; x_wconf 87' lang='lat' dir='ltr'><strong>sicut</strong></span> <span class='ocrx_word' id='word_1_254' title='bbox 881 2029 944 2063; x_wconf 90' lang='lat' dir='ltr'><strong>per</strong></span> <span class='ocrx_word' id='word_1_255' title='bbox 973 2026 1090 2063; x_wconf 86' lang='lat' dir='ltr'><strong>partes</strong></span> <span class='ocrx_word' id='word_1_256' title='bbox 1118 2016 1272 2062; x_wconf 85' lang='lat' dir='ltr'><strong>justitiae</strong></span> <span class='ocrx_word' id='word_1_257' title='bbox 1302 2015 1460 2050; x_wconf 88' lang='lat' dir='ltr'><strong>debitum</strong></span> <span class='ocrx_word' id='word_1_258' title='bbox 1486 2014 1643 2049; x_wconf 89' lang='lat' dir='ltr'><strong>redditur</strong></span> 
     </span>
     <span class='ocr_line' id='line_1_32' title="bbox 87 2067 1643 2119; baseline -0.004 -12"><span class='ocrx_word' id='word_1_259' title='bbox 87 2073 262 2119; x_wconf 87' lang='lat' dir='ltr'><strong>aliquibus</strong></span> <span class='ocrx_word' id='word_1_260' title='bbox 284 2073 528 2107; x_wconf 89' lang='lat' dir='ltr'><strong>determinatis</strong></span> <span class='ocrx_word' id='word_1_261' title='bbox 550 2073 722 2118; x_wconf 87' lang='lat' dir='ltr'><strong>personis,</strong></span> <span class='ocrx_word' id='word_1_262' title='bbox 745 2072 872 2117; x_wconf 88' lang='lat' dir='ltr'><strong>quibus</strong></span> <span class='ocrx_word' id='word_1_263' title='bbox 893 2071 1008 2105; x_wconf 90' lang='lat' dir='ltr'><strong>homo</strong></span> <span class='ocrx_word' id='word_1_264' title='bbox 1028 2081 1070 2104; x_wconf 81' lang='lat' dir='ltr'><strong>ex</strong></span> <span class='ocrx_word' id='word_1_265' title='bbox 1089 2070 1207 2116; x_wconf 85' lang='lat' dir='ltr'><strong>aliqua</strong></span> <span class='ocrx_word' id='word_1_266' title='bbox 1229 2069 1376 2116; x_wconf 90' lang='lat' dir='ltr'><strong>speciali</strong></span> <span class='ocrx_word' id='word_1_267' title='bbox 1397 2069 1535 2102; x_wconf 89' lang='lat' dir='ltr'><strong>ratione</strong></span> <span class='ocrx_word' id='word_1_268' title='bbox 1555 2067 1643 2102; x_wconf 90' lang='lat' dir='ltr'><strong>obli-</strong></span> 
     </span>
     <span class='ocr_line' id='line_1_33' title="bbox 87 2122 1645 2173; baseline -0.004 -12"><span class='ocrx_word' id='word_1_269' title='bbox 87 2135 209 2173; x_wconf 87' lang='lat' dir='ltr'><strong>gatur;</strong></span> <span class='ocrx_word' id='word_1_270' title='bbox 230 2127 280 2160; x_wconf 86' lang='lat' dir='ltr'><strong>ita</strong></span> <span class='ocrx_word' id='word_1_271' title='bbox 302 2129 410 2160; x_wconf 90' lang='lat' dir='ltr'><strong>etiam</strong></span> <span class='ocrx_word' id='word_1_272' title='bbox 431 2137 493 2172; x_wconf 94' lang='lat' dir='ltr'><strong>per</strong></span> <span class='ocrx_word' id='word_1_273' title='bbox 513 2125 685 2171; x_wconf 82' lang='lat' dir='ltr'><strong>justitiam</strong></span> <span class='ocrx_word' id='word_1_274' title='bbox 706 2126 848 2171; x_wconf 89' lang='lat' dir='ltr'><strong>proprie</strong></span> <span class='ocrx_word' id='word_1_275' title='bbox 871 2124 1004 2158; x_wconf 87' lang='lat' dir='ltr'><strong>dictam</strong></span> <span class='ocrx_word' id='word_1_276' title='bbox 1027 2123 1153 2169; x_wconf 86' lang='lat' dir='ltr'><strong>aliquis</strong></span> <span class='ocrx_word' id='word_1_277' title='bbox 1176 2123 1336 2157; x_wconf 87' lang='lat' dir='ltr'><strong>debitum</strong></span> <span class='ocrx_word' id='word_1_278' title='bbox 1354 2122 1470 2156; x_wconf 89' lang='lat' dir='ltr'><strong>reddit</strong></span> <span class='ocrx_word' id='word_1_279' title='bbox 1484 2132 1645 2156; x_wconf 88' lang='lat' dir='ltr'><strong>commu-</strong></span> 
     </span>
     <span class='ocr_line' id='line_1_34' title="bbox 87 2175 1644 2225; baseline -0.004 -11"><span class='ocrx_word' id='word_1_280' title='bbox 87 2181 178 2214; x_wconf 87' lang='lat' dir='ltr'><strong>niter</strong></span> <span class='ocrx_word' id='word_1_281' title='bbox 212 2179 398 2221; x_wconf 77' lang='lat' dir='ltr'><strong>omnibus3</strong></span> <span class='ocrx_word' id='word_1_282' title='bbox 426 2187 460 2213; x_wconf 91' lang='lat' dir='ltr'><strong>et</strong></span> <span class='ocrx_word' id='word_1_283' title='bbox 485 2179 567 2212; x_wconf 90' lang='lat' dir='ltr'><strong>ideo</strong></span> <span class='ocrx_word' id='word_1_284' title='bbox 593 2186 674 2224; x_wconf 92' lang='lat' dir='ltr'><strong>post</strong></span> <span class='ocrx_word' id='word_1_285' title='bbox 699 2186 889 2225; x_wconf 83' lang='lat' dir='ltr'><strong>praecepta</strong></span> <span class='ocrx_word' id='word_1_286' title='bbox 915 2177 980 2212; x_wconf 88' lang='lat' dir='ltr'><strong>tria</strong></span> <span class='ocrx_word' id='word_1_287' title='bbox 1007 2176 1220 2223; x_wconf 86' lang='lat' dir='ltr'><strong>pertinentia</strong></span> <span class='ocrx_word' id='word_1_288' title='bbox 1248 2176 1290 2210; x_wconf 87' lang='lat' dir='ltr'><strong>ad</strong></span> <span class='ocrx_word' id='word_1_289' title='bbox 1322 2175 1548 2221; x_wconf 84' lang='lat' dir='ltr'><strong>religionem,</strong></span> <span class='ocrx_word' id='word_1_290' title='bbox 1575 2185 1644 2220; x_wconf 81' lang='lat' dir='ltr'><strong>qua</strong></span> 
     </span>
     <span class='ocr_line' id='line_1_35' title="bbox 88 2228 1644 2278; baseline -0.004 -11"><span class='ocrx_word' id='word_1_291' title='bbox 88 2233 246 2268; x_wconf 87' lang='lat' dir='ltr'><strong>redditur</strong></span> <span class='ocrx_word' id='word_1_292' title='bbox 268 2232 428 2266; x_wconf 88' lang='lat' dir='ltr'><strong>debitum</strong></span> <span class='ocrx_word' id='word_1_293' title='bbox 449 2232 542 2273; x_wconf 79' lang='lat' dir='ltr'><strong>Deo,</strong></span> <span class='ocrx_word' id='word_1_294' title='bbox 562 2239 596 2265; x_wconf 90' lang='lat' dir='ltr'><strong>et</strong></span> <span class='ocrx_word' id='word_1_295' title='bbox 620 2240 702 2278; x_wconf 88' lang='lat' dir='ltr'><strong>post</strong></span> <span class='ocrx_word' id='word_1_296' title='bbox 730 2239 896 2278; x_wconf 89' lang='lat' dir='ltr'><strong>quartum</strong></span> <span class='ocrx_word' id='word_1_297' title='bbox 926 2238 1169 2277; x_wconf 90' lang='lat' dir='ltr'><strong>praeceptum,</strong></span> <span class='ocrx_word' id='word_1_298' title='bbox 1197 2229 1293 2275; x_wconf 90' lang='lat' dir='ltr'><strong>quod</strong></span> <span class='ocrx_word' id='word_1_299' title='bbox 1320 2237 1372 2263; x_wconf 90' lang='lat' dir='ltr'><strong>est</strong></span> <span class='ocrx_word' id='word_1_300' title='bbox 1397 2228 1548 2274; x_wconf 90' lang='lat' dir='ltr'><strong>pietatis,</strong></span> <span class='ocrx_word' id='word_1_301' title='bbox 1576 2239 1644 2273; x_wconf 88' lang='lat' dir='ltr'><strong>qua</strong></span> 
     </span>
     <span class='ocr_line' id='line_1_36' title="bbox 87 2281 1644 2332; baseline -0.004 -12"><span class='ocrx_word' id='word_1_302' title='bbox 87 2287 245 2321; x_wconf 88' lang='lat' dir='ltr'><strong>redditur</strong></span> <span class='ocrx_word' id='word_1_303' title='bbox 263 2286 467 2332; x_wconf 89' lang='lat' dir='ltr'><strong>parentibus</strong></span> <span class='ocrx_word' id='word_1_304' title='bbox 489 2285 660 2327; x_wconf 90' lang='lat' dir='ltr'><strong>debitum,</strong></span> <span class='ocrx_word' id='word_1_305' title='bbox 681 2286 717 2319; x_wconf 88' lang='lat' dir='ltr'><strong>in</strong></span> <span class='ocrx_word' id='word_1_306' title='bbox 739 2296 811 2331; x_wconf 91' lang='lat' dir='ltr'><strong>quo</strong></span> <span class='ocrx_word' id='word_1_307' title='bbox 832 2284 1026 2318; x_wconf 89' lang='lat' dir='ltr'><strong>includitur</strong></span> <span class='ocrx_word' id='word_1_308' title='bbox 1047 2294 1156 2317; x_wconf 90' lang='lat' dir='ltr'><strong>omne</strong></span> <span class='ocrx_word' id='word_1_309' title='bbox 1170 2283 1341 2324; x_wconf 86' lang='lat' dir='ltr'><strong>debiturn,</strong></span> <span class='ocrx_word' id='word_1_310' title='bbox 1360 2282 1456 2328; x_wconf 91' lang='lat' dir='ltr'><strong>quod</strong></span> <span class='ocrx_word' id='word_1_311' title='bbox 1471 2293 1512 2315; x_wconf 77' lang='lat' dir='ltr'><strong>ex</strong></span> <span class='ocrx_word' id='word_1_312' title='bbox 1527 2281 1644 2326; x_wconf 87' lang='lat' dir='ltr'><strong>aliqua</strong></span> 
     </span>
     <span class='ocr_line' id='line_1_37' title="bbox 89 2334 1645 2386; baseline -0.004 -12"><span class='ocrx_word' id='word_1_313' title='bbox 89 2339 237 2386; x_wconf 88' lang='lat' dir='ltr'><strong>speciali</strong></span> <span class='ocrx_word' id='word_1_314' title='bbox 258 2341 396 2373; x_wconf 88' lang='lat' dir='ltr'><strong>ratione</strong></span> <span class='ocrx_word' id='word_1_315' title='bbox 419 2339 576 2380; x_wconf 90' lang='lat' dir='ltr'><strong>debetur,</strong></span> <span class='ocrx_word' id='word_1_316' title='bbox 598 2350 745 2373; x_wconf 84' lang='lat' dir='ltr'><strong>necesse</strong></span> <span class='ocrx_word' id='word_1_317' title='bbox 774 2338 839 2372; x_wconf 89' lang='lat' dir='ltr'><strong>fuit</strong></span> <span class='ocrx_word' id='word_1_318' title='bbox 868 2338 963 2384; x_wconf 89' lang='lat' dir='ltr'><strong>quod</strong></span> <span class='ocrx_word' id='word_1_319' title='bbox 994 2345 1212 2383; x_wconf 91' lang='lat' dir='ltr'><strong>ponerentur</strong></span> <span class='ocrx_word' id='word_1_320' title='bbox 1239 2343 1500 2381; x_wconf 87' lang='lat' dir='ltr'><strong>consequenter</strong></span> <span class='ocrx_word' id='word_1_321' title='bbox 1528 2334 1645 2379; x_wconf 89' lang='lat' dir='ltr'><strong>aliqua</strong></span> 
     </span>
     <span class='ocr_line' id='line_1_38' title="bbox 88 2387 1645 2440; baseline -0.004 -13"><span class='ocrx_word' id='word_1_322' title='bbox 88 2400 280 2440; x_wconf 85' lang='lat' dir='ltr'><strong>praecepta</strong></span> <span class='ocrx_word' id='word_1_323' title='bbox 302 2392 515 2438; x_wconf 84' lang='lat' dir='ltr'><strong>pertinentia</strong></span> <span class='ocrx_word' id='word_1_324' title='bbox 537 2393 579 2426; x_wconf 90' lang='lat' dir='ltr'><strong>ad</strong></span> <span class='ocrx_word' id='word_1_325' title='bbox 600 2392 773 2438; x_wconf 88' lang='lat' dir='ltr'><strong>justitiam</strong></span> <span class='ocrx_word' id='word_1_326' title='bbox 794 2391 938 2438; x_wconf 90' lang='lat' dir='ltr'><strong>proprie</strong></span> <span class='ocrx_word' id='word_1_327' title='bbox 956 2391 1101 2432; x_wconf 89' lang='lat' dir='ltr'><strong>dictam,</strong></span> <span class='ocrx_word' id='word_1_328' title='bbox 1117 2401 1209 2436; x_wconf 89' lang='lat' dir='ltr'><strong>quae</strong></span> <span class='ocrx_word' id='word_1_329' title='bbox 1222 2389 1465 2423; x_wconf 87' lang='lat' dir='ltr'><strong>indifferenter</strong></span> <span class='ocrx_word' id='word_1_330' title='bbox 1479 2387 1645 2421; x_wconf 90' lang='lat' dir='ltr'><strong>omnibus</strong></span> 
     </span>
     <span class='ocr_line' id='line_1_39' title="bbox 89 2445 396 2481; baseline -0.003 -1"><span class='ocrx_word' id='word_1_331' title='bbox 89 2446 250 2481; x_wconf 91' lang='lat' dir='ltr'><strong>debitum</strong></span> <span class='ocrx_word' id='word_1_332' title='bbox 272 2445 396 2479; x_wconf 86' lang='lat' dir='ltr'><strong>reddit.</strong></span> 
     </span>
    </p>

    <p class='ocr_par' dir='ltr' id='par_1_11' title="bbox 90 2494 1648 2811">
     <span class='ocr_line' id='line_1_40' title="bbox 162 2494 1646 2544; baseline -0.004 -11"><span class='ocrx_word' id='word_1_333' title='bbox 162 2500 222 2534; x_wconf 87' lang='lat' dir='ltr'><strong>AD</strong></span> <span class='ocrx_word' id='word_1_334' title='bbox 242 2509 390 2533; x_wconf 74' lang='lat' dir='ltr'><strong>PRIMUM</strong></span> <span class='ocrx_word' id='word_1_335' title='bbox 413 2510 500 2544; x_wconf 86' lang='lat' dir='ltr'><strong>ergo</strong></span> <span class='ocrx_word' id='word_1_336' title='bbox 523 2499 725 2542; x_wconf 90' lang='lat' dir='ltr'><strong>dicendum,</strong></span> <span class='ocrx_word' id='word_1_337' title='bbox 749 2498 857 2544; x_wconf 91' lang='lat' dir='ltr'><strong>quod,</strong></span> <span class='ocrx_word' id='word_1_338' title='bbox 879 2498 1122 2532; x_wconf 90' lang='lat' dir='ltr'><strong>communiter</strong></span> <span class='ocrx_word' id='word_1_339' title='bbox 1149 2497 1191 2530; x_wconf 88' lang='lat' dir='ltr'><strong>ad</strong></span> <span class='ocrx_word' id='word_1_340' title='bbox 1218 2497 1289 2530; x_wconf 92' lang='lat' dir='ltr'><strong>hoc</strong></span> <span class='ocrx_word' id='word_1_341' title='bbox 1317 2495 1495 2541; x_wconf 81' lang='lat' dir='ltr'><strong>obligatur</strong></span> <span class='ocrx_word' id='word_1_342' title='bbox 1519 2494 1646 2535; x_wconf 91' lang='lat' dir='ltr'><strong>homo,</strong></span> 
     </span>
     <span class='ocr_line' id='line_1_41' title="bbox 91 2547 1647 2597; baseline -0.004 -11"><span class='ocrx_word' id='word_1_343' title='bbox 91 2561 130 2587; x_wconf 92' lang='lat' dir='ltr'><strong>ut</strong></span> <span class='ocrx_word' id='word_1_344' title='bbox 150 2552 241 2586; x_wconf 92' lang='lat' dir='ltr'><strong>nulli</strong></span> <span class='ocrx_word' id='word_1_345' title='bbox 261 2551 389 2586; x_wconf 85' lang='lat' dir='ltr'><strong>inferat</strong></span> <span class='ocrx_word' id='word_1_346' title='bbox 410 2560 692 2594; x_wconf 79' lang='lat' dir='ltr'><strong>nocumentum3</strong></span> <span class='ocrx_word' id='word_1_347' title='bbox 715 2560 748 2586; x_wconf 87' lang='lat' dir='ltr'><strong>et</strong></span> <span class='ocrx_word' id='word_1_348' title='bbox 766 2552 848 2585; x_wconf 89' lang='lat' dir='ltr'><strong>ideo</strong></span> <span class='ocrx_word' id='word_1_349' title='bbox 870 2559 1061 2597; x_wconf 88' lang='lat' dir='ltr'><strong>praecepta</strong></span> <span class='ocrx_word' id='word_1_350' title='bbox 1079 2551 1258 2596; x_wconf 82' lang='lat' dir='ltr'><strong>negativa,</strong></span> <span class='ocrx_word' id='word_1_351' title='bbox 1274 2550 1400 2595; x_wconf 90' lang='lat' dir='ltr'><strong>quibus</strong></span> <span class='ocrx_word' id='word_1_352' title='bbox 1414 2547 1647 2593; x_wconf 88' lang='lat' dir='ltr'><strong>prohibentur</strong></span> 
     </span>
     <span class='ocr_line' id='line_1_42' title="bbox 90 2601 1647 2651; baseline -0.003 -12"><span class='ocrx_word' id='word_1_353' title='bbox 90 2614 322 2646; x_wconf 86' lang='lat' dir='ltr'><strong>nocumenta,</strong></span> <span class='ocrx_word' id='word_1_354' title='bbox 344 2617 435 2651; x_wconf 90' lang='lat' dir='ltr'><strong>quae</strong></span> <span class='ocrx_word' id='word_1_355' title='bbox 458 2614 609 2651; x_wconf 88' lang='lat' dir='ltr'><strong>possunt</strong></span> <span class='ocrx_word' id='word_1_356' title='bbox 628 2605 799 2651; x_wconf 79' lang='lat' dir='ltr'><strong>proximis</strong></span> <span class='ocrx_word' id='word_1_357' title='bbox 822 2605 954 2647; x_wconf 88' lang='lat' dir='ltr'><strong>inferri,</strong></span> <span class='ocrx_word' id='word_1_358' title='bbox 973 2613 1159 2650; x_wconf 86' lang='lat' dir='ltr'><strong>tamquam</strong></span> <span class='ocrx_word' id='word_1_359' title='bbox 1183 2603 1404 2643; x_wconf 91' lang='lat' dir='ltr'><strong>communia,</strong></span> <span class='ocrx_word' id='word_1_360' title='bbox 1426 2601 1567 2635; x_wconf 90' lang='lat' dir='ltr'><strong>fuerunt</strong></span> <span class='ocrx_word' id='word_1_361' title='bbox 1588 2612 1647 2646; x_wconf 93' lang='lat' dir='ltr'><strong>po-</strong></span> 
     </span>
     <span class='ocr_line' id='line_1_43' title="bbox 91 2654 1648 2704; baseline -0.004 -11"><span class='ocrx_word' id='word_1_362' title='bbox 91 2660 209 2693; x_wconf 88' lang='lat' dir='ltr'><strong>nenda</strong></span> <span class='ocrx_word' id='word_1_363' title='bbox 231 2660 322 2692; x_wconf 88' lang='lat' dir='ltr'><strong>inter</strong></span> <span class='ocrx_word' id='word_1_364' title='bbox 342 2666 533 2704; x_wconf 83' lang='lat' dir='ltr'><strong>praecepta</strong></span> <span class='ocrx_word' id='word_1_365' title='bbox 556 2658 736 2704; x_wconf 84' lang='lat' dir='ltr'><strong>decalogi:</strong></span> <span class='ocrx_word' id='word_1_366' title='bbox 761 2670 802 2692; x_wconf 90' lang='lat' dir='ltr'><strong>ea</strong></span> <span class='ocrx_word' id='word_1_367' title='bbox 823 2670 922 2700; x_wconf 84' lang='lat' dir='ltr'><strong>vero,</strong></span> <span class='ocrx_word' id='word_1_368' title='bbox 945 2670 1035 2704; x_wconf 88' lang='lat' dir='ltr'><strong>quae</strong></span> <span class='ocrx_word' id='word_1_369' title='bbox 1057 2666 1139 2692; x_wconf 89' lang='lat' dir='ltr'><strong>sunt</strong></span> <span class='ocrx_word' id='word_1_370' title='bbox 1164 2656 1336 2703; x_wconf 80' lang='lat' dir='ltr'><strong>proximis</strong></span> <span class='ocrx_word' id='word_1_371' title='bbox 1363 2655 1573 2696; x_wconf 79' lang='lat' dir='ltr'><strong>exhibenda,</strong></span> <span class='ocrx_word' id='word_1_372' title='bbox 1600 2654 1648 2688; x_wconf 93' lang='lat' dir='ltr'><strong>di-</strong></span> 
     </span>
     <span class='ocr_line' id='line_1_44' title="bbox 91 2707 1647 2756; baseline -0.003 -11"><span class='ocrx_word' id='word_1_373' title='bbox 91 2712 296 2745; x_wconf 88' lang='lat' dir='ltr'><strong>versimode</strong></span> <span class='ocrx_word' id='word_1_374' title='bbox 320 2711 530 2745; x_wconf 78' lang='lat' dir='ltr'><strong>exhibentur</strong></span> <span class='ocrx_word' id='word_1_375' title='bbox 552 2711 715 2746; x_wconf 88' lang='lat' dir='ltr'><strong>diversis:</strong></span> <span class='ocrx_word' id='word_1_376' title='bbox 739 2719 772 2746; x_wconf 90' lang='lat' dir='ltr'><strong>et</strong></span> <span class='ocrx_word' id='word_1_377' title='bbox 793 2712 875 2746; x_wconf 88' lang='lat' dir='ltr'><strong>ideo</strong></span> <span class='ocrx_word' id='word_1_378' title='bbox 897 2723 971 2745; x_wconf 90' lang='lat' dir='ltr'><strong>non</strong></span> <span class='ocrx_word' id='word_1_379' title='bbox 990 2711 1133 2745; x_wconf 90' lang='lat' dir='ltr'><strong>fuerunt</strong></span> <span class='ocrx_word' id='word_1_380' title='bbox 1153 2711 1244 2744; x_wconf 89' lang='lat' dir='ltr'><strong>inter</strong></span> <span class='ocrx_word' id='word_1_381' title='bbox 1265 2717 1455 2756; x_wconf 85' lang='lat' dir='ltr'><strong>praecepta</strong></span> <span class='ocrx_word' id='word_1_382' title='bbox 1481 2707 1647 2753; x_wconf 89' lang='lat' dir='ltr'><strong>decalogi</strong></span> 
     </span>
     <span class='ocr_line' id='line_1_45' title="bbox 91 2764 855 2811; baseline -0.001 -12"><span class='ocrx_word' id='word_1_383' title='bbox 91 2765 258 2811; x_wconf 90' lang='lat' dir='ltr'><strong>ponenda</strong></span> <span class='ocrx_word' id='word_1_384' title='bbox 278 2764 320 2798; x_wconf 92' lang='lat' dir='ltr'><strong>de</strong></span> <span class='ocrx_word' id='word_1_385' title='bbox 342 2765 397 2798; x_wconf 91' lang='lat' dir='ltr'><strong>his</strong></span> <span class='ocrx_word' id='word_1_386' title='bbox 420 2764 632 2798; x_wconf 86' lang='lat' dir='ltr'><strong>affirmativa</strong></span> <span class='ocrx_word' id='word_1_387' title='bbox 653 2773 855 2811; x_wconf 92' lang='lat' dir='ltr'><strong>praecepta.</strong></span> 
     </span>
    </p>

    <p class='ocr_par' dir='ltr' id='par_1_12' title="bbox 92 2813 1647 2917">
     <span class='ocr_line' id='line_1_46' title="bbox 163 2813 1647 2863; baseline -0.003 -11"><span class='ocrx_word' id='word_1_388' title='bbox 163 2818 222 2853; x_wconf 87' lang='lat' dir='ltr'><strong>AD</strong></span> <span class='ocrx_word' id='word_1_389' title='bbox 245 2828 452 2852; x_wconf 77' lang='lat' dir='ltr'><strong>SECUNDUM</strong></span> <span class='ocrx_word' id='word_1_390' title='bbox 474 2817 678 2859; x_wconf 86' lang='lat' dir='ltr'><strong>dicendum,</strong></span> <span class='ocrx_word' id='word_1_391' title='bbox 700 2819 795 2863; x_wconf 90' lang='lat' dir='ltr'><strong>quod</strong></span> <span class='ocrx_word' id='word_1_392' title='bbox 818 2818 942 2852; x_wconf 91' lang='lat' dir='ltr'><strong>omnia</strong></span> <span class='ocrx_word' id='word_1_393' title='bbox 964 2817 1033 2852; x_wconf 86' lang='lat' dir='ltr'><strong>alia</strong></span> <span class='ocrx_word' id='word_1_394' title='bbox 1051 2824 1282 2858; x_wconf 83' lang='lat' dir='ltr'><strong>nocumenta,</strong></span> <span class='ocrx_word' id='word_1_395' title='bbox 1305 2826 1395 2861; x_wconf 90' lang='lat' dir='ltr'><strong>quae</strong></span> <span class='ocrx_word' id='word_1_396' title='bbox 1413 2814 1585 2861; x_wconf 77' lang='lat' dir='ltr'><strong>proximis</strong></span> <span class='ocrx_word' id='word_1_397' title='bbox 1599 2813 1647 2848; x_wconf 88' lang='lat' dir='ltr'><strong>in-</strong></span> 
     </span>
     <span class='ocr_line' id='line_1_47' title="bbox 92 2869 1646 2917; baseline -0.003 -11"><span class='ocrx_word' id='word_1_398' title='bbox 92 2870 262 2913; x_wconf 89' lang='lat' dir='ltr'><strong>feruntur,</strong></span> <span class='ocrx_word' id='word_1_399' title='bbox 288 2879 438 2917; x_wconf 89' lang='lat' dir='ltr'><strong>possunt</strong></span> <span class='ocrx_word' id='word_1_400' title='bbox 460 2871 503 2905; x_wconf 89' lang='lat' dir='ltr'><strong>ad</strong></span> <span class='ocrx_word' id='word_1_401' title='bbox 521 2871 588 2906; x_wconf 90' lang='lat' dir='ltr'><strong>ista</strong></span> <span class='ocrx_word' id='word_1_402' title='bbox 606 2871 739 2914; x_wconf 87' lang='lat' dir='ltr'><strong>reduci,</strong></span> <span class='ocrx_word' id='word_1_403' title='bbox 761 2882 852 2917; x_wconf 90' lang='lat' dir='ltr'><strong>quae</strong></span> <span class='ocrx_word' id='word_1_404' title='bbox 881 2871 936 2905; x_wconf 88' lang='lat' dir='ltr'><strong>his</strong></span> <span class='ocrx_word' id='word_1_405' title='bbox 966 2869 1164 2917; x_wconf 88' lang='lat' dir='ltr'><strong>praeceptis</strong></span> <span class='ocrx_word' id='word_1_406' title='bbox 1193 2869 1434 2916; x_wconf 89' lang='lat' dir='ltr'><strong>probibentur,</strong></span> <span class='ocrx_word' id='word_1_407' title='bbox 1460 2876 1646 2914; x_wconf 86' lang='lat' dir='ltr'><strong>tamquam</strong></span> 
     </span>
    </p>
   </div>
  </div>
 </body>
</html>
