1859 3122
489 182 708 218 QUAESTIO
742 182 842 211 XXV.
875 182 1119 212 ARTICULUS
1151 182 1224 212 VII.
1534 183 1616 225 209

61 272 276 310 gnoscentcs
298 263 446 310 seipsos,
469 275 541 298 non
564 275 646 298 vere
670 263 822 309 diligunt
843 263 1003 310 seipsos3
1032 264 1091 298 scd
1120 264 1273 309 diligunt
1295 264 1340 305 id,
1364 264 1459 310 quod
1481 264 1618 309 seipsos

61 330 137 353 csse
159 325 342 364 reputant:
365 318 451 351 boni
473 326 592 352 autem
615 329 698 351 vere
722 325 985 363 cognoscentes
1008 318 1156 362 seipsos,
1180 330 1261 352 vere
1289 318 1427 363 seipsos
1454 317 1617 362 diligunt.

62 371 105 406 Et
126 372 196 405 hoc
216 371 342 417 probat
364 371 499 405 Philos.
522 371 557 404 in
579 382 611 417 9.
634 371 749 404 Ethic.
775 370 863 417 (cap.
886 372 934 415 4.)
959 382 1019 416 per
1041 373 1195 417 quinque,
1219 383 1310 417 quae
1333 379 1413 405 sunt
1436 371 1615 404 amicitiae

60 425 222 471 propria:
255 425 498 470 unusquisque
526 424 622 458 enim
650 424 787 458 amicus
808 425 920 470 primo
948 425 1092 469 quidem
1119 424 1194 458 vult
1221 436 1325 458 suum
1349 425 1507 458 amicum
1530 436 1618 465 esse,

61 486 95 513 et
116 479 252 512 vivere:
275 478 412 512 secundo
427 478 502 512 vult
516 478 548 512 ei
564 478 677 512 bona:
701 479 794 512 tertio
817 486 984 524 operatur
998 479 1093 512 bona
1109 478 1151 511 ad
1166 478 1302 523 ipsum:
1324 483 1441 524 qmzrlo
1461 478 1621 512 convivit

61 532 93 566 ei
115 531 390 566 delectabiliter:
410 533 521 577 quinto
545 531 744 565 concordat
763 542 846 564 cum
869 531 959 577 ipso,
982 532 1082 577 quasi
1105 531 1241 565 eisdem
1266 531 1474 574 delectatus,
1490 539 1525 566 et
1539 542 1620 566 con-

60 585 236 627 tristatus,
259 593 293 619 et
315 585 514 618 secundum
536 585 608 618 hoc
630 584 715 617 boni
738 584 891 629 diligunt
913 585 1061 630 seipsos,
1080 592 1253 630 quantum
1275 585 1316 618 ad
1332 585 1539 619 interiorem
1559 585 1622 618 ho-

61 638 208 680 minem,
231 638 313 684 quia
334 638 461 672 volunt
482 639 599 684 ipsum
622 638 755 671 servari
778 638 811 671 in
835 649 898 671 sua
922 638 1137 682 integritate,
1153 646 1187 672 et
1202 645 1327 684 optant
1350 639 1381 672 ei
1403 639 1509 681 bona,
1529 650 1620 684 quae

61 699 142 726 sunt
163 692 258 725 bona
280 691 489 738 spiritualia,
512 699 546 726 et
569 691 677 726 etiam
706 692 748 725 ad
771 703 812 725 ea
836 692 1058 737 assequenda
1086 703 1235 737 operam
1262 692 1486 738 impendunt,
1509 701 1543 726 et
1564 693 1622 726 de-

60 744 272 779 lectabiliter
294 745 337 779 ad
359 756 422 779 cor
443 745 627 791 proprium
656 745 823 786 redeunt,
846 745 927 791 quia
954 745 1001 778 ibi
1027 745 1214 779 inveniunt
1240 745 1353 779 bonas
1382 747 1620 790 cogitationes

60 799 96 832 in
119 799 307 845 praesenti,
330 807 363 832 et
385 799 602 832 memoriam
630 799 906 844 praeteritorum
933 799 1126 840 bonorum,
1154 806 1186 832 et
1213 810 1315 845 spem
1337 798 1540 833 futurorum
1562 800 1622 833 bo<

61 863 204 893 norum,
229 864 271 886 ex
293 852 419 897 quibus
442 851 632 886 delectatio
649 859 831 894 causatur;
854 851 1018 886 similiter
1033 852 1141 886 etiam
1155 863 1229 886 non
1248 853 1430 898 patiuntur
1444 853 1479 886 in
1496 853 1621 898 seipsis

61 904 255 939 voluntatis
277 905 555 948 dissensionem,
576 905 657 951 quia
675 913 751 939 tota
770 905 890 939 anima
910 917 1036 939 eorum
1050 906 1163 939 tendit
1184 906 1219 939 in
1241 917 1364 939 unum.
1388 906 1415 940 E
1440 907 1620 940 contrario

62 966 182 993 autem
211 958 296 992 mali
317 970 390 992 non
413 958 540 992 volunt
571 959 779 992 conservari
805 959 840 992 in
867 959 1072 1004 integritate
1099 959 1278 993 interioris
1305 959 1482 1001 hominis3
1505 971 1621 1006 neque

62 1020 233 1058 appetunt·
255 1012 286 1045 ei
308 1012 505 1057 spiritualia
526 1012 642 1054 bona3
665 1023 781 1058 neque
805 1012 847 1046 ad
870 1012 940 1046 hoc
965 1020 1175 1058 operantur3
1198 1024 1314 1058 neque
1337 1012 1548 1047 delectabile
1571 1022 1623 1048 est

62 1066 113 1100 eis
135 1076 258 1099 secum
274 1065 477 1106 convivere,
493 1066 675 1099 redeundo
700 1066 742 1099 ad
766 1077 847 1108 cor,
870 1066 953 1112 quia
974 1066 1161 1100 inveniunt
1182 1067 1230 1100 ibi
1252 1066 1348 1100 mala
1363 1074 1396 1100 et
1410 1068 1621 1112 praesentia,

63 1127 97 1153 et
123 1119 322 1165 praeterita,
345 1127 379 1153 et
400 1118 529 1161 futura,
558 1130 649 1165 quae
679 1119 889 1162 abhorrent3
916 1131 1032 1165 neque
1060 1120 1169 1153 etiam
1196 1120 1262 1153 sibi
1288 1120 1372 1165 ipsis
1400 1121 1623 1155 concordant

62 1180 206 1218 propter
228 1172 488 1206 conscientiam
510 1173 790 1215 remordentem,
812 1176 1013 1207 secundum
1034 1173 1121 1206 illud
1144 1173 1278 1207 Psalm.
1301 1184 1378 1220 49.:
1401 1175 1555 1217 Annam
1582 1180 1621 1217 td,

62 1231 90 1260 ιιι
108 1231 252 1260 statuam
279 1231 392 1260 contra
406 1227 531 1272 fibrium
559 1231 674 1266 tuizia,-
698 1234 732 1260 et
754 1237 816 1271 per
831 1227 958 1260 eadem
977 1227 1120 1272 probari
1142 1235 1271 1272 potest,
1287 1228 1382 1273 quod
1398 1227 1484 1261 mali
1501 1237 1624 1262 amant

62 1279 198 1324 seipsos
213 1279 411 1314 secundum
427 1280 697 1325 corruptionem
713 1280 896 1314 exterioris
917 1280 1093 1315 hominis:
1109 1281 1158 1314 sic
1177 1288 1297 1315 autem
1311 1281 1396 1315 boni
1411 1293 1485 1315 non
1502 1290 1624 1316 amant

63 1333 211 1379 seipsos.

135 1386 194 1420 AD
215 1396 363 1420 PRIMUM
386 1397 473 1431 ergo
496 1386 701 1428 dicendum,
724 1387 819 1432 quod
842 1386 902 1420 ille
925 1398 1027 1421 amor
1048 1387 1114 1429 sui,
1137 1387 1197 1433 qui
1225 1396 1277 1421 est
1303 1388 1518 1434 principium
1546 1400 1624 1434 pec-

65 1439 145 1481 cati,
168 1447 220 1473 est
240 1438 299 1472 ille
319 1439 378 1484 qui
396 1447 448 1474 est
467 1440 629 1485 proprius
645 1439 837 1481 malorum,
861 1441 1071 1485 perveniens
1087 1452 1199 1486 usque
1215 1441 1257 1474 ad
1274 1449 1524 1487 contemptum
1540 1442 1621 1483 Dei,

65 1500 103 1526 ut
129 1492 260 1525 ibidem
288 1492 434 1526 dicitur:
457 1493 539 1538 quia
561 1492 647 1526 mali
669 1493 777 1527 etiam
805 1493 855 1527 sic
884 1494 1032 1539 cupiunt
1058 1494 1235 1528 exteriora
1263 1494 1369 1537 bona,
1400 1495 1496 1541 quod
1527 1496 1623 1542 spiri-

65 1544 174 1579 tualia
197 1553 443 1579 contemnunt.

137 1598 196 1632 AD
218 1608 423 1632 SECUNDUM
444 1598 648 1640 dicendum,
670 1599 766 1644 quod
787 1600 958 1634 naturalis
980 1611 1094 1642 amor,
1116 1601 1181 1634 etsi
1201 1612 1275 1634 non
1296 1601 1454 1636 totaliter
1474 1602 1624 1636 tollatur

67 1663 86 1685 a
108 1650 223 1693 malis,
245 1659 366 1685 tamen
387 1651 423 1685 in
445 1652 495 1685 eis
517 1652 728 1697 pervertitur
749 1664 811 1698 per
832 1653 983 1686 modum
1004 1655 1077 1698 jam
1100 1654 1236 1688 dictum
1260 1654 1309 1698 (in
1331 1662 1422 1702 corp.
1444 1658 1539 1701 art).

136 1704 195 1738 AD
219 1714 388 1739 TERTIUM
410 1705 614 1746 dicendum,
637 1706 733 1751 quod
755 1705 852 1747 mali,
874 1706 1087 1752 inquantum
1115 1708 1307 1742 aestimant
1340 1720 1377 1742 se
1411 1709 1538 1751 bonos,
1572 1710 1622 1744 sic

67 1757 199 1803 aliquid
219 1758 433 1804 participant
454 1758 496 1792 de
519 1769 642 1792 amore
661 1759 732 1792 sui:
755 1770 821 1792 nec
843 1767 965 1793 tamen
987 1761 1053 1794 ista
1075 1768 1128 1794 est
1148 1772 1232 1794 vera
1246 1763 1300 1795 sui
1315 1761 1472 1805 dilectio,
1487 1763 1549 1797 sed
1568 1775 1624 1810 ap-

66 1822 212 1857 parens3
235 1822 326 1857 quae
348 1811 457 1845 etiam
478 1822 551 1845 non
574 1820 627 1846 est
647 1812 826 1858 possibilis
848 1814 883 1846 in
905 1813 971 1855 his,
995 1814 1055 1859 qui
1076 1813 1180 1848 valde
1201 1822 1284 1849 sunt
1305 1814 1402 1849 mali.

599 1971 943 2016 ARTICULUS
978 1973 1100 2016 VIII.
1561 1995 1620 2032 143

67 2090 218 2120 UTRUM
251 2090 317 2120 srT
350 2091 406 2120 DE
438 2091 734 2121 NECESSITATE
763 2092 1038 2132 CHARrrATIS,
1067 2093 1125 2123 UT
1154 2094 1309 2124 immet
1337 2095 1622 2126 DILIGANTUR.

138 2189 180 2234 (r.
195 2191 284 2225 Dist.
299 2201 353 2226 20.
369 2195 432 2225 art.
447 2203 474 2226 r.
490 2196 517 2225 et
537 2191 622 2226 Virt.
638 2203 667 2236 q.
682 2202 712 2225 2.
728 2196 792 2225 art.
807 2191 838 2226 8.
854 2197 883 2226 at
898 2198 1005 2238 opusc.
1021 2203 1053 2237 4.
1069 2199 1141 2239 cap.
1157 2194 1188 2228 S.
1204 2199 1234 2228 et
1247 2195 1340 2229 Rom.
1356 2206 1406 2229 12.
1421 2194 1490 2230 lect.
1506 2195 1563 2241 3.).

136 2289 195 2324 AD
217 2300 404 2324 OCTAVUM
426 2290 476 2324 sic
498 2290 712 2336 proceditur.
736 2290 898 2333 Videtur,
922 2292 1018 2337 quod
1039 2303 1113 2326 non
1143 2293 1188 2327 sit
1223 2294 1265 2327 de
1299 2294 1512 2329 necessitate
1544 2295 1624 2328 cha-

66 2343 189 2385 ritatis,
222 2351 260 2377 ut
291 2343 430 2377 inimici
464 2343 675 2390 diligantur:
711 2343 797 2379 dicit
826 2345 923 2378 enim
956 2345 1180 2390 Augustinus
1213 2347 1250 2380 in
1282 2347 1426 2381 Enchir.
1450 2349 1537 2394 (cap.
1561 2349 1622 2394 73.)

67 2396 163 2442 quod
184 2396 255 2430 hoc
277 2404 352 2430 tam
373 2408 548 2443 magnum
568 2397 716 2439 bonum,
739 2397 876 2431 scilicet
890 2397 1038 2444 diligere
1053 2399 1232 2442 inimicos,
1247 2411 1322 2434 non
1337 2409 1389 2434 est
1403 2409 1522 2435 tantae
1537 2401 1626 2435 mul—

67 2449 236 2491 titudinis,
258 2458 432 2495 quantum
454 2450 633 2484 credimus
655 2451 824 2492 exaudiri,
848 2462 930 2484 cum
952 2451 987 2484 in
1010 2452 1174 2486 oratione
1197 2453 1342 2488 dicitur:
1372 2455 1512 2488 Dimitte
1533 2455 1625 2489 nohis

67 2502 172 2537 debita
193 2507 326 2538 nostra:
348 2503 411 2537 sed
432 2503 523 2536 nulli
543 2503 731 2537 dimittitur
752 2512 942 2549 peccatum
963 2505 1041 2538 sine
1076 2505 1271 2548 charitate3
1305 2507 1399 2552 quia,
1427 2515 1464 2540 ut
1485 2507 1624 2549 dicitur,

67 2555 237 2600 Proverb.
264 2566 334 2590 10.:
364 2556 526 2590 Universa
547 2556 662 2591 delicta
684 2558 788 2603 oper-it
810 2557 974 2598 charita&
999 2569 1084 2604 ergo
1103 2569 1177 2593 non
1193 2567 1245 2593 est
1260 2559 1302 2593 de
1316 2561 1528 2594 necessitate
1545 2561 1626 2594 cha-

68 2608 179 2642 ritatis
201 2608 348 2654 diligere
368 2609 547 2643 inimicos.

139 2671 170 2695 2.
192 2662 427 2696 PRAETEREA.
451 2662 618 2696 Charitas
638 2674 713 2696 non
733 2662 827 2697 tollit
848 2671 1033 2699 naturam:
1064 2665 1125 2698 sed
1156 2676 1391 2710 unaquaeque
1425 2676 1481 2699 res
1515 2667 1624 2701 etiam

69 2714 282 2748 irrationalis
304 2714 512 2748 naturaliter
526 2715 600 2749 odit
614 2726 719 2749 suum
734 2717 972 2759 contrarium3
987 2718 1078 2751 sicut
1092 2718 1169 2751 ovis
1183 2717 1319 2764 lupum,
1336 2727 1369 2752 et
1384 2730 1475 2764 aqua
1490 2719 1623 2765 ignem3

69 2779 156 2813 ergo
178 2768 332 2802 charitas
353 2779 427 2802 non
447 2767 543 2810 facit,
565 2769 661 2814 quod
683 2769 816 2803 inimici
841 2769 1043 2815 diligantur.

143 2832 172 2866 3.
194 2821 428 2855 PRAETEREA.
453 2821 608 2856 Charitas
628 2833 692 2856 non
713 2823 781 2867 agit
796 2829 974 2868 perperavit
998 2828 1039 2866 (J.
1065 2823 1143 2857 Cor.
1166 2823 1250 2869 13.):
1284 2824 1346 2858 sed
1379 2825 1451 2859 hoc
1484 2827 1624 2860 videtur

72 2884 147 2907 esse
169 2885 386 2919 perversum,
406 2874 501 2920 quod
516 2874 642 2920 aliquis
657 2874 781 2922 diligat
793 2875 972 2917 inimicos,
988 2876 1078 2910 sicut
1092 2884 1126 2910 et
1140 2876 1235 2922 quod
1251 2876 1376 2924 aliquis
1392 2878 1476 2914 odio
1494 2871 1623 2916 habeat
