1859 3122
489 162 709 198 QUAESTIO
743 162 895 191 XXXIII.
931 161 1174 192 ARTICULUS
1205 161 1249 190 ΙΙ.
1547 161 1628 203 275

148 257 175 291 3.
196 245 431 280 PRAETEREA.
456 244 620 279 Omissio
643 244 824 290 praecepti
851 243 963 277 divini
989 251 1042 277 est
1068 251 1259 290 peccatum
1286 242 1452 284 mortale,
1474 242 1570 288 quod
1597 242 1633 276 in

73 299 204 333 sanctis
226 299 309 333 viris
336 310 409 333 non
436 299 633 332 invenitur:
661 298 721 332 sed
749 297 900 331 omissio
927 296 1104 331 fraternae
1133 296 1367 330 correctionis
1392 296 1572 330 invenitur
1597 296 1632 329 in

73 352 216 393 sanctis,
239 360 273 386 et
294 353 329 386 in
352 351 592 398 spiritualibus
613 351 715 385 viris:
739 351 824 384 dicit
839 350 935 384 enim
952 351 1104 393 August.
1132 361 1159 383 1.
1183 350 1225 384 de
1249 349 1356 384 Civit.
1372 349 1442 384 Dei
1463 349 1552 396 (cap.
1569 349 1632 395 9.),

73 405 170 451 quod
192 416 264 439 non
285 405 404 439 solum
427 404 625 446 inferiores,
643 416 770 439 verum
792 404 901 438 etiam
916 403 954 436 hi
973 405 1031 449 qui
1051 403 1275 449 superiorem
1297 404 1390 437 vitae
1413 403 1566 448 gradum
1587 410 1634 436 te-

71 466 168 500 nent,
191 459 232 492 ab
262 459 416 493 aliorum
443 458 722 504 reprehensione
750 469 788 492 se
816 457 1005 498 abstinent,
1033 464 1178 502 propter
1205 457 1401 502 quamdam
1429 456 1632 502 cupiditatis

73 511 268 554 maculam,
295 524 368 546 non
395 519 541 558 propter
567 510 686 545 officia
709 511 911 552 charitatis3
938 521 1025 555 ergo
1045 510 1223 544 correctio
1246 509 1400 544 fraterna
1422 521 1495 544 non
1519 517 1572 544 est
1597 510 1631 543 in

72 574 276 612 praecepto.

141 629 174 661 4.
197 619 431 654 PRAETEREA.
456 618 546 652 Illud
569 618 665 664 quod
681 626 733 652 est
755 617 790 651 in
805 624 1010 663 praecepto,
1032 616 1141 650 habet
1154 616 1333 650 rationem
1355 616 1482 658 debiti;
1502 617 1531 650 si
1546 627 1632 661 ergo

73 673 250 706 correctio
266 672 421 706 fraterna
443 671 586 706 caderet
601 672 663 705 sub
679 679 884 718 praecepto,
899 671 970 704 hoc
992 670 1159 704 fratribus
1178 671 1403 712 deberemus,
1426 679 1463 704 ut
1478 682 1539 705 eos
1555 682 1635 717 pec-

73 734 195 760 cantes
215 726 498 771 corrigeremus:
517 725 579 760 sed
601 725 661 759 ille
684 725 744 771 qui
771 725 876 759 debet
894 724 1002 758 alicui
1023 725 1182 758 debitum
1205 724 1406 771 corporale,
1424 733 1509 771 puta
1530 737 1634 771 pecu-

71 779 182 821 niam,
203 791 276 813 non
296 779 401 813 debet
422 790 499 813 esse
522 786 712 813 contentus
736 787 773 812 ut
794 778 826 812 ei
849 786 1015 812 occurrat
1030 778 1197 820 creditor,
1216 779 1278 812 sed
1297 778 1402 812 debet
1423 790 1505 812 eum
1529 790 1634 824 quae-

72 843 162 874 rere,
184 840 221 866 ut
239 833 398 866 debitum
421 832 563 873 reddat3
587 840 729 878 oportet
751 842 849 877 ergo,
872 832 968 877 quod
991 831 1104 865 horno
1128 839 1316 877 quaereret
1337 832 1563 865 correctione
1585 832 1635 865 in-

73 886 249 931 digentes,
273 886 316 919 ad
334 886 404 919 hoc
421 885 517 931 quod
532 896 594 919 eos
614 886 828 931 corrigeret:
845 885 942 931 quod
957 885 1097 918 videtur
1110 885 1382 926 inconveniens,
1396 893 1473 918 tum
1488 893 1633 931 propter

73 939 342 974 multitudinem
364 939 606 985 peccantium,
629 938 670 972 ad
695 950 850 984 quorum
873 938 1139 972 correctionem
1162 949 1252 972 unus
1274 938 1388 972 homo
1415 949 1490 972 non
1512 946 1634 984 posset

73 991 256 1035 sufficere,
283 1001 361 1026 tum
383 993 491 1026 etiam
515 992 597 1038 quia
619 1000 812 1038 oporteret,
835 992 932 1038 quod
954 991 1114 1037 religiosi
1140 991 1183 1026 de
1211 991 1374 1026 claustris
1400 991 1472 1026 suis
1499 992 1635 1026 exirent

73 1046 117 1080 ad
139 1046 373 1091 corrigendos
391 1046 570 1087 homines,
593 1045 689 1092 quod
705 1053 758 1079 est
779 1045 1058 1087 inconveniens3
1077 1056 1152 1079 non
1174 1056 1261 1090 ergo
1276 1043 1431 1078 fraterna
1455 1045 1633 1079 correctio

73 1107 126 1134 est
152 1099 187 1133 in
209 1107 415 1145 praecepto.

144 1152 218 1187 SED
235 1163 392 1187 CONTRA
407 1160 470 1194 est,
485 1152 582 1198 quod
597 1153 740 1197 August
755 1152 840 1186 dicit
853 1152 889 1185 in
904 1151 963 1185 lib.
979 1151 1022 1185 de
1036 1151 1144 1185 Verb.
1158 1152 1268 1185 Dom.
1280 1152 1391 1196 (serm.
1407 1152 1458 1187 16.
1474 1158 1547 1198 cap.
1562 1153 1610 1198 4.)
1624 1165 1633 1187 :

75 1219 93 1238 ‹<
113 1206 152 1240 Si
172 1206 373 1252 neglexeris
393 1207 587 1252 corrigere,
602 1208 703 1252 pejor
718 1218 760 1240 eo
776 1206 890 1240 factus
905 1217 954 1247 es,
970 1206 1030 1251 qui
1044 1207 1208 1251 peccavit
1222 1218 1259 1239 »z
1275 1207 1338 1240 sed
1352 1206 1424 1240 hoc
1438 1217 1513 1240 non
1529 1214 1633 1247 esset,

71 1259 141 1294 nisi
162 1271 224 1305 per
244 1260 455 1305 hujusmodi
467 1260 728 1306 negligentiam
745 1259 872 1305 aliquis
887 1267 1122 1305 praeceptum
1137 1259 1335 1302 omitteret,
1352 1270 1438 1305 ergo
1455 1260 1633 1294 correctio

71 1312 226 1347 fraterna
249 1321 301 1347 est
318 1313 354 1346 in
375 1321 580 1359 praecepto.

142 1365 371 1401 RESPONDEO
394 1366 599 1408 dicendum,
627 1366 723 1412 quod
752 1366 929 1400 correctio
957 1365 1113 1399 fraterna
1135 1365 1230 1400 cadit
1251 1367 1314 1400 sub
1337 1374 1548 1412 praecepto:
1571 1366 1633 1400 sed

72 1419 374 1454 considerandum
397 1428 460 1462 est,
483 1420 579 1466 quod
598 1421 689 1454 sicut
707 1429 898 1466 praecepta
919 1419 1088 1465 negativa
1110 1418 1200 1464 legis
1222 1419 1414 1464 prohibent
1441 1428 1540 1454 actus
1555 1431 1634 1466 pec-

73 1481 257 1515 catorum3
279 1473 327 1507 ita
348 1481 540 1519 praecepta
563 1473 776 1507 affirmativa
798 1473 971 1506 inducunt
994 1472 1037 1505 ad
1061 1480 1160 1506 actus
1180 1472 1369 1506 virtutum:
1394 1481 1493 1507 actus
1513 1481 1633 1507 autem

73 1534 305 1572 peccatorum
333 1535 415 1560 sunt
440 1527 640 1560 secundum
666 1538 703 1560 se
730 1526 834 1568 mali3
857 1534 892 1559 et
912 1525 1012 1559 nullo
1035 1526 1147 1559 modo
1169 1525 1261 1559 bene
1287 1525 1363 1560 fieri
1384 1534 1545 1572 possunt,
1566 1537 1632 1560 nec

74 1578 194 1624 aliquo
215 1586 391 1625 ternpore,
414 1587 474 1613 aut
494 1579 597 1621 loco;
621 1580 703 1625 quia
725 1578 925 1613 secundum
947 1590 984 1612 se
1007 1587 1088 1612 sunt
1110 1579 1295 1624 conjuncti
1316 1579 1415 1613 malo
1438 1579 1510 1621 fini,
1530 1587 1569 1613 ut
1586 1579 1634 1613 di-

73 1632 164 1666 citur
185 1633 220 1665 in
243 1642 273 1665 2.
296 1632 455 1666 Ethicor.
481 1632 569 1679 (cap.
585 1633 658 1677 6.);
683 1641 717 1667 et
737 1632 820 1666 ideo
842 1640 1033 1678 praecepta
1054 1632 1223 1677 negativa
1245 1632 1407 1678 obligant
1428 1644 1580 1679 semper,
1600 1640 1634 1666 et

73 1685 117 1719 ad
139 1696 304 1731 semper,
326 1686 387 1719 sed
411 1694 510 1720 actus
524 1687 696 1720 virtutum
718 1697 793 1720 non
805 1685 965 1732 quolibet
986 1686 1098 1719 modo
1112 1685 1190 1719 fieri
1204 1686 1345 1727 debent,
1360 1686 1420 1720 sed
1437 1686 1634 1720 observatis

72 1738 198 1772 debitis
217 1739 506 1781 circumstantiis,
529 1750 619 1785 quae
642 1739 870 1785 requiruntur
896 1739 939 1772 ad
961 1739 1045 1780 hoc,
1068 1739 1163 1784 quod
1187 1739 1231 1773 sit
1253 1747 1353 1773 actus
1375 1739 1573 1774 virtuosus:
1596 1748 1635 1774 ut

71 1791 210 1826 scilicet
228 1791 288 1826 fiat
309 1792 370 1826 ubi
387 1793 504 1834 debet,
527 1800 561 1826 et
582 1793 727 1838 quando
751 1793 866 1833 debet,
889 1800 923 1826 et
944 1792 1144 1826 secundum
1166 1793 1263 1838 quod
1286 1792 1401 1826 debet.
1421 1793 1465 1826 Et
1486 1793 1568 1838 quia
1588 1793 1635 1827 di-

72 1845 222 1891 spositio
244 1856 382 1888 eorum,
410 1857 501 1892 quae
523 1854 606 1880 sunt
628 1847 672 1880 ad
693 1846 815 1887 finem,
838 1845 1032 1879 attenditur
1057 1846 1257 1879 secundum
1275 1846 1455 1880 rationem
1481 1846 1572 1887 finis,
1598 1846 1633 1879 in

72 1899 146 1933 istis
162 1899 440 1933 circumstantiis
454 1899 606 1933 virtuosi
625 1907 725 1933 actus
740 1899 934 1945 praecipue
957 1898 1174 1932 attendenda
1190 1908 1242 1933 est
1262 1899 1354 1933 ratio
1369 1899 1460 1941 finis,
1476 1911 1566 1946 quae
1582 1908 1635 1933 est

71 1952 209 1986 bonurn
230 1952 380 1986 virtutis.
404 1952 443 1986 Si
465 1964 552 1998 ergo
574 1953 620 1986 sit
642 1952 761 1998 aliqua
779 1952 860 1986 talis
882 1952 1032 1986 omissio
1053 1952 1202 1997 alicujus
1225 1953 1516 1987 circumstantiae
1539 1953 1634 1986 circa

70 2005 272 2039 virtuosum
291 2014 424 2048 actum,
445 2018 536 2052 quae
557 2006 714 2040 totaliter
735 2005 839 2040 tollat
859 2006 997 2040 bonum
1018 2006 1169 2048 virtutis,
1191 2006 1250 2039 hic
1274 2014 1373 2040 actus
1396 2007 1634 2040 contrariatur

72 2067 261 2106 pracept0:
278 2060 307 2093 si
322 2067 442 2093 autem
457 2060 501 2094 sit
515 2059 675 2094 defectus
691 2059 840 2104 alicujus
853 2059 1155 2101 circumstantiae,
1165 2070 1256 2105 quae
1270 2071 1344 2094 non
1359 2059 1517 2094 totaliter
1530 2059 1635 2094 tollat

70 2111 252 2154 virtutem,
273 2111 358 2146 licet
378 2123 452 2146 non
474 2111 631 2158 perfecte
655 2112 806 2157 attingat
824 2112 868 2146 ad
889 2111 1027 2145 bonum
1049 2111 1201 2153 virtutis,
1220 2123 1294 2146 non
1317 2120 1369 2146 est
1391 2120 1517 2146 contra
1538 2123 1635 2158 prae-

73 2172 235 2211 ceptum3
257 2166 351 2199 unde
373 2173 408 2200 et
428 2165 565 2200 Philos.
589 2166 675 2200 dicit
689 2166 725 2199 in
748 2176 779 2200 2.
802 2165 961 2199 Ethicor.
987 2165 1074 2211 (cap.
1097 2165 1182 2209 ult),
1206 2165 1303 2211 quod
1325 2166 1354 2200 si
1375 2177 1502 2212 parum
1524 2166 1634 2199 disce—

73 2218 175 2252 datur
196 2229 215 2251 a
237 2218 371 2260 medio,
388 2230 463 2253 non
484 2227 537 2253 est
557 2227 683 2253 contra
704 2219 889 2260 virtutem;
918 2217 979 2252 sed
1002 2218 1031 2252 si
1052 2217 1207 2252 multum
1235 2219 1448 2260 discedatur,
1476 2230 1634 2252 corrum-

73 2271 167 2317 pitur
187 2271 299 2306 virtus
320 2272 357 2305 in
375 2283 441 2306 suo
464 2280 564 2306 actu:
588 2272 766 2306 correctio
790 2279 910 2305 autem
929 2270 1085 2304 fraterna
1107 2271 1293 2305 ordinatur
1311 2272 1354 2305 ad
1376 2271 1493 2306 fratris
1512 2282 1631 2305 emen-

73 2324 277 2367 dationem,
300 2333 335 2359 et
355 2325 437 2359 ideo
454 2325 526 2359 hoc
552 2325 664 2359 modo
685 2325 779 2359 cadit
800 2325 863 2359 sub
886 2332 1092 2370 praecepto,
1107 2325 1309 2358 secundum
1327 2326 1424 2370 quod
1446 2333 1500 2359 est
1512 2335 1634 2358 neces-

73 2377 165 2411 saria
187 2377 231 2411 ad
257 2378 367 2412 istum
388 2377 510 2420 finem,
531 2390 606 2412 non
633 2386 756 2412 autem
773 2378 822 2412 ita
843 2377 941 2424 quod
963 2377 1125 2424 quolibet
1149 2377 1245 2420 loco,
1267 2378 1327 2412 vel
1342 2387 1505 2424 tempore
1526 2377 1634 2412 frater

74 2429 284 2476 delinquens
307 2431 517 2477 corrigatur.

144 2484 205 2518 AD
223 2494 374 2518 PRIMUM
396 2495 482 2530 ergo
502 2485 708 2526 dicendum,
730 2484 827 2530 quod
848 2484 885 2518 in
907 2484 1076 2518 omnibus
1093 2484 1198 2518 bonis
1220 2484 1368 2530 agendis
1391 2483 1553 2530 operatio
1571 2483 1635 2518 ho-

75 2537 182 2571 minis
203 2548 277 2571 non
300 2545 352 2571 est
374 2536 510 2579 efficax,
531 2538 600 2572 nisi
622 2538 714 2572 adsit
735 2537 908 2571 auxilium
931 2537 1111 2571 divinum:
1135 2546 1169 2571 et
1189 2546 1312 2571 tamen
1333 2538 1447 2571 homo
1469 2537 1575 2570 debet
1588 2536 1634 2570 fa-

76 2601 169 2631 cere,
191 2590 288 2636 quod
310 2591 347 2623 in
365 2602 402 2624 se
423 2599 493 2625 est:
509 2591 603 2625 unde
618 2591 772 2636 August.
787 2591 873 2624 dicit
886 2591 923 2624 in
937 2590 997 2624 lib.
1013 2590 1056 2624 de
1072 2590 1223 2636 Correp.
1247 2598 1281 2624 et
1303 2590 1425 2624 Gratia
1449 2589 1534 2636 (cap.
1548 2591 1632 2635 15.).·

79 2655 97 2674 <c
117 2643 330 2677 Nescientes
353 2644 431 2689 quis
453 2644 629 2689 pertineat
651 2644 693 2677 ad
715 2643 1065 2690 praedestinatorum
1085 2654 1290 2684 numerum,
1309 2650 1344 2676 et
1365 2642 1442 2688 quis
1463 2653 1537 2676 non
1559 2653 1634 2688 per-

75 2696 198 2738 tineat,
219 2697 269 2730 sic
293 2695 387 2730 affici
409 2697 580 2731 debemus
602 2697 785 2731 charitatis
804 2696 946 2738 affectu,
968 2704 1006 2730 ut
1024 2707 1152 2730 omnes
1173 2695 1325 2729 velimus
1351 2695 1472 2729 salvos
1497 2695 1574 2729 fieri
1599 2707 1630 2730 »t

77 2756 112 2782 et
131 2749 214 2783 ideo
233 2749 401 2783 omnibus
425 2749 597 2784 debemus
618 2749 795 2784 fraternae
819 2750 1052 2784 correctionis
1075 2748 1234 2783 officium
1256 2747 1464 2793 impendere
1485 2748 1548 2782 sub
1571 2759 1631 2795 spe

77 2801 188 2837 divini
211 2801 341 2836 auxilii.

149 2855 209 2890 AD
237 2865 443 2891 SECUNDUM
465 2855 670 2898 dicendum,
693 2855 801 2902 quod,
816 2856 907 2890 sicut
925 2866 1031 2901 supra
1044 2855 1180 2889 dictum
1195 2861 1248 2888 est
1261 2853 1308 2899 (q.
1327 2865 1376 2900 32.
1392 2859 1456 2889 art.
1468 2865 1498 2900 5.
1512 2853 1554 2889 ad
1566 2856 1630 2900 4.),
