1859 3122
232 193 342 247 1176
619 200 837 237 QUAEsrto
871 199 1045 230 CLXXXI.
1078 199 1323 230 ARTICULUS
1355 199 1416 230 111.

225 284 440 325 delectatur3
462 282 556 317 unde
579 282 731 327 August.
755 281 840 314 dicit
854 281 889 314 in
905 280 964 314 lib.
984 280 1027 314 de
1049 280 1282 315 Verb.·D0m.
1299 280 1408 324 (serm.
1436 290 1489 327 27.
1505 286 1576 327 cap.
1594 281 1661 326 1.):
1683 294 1702 314 «
1714 280 1784 315 Eli-

225 345 311 383 gant
332 337 397 370 sibi
415 343 552 382 partem
575 335 766 368 meliorem
789 333 944 378 (scilicet
965 333 1059 367 vitae
1083 333 1418 379 contemplativae),
1439 341 1570 368 vacent
1590 334 1714 376 verbo,
1734 334 1785 368 in-

224 391 324 424 hient
346 389 530 423 doctrinae
551 387 743 430 dulcedini,
767 395 989 433 occupentur
1011 387 1107 420 circa
1133 387 1321 421 scientiam
1343 386 1537 421 salutarem
1564 399 1603 421 »ε
1626 387 1687 421 ubi
1711 399 1784 422 ma-

225 444 352 478 nifeste
375 443 470 484 dicit,
493 442 696 476 doctrinam
724 441 767 474 ad
781 441 892 474 vitam
913 440 1235 486 contemplativam
1257 440 1453 486 pertinere:
1477 440 1568 474 aliud
1581 451 1668 474 vero
1690 441 1785 486 obje-

228 506 326 531 ctum
348 496 533 530 doctrinae
560 503 613 528 est
631 506 672 528 ex
694 502 792 540 parte
808 494 986 528 sermonis
1009 493 1173 527 audibilis
1188 505 1195 527 :
1216 502 1250 528 et
1267 493 1316 527 sic
1333 494 1517 539 objectum
1532 494 1718 528 doctrinae
1732 502 1785 528 est

225 552 298 596 ipse
315 550 481 591 audiens;
505 556 538 582 et
559 556 733 594 quantum
750 548 793 581 ad
808 548 878 581 hoc
898 547 1080 592 objectum
1100 547 1219 581 omnis
1241 547 1405 581 doctrina
1431 547 1584 592 pertinet
1605 548 1648 581 ad
1669 547 1783 582 vitam

227 604 395 644 activam,
419 603 461 636 ad
485 613 593 648 quam
615 602 794 648 pertinent
815 601 1010 635 exteriores
1037 601 1208 635 actiones.

296 657 356 691 AD
377 666 527 691 PR1MUM
550 667 637 701 ergo
660 655 866 696 dicendum,
889 654 985 700 quod
1009 655 1204 688 auctoritas
1225 654 1286 688 illa
1308 666 1473 700 expresse
1488 654 1647 701 loquitur
1664 654 1707 689 de
1725 655 1786 690 do—

226 711 337 745 ctrina
361 718 533 756 quantum
558 709 600 742 ad
623 710 825 751 materiam,
847 715 954 754 prout
974 716 1137 742 versatur
1151 709 1245 742 circa
1268 708 1610 751 considerationem,
1632 716 1668 743 et
1688 719 1786 743 amo-

225 775 302 798 rem
322 763 492 797 veritatis.

295 818 355 851 AD
378 827 584 851 SECUNDUM
599 816 804 857 dicendum,
821 815 917 861 quod
938 815 1093 856 habitus,
1109 822 1142 849 et
1163 823 1262 849 actus
1277 816 1549 849 communicant
1567 814 1605 849 in
1624 815 1784 861 object03

225 880 259 906 et
281 871 362 904 ideo
386 870 574 904 manifeste
597 869 657 903 illa
679 869 769 903 ratio
792 869 955 914 procedit
981 880 1023 902 ex
1045 875 1143 914 parte
1171 869 1343 902 materiae
1370 869 1549 902 interioris
1577 869 1785 915 conceptio-

224 926 297 959 nis:
333 925 512 958 intantum
535 923 632 957 enim
660 923 703 956 ad
731 923 943 968 sapientem,
970 921 1028 955 vel
1054 922 1229 956 scientem
1255 922 1409 968 pertinet
1434 933 1542 968 posse
1568 922 1710 964 docere,
1737 922 1787 956 in—

227 986 400 1024 quantum
423 985 542 1024 potest
564 977 773 1010 interiorem
799 983 1016 1026 conceptum
1039 975 1155 1009 verbis
1178 976 1389 1021 exprimere,
1412 975 1540 1010 adhoc
1556 975 1653 1022 quod
1673 977 1787 1022 possit

226 1031 336 1065 alium
361 1031 538 1064 adducere
562 1031 604 1064 ad
629 1030 853 1063 intellectum
875 1029 1044 1062 veritatis.

297 1085 356 1118 AD
379 1094 550 1118 TERTmM
569 1084 775 1124 dicendum,
791 1083 887 1129 quod
909 1082 969 1116 ille
997 1083 1057 1128 qui
1079 1090 1158 1116 orat
1178 1093 1243 1128 pro
1267 1082 1349 1124 alio,
1369 1082 1455 1116 nihi]
1477 1084 1550 1128 agit
1567 1094 1652 1129 erga
1670 1082 1785 1125 illum,

226 1151 290 1186 pro
313 1150 384 1185 quo
408 1146 496 1179 orat,
516 1138 577 1172 sed
597 1137 717 1172 solum
740 1149 825 1183 erga
844 1137 976 1178 Deum,
993 1136 1052 1182 qui
1075 1144 1127 1170 est
1141 1136 1376 1182 intelligibilis
1398 1136 1548 1171 veritas:
1570 1137 1632 1170 sed
1650 1136 1710 1171 ille
1725 1137 1786 1183 qui

226 1193 337 1227 alium
360 1193 477 1233 docet,
501 1191 634 1238 aliquid
662 1191 757 1225 circa
785 1202 868 1225 eum
891 1190 964 1236 agit
990 1189 1157 1224 exteriori
1181 1190 1342 1231 actione3
1365 1190 1458 1224 unde
1480 1201 1553 1224 non
1581 1198 1634 1225 est
1659 1189 1786 1225 similis

226 1247 317 1281 ratio
341 1247 383 1281 de
405 1254 570 1292 utroque.

802 1384 1122 1430 ARTCULUS
1158 1385 1234 1427 IV.
1718 1397 1786 1445 859

437 1495 589 1525 UTRUM
615 1495 719 1524 VITA
746 1494 909 1524 ACTIVA
936 1494 1114 1523 MANEAT
1142 1494 1253 1523 POST
1281 1494 1401 1523 HANC
1427 1494 1579 1523 VITAM.

233 1586 342 1620 (Part.
369 1597 395 1619 Ι.
418 1596 448 1630 q.
470 1595 525 1619 20.
548 1588 612 1617 art.
630 1594 663 1627 4.
690 1587 718 1616 et
734 1593 796 1617 1-2.
819 1593 848 1628 q.
869 1582 924 1628 67.
945 1586 1010 1616 art.
1032 1594 1060 1616 r.
1083 1581 1125 1615 αᾱ
1150 1593 1181 1616 2.
1209 1586 1239 1616 et
1255 1593 1283 1627 3.
1302 1582 1391 1616 Dist.
1409 1593 1454 1628 35.
1476 1593 1505 1627 q.
1524 1594 1551 1616 1.
1574 1586 1638 1616 art.
1656 1592 1690 1627 4.
1712 1594 1742 1629 q.
1757 1595 1785 1629 3,

442 1642 469 1672 εἰ
490 1638 545 1672 lib.
562 1649 589 1683 3.
615 1637 730 1671 Contr.
760 1648 786 1670 a,
813 1642 887 1683 cap.
913 1636 981 1681 163.
1009 1641 1039 1670 εἰ
1066 1636 1152 1670 Vari.
1176 1647 1205 1681 q.
1234 1648 1279 1670 H.
1306 1640 1368 1670 art.
1390 1647 1423 1680 4.
1450 1635 1492 1670 ad
1511 1636 1572 1682 2.).

756 1666 772 1682 t>

299 1728 359 1762 AD
388 1737 576 1767 QUARTUM
595 1727 645 1761 sic
668 1726 886 1772 proceditur.
905 1725 1069 1768 Videtur,
1090 1725 1185 1772 quod
1207 1725 1280 1760 vita
1296 1726 1411 1759 activa
1425 1733 1572 1760 maneat
1591 1733 1674 1771 post
1691 1726 1786 1760 hanc

228 1782 357 1816 vitam:
381 1781 424 1815 ad
446 1781 558 1814 vitam
582 1780 677 1814 enim
694 1779 849 1813 activam
864 1779 1041 1825 pertinent
1056 1787 1155 1813 actus
1174 1778 1368 1813 moralium
1385 1779 1570 1821 virtutum,
1591 1787 1630 1813 ut
1650 1779 1786 1813 dictum

231 1844 283 1870 est
294 1836 376 1880 (art.
393 1848 418 1870 r.
436 1835 503 1879 huj.
520 1835 588 1880 q.).·
605 1833 666 1868 sed
680 1833 829 1867 virtutes
845 1832 1002 1867 morales
1017 1843 1229 1879 permanent
1243 1841 1325 1879 post
1338 1833 1431 1867 hanc
1443 1833 1566 1874 vitam,
1577 1841 1615 1866 ut
1633 1832 1786 1878 August.

229 1889 315 1923 dicit
332 1889 368 1922 in
395 1898 445 1931 14.
469 1888 510 1921 de
535 1887 636 1922 Trin.
661 1887 748 1933 (cap.
771 1888 843 1933 9.)‚·
867 1898 954 1933 ergo
976 1887 1127 1928 videtur,
1150 1887 1246 1932 quod
1264 1887 1337 1921 vita
1353 1887 1469 1921 activa
1484 1894 1693 1933 permaneat
1706 1894 1788 1932 post

226 1943 321 1977 hanc
342 1943 465 1976 vitam.

297 2006 328 2030 2.
351 1996 588 2030 PRAETEREA.
608 1995 752 2028 Docere
775 1993 864 2028 alios
886 1994 1040 2040 pertinet
1055 1994 1098 2028 ad
1111 1994 1224 2028 vitam
1243 1994 1410 2036 activam,
1430 2003 1467 2028 ut
1489 1994 1624 2028 dictum
1639 2001 1692 2028 est
1704 1995 1785 2038 (art.

222 2049 353 2097 praec.)
367 2062 376 2084 .·
390 2049 451 2083 sed
464 2050 499 2082 in
513 2047 630 2082 futura
648 2048 733 2090 vita,
748 2048 783 2082 in
799 2059 868 2094 qua
887 2047 1021 2082 similes
1041 2048 1175 2082 erimus
1199 2047 1347 2093 angelis,
1361 2048 1493 2094 poterit
1506 2059 1584 2082 esse
1602 2047 1784 2082 doctrina:

229 2105 321 2138 sicut
342 2110 376 2137 et
397 2103 432 2135 in
448 2101 586 2147 angelis
609 2113 685 2135 esse
704 2102 854 2143 videtur,
878 2112 1032 2147 quorum
1054 2112 1145 2134 unus
1169 2100 1278 2135 alium
1301 2101 1491 2143 illuminat,
1510 2108 1638 2148 purgat
1655 2109 1690 2135 et
1706 2113 1786 2147 per-

227 2157 319 2199 ficit3
342 2156 438 2202 quod
454 2155 604 2189 refertur
619 2155 661 2189 ad
681 2155 852 2189 scientiae
868 2155 1166 2200 assumptionem,
1186 2163 1223 2189 ut
1237 2163 1334 2201 patet
1351 2167 1412 2201 per
1426 2155 1645 2201 Dionysium
1660 2165 1690 2201 7.
1707 2166 1783 2202 cap.

231 2210 335 2245 Coel.
356 2210 471 2251 Hier.;
495 2220 581 2255 ergo
604 2209 755 2250 videtur,
778 2209 875 2254 quod
896 2209 969 2242 vita
992 2209 1107 2242 activa
1129 2216 1314 2242 remaneat
1334 2217 1415 2255 post
1435 2209 1529 2242 hanc
1549 2208 1674 2242 vitam.

300 2276 328 2310 3.
351 2264 588 2298 PRAETEREA.
612 2262 705 2296 Illud
725 2262 821 2308 quod
844 2262 887 2296 de
907 2273 944 2296 se
967 2270 1019 2296 est
1037 2262 1242 2304 durabilius,
1265 2263 1380 2308 magis
1406 2262 1546 2296 videtur
1571 2272 1677 2308 posse
1702 2269 1785 2307 post

225 2318 318 2352 hanc
338 2317 449 2351 vitam
465 2327 672 2351 remanere:
692 2316 753 2350 sed
768 2317 840 2350 vita
860 2316 975 2349 activa
989 2316 1128 2349 videtur
1143 2327 1219 2349 esse
1235 2315 1278 2349 de
1297 2327 1334 2350 se
1353 2315 1564 2350 durabilior:
1587 2315 1673 2349 dicit
1687 2317 1783 2349 enim

227 2371 379 2417 Gregor.
402 2382 508 2416 super
529 2370 659 2404 Ezech.
684 2369 787 2413 (hom.
806 2371 850 2415 5.)
880 2369 976 2415 quod
1006 2382 1023 2400 ‹<
1051 2370 1086 2402 in
1107 2370 1180 2403 vita
1203 2371 1317 2403 activa
1344 2369 1403 2403 fixi
1425 2380 1637 2416 permanere
1663 2380 1785 2415 possu-

225 2436 324 2466 mus;
347 2424 382 2458 in
405 2423 688 2469 contemplativa
708 2431 827 2457 autem
847 2423 982 2456 intenta
1006 2431 1125 2457 mente
1148 2434 1295 2457 manere
1311 2422 1411 2457 nullo
1427 2423 1539 2457 modo
1560 2421 1724 2457 valemus
1742 2435 1782 2465 »;

225 2489 311 2523 ergo
335 2477 450 2512 multo
473 2477 588 2523 magis
609 2477 681 2511 vita
705 2478 820 2510 activa
839 2484 956 2522 potest
970 2487 1117 2511 manere
1133 2484 1215 2523 post
1235 2476 1328 2510 hanc
1347 2477 1471 2518 vitam,
1493 2487 1601 2523 quam
1624 2483 1785 2510 contem-

223 2530 367 2577 plativa.

296 2584 369 2619 SED
393 2595 548 2619 CONTRA
575 2593 638 2626 est,
654 2584 750 2630 quod
774 2583 883 2629 Greg.
907 2583 992 2616 dicit
1014 2594 1120 2629 super
1138 2583 1268 2617 Ezech.
1294 2583 1397 2627 (hom.
1420 2583 1512 2628 14.):
1538 2595 1556 2614 «
1575 2581 1671 2617 Cum
1686 2593 1785 2628 prae-

223 2640 314 2672 senti
337 2638 482 2672 saeculo
510 2640 581 2672 vita
604 2637 761 2672 aufertur
788 2637 921 2671 activa:
947 2636 1229 2683 contemplativa
1252 2644 1371 2671 autem
1393 2636 1452 2671 hic
1475 2636 1654 2682 incipitur,
1681 2643 1719 2670 ut
1744 2635 1781 2669 in

224 2691 371 2725 coelesti
393 2692 505 2737 patria
527 2691 730 2737 perficiatur
748 2705 778 2724 n.

295 2745 523 2779 Rrspomizo
546 2745 750 2786 dicendum,
773 2745 880 2790 quod,
903 2743 994 2778 sicut
1016 2755 1120 2789 supra
1143 2744 1278 2777 dictum
1306 2751 1358 2777 est
1382 2743 1461 2787 (art.
1484 2755 1510 2778 1.
1534 2743 1601 2788 huj.
1625 2743 1686 2788 φ),
1707 2742 1780 2776 vita

224 2798 338 2831 activa
360 2798 469 2832 habet
490 2798 598 2832 finem
621 2798 656 2831 in
679 2798 913 2832 exterioribus
936 2797 1089 2839 actibus;
1112 2797 1172 2843 qui
1194 2798 1221 2831 si
1245 2796 1444 2830 referantur
1466 2796 1509 2830 ad
1524 2795 1681 2842 quietem
1698 2806 1781 2830 con-

223 2850 478 2896 templationis,
501 2852 572 2895 jam
595 2851 773 2897 pertinent
795 2851 837 2884 ad
860 2851 971 2884 vitam
995 2850 1334 2896 contemplativam:
1364 2850 1398 2883 in
1421 2849 1538 2883 futura
1561 2857 1680 2883 autem
1706 2849 1780 2882 vita

223 2904 412 2938 beatorum
435 2905 585 2939 cessabit
607 2905 798 2951 occupatio
822 2904 1039 2938 exteriorum
1063 2912 1226 2938 actuum:
1255 2911 1290 2938 et
1316 2903 1345 2937 si
1372 2904 1431 2949 qui
1458 2910 1557 2937 actus
1585 2901 1777 2937 exteriores

1839 2914 1842 2963 J

1837 3008 1840 3110 l
