1859 3122
218 178 304 231 246
641 186 862 222 QUAESTIO
893 187 1014 218 xxix.
1046 187 1292 217 ARTICULUS
1326 188 1370 217 11.

269 304 272 307 ,
289 269 518 304 RESPONDEO
541 268 746 310 dicendum,
769 269 865 314 quod
880 280 921 303 ex
939 269 1011 304 hoc
1029 269 1108 315 ipso
1124 268 1221 314 quod
1236 268 1351 302 homo
1375 268 1508 314 aliquid
1531 270 1675 316 appetit,
1698 281 1780 304 con-

217 334 369 369 sequens
384 331 446 365 est,
460 323 578 368 ipsum
597 329 764 368 appetere
781 323 856 368 ejus
871 323 967 368 quod
984 322 1117 368 appetit
1132 322 1411 364 assecutionem,
1426 329 1459 356 et
1477 333 1540 368 per
1555 334 1781 369 consequens

217 376 459 410 remotionem
483 386 621 416 eorum,
645 386 736 420 quae
759 375 1026 409 assecutionem
1048 375 1222 421 impedire
1245 383 1412 420 possunt:
1435 383 1554 420 potest
1575 384 1696 409 autem
1717 377 1782 410 im-

217 430 329 476 pediri
352 429 530 463 assecutio
552 429 639 462 boni
661 428 853 463 desiderati
875 440 937 474 per
964 429 1185 463 contrarium
1209 428 1406 474 appetitum
1430 428 1488 462 vel
1506 429 1702 474 suiipsius,
1722 429 1781 463 vel

216 483 382 517 alterius:
407 491 441 517 et
462 490 653 528 utrumque
675 482 813 516 tollitur
835 494 898 529 per
919 494 1060 528 pacem,
1079 483 1171 516 sicut
1193 494 1299 528 supra
1313 482 1451 516 dictum
1463 491 1515 516 est
1531 482 1610 526 (art.
1626 483 1779 530 praec.);

217 545 251 570 et
272 537 353 570 ideo
376 547 522 570 necesse
545 544 608 577 est,
632 536 729 581 quod
752 547 861 569 omne
885 545 1055 582 appetens
1075 544 1219 581 appetat
1240 546 1385 581 pacem3
1408 536 1622 581 inquantum
1643 536 1782 570 scilicet

216 601 324 623 omne
347 597 518 636 appetens
541 589 673 635 appetit
694 589 898 634 tranquille,
915 598 949 623 et
970 585 1054 623 sine>
1069 589 1332 634 impedimento
1347 588 1534 634 pervenire
1554 588 1596 622 ad
1618 588 1666 630 id,
1681 589 1779 634 quod

214 643 368 689 appetit3
398 645 434 677 in
467 654 539 688 quo
569 643 732 677 consistit
756 643 847 676 ratio
882 643 992 689 pacis,
1027 654 1136 689 quam
1167 644 1320 688 August.
1354 642 1426 686 (lib.
1453 654 1505 688 19.
1535 641 1571 676 de
1600 642 1676 677 Civ.
1701 643 1776 683 Dei,

215 703 287 743 rap.
309 698 368 742 13.)
393 696 516 731 definit
537 697 811 741 tranquillitatem
834 696 969 730 ordinis.

286 750 345 783 AD
371 760 519 784 PRmUM
543 761 629 794 ergo
652 749 857 790 dicendum,
880 749 976 795 quod
1002 761 1071 795 pax
1092 750 1265 795 importat
1291 748 1466 782 unionem
1487 759 1562 782 non
1584 747 1705 783 solum
1719 760 1777 795 ap-

214 803 345 849 petitus
367 803 631 844 intellectualis,
659 814 720 837 seu
752 802 948 844 rationalis,
979 811 1038 837 aut
1068 802 1245 844 animaliS,
1277 802 1319 835 ad
1343 813 1433 847 quos
1460 809 1578 847 potest
1598 803 1777 847 pertinere

216 868 424 898 consensus,
446 857 507 890 sed
530 856 639 890 etiam
662 856 838 902 appetitus
864 856 1054 899 naturalis3
1079 864 1113 890 et
1138 856 1220 889 ideo
1248 855 1374 897 Dion.;
1397 855 1493 896 dicit,
1516 855 1612 901 quod
1634 866 1702 901 pax
1727 862 1781 889 est

214 910 398 956 operativa
420 917 453 943 et
475 920 683 950 consensus,
711 917 745 943 et
771 909 1100 951 connaturalitatis3
1131 917 1169 942 ut
1194 909 1229 942 in
1253 919 1431 942 consensu
1454 908 1669 953 importetur
1690 908 1776 942 unio

214 964 436 1009 appetituum
456 974 497 996 ex
512 962 721 1008 cognitione
740 962 1026 1008 procedentium,
1048 974 1110 1008 per
1133 961 1472 996 connaturalitatem
1499 969 1620 995 autem
1646 961 1780 1007 impor-

212 1024 306 1050 tetur
325 1017 411 1050 unio
435 1016 657 1062 appetituum
678 1015 909 1049 naturalium.

283 1071 343 1105 AD
365 1080 571 1105 SECUNDUM
593 1069 798 1110 dicendum,
821 1068 917 1115 quod
939 1067 991 1102 illi
1010 1068 1118 1102 etiam
1137 1068 1197 1114 qui
1215 1067 1309 1102 bella
1328 1076 1514 1113 quaerunt,
1537 1075 1572 1102 et
1590 1067 1779 1102 dissensio-

211 1135 286 1165 nes,
300 1135 375 1157 non
390 1123 671 1157 desiderantnisi
684 1133 823 1168 pacem,
838 1133 947 1168 quam
958 1133 995 1155 se
1009 1121 1142 1155 habere
1152 1133 1225 1155 non
1239 1121 1459 1155 existimant:
1477 1129 1515 1155 ut
1529 1121 1627 1155 enim
1641 1121 1779 1155 dictum

213 1185 266 1211 est
287 1177 338 1222 (in
365 1184 454 1223 corp.
482 1179 576 1222 art),
599 1187 673 1210 non
700 1183 753 1209 est
780 1187 859 1222 pax,
886 1175 915 1209 si
942 1175 1020 1221 quis
1048 1186 1131 1208 cum
1159 1174 1229 1208 alio
1258 1174 1455 1208 concordet
1476 1182 1602 1208 contra
1623 1174 1658 1208 id
1681 1174 1778 1220 quod

210 1230 285 1276 ipse
308 1230 425 1275 magis
446 1229 572 1271 vellet3
601 1238 635 1263 et
657 1229 738 1263 ideo
753 1225 923 1263 homines
946 1236 1122 1274 quaerunt
1143 1228 1236 1261 hanc
1260 1227 1497 1261 concordiam
1516 1238 1683 1274 rumpere
1705 1227 1775 1261 bel-

210 1283 331 1324 lando,
353 1291 539 1328 tamquam
561 1282 741 1316 defectum
764 1283 861 1328 pacis
888 1282 1094 1323 habentem,
1117 1289 1154 1315 ut
1177 1281 1220 1315 ad
1247 1292 1375 1327 pacem
1398 1283 1620 1326 perveniant,
1642 1281 1678 1314 in
1701 1292 1771 1327 qua

210 1336 302 1370 nihil
328 1347 454 1370 eorum
481 1335 657 1369 voluntati
691 1343 883 1380 repugnat3
907 1343 940 1369 et
966 1342 1111 1380 propter
1137 1335 1207 1368 hoc
1243 1345 1372 1368 omnes
1398 1334 1573 1368 bellantes
1600 1342 1776 1380 quaerunt

212 1401 277 1436 per
297 1389 390 1423 bella
414 1389 457 1422 ad
481 1400 608 1434 pacem
631 1388 789 1433 aliquam
811 1388 997 1434 pervenire
1023 1387 1287 1433 perfectiorem,
1310 1399 1419 1433 quam
1441 1387 1537 1433 prius
1558 1387 1741 1421 haberent.

284 1443 344 1476 AD
373 1452 543 1477 TERTIUM
565 1442 771 1483 dicendum,
793 1441 890 1487 quod
912 1453 979 1487 pax
1003 1441 1166 1474 consistit
1192 1441 1228 1474 in
1250 1441 1482 1486 quietatione,
1505 1449 1539 1474 et
1565 1441 1699 1475 unione
1721 1452 1778 1487 ap-

212 1496 358 1541 petitus:
394 1495 485 1529 sicut
507 1503 628 1528 autem
650 1495 827 1540 appetitus
862 1502 980 1540 potest
1013 1505 1090 1528 esse
1117 1493 1327 1540 simpliciter
1352 1494 1451 1535 boni,
1481 1493 1540 1527 vel
1560 1494 1646 1527 boni
1668 1505 1775 1540 appa—

213 1549 338 1582 rentis:
361 1549 409 1582 ita
433 1548 542 1582 etiam
565 1556 599 1582 et
617 1559 684 1594 pax
706 1555 825 1593 potest
846 1558 923 1581 esse
946 1555 980 1581 et
1012 1558 1109 1588 vera,
1139 1555 1173 1581 et
1206 1558 1402 1593 apparens:
1428 1558 1512 1580 vera
1539 1547 1686 1592 quidem
1708 1559 1776 1593 pax

211 1613 285 1636 non
312 1610 431 1647 potest
453 1612 529 1635 esse
556 1601 623 1635 nisi
646 1601 741 1634 circa
769 1601 967 1647 appetitum
988 1600 1063 1634 veri
1089 1600 1196 1642 boni3
1225 1600 1307 1646 quia
1335 1611 1444 1634 omne
1467 1599 1616 1642 malum,
1643 1600 1709 1634 etsi
1727 1611 1779 1634 se-

212 1655 370 1689 cundum
405 1655 538 1701 aliquid
574 1662 744 1701 appareat
772 1655 922 1696 bonum,
945 1654 1039 1688 unde
1074 1665 1115 1687 ex
1143 1654 1261 1700 aliqua
1283 1663 1382 1699 parte
1406 1654 1603 1700 appetitum
1624 1655 1776 1700 quietet3

209 1709 321 1742 habet
341 1717 463 1743 tamen
485 1708 619 1743 multos
642 1707 814 1749 defectus,
837 1719 879 1742 ex
901 1708 1028 1754 quibus
1051 1709 1226 1753 appetitus
1248 1715 1411 1741 remanet
1436 1707 1627 1753 inquietus,
1649 1716 1683 1741 et
1703 1718 1778 1752 per-

209 1762 391 1803 turbatus,
427 1762 520 1795 unde
555 1774 622 1806 pax
648 1757 733 1796 vera
765 1772 839 1795 non
862 1769 980 1807 potest
1003 1772 1091 1802 esse,
1112 1761 1181 1794 nisi
1214 1761 1250 1794 in
1282 1761 1398 1802 bonis,
1427 1768 1461 1794 et
1481 1761 1682 1795 bonorum:
1709 1772 1777 1806 pax

210 1823 343 1857 autem,
367 1827 458 1861 quae
480 1815 663 1848 malorum
685 1823 748 1857 est,
770 1823 823 1848 est
844 1825 911 1860 pax
935 1825 1121 1860 apparens,
1137 1821 1171 1847 et
1184 1825 1258 1847 non
1273 1825 1376 1855 vera3
1396 1814 1490 1847 unde
1505 1814 1591 1847 dicit
1606 1813 1688 1859 Sap.
1709 1823 1771 1856 14:

208 1868 248 1902 In
270 1880 387 1914 magno
408 1870 554 1902 viventes
573 1869 760 1902 inscientiae
782 1868 872 1908 bello,
902 1872 959 1908 tot,
986 1872 1012 1901 ct
1034 1872 1102 1901 tam
1129 1878 1253 1911 magna
1273 1867 1362 1900 mala
1378 1873 1495 1912 parem
1519 1867 1696 1913 appellant.

281 1922 340 1955 AD
356 1932 543 1960 QUARTUM
575 1921 779 1962 dicendum,
807 1921 902 1965 quod
924 1931 1007 1953 cum
1028 1931 1112 1954 vera
1134 1931 1202 1966 pax
1231 1931 1305 1954 non
1332 1920 1376 1954 sit
1397 1920 1465 1954 nisi
1487 1920 1529 1954 de
1551 1920 1661 1962 bono,
1683 1920 1775 1954 sicut

209 1975 384 2020 dupliciter
410 1974 562 2008 habetur
583 1985 710 2007 verum
727 1974 877 2015 bonum,
899 1972 1054 2007 scilicet:
1070 1974 1212 2019 prusa-ta
1234 1981 1267 2007 et
1290 1974 1492 2019 imperfecte:
1516 1973 1564 2007 ita
1586 1983 1640 2007 est
1657 1973 1776 2019 duplex

209 2039 278 2074 pax
298 2039 401 2062 vera:
429 2039 495 2061 muz
530 2027 675 2073 quidem
707 2027 875 2072 perfecta,
899 2038 989 2072 quae
1014 2027 1177 2060 consistit
1197 2027 1233 2060 in
1260 2027 1416 2072 perfecta
1450 2026 1619 2060 fruitione
1640 2027 1775 2060 summi

208 2081 305 2122 boni,
328 2092 391 2126 per
412 2092 521 2126 quam
543 2091 671 2114 omnes
694 2080 870 2126 appetitus
898 2081 1068 2113 uniuntur
1091 2080 1238 2125 quietari
1260 2082 1295 2113 in
1317 2091 1409 2113 uno:
1430 2088 1464 2114 et
1485 2080 1543 2113 hic
1560 2088 1612 2114 est
1626 2079 1775 2114 ultimus

208 2133 288 2168 finis
311 2142 494 2167 creaturae
517 2132 714 2175 rationalis,
735 2133 935 2167 secundum
957 2132 1044 2166 illud
1064 2132 1120 2166 Ps.
1141 2143 1215 2178 147,
1231 2145 1238 2166 z
1256 2133 1532 2179 Quiposuitfincs
1551 2138 1620 2167 tuos
1635 2139 1773 2179 pacem:

209 2187 278 2221 alia
298 2198 384 2221 vero
407 2195 460 2220 est
485 2198 552 2232 pax
573 2186 795 2231 imperfecta,
819 2197 909 2232 quae
936 2186 1088 2220 habetur
1114 2186 1149 2219 in
1177 2186 1247 2219 hoc
1271 2187 1427 2220 mundo:
1456 2187 1538 2232 quia
1561 2186 1627 2221 etsi
1648 2186 1775 2233 princi-

209 2239 298 2286 palis
321 2241 462 2273 animae
484 2248 605 2273 motus
627 2240 787 2284 quiescat
809 2241 843 2272 in
858 2240 959 2281 Deo3
980 2247 1062 2272 sunt
1076 2247 1199 2273 tamen
1215 2239 1335 2285 aliqua
1357 2239 1594 2285 repugnantia
1616 2247 1650 2274 et
1667 2241 1773 2281 intus,

210 2301 244 2328 et
266 2301 376 2334 extra,
399 2304 490 2339 quae
513 2293 721 2338 perturbant
737 2293 829 2326 hanc
854 2303 992 2338 pacem.

759 2410 1102 2455 ARTICULUS
1139 2411 1217 2453 111.
1546 2441 1552 2446 -
1707 2433 1767 2469 175

416 2507 568 2537 UTRUM
594 2507 676 2535 PAX
704 2507 770 2536 SIT
804 2506 1009 2536 PROPRIUS
1044 2507 1261 2536 EFFECTUS
1292 2507 1568 2537 CHARITATIS.

316 2584 424 2628 (Part.
440 2595 467 2630 3.
483 2595 512 2629 q.
535 2584 669 2629 δᾳανί.
693 2583 725 2617 6.
748 2588 777 2617 ct
796 2583 878 2616 Mul.
902 2595 929 2628 q,
961 2595 1008 2617 w.
1032 2587 1095 2617 ari.
1112 2594 1141 2617 2.
1161 2588 1187 2616 ct
1214 2583 1296 2616 l'z'rt.
1319 2595 1347 2627 q.
1371 2595 1401 2617 2.
1424 2589 1488 2618 art.
1516 2595 1546 2618 2.
1575 2584 1617 2618 ad
1634 2597 1662 2631 5.

785 2641 812 2670 at
835 2642 942 2682 opusc.
964 2648 996 2680 4.
1025 2643 1097 2682 sap.
1119 2637 1178 2681 2.).

279 2719 338 2753 AD
362 2730 532 2754 TERTIUM
555 2719 605 2753 sic
628 2719 842 2765 proceditur.
870 2718 1032 2760 Videtur,
1059 2720 1154 2765 quod
1183 2731 1249 2765 pax
1271 2731 1345 2753 non
1368 2720 1413 2754 sit
1434 2720 1598 2766 proprius
1621 2720 1769 2757 effectus

209 2772 407 2806 charitatis:
432 2773 586 2806 charitas
609 2773 705 2806 enim
732 2783 805 2806 non
824 2772 975 2806 habetur
994 2772 1069 2806 sine
1093 2773 1205 2818 gratia
1229 2782 1372 2817 gratum
1393 2773 1564 2808 faciente:
1580 2774 1641 2808 sed
1663 2786 1730 2820 pax
1749 2787 1769 2810 a

209 2825 421 2869 quibusdam
442 2826 606 2867 habetur,
621 2826 681 2872 qui
702 2837 775 2860 non
797 2825 931 2860 habent
952 2826 1103 2870 gratiam
1121 2834 1262 2871 gratum
1283 2826 1500 2862 facientem:
1520 2827 1612 2862 sicut
1629 2836 1663 2863 et
1674 2828 1770 2864 Gen-

207 2876 287 2911 tiles
307 2877 500 2923 aliquando
523 2879 656 2914 habent
677 2890 823 2926 pacem3
842 2890 928 2924 ergo
952 2890 1019 2925 pax
1038 2890 1111 2913 non
1139 2888 1191 2913 est
1213 2879 1360 2914 effectus
1383 2881 1578 2915 charitatis.
