1859 3122
191 134 273 175 612
557 145 774 181 QUAESTIO
806 145 981 175 LXXXVI.
1013 145 1256 177 ARTICULUS
1288 146 1348 176 111.

188 237 287 260 sesso
309 232 426 272 potest
447 225 582 260 oblatio
603 225 697 260 fieri:
720 237 782 273 per
803 226 970 261 accidens
988 235 1109 262 tamen
1129 227 1316 274 contingit,
1332 227 1428 273 quod
1446 227 1489 262 de
1509 227 1628 274 aliquo
1642 227 1738 262 licite

188 290 353 325 possesso
377 278 511 312 oblatio
532 279 609 313 fieri
629 291 704 313 non
725 287 863 326 potest;
886 289 970 326 puta
988 281 1019 314 si
1039 289 1164 327 vergat
1184 281 1221 315 in
1243 281 1498 315 detrimentum
1520 281 1683 324 alterius3
1700 289 1739 315 ut

187 333 217 366 si
238 332 330 365 filius
353 332 479 378 aliquis
501 331 628 366 offerat
648 333 728 366 Deo
747 333 794 375 id,
816 333 910 367 unde
933 334 1037 368 debet
1057 342 1197 379 patrem
1211 335 1357 376 nutrire,
1373 334 1469 380 quod
1482 335 1662 369 Dominus
1675 334 1740 368 im-

186 386 324 431 probat,
334 385 461 419 Matth.
480 396 544 429 15„
556 385 614 420 vel
627 394 773 432 propter
783 386 1006 430 scandalum,
1020 387 1078 421 vel
1095 396 1240 434 propter
1256 396 1515 434 contemptum,
1529 387 1588 423 vel
1605 387 1737 434 aliquid

187 438 282 472 aliud
304 439 523 483 hujusmodi.

257 492 317 526 AD
338 503 487 527 PRIMUM
510 503 595 538 ergo
618 493 823 535 dicendum,
846 493 941 539 quod
963 494 999 527 in
1020 495 1132 528 veteri
1152 494 1232 540 lege
1254 495 1511 541 prohibebatur
1533 494 1668 529 oblatio
1695 494 1738 528 de

187 545 353 579 mercede
375 545 562 591 prostibuli
583 554 728 592 propter
748 546 1036 581 immunditiam:
1059 548 1095 581 in
1117 559 1213 582 nova
1235 557 1354 582 autem
1376 548 1455 594 lege
1476 556 1621 595 propter
1641 559 1739 582 scan-

187 597 320 640 dalum,
343 609 387 632 ne
407 599 570 634 videatur
591 599 753 634 Ecclesia
774 599 893 635 favere
915 609 1078 646 peccato,
1101 601 1130 635 si
1152 601 1194 636 de
1221 601 1322 636 lucro
1349 602 1489 648 peccati
1516 601 1738 636 oblationem

186 652 344 698 recipiat.

257 706 316 740 AD
339 717 545 741 SECUNDUM
567 706 771 749 dicendum,
789 707 885 753 quod
901 707 998 742 canis
1013 707 1210 742 secundum
1226 707 1345 754 legem
1360 708 1588 755 reputabatur
1606 707 1739 742 animal

186 759 434 794 immundum:
458 760 527 794 alia
548 768 669 794 tamen
693 761 863 795 animalia
884 761 1073 795 immunda
1094 762 1370 806 redimebantur,
1385 770 1419 797 et
1437 774 1562 797 eorum
1583 761 1739 808 pretium

186 822 327 859 poterat
348 813 478 855 offerri,
505 814 704 848 secundum
725 814 813 848 illud
842 814 955 849 Levit.
978 814 1059 850 ult.:
1081 816 1117 850 Si
1142 816 1350 850 immzmdtmz
1376 816 1502 850 animal
1527 821 1581 858 est,
1604 815 1740 850 redimet

185 868 241 912 qni
259 867 429 902 obtulerit:
449 868 509 902 sed
533 868 630 902 canis
652 879 717 902 nec
745 867 972 910 offerebatur,
994 880 1060 902 nec
1087 869 1354 904 redimebatur:
1375 877 1454 904 tum
1481 869 1564 915 quia
1590 867 1739 903 idolola-

185 928 260 955 trae
280 922 426 956 canibus
447 922 637 956 utebantur
657 922 693 956 in
716 922 899 956 sacrificiis
921 922 1120 958 idolorum:
1142 931 1220 957 tum
1242 924 1350 957 etiam
1373 923 1456 969 quia
1469 922 1672 969 significant
1687 933 1740 956 ra-

185 975 390 1020 pacitatem,
414 975 456 1009 de
486 986 556 1020 qua
582 986 655 1009 non
685 984 804 1022 potest
830 975 906 1009 fieri
932 975 1086 1011 oblatio:
1121 976 1182 1011 sed
1212 976 1303 1011 haec
1333 976 1527 1023 prohibitio
1558 983 1674 1010 cessat
1702 975 1738 1009 in

186 1038 282 1061 nova
303 1027 393 1073 lege.

251 1081 311 1115 AD
327 1092 498 1116 TERTHJM
521 1082 725 1124 dicendum,
748 1082 844 1128 quod
860 1083 996 1117 oblatio
1013 1082 1178 1117 animalis
1198 1083 1308 1125 caeci,
1321 1083 1381 1117 vel
1397 1082 1513 1118 claudi
1527 1082 1738 1117 reddebatur

185 1133 308 1168 illicita
337 1135 530 1181 tripliciter:
559 1147 620 1170 uno
645 1136 738 1170 modo
766 1136 904 1170 ratione
932 1137 1018 1181 ejus,
1047 1137 1089 1170 ad
1112 1137 1208 1182 quod
1230 1135 1464 1180 offerebatur3
1492 1136 1586 1171 unde
1612 1135 1739 1170 dicitur

186 1188 341 1222 Malach.
369 1199 414 1223 1.:
440 1189 476 1223 Si
503 1189 646 1234 offeratis
671 1201 801 1224 caecum
828 1190 870 1224 ad
896 1190 1147 1232 immolandam,
1175 1201 1279 1224 nonne
1307 1190 1433 1224 malum
1466 1191 1535 1225 est?
1564 1188 1738 1224 sacrificia

186 1249 305 1275 autem
321 1243 508 1288 oportebat
523 1254 598 1276 esse
610 1243 853 1277 immaculata:
868 1244 1004 1278 secundo
1017 1256 1057 1278 ex
1069 1252 1297 1290 contemptu3
1314 1244 1407 1278 unde
1423 1244 1556 1278 ibidem
1568 1243 1736 1278 subditur:

192 1296 252 1329 Vos
265 1296 430 1341 polluistis
448 1308 562 1330 nomen
590 1309 698 1330 meum
720 1298 754 1330 in
772 1309 806 1331 co
833 1297 917 1343 quod
938 1297 1063 1337 dicitis‚·
1091 1309 1201 1332 mensa
1222 1298 1364 1331 Domini
1387 1298 1612 1332 contaminata
1632 1301 1686 1337 est,
1709 1301 1739 1330 et

185 1348 270 1394 quod
290 1351 533 1395 superponitur,
561 1351 801 1396 contemptibile
827 1356 891 1385 est:
920 1352 1013 1385 tertio
1036 1351 1130 1384 modo
1159 1362 1200 1384 ex
1222 1358 1308 1384 voto
1331 1350 1571 1396 praecedenti,
1598 1361 1641 1384 ex
1666 1360 1737 1395 quo

186 1401 366 1447 obligatur
386 1402 512 1444 homo,
534 1411 571 1436 ut
591 1403 771 1449 integrum
793 1403 918 1438 reddat
939 1403 1035 1449 quod
1061 1404 1177 1445 vovit,
1199 1404 1292 1437 unde
1314 1404 1448 1438 ibidem
1469 1403 1646 1437 subditur:
1666 1403 1739 1437 Μα-

185 1455 317 1489 Ιεῑῖῐίίιις
343 1455 500 1498 dolosum,
523 1457 579 1502 qui
600 1457 692 1490 habet
718 1458 752 1490 in
772 1469 865 1502 grege
890 1469 946 1491 suo
973 1457 1166 1498 masculum,
1190 1462 1219 1491 ct
1238 1462 1352 1491 votum
1371 1457 1496 1501 fczciens
1515 1456 1667 1490 immolat
1691 1455 1740 1490 da-

186 1510 246 1544 bila
264 1510 433 1551 Domino;
455 1518 489 1544 et
510 1510 578 1544 hae
603 1521 731 1544 causae
755 1511 905 1545 eaedem
927 1519 1075 1545 manent
1091 1511 1127 1544 in
1146 1510 1226 1556 lege
1244 1521 1356 1554 nova;
1379 1510 1505 1556 quibus
1525 1518 1649 1544 tamen
1668 1520 1740 1543 ces-

185 1563 343 1598 santibus
364 1575 438 1598 non
461 1571 513 1598 est
532 1563 710 1598 illicitum.

762 1687 1105 1733 ARTICULUS
1141 1688 1217 1732 iv.
1668 1697 1734 1744 465

321 1796 472 1827 UTRUM
498 1796 555 1825 AD
580 1796 794 1827 PRIMITIAS
823 1797 1076 1827 SOLVENDAS
1105 1796 1299 1826 HOMINES
1323 1794 1601 1826 TENEANTUR.

254 1885 314 1918 AD
328 1895 515 1923 QUARTUM
530 1885 578 1918 sic
591 1885 804 1930 proceditur.
819 1884 981 1927 Videtur,
997 1885 1094 1930 quod
1109 1885 1151 1918 ad
1166 1884 1340 1930 primitias
1356 1883 1548 1918 solvendas
1562 1882 1733 1917 homines

183 1948 257 1972 non
278 1946 484 1972 teneantur:
509 1939 591 1984 quia
604 1938 715 1972 Exod.
736 1949 799 1983 13„
815 1938 895 1972 data
910 1938 989 1984 lege
1004 1938 1343 1983 primogenitorum,
1358 1937 1537 1972 subditur:
1553 1938 1633 1972 Erit
1645 1937 1737 1982 quasi

182 1992 310 2036 signnm
335 1993 367 2025 in
390 2003 488 2025 monn
512 1996 588 2026 tua:
611 2000 645 2025 et
670 1991 718 2025 ita
739 1991 879 2026 videtur
901 2002 978 2026 esse
999 1999 1232 2037 praeceptum
1255 1990 1538 2026 caeremoniale:
1559 1991 1621 2025 sed
1639 2001 1737 2036 prae-

185 2052 287 2090 cepta
309 2044 588 2078 caeremonialia
610 2056 683 2079 non
705 2053 786 2079 sunt
806 2044 982 2080 servanda
1003 2044 1039 2078 in
1065 2044 1145 2090 lege
1172 2055 1284 2087 nova3
1307 2055 1394 2090 ergo
1419 2055 1537 2090 neque
1558 2043 1735 2091 primitiae

185 2106 266 2132 sunt
287 2097 492 2132 solvendae.

255 2161 285 2185 2.
308 2151 542 2185 PRAETi—:REA.
569 2151 753 2185 Primitiae
777 2151 1017 2186 offerebantur
1037 2151 1200 2185 Domino
1227 2163 1291 2198 pro
1314 2150 1461 2197 speciali
1481 2150 1658 2185 beneficio
1684 2149 1737 2184 illi

184 2204 319 2251 populo
342 2204 519 2246 exhibit03
542 2204 635 2238 unde
656 2204 785 2238 dicitur
805 2205 951 2238 Deuter.
975 2202 1049 2238 26:
1084 2205 1187 2239 Tollcs
1209 2205 1245 2239 da
1267 2206 1391 2239 fimetis
1404 2205 1561 2250 frugibus
1588 2205 1652 2239 tuis
1667 2205 1737 2249 pri-

184 2259 307 2301 mitias,
330 2257 514 2303 accedasque
536 2257 577 2292 ad
595 2258 808 2299 Sacerdotem,
832 2260 888 2303 qui
913 2258 1013 2301 fucrit
1035 2260 1068 2292 in
1095 2258 1204 2293 diebus
1225 2259 1303 2301 illis,
1323 2263 1353 2293 et
1373 2258 1454 2292 dices
1475 2257 1517 2292 ad
1542 2269 1634 2292 eum:
1656 2256 1736 2291 Pro-

183 2313 275 2355 fiteor
296 2311 386 2346 hodie
408 2323 520 2346 coram
542 2313 689 2345 Domino
710 2312 781 2346 Deo
801 2317 864 2353 tuo,
889 2311 973 2357 quod
993 2313 1150 2355 ingressus
1169 2324 1240 2346 snm
1268 2317 1403 2353 terram,
1426 2318 1490 2358 pro
1516 2322 1581 2356 qua
1603 2311 1736 2356 juravit

181 2367 332 2411 patribus
354 2367 483 2407 nostris,
506 2370 541 2400 ut
562 2365 653 2400 daret
675 2376 746 2399 eam
768 2366 879 2405 nol⁷is;
904 2375 989 2409 ergo
1014 2364 1103 2398 aliae
1125 2365 1292 2399 nationes
1314 2376 1387 2399 non
1410 2372 1575 2399 tenentur
1601 2363 1644 2398 ad
1671 2363 1736 2409 pri-

185 2419 302 2453 mitias
325 2418 526 2453 solvendas.
574 2437 581 2444 x

259 2484 286 2518 3.
310 2472 543 2506 PRAETEREA.
566 2471 668 2513 Illud,
696 2472 738 2506 ad
766 2472 860 2517 quod
891 2471 1016 2516 al3quis
1038 2480 1187 2514 tenetur,
1211 2472 1315 2506 debet
1336 2483 1412 2506 esse
1435 2470 1732 2505 determinatum:

185 2527 245 2560 sed
267 2537 340 2559 non
362 2526 540 2559 invenitur
560 2537 626 2559 nec
649 2525 684 2558 in
711 2536 804 2559 nova
828 2525 921 2569 lege,
941 2536 1006 2558 nec
1030 2525 1063 2558 in
1079 2525 1190 2559 veteri
1213 2525 1448 2559 determinata
1470 2524 1648 2570 quantitas
1667 2524 1734 2569 pri-

184 2580 386 2621 mitiarum3
413 2590 499 2623 ergo
522 2579 565 2612 ad
588 2590 647 2612 eas
668 2578 858 2612 solvendas
880 2590 952 2611 non
975 2586 1139 2612 tenentur
1161 2579 1328 2612 homines
1351 2590 1393 2612 ex
1414 2577 1637 2611 necessitate.

256 2633 328 2667 SED
349 2643 503 2667 CONTRA
519 2640 582 2674 est,
601 2632 695 2678 quod
712 2632 839 2665 dicitur
858 2630 907 2665 16.
929 2643 960 2677 q.
977 2642 1008 2676 7.
1025 2631 1111 2678 (cap.
1128 2645 1137 2666 .·
1154 2633 1322 2677 Decimus)
1337 2644 1346 2666 :
1365 2644 1382 2663 ‹<
1399 2631 1553 2676 Oportet
1564 2630 1733 2671 decimas,

186 2694 219 2720 et
241 2686 426 2732 primitias,
449 2697 535 2731 quas
558 2687 600 2720 de
622 2687 697 2731 jure
720 2685 957 2719 Sacerdotum
986 2696 1061 2718 esse
1092 2686 1285 2727 sancimus,
1321 2686 1361 2718 ab
1393 2684 1493 2718 omni
1521 2683 1655 2730 populo
1679 2694 1733 2716 ac·

185 2741 345 2786 cipere».

255 2794 485 2829 Respososso
507 2793 712 2834 dicendum,
742 2792 837 2838 quod
868 2792 1046 2838 primitiae
1079 2793 1120 2825 ad
1152 2792 1335 2837 quoddam
1366 2802 1478 2837 genus
1507 2790 1730 2824 oblationum

185 2848 379 2892 pertinent;
395 2847 476 2893 quia
491 2848 571 2881 Deo
587 2847 796 2881 exhibentur
813 2857 894 2879 cum
908 2845 1061 2891 quadam
1079 2845 1312 2891 professione,
1328 2853 1364 2879 ut
1378 2845 1528 2878 habetur
1542 2844 1647 2878 Deut.
1663 2841 1732 2884 26.;
