1859 3122
175 134 259 186 636
538 143 759 178 QUAESTIO
792 143 999 172 LXXXVIII.
1033 142 1277 173 ARTICULUS
1309 142 1367 171 xt.

172 234 347 259 terrarum
370 236 410 258 cx
437 224 557 270 aliquo
589 225 821 258 matrimonio
855 223 1115 258 contrahendo.
1146 223 1216 257 Sed
1247 223 1331 268 quia
1357 222 1558 256 Decretalis
1587 222 1731 256 inducta

174 289 337 324 expresse
360 278 455 318 dicit,
478 278 574 323 quod
597 288 663 311 nec
686 289 849 311 summus
871 276 1037 310 Pontifex
1059 284 1177 321 potest
1200 283 1324 309 contra
1344 275 1545 309 custodiam
1561 275 1730 309 castitatis

174 332 357 365 monacho
369 331 551 364 licentiam
562 331 657 372 dare,
668 331 750 364 ideo
768 330 1016 364 aliteri-idetur
1027 330 1230 371 dicendum,
1247 329 1355 374 quod,
1369 329 1461 362 sicut
1475 340 1580 374 supra
1595 329 1732 362 dictum

174 394 225 418 est
247 385 324 427 (tart.
340 391 452 430 praec.
471 396 542 427 arg.
562 397 587 418 r.
603 389 631 418 et
645 384 695 418 ad.
711 385 768 428 L),
787 392 821 418 et
841 384 991 417 liabetur
1013 383 1125 417 Levit.
1146 383 1220 424 ult.,
1237 383 1325 416 illud
1344 383 1440 428 quod
1470 381 1583 416 semel
1605 382 1731 416 sancti-

172 437 318 471 ficatum
342 446 394 471 est
414 437 589 479 Domino,
611 449 684 471 non
707 445 824 483 potest
842 437 879 470 in
901 437 990 471 alios
1014 448 1097 470 usus
1120 435 1356 470 commutari:
1376 447 1449 469 non
1477 443 1596 469 autem
1615 443 1734 481 potest

171 490 289 524 facere
312 490 438 536 aliquis
462 490 646 524 Ecclesiae
668 490 859 536 praelatus,
882 498 920 524 ut
937 490 971 523 id
994 490 1090 535 quod
1114 498 1166 523 est
1187 488 1462 530 sanctificatum,
1482 489 1736 523 sanctificatio-

172 555 257 578 nem
279 544 429 585 amittat,
453 544 561 577 etiam
583 545 619 578 in
641 544 746 578 rebus
765 543 996 585 inanimatis余
1018 551 1103 589 puta
1125 543 1221 588 quod
1238 542 1329 576 calix
1345 550 1575 576 consecratus
1597 542 1735 576 desinat

174 609 250 631 esse
278 606 520 639 consecratus,
543 598 572 631 si
603 605 747 631 maneat
773 597 932 641 integer3
961 597 1056 630 unde
1085 595 1202 629 multo
1233 595 1352 629 minus
1382 603 1501 641 potest
1520 595 1592 629 hoc
1614 594 1732 629 facere

173 651 300 697 aliquis
320 651 512 698 praelatus,
534 659 572 685 ut
592 651 706 685 homo
728 651 810 685 Deo
834 658 1076 691 consecratus,
1095 649 1268 695 quamdiu
1285 649 1383 691 vivit,
1407 657 1637 683 consecratus
1657 660 1735 683 esse

175 705 342 747 desistat,
363 704 575 738 solemnitas
598 712 719 738 autem
740 704 817 738 voti
839 703 1001 738 consistit
1020 703 1055 736 in
1073 703 1230 749 quadam
1246 704 1533 744 consecratione,
1551 713 1614 737 seu
1631 702 1737 736 bene-

174 758 331 792 dictione
352 758 528 800 voventis,
548 766 586 792 ut
607 758 743 791 dictum
767 765 820 792 est
842 757 920 801 (art.
943 768 972 803 7.
995 757 1063 802 huj.
1086 756 1154 801 q.)余
1178 764 1212 790 et
1233 755 1314 789 ideo
1340 766 1415 789 non
1440 763 1558 801 potest
1578 755 1655 790 fieri
1675 766 1738 801 per

175 812 332 858 aliquem
349 811 550 858 praelatum
571 810 768 852 Ecclesiae,
796 811 892 856 quod
918 810 978 844 ille
1005 811 1065 855 qui
1092 817 1220 843 votum
1246 808 1411 843 solemne
1438 809 1567 851 emisit,
1590 808 1737 843 desistat

175 866 216 899 ab
240 876 296 907 eo,
319 866 362 899 ad
384 864 480 910 quod
503 872 556 898 est
577 872 832 906 consecratus3
855 872 939 910 puta
962 863 1057 909 quod
1080 862 1140 897 ille
1163 863 1224 908 qui
1246 870 1298 896 est
1319 862 1500 904 sacerdos,
1526 873 1601 896 non
1623 862 1667 896 sit
1688 873 1739 896 sa-

175 919 324 960 cerdos3
345 918 429 952 licet
450 918 562 964 possit
584 917 764 964 praelatus
787 918 832 951 ob
856 918 1014 963 aliquam
1038 927 1185 950 causam
1212 915 1464 950 executionem
1490 916 1625 950 ordinis
1651 915 1740 949 inhi-

174 973 281 1007 bere:
307 980 341 1006 et
361 972 471 1006 simili
493 972 631 1006 ratione
658 972 756 1017 Papa
782 983 855 1005 non
884 979 1001 1017 potest
1026 970 1156 1011 facere,
1185 969 1281 1015 quod
1307 969 1368 1003 ille
1394 971 1454 1015 qui
1481 977 1533 1003 est
1558 969 1738 1015 professus

174 1025 402 1070 religionem,
429 1036 502 1059 non
524 1025 568 1059 sit
590 1025 803 1071 religiosus余
829 1024 915 1058 licet
940 1024 1087 1070 quidam
1114 1023 1257 1069 juristae
1283 1023 1492 1069 ignoranter
1519 1022 1738 1056 contrarium

177 1079 316 1120 dicant,
339 1087 391 1113 est
413 1089 499 1124 ergo
528 1078 844 1119 considerandum,
871 1085 992 1112 utrum
1020 1076 1242 1111 continentia
1268 1077 1313 1110 sit
1339 1076 1576 1110 essentialiter
1602 1087 1740 1110 annexa

177 1133 220 1174 ei,
243 1132 286 1166 ad
308 1132 404 1178 quod
426 1140 552 1166 votum
575 1131 850 1166 solemnizatur:
875 1131 958 1178 quia
979 1131 1008 1165 si
1030 1142 1103 1164 non
1127 1139 1179 1165 est
1198 1130 1437 1164 essentialiter
1456 1141 1605 1172 annexa,
1623 1137 1742 1175 potest

176 1196 323 1219 manere
345 1185 555 1219 solemnitas
577 1185 860 1219 consecrationis
882 1185 958 1218 sine
980 1184 1100 1218 debito
1123 1183 1377 1225 continentiae,
1400 1183 1497 1229 quod
1525 1195 1600 1218 non
1622 1191 1742 1229 potest

178 1240 400 1284 contingere,
422 1239 451 1272 si
473 1239 517 1272 sit
539 1238 773 1272 essentialiter
796 1249 975 1272 annexum
994 1237 1037 1279 ei,
1058 1238 1100 1271 ad
1120 1237 1216 1282 quod
1234 1245 1361 1270 votum
1376 1236 1741 1271 solemnizatur.Non

179 1301 232 1326 est
253 1300 373 1326 autem
396 1291 632 1326 essentialiter
659 1303 840 1326 annexum
868 1291 1027 1325 debitum
1055 1290 1298 1324 continentiae
1325 1290 1443 1324 ordini
1469 1301 1584 1332 sacro,
1612 1289 1673 1324 sed
1701 1300 1742 1323 ex

178 1354 311 1380 statuto
332 1345 528 1387 Ecclesiae,
551 1345 646 1379 unde
667 1345 818 1386 videtur,
840 1345 936 1390 quod
955 1355 1018 1389 per
1036 1343 1237 1377 Ecclesiam
1255 1345 1366 1389 possit
1387 1344 1584 1389 dispensari
1601 1343 1637 1376 in
1654 1350 1742 1376 voto

179 1399 421 1433 continentiae
443 1398 682 1432 solemnizato
704 1410 766 1444 per
787 1398 1056 1443 susceptionem
1078 1397 1171 1431 sacri
1193 1397 1338 1431 ordinis.
1362 1397 1424 1431 Est
1442 1405 1563 1431 autem
1582 1397 1742 1431 debitum

180 1452 422 1486 continentiae
441 1451 630 1486 essentiale
649 1452 755 1486 statui
773 1451 970 1497 religionis,
990 1462 1052 1497 per
1070 1461 1178 1496 quem
1196 1450 1311 1484 homo
1335 1450 1562 1484 abrenuntiat
1584 1449 1742 1491 saeculo,

179 1505 335 1539 totaliter
356 1505 426 1539 Dei
448 1505 594 1539 servitio
622 1505 872 1551 mancipatus:
898 1504 995 1550 quod
1021 1515 1096 1537 non
1124 1511 1242 1548 potest
1268 1503 1375 1537 simul
1402 1511 1494 1538 stare
1521 1514 1604 1538 cum
1626 1502 1746 1536 matri-

180 1559 318 1600 monio,
337 1559 373 1592 in
396 1570 466 1604 quo
489 1559 666 1592 incumbit
686 1559 880 1592 necessitas
902 1557 1150 1603 procurandae
1173 1557 1305 1598 uxoris,
1328 1564 1363 1591 et
1380 1556 1502 1603 prolis,
1522 1565 1556 1591 et
1572 1555 1743 1598 familiae,

181 1621 215 1646 et
236 1624 369 1654 rerum,
391 1624 482 1658 quae
505 1612 548 1646 ad
569 1612 641 1646 hoc
664 1613 910 1658 requiruntur3
932 1611 1027 1645 unde
1049 1611 1176 1657 Apost.
1199 1610 1285 1644 dicit
1303 1621 1330 1643 1.
1350 1611 1393 1644 ad
1409 1610 1496 1644 Cor.
1512 1620 1542 1655 7.
1565 1609 1661 1656 quod
1689 1610 1745 1655 qui

179 1671 222 1700 cst
240 1678 313 1700 cum
336 1678 448 1708 uxore,
470 1666 614 1700 solicitus
635 1671 677 1700 est
692 1678 772 1712 quaa
785 1671 862 1700 sunt
879 1665 1006 1706 mundi,
1029 1663 1189 1710 quomodo
1204 1663 1337 1710 placeat
1358 1665 1469 1705 uxori,
1492 1668 1520 1698 et
1537 1663 1659 1697 divisus
1676 1668 1740 1703 est,-

181 1719 275 1753 unde
296 1730 431 1753 nomen
454 1719 628 1753 monachi
650 1719 691 1753 ab
711 1719 847 1753 unitate
865 1719 1029 1760 sumitur,
1045 1729 1107 1763 per
1122 1717 1328 1763 oppositum
1353 1716 1397 1750 ad
1419 1716 1635 1750 divisionem
1648 1726 1746 1762 prae-

182 1773 334 1814 dictam余
357 1781 391 1807 et
412 1774 493 1807 ideo
515 1774 550 1807 in
573 1782 660 1808 voto
683 1773 922 1807 solemnizato
946 1784 1008 1818 per
1029 1771 1293 1817 professionem
1319 1770 1506 1816 religionis
1531 1781 1605 1804 non
1627 1777 1745 1816 potest

182 1838 244 1871 per
265 1826 467 1860 Ecclesiam
490 1827 710 1872 dispensari:
739 1835 774 1861 et
794 1827 973 1861 rationem
996 1826 1155 1871 assignat
1180 1824 1392 1867 Decretalis,
1421 1824 1503 1870 quia
1525 1823 1668 1858 castitas
1694 1831 1747 1857 est

183 1891 321 1914 annexa
343 1880 490 1925 regulae
512 1880 734 1914 monachali.

253 1934 313 1967 AD
334 1944 482 1967 PRIMUM
505 1945 591 1979 ergo
614 1934 820 1975 dicendum,
840 1933 936 1978 quod
957 1931 1124 1978 periculis
1141 1942 1261 1965 rerum
1275 1931 1519 1964 humanarum
1535 1937 1587 1964 est
1601 1930 1748 1964 obvian-

183 1987 270 2020 dum
293 1998 354 2032 per
376 1998 431 2020 res
450 1987 640 2027 humanas,
662 1998 735 2019 non
759 1994 880 2019 autem
902 1997 964 2030 per
986 1985 1057 2018 hoc
1080 1985 1175 2030 quod
1197 1995 1253 2018 res
1276 1984 1417 2017 divinae
1437 1991 1693 2018 convertantur
1710 1984 1746 2017 in

183 2051 289 2073 usum
310 2040 531 2072 humanum:
555 2038 705 2083 professi
728 2047 847 2072 autem
875 2038 1091 2083 religionem
1118 2037 1251 2071 mortui
1277 2045 1360 2071 sunt
1386 2037 1535 2079 mundo,
1562 2045 1596 2071 et
1621 2037 1747 2071 vivunt

183 2091 276 2132 Deo,
298 2090 391 2124 unde
414 2102 488 2124 non
509 2100 592 2125 sunt
617 2092 812 2125 revocandi
834 2091 877 2125 ad
899 2091 1012 2125 vitam
1037 2090 1238 2124 humanam
1265 2090 1459 2125 occasione
1487 2091 1747 2136 cujuscumque

185 2151 344 2178 eventus.

258 2197 318 2232 AD
341 2208 547 2232 SECUNDUM
563 2197 767 2239 dicendum,
790 2197 885 2243 quod
908 2198 943 2231 in
958 2205 1045 2232 voto
1059 2197 1269 2243 temporalis
1285 2197 1528 2231 continentiae
1550 2196 1749 2243 dispensari

186 2258 315 2297 potest,
337 2251 428 2284 sicut
449 2258 483 2285 et
503 2251 540 2284 in
561 2258 648 2284 voto
670 2251 879 2296 temporalis
895 2251 1080 2293 orationis,
1102 2250 1159 2284 vel
1180 2250 1390 2296 temporalis
1413 2250 1665 2285 abstinentiae:
1685 2249 1747 2284 sed

187 2304 283 2350 quod
305 2304 341 2337 in
362 2312 448 2338 voto
467 2304 711 2338 continentiae
732 2316 793 2350 per
815 2303 1076 2350 professionem
1098 2303 1358 2337 solemnizzato
1379 2314 1454 2337 non
1476 2303 1588 2349 possit
1602 2303 1749 2349 dispen-

188 2357 268 2399 sari,
290 2357 361 2391 hoc
383 2369 457 2391 non
480 2365 542 2399 est,
565 2357 779 2402 inquantum
801 2366 853 2391 est
875 2366 974 2392 actus
1006 2357 1189 2399 castitatis,
1217 2357 1279 2391 sed
1313 2357 1526 2403 inquantum
1559 2356 1682 2402 incipit
1704 2356 1746 2390 ad

187 2410 328 2444 latriam
350 2411 526 2456 pertinere
547 2422 608 2456 per
630 2410 893 2455 professionem
916 2411 1112 2456 religionis.

259 2464 318 2497 AD
346 2474 516 2498 TERTIUM
538 2463 742 2505 dicendum,
765 2464 861 2509 quod
884 2464 982 2498 cibus
1009 2464 1141 2498 directe
1164 2464 1348 2497 ordinatur
1369 2463 1411 2497 ad
1435 2463 1748 2498 conservationem

190 2528 376 2562 personae,
399 2526 433 2551 et
454 2517 536 2551 ideo
560 2517 775 2550 abstinentia
799 2517 868 2550 cibi
891 2517 1022 2551 directe
1045 2525 1162 2563 potest
1183 2528 1331 2561 vergere
1354 2517 1389 2550 in
1411 2516 1611 2563 periculum
1633 2527 1751 2562 perso-

190 2581 269 2612 nae,
304 2571 396 2604 unde
426 2584 467 2605 ex
497 2571 565 2604 hac
592 2570 732 2604 ratione
758 2570 883 2615 recipit
910 2579 1035 2604 votum
1064 2571 1297 2604 abstinentiae
1332 2570 1659 2615 dispensationem:
1687 2569 1749 2603 sed

192 2624 306 2658 coitus
329 2636 401 2658 non
425 2625 609 2658 ordinatur
630 2624 763 2657 directe
785 2624 828 2657 ad
856 2624 1170 2657 conservationem
1198 2634 1384 2669 personae,
1411 2623 1472 2657 sed
1496 2623 1539 2656 ad
1563 2633 1751 2656 conscrva-

191 2678 329 2711 tionem
344 2678 494 2723 speciei3
517 2678 611 2711 unde
633 2689 699 2711 nec
723 2677 855 2710 directe
883 2676 1096 2710 abstinentia
1120 2677 1234 2710 coitus
1262 2687 1324 2721 per
1350 2676 1610 2710 continentiam
1636 2675 1751 2719 vergit

192 2731 226 2764 in
250 2731 449 2776 periculum
471 2742 666 2777 personae:
688 2730 749 2764 sed
777 2730 805 2763 si
826 2741 888 2775 per
907 2730 1072 2763 accidens
1100 2741 1141 2763 ex
1170 2741 1211 2764 ea
1234 2729 1379 2775 aliquod
1407 2729 1605 2775 periculum
1632 2739 1751 2775 perso

192 2783 271 2818 nale
295 2784 445 2826 accidat,
467 2793 585 2830 potest
605 2784 706 2818 aliter
727 2783 926 2818 subveniri:
948 2782 1085 2817 scilicet
1100 2795 1160 2829 per
1180 2782 1515 2827 abstinentiam,ch
1536 2782 1604 2816 alia
1627 2793 1751 2828 corpo-

193 2837 280 2871 ralia
303 2838 472 2872 remedia.
