1859 3122
482 175 703 211 QUAESTIO
738 175 870 204 XXXV.
903 175 1148 205 ARTICULUS
1183 176 1242 206 111.
1556 176 1635 218 295

150 258 224 293 SED
247 268 402 293 CONTRA
430 265 493 299 est,
516 257 612 303 quod
635 257 763 291 dicitur
786 267 816 291 2.
840 257 882 291 ad
907 257 993 291 Cor.
1018 268 1068 302 7.:
1098 258 1249 292 Tristitia
1270 258 1391 293 saeculi
1412 263 1549 292 mortem
1572 264 1640 304 opa-

76 316 192 352 ratur,·
215 312 276 346 sed
298 311 509 356 hujusmodi
531 319 584 346 est
606 311 762 345 accidia:
786 322 859 345 non
882 311 976 345 enim
1010 320 1062 346 est
1096 312 1237 346 tristitia
1272 312 1473 346 secundum
1507 313 1640 354 Deum,

75 376 167 411 quae
191 373 316 399 contra
338 365 518 399 tristitiam
541 364 676 399 saeculi
699 364 878 406 dividitur,
905 372 938 398 et
961 365 1115 399 salutem
1138 374 1324 412 operatur3
1356 377 1442 411 ergo
1478 374 1530 401 est
1563 360 1659 412 pec-¹

76 426 197 453 catum
219 418 384 453 mortale.

147 471 375 507 RESPONDEO
399 472 603 514 dicendum,
623 472 730 517 quod,
746 471 837 505 sicut
852 483 958 517 supra
978 472 1114 506 dictum
1134 481 1187 507 est
1203 473 1278 517 (1-2.
1295 486 1324 519 (J.
1339 475 1392 509 88.
1410 479 1474 508 art.
1490 486 1516 508 r.
1535 478 1563 508 cl
1577 473 1639 518 2.),

75 534 265 571 peccatum
289 525 441 559 mortale
464 525 603 566 dicitur,
626 525 722 570 quod
744 524 968 570 spiritualem
995 526 1107 559 vitam
1129 526 1234 568 tollit,
1257 539 1347 572 quae
1370 535 1423 561 est
1445 538 1505 572 per
1529 527 1642 560 chari-

74 586 198 620 tatem,
220 579 421 613 secundum
445 590 553 624 quam
575 579 674 611 Deus
696 589 762 612 nos
784 578 978 620 inhabitat3
1001 579 1094 613 unde
1116 579 1203 613 illud
1226 589 1417 626 peccatum
1440 594 1482 614 ex
1500 592 1566 614 suo
1586 592 1645 626 gez

74 644 160 667 nere
184 640 236 667 est
258 641 449 679 peccatum
471 632 637 673 mortale,
660 632 755 677 quod
780 633 823 667 de
846 644 882 666 se
905 633 1105 666 secundum
1129 634 1311 680 propriam
1347 635 1525 668 rationem
1560 646 1642 668 con-

74 686 240 720 trariatur
263 687 444 721 charitati:
467 686 676 731 hujusmodi
698 694 819 720 autem
842 694 894 720 est
915 686 1072 720 accidia:
1095 699 1179 720 nam
1203 688 1368 733 proprius
1391 687 1538 722 effectus
1561 689 1642 722 cha-

35 754 38 758 ·
74 739 186 773 ritatis
209 748 261 774 est
283 740 456 785 gaudium
478 740 521 773 de
543 740 635 780 Deo,
659 747 696 772 ut
716 750 823 785 supra
847 739 982 773 dictum
1006 748 1058 774 est
1076 742 1121 786 (q.
1138 742 1190 775 28.
1207 741 1348 785 art.1.).·
1366 742 1503 775 accidia
1519 750 1640 776 autem

74 800 127 827 est
147 793 288 827 tristitia
311 793 354 827 de
375 793 472 827 bono
495 792 681 838 spirituali,
703 793 917 838 inquantum
940 801 992 827 est
1013 794 1151 827 bonum
1174 794 1356 836 divinum3
1391 794 1485 828 unde
1518 806 1642 828 secun-

75 846 161 880 dum
187 858 293 880 suum
315 858 428 891 genus
450 846 588 880 accidia
611 854 664 880 est
686 855 876 892 peccatum
912 846 1085 882 mortale:
1119 847 1181 882 sed
1205 848 1509 882 considerandum
1532 857 1584 882 est
1604 849 1640 882 in

78 900 247 934 omnibus
269 900 438 946 peccatis,
461 911 551 946 quae
573 907 657 934 sunt
677 899 878 934 secundum
901 912 1006 934 suum
1030 912 1142 946 genus
1164 900 1342 943 mortalia,
1359 901 1455 946 quod
1470 913 1544 935 non
1559 910 1641 935 sunt

74 953 254 995 mortalia,
276 954 343 987 nisi
366 953 509 999 quando
533 964 636 987 suam
658 952 919 999 perfectionem
942 963 1222 999 consequuntur.
1246 954 1308 988 Est
1341 955 1438 988 enim
1474 966 1640 989 consum-

75 1007 186 1041 matio
210 1007 348 1052 peccati
371 1007 407 1040 in
430 1017 608 1040 consensu
631 1006 795 1040 rationis:
813 1006 997 1052 loquimur
1013 1008 1110 1041 enim
1128 1019 1222 1041 nunc
1239 1008 1282 1041 de
1298 1016 1449 1053 peccato
1464 1009 1640 1050 humano,

73 1060 170 1105 quod
192 1060 226 1093 in
250 1068 331 1094 actu
353 1061 514 1094 humano
539 1059 712 1101 consistit,
744 1061 844 1104 cujus
874 1060 1092 1106 principium
1127 1069 1179 1095 est
1212 1061 1322 1103 rati03
1357 1062 1450 1095 unde
1473 1063 1503 1095 si
1526 1062 1569 1096 sit
1591 1062 1641 1095 in-

74 1113 221 1147 choatio
243 1114 382 1158 peccati
403 1114 438 1147 in
460 1112 538 1147 sola
560 1113 801 1154 sensualitate,
825 1121 858 1147 et
880 1124 954 1146 non
985 1114 1163 1160 pertingat
1193 1126 1305 1160 usque
1341 1116 1383 1148 ad
1418 1126 1637 1149 consensum

72 1166 233 1209 rationis,
256 1175 401 1213 propter
422 1166 737 1212 imperfectionem
759 1174 858 1200 actus
881 1174 933 1200 est
955 1175 1146 1212 peccatum
1168 1167 1327 1201 veniale:
1351 1168 1441 1202 sicut
1457 1168 1492 1201 in
1509 1180 1640 1214 genere

73 1219 237 1254 adulterii
259 1220 563 1266 concupiscentia,
587 1231 677 1265 quae
700 1220 790 1254 sistit
811 1220 847 1253 in
863 1219 940 1253 sola
955 1220 1198 1263 sensualitate,
1215 1229 1266 1255 est
1282 1230 1472 1267 peccatum
1487 1222 1638 1256 veniale:

72 1273 102 1307 si
123 1281 245 1307 tamen
266 1274 472 1320 pervenitur
494 1285 606 1319 usque
629 1273 672 1307 ad
696 1284 915 1307 consensum
938 1274 1097 1315 rationis,
1120 1282 1172 1308 est
1193 1282 1383 1320 peccatum
1403 1275 1572 1309 mortale:
1592 1276 1639 1309 ita

73 1327 182 1360 etiam
204 1335 238 1360 et
259 1335 379 1361 motus
402 1327 561 1360 accidiae
582 1327 618 1360 in
640 1326 718 1361 sola
740 1326 971 1361 sensualitate
994 1328 1185 1373 quandoque
1208 1336 1260 1362 est
1279 1337 1424 1374 propter
1443 1340 1640 1375 repugnan-

72 1379 160 1413 tiam
183 1380 298 1414 carnis
322 1381 365 1414 ad
388 1380 564 1426 spiritum,
587 1388 621 1414 et
648 1388 732 1414 tunc
755 1388 808 1414 est
829 1388 1021 1426 peccatum
1043 1381 1202 1415 veniale:
1226 1382 1418 1428 quandoque
1448 1394 1534 1417 vero
1566 1395 1640 1429 per-

71 1433 177 1479 tingit
197 1444 309 1479 usque
333 1433 376 1467 ad
397 1434 588 1475 rationem,
620 1445 710 1480 quae
734 1434 912 1468 consentit
933 1434 969 1467 in
990 1433 1127 1479 fugam,
1150 1443 1184 1469 et
1206 1435 1409 1478 horrorem,
1435 1444 1469 1470 et
1491 1437 1640 1470 detesta-

73 1487 211 1520 tionem
239 1487 327 1520 boni
359 1487 481 1529 divini,
516 1499 623 1521 carne
658 1495 783 1521 contra
818 1487 982 1533 spiritum
1017 1489 1167 1522 omnino
1202 1489 1452 1535 praevalente,
1488 1498 1521 1524 et
1554 1498 1638 1524 tunc

76 1539 307 1574 manifestum
330 1548 394 1581 est,
416 1541 512 1586 quod
536 1541 672 1574 accidia
695 1549 748 1574 est
768 1549 958 1586 peccatum
982 1541 1147 1576 mortale.

144 1593 203 1626 AD
222 1603 371 1628 PRIMUM
393 1604 480 1639 ergo
499 1593 705 1635 dicendum,
726 1593 823 1639 quod
847 1594 984 1628 accidia
1006 1595 1245 1629 contrariatur
1271 1605 1464 1642 praecepto
1487 1597 1529 1630 de
1556 1608 1634 1630 san-

75 1645 293 1680 ctificatione
313 1646 478 1689 Sabbati;
497 1647 534 1680 in
556 1658 640 1692 quo,
662 1646 862 1681 secundum
885 1648 981 1693 quod
1004 1656 1056 1682 est
1078 1657 1311 1695 praeceptum
1331 1650 1481 1691 morale,
1504 1650 1638 1696 praeci-

72 1699 166 1744 pitur
187 1699 287 1745 quies
313 1700 444 1734 mentis
473 1700 509 1733 in
531 1700 633 1742 De03
660 1700 718 1734 cui
745 1700 855 1734 etiam
883 1701 1122 1735 contrariatur
1150 1702 1291 1736 tristitia
1314 1703 1443 1737 mentis
1471 1704 1513 1737 de
1541 1704 1637 1737 bono

73 1752 208 1786 divino.

143 1805 203 1839 AD
218 1816 425 1840 SECUNDUM
440 1805 646 1847 dicendum,
656 1806 752 1852 quod
768 1807 904 1841 accidia
918 1819 992 1841 non
1008 1816 1061 1842 est
1075 1819 1238 1842 recessus
1250 1808 1416 1843 mentalis
1432 1821 1451 1843 a
1467 1821 1640 1855 quocum-

72 1870 140 1905 que
161 1859 336 1905 spirituali
357 1859 466 1901 bono,
484 1859 546 1893 sed
569 1871 588 1893 a
607 1860 704 1893 bono
728 1860 862 1902 divino,
886 1861 943 1894 cui
965 1869 1108 1907 oportet
1130 1870 1291 1896 mentem
1308 1863 1497 1897 inhaerere
1521 1874 1561 1896 ex
1581 1875 1639 1897 ne-

72 1912 257 1954 cessitate3
279 1912 372 1946 unde
399 1913 429 1946 si
456 1913 534 1958 quis
557 1913 789 1947 contristetur
812 1914 854 1947 de
876 1914 960 1955 hoc,
983 1915 1079 1960 quod
1103 1914 1231 1960 aliquis
1259 1916 1356 1961 cogit
1378 1927 1460 1949 eum
1488 1916 1638 1962 implere

71 1977 182 2011 opera
197 1966 348 2007 virtutis,
363 1977 455 2011 quae
470 1966 589 2000 facere
604 1977 679 2000 non
694 1975 844 2008 tenetur,
859 1979 933 2001 non
949 1976 1002 2002 est
1016 1976 1206 2014 peccatum
1223 1969 1400 2011 accidiae3
1416 1970 1477 2003 sed
1493 1970 1637 2015 quando

72 2019 302 2053 contristatur
323 2019 359 2053 in
381 2020 448 2061 his,
471 2031 562 2065 quae
585 2020 617 2053 ei
639 2020 832 2054 imminent
854 2020 1019 2055 facienda
1042 2030 1187 2067 propter
1208 2022 1339 2056 Deum.

143 2073 202 2107 AD
223 2084 394 2108 TER‘riUM
409 2073 614 2115 dicendum,
638 2075 733 2119 quod
748 2074 783 2107 in
805 2075 889 2108 viris
912 2075 1044 2108 sanctis
1059 2075 1289 2109 inveniuntur
1312 2075 1421 2122 aliqui
1436 2076 1638 2122 imperfecti

73 2134 193 2161 motus
215 2126 394 2169 accidiae;
417 2127 477 2173 qui
497 2135 621 2161 tamen
643 2139 717 2161 non
740 2128 948 2173 pertingunt
969 2139 1081 2174 usque
1105 2129 1147 2162 ad
1171 2140 1390 2163 consensum
1418 2130 1576 2164 rationis.

631 2269 975 2314 ARTICULUS
1003 2271 1077 2313 IV.

310 2376 463 2406 UTRUM
488 2377 667 2407 ACCIDIA
689 2378 861 2407 DEBEAT
884 2378 988 2407 PONI
1015 2379 1172 2408 VITIUM
1200 2380 1427 2409 CAPITALE.

1569 2295 1587 2318 ω

1597 2296 1606 2318 ,-.

1616 2296 1634 2319 Ι.)

191 2464 296 2509 (Infr.
316 2475 346 2509 q.
365 2464 418 2509 36.
440 2469 504 2499 art.
526 2475 558 2509 4.
581 2470 611 2500 et
631 2476 664 2509 4.
679 2466 768 2500 Dist.
787 2476 842 2510 42.
862 2478 891 2511 q.
910 2477 940 2500 2.
957 2471 1020 2500 art.
1040 2478 1068 2512 3.
1087 2472 1117 2501 et
1142 2467 1226 2500 Mal.
1254 2479 1283 2512 q.
1304 2479 1348 2501 rr.
1377 2472 1440 2501 art.
1460 2467 1522 2511 4.).

145 2553 205 2587 AD
221 2562 409 2591 QUARTUM
424 2552 474 2586 sic
496 2554 712 2599 proceditur.
735 2554 898 2597 Videtur,
913 2555 1009 2600 quod
1025 2555 1161 2589 accidia
1177 2566 1250 2588 non
1266 2555 1392 2588 debeat
1408 2555 1492 2601 poni
1511 2555 1637 2589 vitium

75 2605 246 2652 capitale:
269 2606 397 2639 vitium
420 2605 516 2639 enim
539 2607 690 2652 capitale
713 2607 852 2649 dicitur,
876 2608 971 2653 quod
995 2616 1118 2642 movet
1145 2608 1187 2641 ad
1211 2616 1308 2642 actus
1333 2616 1577 2653 peccatorum,
1600 2617 1638 2642 ut

73 2671 179 2705 supra
201 2658 364 2692 habitum
387 2666 439 2692 est
457 2659 624 2705 (q.prczec.
647 2665 710 2694 art.
729 2661 778 2706 5.)
791 2674 800 2695 .·
820 2661 882 2694 sed
905 2661 1041 2695 accidia
1056 2672 1129 2695 non
1153 2669 1276 2694 movet
1299 2661 1341 2693 ad
1364 2661 1556 2706 agendum,
1576 2663 1636 2695 sed

74 2712 190 2756 magis
211 2711 359 2745 retrahit
381 2712 422 2745 ab
443 2712 604 2757 agend03
631 2724 718 2758 ergo
741 2725 815 2747 non
837 2713 942 2748 debet
964 2714 1050 2760 poni
1076 2714 1203 2747 vitium
1227 2713 1390 2758 capitale.

145 2775 176 2798 2.
197 2764 433 2798 PRAETEREA.
452 2763 590 2798 Vitium
610 2766 762 2811 capitale
785 2766 893 2800 habet
911 2766 1001 2800 filias
1021 2767 1086 2800 sibi
1107 2767 1311 2811 deputatas:
1337 2766 1494 2811 assignat
1515 2775 1635 2801 autem

76 2818 274 2863 Gregorius
299 2828 351 2863 31.
374 2817 502 2852 Moral.
524 2819 612 2865 (cap.
632 2820 696 2864 17.)
717 2831 769 2854 sex
791 2819 881 2854 filias
904 2820 1075 2861 accidiae,
1107 2831 1197 2865 quae
1219 2827 1318 2852 sunt:
1343 2820 1484 2861 mnditia,
1501 2832 1634 2862 rumor,

71 2871 344 2919 pusillanimitaS,
378 2871 572 2918 desperant),
601 2877 716 2919 torpor
745 2874 836 2908 circa
852 2878 1043 2920 praecepta,
1066 2873 1215 2918 &vergulio
1244 2873 1357 2906 mentis
1390 2873 1480 2907 circa
1510 2873 1635 2908 illicita.
