1859 3122
205 170 287 225 582
585 179 804 215 QUAESTIO
839 179 1018 209 LXXXIII.
1051 179 1296 210 ARTICULUS
1329 179 1390 209 111.

273 274 302 308 3.
325 263 562 297 PRAETEREA.
585 261 642 295 Ad
664 260 881 307 religionem
912 261 1090 307 pertinere
1112 260 1264 303 videtur,
1286 269 1324 294 ut
1353 261 1431 307 quis
1453 260 1595 295 divinae
1615 268 1764 295 naturae

200 316 349 358 cultum,
372 316 717 361 caeremoniamque
738 314 883 349 afferat:
907 315 968 349 sed
989 315 1105 349 oratio
1125 326 1199 348 non
1221 315 1360 349 videtur
1375 314 1508 361 aliquid
1528 315 1610 349 Deo
1627 314 1765 357 afferre,

199 370 261 404 sed
283 371 401 415 magis
428 369 562 416 aliquid
585 369 823 403 obtinendum
850 368 892 402 ab
916 380 960 403 eo
982 376 1121 415 petere,
1145 379 1232 414 ergo
1255 368 1372 402 oratio
1406 379 1481 402 non
1507 376 1560 403 est
1580 368 1765 415 religionis

199 431 310 458 actus.

265 477 340 511 SED
363 487 519 511 CONTRA
543 484 606 518 est,
628 475 725 522 quod
748 475 877 510 dicitur
899 475 935 509 in
954 475 1011 509 Ps.
1043 485 1139 518 14o.:
1162 476 1346 521 Dirigatzcr
1372 476 1484 510 oratio
1510 487 1594 518 mea,
1617 477 1701 511 sicut
1719 478 1766 512 in-

200 542 328 565 censum
350 532 384 564 in
404 535 576 576 conspectu
593 535 666 570 lu0;
691 529 751 563 ubi
773 529 859 563 dicit
881 529 983 564 Glos.
1002 529 1124 572 (interl.
1147 534 1176 564 et
1197 529 1267 563 ord.
1286 529 1431 576 implic.)
1450 529 1545 574 quod
1571 542 1588 561 «
1609 529 1645 563 in
1658 530 1766 577 hujus
1795 565 1797 567 ,

198 584 352 630 figuram
380 584 415 617 in
442 583 556 618 veteri
582 582 662 628 lege
694 583 885 617 incensum
919 582 1104 616 dicebatur
1126 581 1247 616 offerri
1272 582 1309 616 in
1337 583 1489 616 odorem
1515 593 1664 617 suavem
1694 584 1767 618 Do-

198 638 299 671 mino
321 651 338 670 >)
357 650 363 672 ;
386 637 450 671 sed
471 637 543 670 hoc
566 636 719 682 pertinet
745 636 787 670 ad
809 636 1044 681 religionem;
1069 647 1155 682 ergo
1179 636 1294 670 oratio
1318 644 1371 670 est
1392 635 1576 681 religionis
1599 644 1708 671 actus.

269 691 499 725 RESPONDEO
523 690 729 731 dicendum,
751 690 859 735 quod,
887 689 978 723 sicut
1000 701 1106 735 supra
1134 689 1270 723 dictum
1298 697 1350 723 est
1372 689 1418 734 (q.
1441 690 1491 724 81.
1514 694 1578 724 art.
1601 701 1632 724 2.
1655 695 1683 724 et
1699 691 1763 735 4.),

197 744 241 777 ad
268 743 484 789 religionem
507 743 650 789 proprie
677 743 832 788 pertinet
857 742 1109 783 reverentiam,
1138 750 1172 776 et
1198 743 1379 776 honorem
1412 742 1493 776 Deo
1517 742 1702 786 exhibere3
1729 751 1765 778 et

196 798 278 832 ideo
302 799 426 831 omnia
447 796 520 838 illa,
543 809 606 842 per
627 807 719 842 quae
742 797 822 830 Deo
843 796 1043 830 reverentia
1067 796 1262 837 exhibetur,
1285 796 1439 842 pertinet
1461 796 1503 830 ad
1526 795 1762 842 religionem:

197 862 260 897 per
281 851 486 885 orationem
510 859 630 884 autem
653 850 768 884 homo
790 850 871 883 Deo
894 849 1133 883 reverentiam
1157 849 1318 891 exhibet3
1340 849 1554 895 inquantum
1576 849 1714 884 scilicet
1732 850 1764 884 ei

198 916 235 939 se
267 905 419 949 subjicit,
443 912 477 939 et
498 904 684 950 profitetur
707 904 844 938 orando
867 916 904 938 se
927 915 971 938 eo
1001 904 1174 949 indigere,
1202 905 1293 938 sicut
1315 913 1461 939 auctore
1484 916 1633 939 suorum
1653 905 1764 939 bono-

197 970 298 1000 rum,
322 959 417 992 unde
440 957 674 992 manifestum
697 965 761 999 est,
784 957 881 1003 quod
904 958 1020 991 oratio
1040 966 1093 991 est
1119 959 1260 1004 proprie
1282 958 1467 1004 religionis
1486 966 1596 992 actus.

267 1013 327 1046 AD
343 1022 491 1046 PRIMUM
516 1023 601 1057 ergo
625 1011 832 1053 dicendum,
856 1012 951 1057 quod
975 1011 1142 1045 voluntas
1165 1020 1290 1046 movet
1312 1011 1398 1046 alias
1421 1012 1599 1058 potentias
1622 1012 1763 1047 animae

194 1066 231 1100 in
251 1077 357 1100 suum
380 1065 501 1107 finem,
524 1067 617 1099 sicut
638 1077 744 1110 supra
767 1065 902 1099 dictum
925 1073 977 1099 est
1001 1065 1079 1109 (art.
1108 1078 1134 1100 1.
1158 1065 1226 1110 lmj.
1250 1077 1278 1111 q.
1303 1065 1344 1099 ad
1370 1066 1440 1110 2.)‚·
1465 1073 1499 1099 et
1519 1065 1601 1099 ideo
1623 1066 1763 1112 religio,

196 1131 288 1165 quae
311 1129 363 1154 est
396 1119 432 1153 in
453 1118 653 1161 voluntate,
685 1118 827 1152 ordinat
854 1127 953 1152 actus
986 1118 1137 1152 aliarum
1168 1119 1411 1164 potentiarum
1443 1119 1486 1152 ad
1511 1119 1582 1153 Dei
1603 1131 1765 1154 reveren-

194 1173 301 1206 tiam:
324 1173 416 1207 inter
439 1172 526 1206 alias
553 1180 674 1206 autem
701 1172 880 1218 potentias
904 1171 1046 1205 animae
1077 1171 1281 1206 intellectus
1304 1171 1409 1206 altior
1435 1179 1499 1214 est,
1527 1180 1562 1206 et
1586 1172 1764 1207 voluntati

193 1227 447 1272 propinquior;
470 1234 504 1260 et
525 1226 607 1260 ideo
630 1235 711 1272 post
738 1226 983 1266 devotionem,
1007 1237 1098 1271 quae
1124 1225 1278 1271 pertinet
1305 1226 1347 1259 ad
1376 1227 1492 1271 ipsam
1519 1225 1759 1269 voluntatem,

195 1281 324 1321 oratio,
347 1291 438 1326 quae
460 1280 614 1326 pertinet
635 1279 679 1313 ad
702 1288 840 1324 partem
862 1278 1134 1321 intellectivam,
1157 1287 1209 1313 est
1231 1279 1423 1325 praecipua
1450 1279 1542 1313 inter
1563 1287 1662 1314 actus
1685 1280 1763 1314 reli-

195 1334 324 1379 gionis,
347 1345 410 1379 per
432 1344 541 1379 quam
564 1333 691 1378 religio
713 1332 938 1366 intellectum
960 1333 1120 1367 hominis
1143 1341 1267 1366 movet
1288 1333 1324 1366 in
1343 1333 1476 1366 Deum.

268 1387 329 1421 AD
351 1397 559 1421 SECUNDUM
579 1386 785 1428 dicendum,
805 1386 901 1432 quod
924 1397 997 1420 non
1020 1385 1139 1420 solum
1161 1394 1281 1431 petere
1305 1397 1396 1432 quae
1419 1386 1676 1429 desideramus,
1699 1387 1761 1421 sed

195 1442 305 1474 etiam
334 1449 430 1474 recte
454 1439 586 1486 aliquid
609 1440 824 1481 desiderare,
847 1440 910 1473 sub
934 1447 1126 1485 praecepto
1159 1440 1274 1474 cadit:
1302 1439 1363 1473 sed
1391 1439 1593 1474 desiderare
1616 1441 1761 1486 quidem

195 1494 291 1528 cadit
312 1494 374 1528 sub
397 1502 590 1540 praecepto
615 1493 813 1528 charitatis:
838 1501 959 1539 petere
983 1500 1103 1526 autem
1125 1493 1188 1527 sub
1211 1501 1404 1539 praecepto
1434 1493 1638 1539 religionis;
1665 1494 1761 1540 quod

193 1547 339 1594 quidem
358 1555 592 1593 praeceptum
615 1547 760 1592 ponitur
781 1546 909 1580 Matth.
933 1556 964 1592 7.
987 1546 1048 1579 ubi
1070 1546 1217 1580 dicitur:
1242 1547 1355 1589 Petita,
1375 1552 1405 1581 et
1425 1548 1600 1593 accipietis.

265 1602 325 1636 AD
349 1612 522 1636 TERTIUM
551 1600 758 1642 dicendum,
782 1600 878 1646 quod
907 1600 1045 1634 orando
1068 1599 1175 1633 tradit
1200 1599 1315 1633 homo
1343 1607 1505 1634 mentem
1531 1611 1634 1634 suam
1667 1600 1762 1643 Deo,

192 1666 303 1702 quam
325 1655 357 1689 ei
378 1666 441 1701 per
468 1654 708 1688 reverentiam
743 1653 895 1698 subjicit,
931 1661 964 1686 et
992 1653 1268 1699 quodammodo
1296 1661 1511 1699 praesentat,
1534 1661 1571 1688 ut
1596 1662 1693 1700 patet
1719 1666 1761 1688 ex

193 1710 406 1743 auctoritate
429 1708 582 1754 Dionys.
610 1707 707 1754 prius
728 1708 874 1741 inducta
899 1707 977 1751 (art.
1000 1719 1027 1741 r.
1055 1707 1124 1752 lmj.
1148 1718 1177 1752 q.
1200 1718 1270 1752 arg.
1292 1709 1339 1752 2.)
1351 1719 1363 1747 ;
1387 1714 1421 1741 et
1442 1707 1524 1741 ideo
1546 1707 1638 1741 sicut
1659 1719 1762 1741 mens

195 1763 356 1796 humana
379 1762 602 1808 praeeminet
624 1761 871 1802 exterioribus,
893 1759 951 1794 vel
970 1759 1217 1806 corporalibus
1243 1760 1427 1802 membris,
1448 1761 1507 1795 vel
1529 1761 1762 1795 exterioribus

193 1817 310 1857 rebus,
334 1827 424 1862 quae
449 1815 492 1848 ad
514 1815 584 1849 Dei
609 1814 795 1848 servitium
823 1813 1066 1860 applicantur3
1089 1813 1138 1847 ita
1160 1815 1270 1847 etiam
1293 1814 1408 1848 oratio
1432 1815 1655 1860 praeeminet
1682 1814 1760 1848 aliis

193 1870 330 1905 actibus
353 1869 549 1916 religionis.

753 2009 1100 2054 ARTICULUS
1130 2009 1206 2053 IV.
1235 2042 1237 2045 .
1693 2032 1757 2066 441

548 2119 701 2149 UTRUM
735 2118 871 2148 SOLUS
905 2119 1017 2147 DEUS
1052 2118 1223 2148 DEBEAT
1258 2118 1402 2148 ORARI.

335 2206 386 2251 (4.
407 2207 495 2240 Dist.
518 2217 560 2251 15.
584 2217 613 2251 q.
632 2217 665 2249 4.
688 2210 752 2240 art.
767 2217 796 2251 5.
819 2217 848 2251 q.
871 2218 898 2240 1.
920 2210 950 2240 et
971 2206 1060 2240 Dist.
1079 2206 1129 2251 38.
1153 2217 1182 2251 q.
1204 2218 1232 2240 Ι.
1254 2210 1318 2240 art.
1340 2218 1367 2240 1.
1390 2217 1420 2251 q.
1442 2218 1471 2241 Ι.
1492 2205 1534 2240 ad
1554 2207 1616 2252 4,).

265 2296 324 2330 AD
351 2304 539 2334 QUARTUM
563 2294 612 2327 sic
647 2293 864 2340 proceditur.
895 2293 1058 2335 Videtur,
1094 2293 1191 2340 quod
1225 2293 1323 2328 solus
1350 2294 1450 2328 Deus
1483 2293 1611 2328 debeat
1644 2294 1756 2328 orari:

194 2349 310 2384 oratio
332 2350 428 2383 enim
456 2355 508 2381 est
535 2355 633 2381 actus
658 2346 854 2392 religionis,
876 2355 914 2380 ut
932 2347 1067 2380 dictum
1092 2356 1144 2381 est
1165 2348 1246 2392 (art.
1272 2349 1424 2393 praec.):
1451 2347 1512 2381 sed
1539 2347 1637 2381 solus
1658 2348 1758 2382 Deus

195 2411 248 2438 est
265 2402 441 2448 religione
464 2400 659 2443 colendus3
683 2411 770 2445 ergo
793 2400 891 2434 solus
914 2400 1012 2434 Deus
1035 2408 1087 2434 est
1106 2401 1273 2435 orandus.

261 2467 292 2490 2.
314 2456 551 2490 PRAETEREA.
575 2454 719 2488 Frustra
742 2454 935 2500 porrigitur
958 2455 1074 2487 oratio
1102 2454 1145 2488 ad
1175 2466 1269 2495 eum,
1292 2454 1353 2500 qui
1380 2454 1583 2488 orationem
1605 2465 1679 2488 non
1702 2465 1759 2489 co-

195 2510 356 2556 gnoscit:
380 2509 440 2543 sed
458 2508 570 2543 solius
590 2507 661 2541 Dei
675 2516 727 2541 est
743 2507 947 2541 orationem
963 2518 1186 2553 cognoscere
1200 2520 1207 2549 3
1226 2515 1302 2541 tum
1318 2507 1401 2553 quia
1415 2507 1626 2553 plerumque
1642 2508 1757 2542 oratio

195 2564 310 2609 magis
335 2563 450 2608 agitur
472 2560 633 2596 interiori
655 2568 748 2602 actu,
771 2572 879 2606 quem
902 2560 1000 2594 solus
1027 2561 1127 2595 Deus
1147 2561 1348 2606 cognoscit,
1376 2572 1484 2607 quam
1511 2572 1614 2603 voce,
1636 2572 1760 2595 secun-

196 2618 281 2651 dum
304 2616 391 2650 illud
414 2615 509 2662 quod
530 2613 729 2661 Apostolus
748 2614 833 2647 dicit
860 2624 885 2647 1.
910 2614 953 2647 ad
974 2613 1061 2649 Cor.
1085 2624 1156 2657 14:
1180 2615 1293 2649 Orabo
1315 2615 1446 2660 spiritu,
1467 2615 1567 2648 orabo
1591 2619 1618 2648 et
1634 2620 1759 2650 mente:

194 2678 272 2704 tum
295 2670 403 2704 etiam
424 2669 517 2714 quia,
541 2676 578 2702 ut
600 2668 752 2713 August.
773 2667 858 2700 dicit
872 2667 908 2700 in
929 2666 988 2700 lib.
1012 2667 1053 2700 de
1077 2667 1175 2701 Cura
1194 2679 1258 2713 pro
1281 2667 1433 2701 mortuis
1450 2667 1588 2712 agenda
1608 2668 1696 2714 (cap.
1713 2680 1755 2714 13.

197 2736 237 2769 [ς.
260 2728 288 2758 et
309 2723 376 2768 16.)
400 2722 565 2756 nesciunt
586 2721 732 2762 mortui,
755 2720 864 2754 etiam
887 2720 1013 2761 sancti,
1036 2721 1120 2766 quid
1144 2729 1253 2767 agant
1273 2721 1355 2765 vivi,
1384 2720 1493 2754 etiam
1520 2732 1647 2755 eorum
1674 2720 1755 2764 filii3

196 2789 283 2823 ergo
306 2777 423 2811 oratio
449 2787 523 2810 non
547 2783 599 2810 est
620 2775 688 2809 nisi
709 2775 791 2808 Deo
813 2773 1040 2820 porrigenda.

271 2842 298 2876 3.
327 2831 562 2864 PRAETEREA.
591 2829 629 2862 Si
656 2827 831 2873 aliquibus
858 2827 991 2861 sanctis
1019 2827 1221 2861 orationem
1250 2827 1479 2873 porrigimus,
1506 2827 1576 2861 hoc
1603 2838 1675 2860 non
1703 2835 1756 2862 est

197 2884 264 2918 nisi
287 2884 498 2930 inquantum
521 2891 602 2916 sunt
623 2883 704 2917 Deo
728 2881 931 2927 conjuncti3
954 2880 1014 2914 scd
1037 2880 1183 2928 quidam
1207 2881 1241 2914 in
1260 2881 1482 2915 boemundo
1506 2880 1675 2923 viventes,
1696 2880 1755 2914 vel
