1905 3137
279 162 358 204 118
703 173 924 208 QUAESTIO
957 174 1048 204 XIII.
1081 174 1325 204 ARTICULUS
1358 174 1403 204 11.

833 342 1178 388 ARTICULUS
1216 344 1272 385 H.
1787 365 1832 401 70

433 450 586 480 UTRUM
610 450 882 480 BLASPHEMIA
905 452 1068 481 SEMPER
1095 451 1161 480 SIT
1188 451 1425 480 PECCATUM
1451 450 1672 480 MORTALE.

860 539 931 584 (Ad
955 540 1025 574 Col.
1044 552 1072 586 3.
1095 540 1163 574 lact.
1186 539 1246 583 2.).

346 627 405 661 AD
424 638 631 662 SECUNDUM
652 628 702 662 sic
724 628 942 674 proceditur.
964 627 1126 670 Videtur,
1149 629 1245 674 quod
1267 627 1493 673 blasphemia
1519 638 1594 661 non
1620 638 1764 673 semper
1789 627 1833 661 sit

274 689 466 727 peccatum
489 680 666 716 mortale:
688 682 771 727 quia
789 693 894 727 super
906 681 995 714 illud
1011 681 1055 715 ad
1070 681 1196 716 Colos.
1220 693 1267 727 3.:
1289 682 1387 716 Nunc
1410 686 1519 716 autem
1541 680 1698 727 deponite,
1720 685 1750 715 et
1761 692 1832 722 vos,

273 742 340 768 etc.
368 734 454 768 dicit
481 734 583 769 Glos.
613 734 698 778 (ord.
725 736 896 779 Ambros.)
929 742 1042 780 «post
1068 735 1207 779 majora
1233 734 1399 780 prohibet
1424 735 1567 768 minora
1582 745 1622 767 »ε
1650 741 1685 767 et
1710 741 1832 767 tamen

275 787 393 821 subdit
419 787 462 822 de
488 787 732 833 blasphemia,
760 799 846 833 ergo
872 787 1098 833 blasphemia
1131 788 1224 822 inter
1248 796 1397 834 peccata
1423 787 1565 821 minora
1593 794 1831 833 computatur,

273 851 365 886 quae
387 849 469 874 sunt
490 849 639 886 peccata
656 841 822 875 venialia.

345 904 376 927 2.
399 894 635 928 PRAETEREA.
662 894 784 929 Omne
799 902 990 940 peccatum
1004 893 1159 928 mortale
1181 894 1375 939 opponitur
1397 893 1505 927 alicui
1525 901 1717 939 praecepto
1733 892 1834 926 deca-

272 946 364 992 logi:
388 947 450 981 sed
471 947 697 993 blasphemia
711 959 785 981 non
799 947 939 981 videtur
961 947 1069 980 alicui
1091 958 1217 981 eorum
1240 947 1391 993 opponi3
1414 958 1500 993 ergo
1518 946 1745 993 blasphemia
1757 956 1832 980 non

273 1008 326 1034 est
346 1008 538 1046 peccatum
560 1000 724 1034 mortale.

346 1064 376 1098 3.
391 1053 627 1087 PRAETEREA.
644 1053 798 1087 Peccata
814 1065 905 1099 quae
926 1054 1059 1099 absque
1081 1053 1338 1087 deliberatione
1362 1053 1648 1094 committuntur,
1662 1063 1737 1086 non
1751 1059 1833 1086 sunt

273 1107 458 1140 mortalia:
482 1115 628 1152 propter
651 1107 747 1152 quod
769 1107 876 1153 primi
894 1115 1013 1141 motus
1031 1118 1105 1140 non
1127 1115 1209 1141 sunt
1229 1115 1379 1152 peccata
1401 1106 1580 1148 mortalia,
1602 1106 1685 1152 quia
1705 1105 1835 1140 delibe-

272 1159 452 1194 rationem
473 1161 622 1194 rationis
644 1161 875 1206 praecedunt,
897 1168 936 1194 ut
962 1172 1004 1194 ex
1026 1172 1132 1206 supra
1160 1160 1262 1194 dictis
1289 1168 1386 1206 patet
1412 1161 1490 1205 (1—2.
1513 1172 1543 1206 q.
1571 1171 1623 1206 74.
1651 1164 1714 1193 art.
1745 1158 1832 1203 10.):

271 1215 334 1249 sed
354 1214 581 1259 blasphemia
603 1214 819 1259 quandoque
842 1214 976 1259 absque
998 1213 1257 1248 deliberatione
1279 1214 1458 1259 procedit;
1485 1224 1572 1259 ergo
1594 1224 1669 1246 non
1688 1223 1831 1257 semper

273 1275 325 1302 est
346 1275 536 1314 peccatum
558 1266 722 1300 mortale.

346 1321 421 1355 SED
445 1330 599 1354 CONTRA
622 1328 685 1361 est,
708 1320 803 1366 quod
831 1320 959 1353 dicitur
985 1320 1099 1354 Levit.
1128 1330 1201 1362 24:
1231 1320 1301 1364 Qui
1327 1320 1598 1366 blasphemaverit
1621 1331 1740 1353 nomen
1764 1319 1834 1352 Do-

273 1375 370 1416 mini,
394 1379 497 1408 morte
518 1375 708 1407 moriatur.-
732 1373 793 1407 sed
816 1384 933 1419 poena
960 1373 1087 1406 mortis
1113 1384 1187 1406 non
1213 1372 1361 1406 infertur
1386 1373 1455 1407 nisi
1476 1383 1540 1418 pro
1564 1380 1714 1418 peccato
1741 1382 1835 1405 mor-

272 1426 354 1469 tali3
383 1438 468 1472 ergo
491 1426 717 1472 blasphemia
740 1435 792 1460 est
813 1434 1005 1472 peccatum
1026 1426 1190 1460 mortale.

342 1480 569 1515 REspos-mzo
592 1479 798 1521 dicendum,
817 1479 925 1525 quod,
939 1479 1031 1513 sicut
1044 1490 1150 1525 supra
1173 1479 1309 1512 dictum
1324 1486 1377 1512 est
1392 1478 1472 1522 (1-2.
1492 1490 1522 1524 q.
1542 1489 1593 1524 72.
1606 1483 1670 1513 art.
1681 1479 1740 1524 5.)‚
1755 1488 1834 1524 pec-

272 1542 394 1568 catum
412 1532 566 1566 mortale
589 1541 652 1574 est,
674 1543 736 1578 per
758 1533 855 1578 quod
876 1532 989 1566 homo
1009 1540 1194 1578 separatur
1210 1543 1229 1565 a
1243 1532 1361 1577 primo
1384 1531 1560 1577 principio
1582 1530 1773 1576 spiritualis
1786 1531 1834 1565 vi-

271 1595 340 1628 tae,
363 1586 459 1632 quod
482 1594 535 1620 est
556 1586 710 1619 charitas
729 1585 809 1619 Dei.
826 1585 932 1619 Unde
955 1596 1204 1630 quaecumque
1224 1584 1390 1618 charitati
1406 1593 1618 1630 repugnant,
1634 1595 1675 1618 ex
1697 1595 1762 1618 suo
1777 1595 1835 1630 ge-

270 1651 355 1674 nere
377 1647 458 1673 sunt
484 1647 632 1685 peccata
655 1638 839 1672 mortalia:
862 1637 1086 1684 blasphemia
1109 1646 1230 1671 autem
1251 1637 1452 1671 secundum
1474 1648 1586 1683 genus
1608 1648 1714 1671 suum
1735 1648 1834 1683 repu-

272 1701 359 1738 gnat
373 1692 538 1726 charitati
553 1692 710 1733 divinae,
726 1691 809 1737 quia
831 1691 981 1737 derogat
995 1691 1137 1725 divinae
1151 1691 1314 1732 bonitati,
1329 1699 1368 1724 ut
1382 1691 1518 1724 dictum
1532 1698 1585 1724 est
1600 1691 1678 1734 (art.
1688 1691 1832 1737 praec),

272 1757 363 1792 quae
385 1754 438 1780 est
460 1745 642 1791 obiectum
659 1745 860 1786 charitatis3
883 1752 917 1778 et
933 1744 1016 1778 ideo
1030 1743 1256 1790 blasphemia
1271 1753 1324 1778 est
1337 1752 1528 1790 peccatum
1542 1743 1696 1778 mortale
1711 1754 1752 1777 ex
1767 1754 1833 1778 suo

273 1810 417 1844 genere.

345 1853 403 1885 AD
429 1862 578 1886 PRIMUM
609 1862 694 1896 ergo
729 1850 934 1892 dicendum,
966 1851 1061 1896 quod
1090 1850 1222 1884 Glossa
1247 1849 1309 1884 illa
1334 1861 1408 1883 non
1435 1858 1488 1884 est
1508 1850 1558 1883 sic
1587 1849 1833 1894 intelligenda,

271 1906 369 1951 quod
391 1905 514 1938 omnia
536 1915 627 1950 quae
654 1904 862 1944 subduntur,
884 1904 953 1937 sint
972 1912 1120 1948 peccata
1135 1903 1321 1944 mortalia3
1344 1903 1406 1936 sed
1420 1903 1503 1949 quia
1526 1914 1608 1937 cum
1631 1914 1738 1948 supra
1758 1913 1833 1936 non

271 1958 501 2004 expressisset
527 1959 595 1991 nisi
622 1958 772 2002 majora,
799 1957 1034 2002 postmodum
1061 1957 1170 1990 etiam
1197 1956 1375 2002 quaedam
1405 1956 1547 1990 minora
1574 1955 1712 1997 subdit;
1741 1955 1834 1989 inter

273 2022 364 2057 quae
387 2011 495 2045 etiam
517 2011 695 2056 quaedam
718 2010 760 2043 de
783 2010 980 2054 majoribus
1002 2009 1114 2054 ponit.

343 2065 402 2098 AD
424 2074 630 2098 SECUNDUM
661 2064 864 2104 dicendum,
892 2063 988 2108 quod
1018 2074 1099 2096 cum
1127 2061 1353 2108 blasphemia
1382 2069 1586 2108 opponatur
1613 2060 1834 2095 confessioni

272 2117 365 2159 fidei,
388 2126 425 2151 ut
447 2117 583 2150 dictum
610 2125 662 2150 est
687 2117 768 2161 (art.
787 2117 929 2162 prada),
954 2116 1028 2160 ejus
1050 2115 1244 2161 prohibitio
1272 2115 1452 2149 reducitur
1479 2115 1523 2148 ad
1549 2115 1833 2161 prohibitionem

271 2170 500 2212 infidelitatis,
532 2181 623 2216 quae
652 2169 863 2215 intelligitur
891 2169 928 2202 in
959 2179 1001 2202 eo
1033 2168 1128 2214 quod
1164 2168 1309 2202 dicitur:
1345 2169 1415 2213 Ego
1444 2180 1517 2202 sum
1546 2169 1715 2202 Dominus
1742 2168 1834 2202 Deus

272 2229 356 2266 tuus,
380 2232 466 2257 etc.:
489 2222 546 2256 vel
567 2223 776 2269 prohibetur
801 2233 863 2268 per
884 2221 931 2263 id,
959 2222 1054 2267 quod
1078 2221 1222 2255 dicitur:
1246 2222 1323 2256 Non
1345 2233 1485 2255 assumas
1506 2233 1624 2255 nomen
1643 2221 1710 2255 Dei
1730 2222 1778 2255 tui
1797 2222 1833 2256 in

270 2288 416 2311 vanum:
441 2277 556 2321 magis
578 2277 675 2310 enim
696 2276 732 2309 in
753 2286 887 2309 vanum
903 2274 1053 2308 assumit
1066 2285 1201 2308 nomen
1216 2274 1297 2316 Dei,
1313 2275 1373 2320 qui
1388 2273 1533 2320 aliquod
1546 2273 1677 2308 falsum
1695 2273 1737 2308 de
1751 2274 1832 2308 Deo

272 2330 409 2372 asserit,
431 2341 540 2375 quam
562 2329 622 2375 qui
643 2340 705 2375 per
726 2340 862 2362 nomen
882 2328 953 2362 Dei
975 2327 1120 2373 aliquod
1139 2327 1269 2362 falsum
1289 2327 1489 2361 confirmat.

343 2383 402 2417 AD
422 2393 593 2417 TERTIUM
616 2382 821 2423 dicendum,
844 2381 940 2427 quod
962 2380 1188 2426 blasphemia
1214 2388 1332 2427 potest
1354 2381 1487 2426 absque
1510 2379 1768 2414 deliberatione
1790 2389 1832 2412 ex

271 2437 494 2482 surreptione
516 2435 713 2482 procedere
739 2435 936 2481 dupliciter:
965 2446 1027 2468 nno
1057 2434 1161 2475 modo,
1191 2435 1287 2479 quod
1315 2433 1442 2479 aliquis
1464 2444 1539 2466 non
1562 2433 1734 2474 advertat,
1760 2432 1831 2466 hoc

272 2489 368 2534 quod
387 2489 483 2531 dicit,
503 2499 579 2522 esse
600 2488 885 2534 blasphemiam3
905 2488 1001 2533 quod
1023 2495 1141 2533 potest
1163 2487 1384 2532 contingere,
1405 2498 1489 2520 cum
1505 2486 1630 2532 aliquis
1654 2486 1772 2520 subito
1790 2495 1832 2519 ex

271 2541 391 2588 aliqua
412 2542 579 2588 passione
601 2541 636 2575 in
658 2541 765 2575 verba
788 2541 984 2585 imaginata
1011 2541 1223 2585 prorumpit,
1250 2551 1405 2586 quorum
1432 2539 1736 2585 significationem
1758 2549 1831 2572 non

272 2595 494 2630 considerat:
509 2603 543 2629 et
555 2603 639 2629 tunc
662 2603 714 2629 est
731 2602 921 2640 peccatum
934 2593 1088 2635 veniale,
1112 2602 1146 2627 et
1166 2605 1239 2627 non
1258 2594 1367 2627 habet
1381 2594 1524 2639 proprie
1543 2593 1722 2627 rationem
1743 2591 1833 2626 blas-

271 2648 457 2693 phemiae:
479 2649 545 2683 alio
568 2648 675 2690 modo,
696 2648 839 2694 quando
863 2647 1023 2688 advertit,
1049 2647 1119 2680 hoc
1140 2658 1217 2681 esse
1242 2646 1518 2692 blasphemiam,
1541 2646 1772 2680 considerans
1790 2644 1831 2678 si-

271 2701 440 2746 gnificata
463 2702 674 2736 verborum:
699 2709 733 2734 et
754 2708 838 2734 tunc
860 2711 934 2734 non
957 2708 1145 2734 excusatur
1167 2711 1187 2733 a
1208 2708 1359 2746 peccato
1381 2699 1538 2741 mortali,
1556 2699 1648 2734 sicut
1668 2709 1735 2733 nec
1756 2697 1831 2740 ille,

272 2755 332 2800 qui
355 2768 395 2789 ex
417 2755 534 2790 subito
556 2763 657 2789 motu
679 2754 752 2788 irae
772 2753 929 2800 aliquem
952 2753 1084 2787 occidit
1104 2754 1201 2798 juxta
1222 2764 1259 2787 se
1282 2753 1480 2787 sedentem.
