1905 3137
241 125 293 168 92
676 127 896 162 QUAESTIO
930 129 986 158 IX.
1020 129 1263 159 ARTICULUS
1297 129 1355 160 IV.
1888 106 1899 205 i

240 207 358 241 ctione
374 207 469 241 circa
483 207 592 254 ipsas:
613 216 646 242 et
659 208 731 243 hoc
748 209 828 243 dico
844 218 1017 256 quantum
1033 211 1076 245 ad
1088 210 1347 245 beatitudinem
1362 211 1461 254 viae3
1476 218 1510 245 et
1523 211 1604 246 ideo
1624 212 1794 247 scientiae

237 271 311 294 non
334 261 534 295 attribuitur
549 261 667 307 aliqua
680 262 865 296 beatitudo
880 264 1060 308 pertinens
1076 264 1118 298 ad
1134 263 1492 310 contemplationem,
1507 265 1568 299 sed
1583 265 1794 308 intellectui,

239 322 273 348 et
295 314 503 360 sapientiae,
526 326 616 360 quae
639 323 720 349 sunt
742 315 835 350 circa
858 317 988 350 divina.

788 567 1141 627 QUAESTIo
1183 567 1246 614 X.

521 690 590 721 DE
627 690 1064 722 INFIDELITATE
1101 691 1161 722 IN
1201 690 1505 729 COMMUNI,

607 762 658 792 IN
684 762 935 793 DUODECIM
963 761 1224 793 ARTICULOS
1250 762 1424 793 DIVISA.

307 901 582 948 Consequenter
605 902 907 937 considerandum
931 911 983 937 est
1005 903 1047 937 de
1066 903 1160 937 vitiis
1182 902 1372 948 oppositis:
1396 910 1430 936 et
1445 903 1558 947 primo
1581 901 1624 935 de
1642 899 1790 935 infideli-

234 963 318 997 tate,
340 966 431 1001 quae
450 956 644 1001 opponitur
666 956 767 990 fidei:
790 956 926 991 secundo
950 957 991 990 de
1010 956 1221 1001 blaspemia,
1237 968 1327 1002 quae
1347 955 1541 1001 opponitur
1556 954 1792 988 confessioni:

235 1010 329 1043 turtio
352 1009 394 1042 de
416 1009 630 1053 ignorantia,
653 1017 687 1043 et
707 1009 934 1052 hebetudine,
958 1021 1049 1055 quae
1072 1017 1303 1055 opponuntur
1325 1009 1506 1050 scientiae,
1529 1017 1564 1042 et
1584 1007 1793 1042 intellectui.

236 1061 342 1096 Circa
359 1063 509 1107 primum
532 1062 834 1097 considerandum
857 1071 910 1098 est
929 1063 970 1097 de
990 1063 1197 1098 infidelitate
1217 1063 1253 1097 in
1272 1062 1476 1097 communi:
1498 1061 1634 1097 secundo
1653 1061 1695 1095 de
1712 1061 1795 1095 hae-

234 1116 323 1150 resi:
347 1117 441 1151 tertio
464 1117 507 1150 de
530 1116 710 1162 apostasia
732 1128 751 1150 a
773 1116 852 1150 fide.

667 1204 768 1240 Circa
786 1206 938 1252 primum
960 1211 1167 1251 quaeruntur
1188 1205 1368 1240 duodecim.
1904 1206 1905 1237 ἰ

304 1275 440 1309 Primo.
462 1275 595 1309 Utrum
615 1275 807 1310 infidelitas
829 1277 873 1310 sit
895 1284 1097 1322 peccatum.

307 1329 489 1365 Secundo,
511 1329 551 1363 In
574 1340 645 1375 quo
668 1330 711 1363 sit
733 1330 824 1363 sicut
845 1330 881 1363 in
903 1330 1076 1375 subjecto.

306 1382 444 1416 Tertio.
467 1383 599 1416 Utrum
621 1383 665 1416 sit
686 1383 887 1416 maximum
908 1391 1154 1428 peccatorum.

307 1435 459 1476 Quarto.
482 1436 615 1470 Utrum
634 1436 753 1470 omnis
776 1436 869 1470 actio
891 1436 1091 1470 infidelium
1113 1437 1158 1470 sit
1179 1443 1379 1481 peccatum.

310 1488 460 1529 Quinto.
483 1489 539 1522 De
561 1489 749 1534 speciebus
770 1489 1000 1523 infidelitatis.

307 1542 428 1576 Sexto.
450 1542 506 1576 De
530 1542 802 1588 comparatione
826 1554 950 1576 earum
973 1542 1016 1576 ad
1039 1542 1207 1576 invicem.

307 1595 482 1642 Septimo.
506 1595 639 1629 Utrum
663 1607 745 1629 cum
772 1595 974 1630 infidelibus
996 1596 1040 1629 sit
1062 1595 1317 1641 disputandum
1339 1594 1382 1629 de
1406 1594 1486 1629 fide.

306 1649 463 1684 Octavo.
486 1649 619 1683 Utrum
641 1649 712 1683 sint
733 1649 889 1694 cogendi
911 1649 955 1682 ad
977 1648 1098 1683 fidem.

302 1703 423 1736 Nono.
447 1702 579 1736 Utrum
601 1702 645 1736 sit
667 1713 751 1735 cum
774 1702 824 1736 eis
848 1702 1209 1736 communicandum.

303 1756 472 1790 Decimo.
496 1756 628 1789 Utrum
650 1755 788 1801 possint
811 1755 1028 1789 Christianis
1050 1755 1212 1789 infideles
1235 1765 1410 1801 praeesse.

304 1809 523 1844 Undecimo.
546 1809 678 1843 Utrum
700 1809 787 1843 ritus
809 1809 1008 1843 infidelium
1032 1809 1101 1843 sint
1119 1808 1306 1843 tolerandi.

303 1862 547 1897 Duodecimo.
572 1862 704 1896 Utrum
726 1862 827 1908 pueri
845 1861 1044 1896 infidelium
1067 1862 1138 1896 sint
1158 1862 1277 1896 invitis
1299 1861 1504 1908 parentibus
1525 1859 1739 1907 baptizandi.

804 2003 1147 2049 ARTICULUS
1183 2005 1215 2046 Ι.
1752 2025 1788 2059 51

590 2111 740 2141 UTRUM
773 2112 1048 2141 INFIDELITAS
1082 2112 1150 2141 SIT
1183 2112 1434 2141 PECCATUM-

439 2200 542 2245 (Infr.
565 2211 595 2246 q.
611 2211 663 2246 34.
683 2205 746 2234 art.
769 2212 799 2236 2.
823 2200 865 2234 ad
881 2212 912 2235 2.
935 2207 965 2236 et
985 2212 1015 2236 2.
1043 2201 1131 2236 Dist.
1151 2212 1202 2246 39.
1225 2212 1254 2246 q.
1277 2213 1304 2235 1.
1323 2205 1388 2235 art.
1411 2211 1441 2235 2.
1464 2199 1506 2233 ad
1526 2200 1588 2245 4.).

305 2289 364 2322 AD
390 2299 539 2323 PRIMUM
567 2289 616 2323 sic
640 2289 855 2334 proceditur.
883 2289 1045 2334 Videtur,
1072 2290 1168 2335 quod
1196 2289 1386 2323 infidelitas
1413 2299 1487 2322 non
1514 2289 1558 2322 sit
1583 2296 1792 2334 peccatum:

235 2353 344 2376 omne
366 2342 464 2375 enim
486 2350 676 2387 peccatum
704 2351 757 2376 est
787 2350 912 2377 contra
940 2351 1117 2385 naturam,
1151 2351 1190 2377 ut
1215 2351 1312 2389 patet
1337 2354 1400 2388 per
1421 2342 1592 2376 Damaso.
1614 2342 1650 2375 in
1673 2352 1704 2376 2.
1732 2342 1790 2376 lib.

233 2395 351 2439 (Orth.
374 2395 447 2429 Fid.
471 2402 541 2442 cap.
563 2395 637 2439 4.).·
665 2396 726 2430 sed
754 2395 944 2430 infidelitas
970 2407 1044 2430 non
1074 2396 1214 2430 videtur
1237 2407 1313 2430 esse
1345 2404 1469 2429 contra
1498 2403 1685 2429 naturam:
1707 2396 1794 2430 dicit

234 2448 330 2482 enim
353 2449 504 2494 August.
528 2448 563 2482 in
585 2448 644 2482 lib.
668 2449 710 2482 de
733 2449 859 2483 Praed.
884 2449 1005 2483 Sanct.
1029 2450 1118 2496 (cap.
1137 2450 1184 2496 5.)
1207 2450 1303 2495 quod
1325 2460 1430 2495 posse
1453 2449 1585 2483 habere
1608 2448 1728 2491 fidem,
1750 2449 1792 2484 si-

234 2510 293 2535 cut
314 2513 419 2547 posse
441 2502 573 2536 habere
590 2502 814 2544 charitatem,
829 2510 977 2537 naturae
1001 2511 1053 2537 est
1075 2503 1240 2537 omnium
1267 2503 1476 2545 hominum3
1507 2503 1640 2537 habere
1671 2511 1791 2537 autem

233 2555 353 2597 sidem,
376 2556 686 2602 quemadmodum
708 2556 841 2590 habere
865 2557 1090 2599 charitatem,
1113 2557 1248 2602 gratiae
1264 2565 1316 2590 est
1337 2556 1516 2598 fidelium,
1539 2568 1625 2602 ergo
1640 2568 1714 2591 non
1732 2557 1792 2590 ha-

232 2608 315 2642 bere
338 2608 459 2651 fidem,
481 2610 577 2656 quod
601 2618 652 2644 est
674 2609 885 2652 infidelium,
908 2621 981 2644 non
1005 2619 1057 2644 est
1079 2619 1204 2644 contra
1226 2619 1412 2653 naturam3
1432 2619 1466 2644 et
1486 2611 1535 2644 ita
1556 2621 1631 2644 non
1646 2618 1699 2645 est
1712 2621 1791 2656 pec-

234 2669 365 2695 catum.

304 2725 335 2748 2.
358 2715 594 2751 PRAETEREA.
617 2715 746 2751 Nullus
770 2725 896 2762 peccat
917 2717 951 2750 in
976 2728 1031 2758 eo,
1054 2717 1151 2762 quod
1172 2716 1284 2750 vitare
1311 2727 1383 2750 non
1407 2725 1542 2762 potest3
1571 2716 1652 2762 quia
1680 2728 1789 2751 omne

232 2777 423 2814 peccatum
443 2778 495 2803 est
516 2770 783 2804 voluntarium:
808 2770 869 2804 sed
885 2782 958 2804 non
981 2779 1033 2804 est
1054 2770 1089 2803 in
1106 2778 1280 2816 potestate
1295 2770 1466 2812 hominis,
1489 2770 1584 2816 quod
1606 2769 1791 2804 infidelita-

232 2829 307 2855 tem
328 2823 433 2864 vitet3
456 2834 564 2868 quam
587 2824 698 2858 vitare
721 2834 794 2858 non
817 2832 946 2870 potest,
967 2823 1035 2858 nisi
1054 2823 1161 2858 fidem
1180 2823 1363 2857 habendo:
1388 2823 1472 2857 dicit
1492 2823 1588 2858 enim
1604 2823 1729 2869 Apost.
1746 2824 1788 2858 ad
