1859 3122
458 179 678 215 QUAESTIO
710 178 830 210 xv111.
864 179 1108 210 ARTICULUS
1141 180 1223 210 ιν..
1527 181 1605 224 147

599 312 942 358 ARTICULUS
976 313 1051 356 IV.
1563 336 1604 372 93

287 416 438 446 UTRUM
459 417 554 446 SPES
575 417 805 446 VIATORUM
827 416 1000 445 HABEAT
1023 415 1370 446 CERTITUDINEM.

583 497 690 541 (VcrI.
713 509 742 543 q.
765 508 798 541 4.
820 502 885 531 art.
905 508 935 531 2.
958 495 1001 530 ad
1021 497 1084 541 4.).

123 581 182 614 AD
204 591 391 620 QUARTUM
406 581 456 614 sic
478 580 694 626 proceditur.
714 579 876 621 Videtur,
899 579 994 625 quod
1009 590 1089 624 spes
1102 579 1284 613 viatorum
1302 590 1375 613 non
1394 580 1525 614 habeat
1539 592 1610 615 cer-

51 633 259 668 titudinem:
282 645 361 679 spes
385 634 481 668 enim
504 641 556 668 est
582 633 616 666 in
643 632 828 667 voluntate
855 633 947 666 sicut
973 633 1007 665 in
1034 632 1215 678 subJecto:
1244 632 1305 666 sed
1333 633 1507 667 certitudo
1535 645 1608 669 non

52 686 202 732 pertinet
224 687 267 720 ad
289 686 524 728 voluntatem,
539 686 600 720 sed
617 685 658 719 ad
676 685 919 727 intellectum3
942 696 1027 731 ergo
1043 696 1122 731 spes
1138 686 1333 720 nonhabet
1347 686 1608 721 certitudinem.

123 750 153 774 2.
175 739 410 774 PRAETEREA.
439 740 527 786 Spes
555 751 596 773 ex
623 739 748 784 gratia,
776 747 810 773 et
836 739 971 773 meritis
998 738 1173 785 provenit,
1199 747 1237 773 ut
1263 750 1368 784 supra
1394 740 1531 774 dictum
1558 750 1610 776 est

52 793 99 839 (q.
120 804 168 838 17.
190 798 254 827 art.
276 805 308 837 4.
331 805 401 838 arg.
424 794 496 838 2.):
519 793 580 827 sed
602 793 638 826 in
660 793 727 826 hac
751 793 823 826 vita
844 792 935 826 scire
959 804 1020 838 per
1043 792 1293 827 certitudinem
1311 804 1386 826 non
1405 805 1609 841 possumus,

52 846 148 892 quod
170 846 323 891 gratiam
344 847 554 888 habeamus,
577 854 615 880 ut
636 857 742 892 supra
765 846 899 880 dictum
923 854 976 880 est
997 846 1074 890 (1-2.
1095 858 1124 891 q.
1146 857 1214 880 112.
1236 851 1304 881 art.
1318 847 1386 892 5.),·
1415 858 1501 893 ergo
1529 859 1609 894 spes

52 899 231 933 viatorum
253 910 326 933 non
349 900 456 933 habet
477 899 740 934 certitudinem.

127 965 154 999 3.
170 953 404 988 PRAETEREA.
429 953 618 988 Certitudo
640 964 717 987 esse
739 964 813 986 non
835 960 953 998 potest
974 952 1017 986 de
1039 963 1096 994 eo,
1119 953 1215 998 quod
1230 961 1346 999 potest
1360 953 1529 988 deficere:
1549 954 1611 988 sed

53 1006 156 1041 multi
176 1007 330 1041 viatores
354 1008 527 1041 habentes
549 1018 649 1052 spem
665 1006 836 1040 deficiunt
851 1017 870 1039 a
885 1006 1143 1040 consecutione
1158 1007 1404 1049 beatitudini53
1427 1018 1513 1053 ergo
1528 1018 1610 1054 spes

52 1062 230 1095 viatorum
252 1071 326 1094 non
347 1061 456 1094 habet
477 1061 740 1094 certitudinem.

124 1114 197 1148 SED
220 1124 374 1149 CONTRA
397 1122 459 1157 est,
481 1114 578 1160 quod
597 1120 664 1160 spes
682 1119 726 1149 est
747 1119 835 1148 serta
853 1115 1033 1160 expectatio
1049 1114 1181 1155 futurae
1196 1115 1414 1157 beatitudinis,
1431 1115 1524 1149 sicut
1540 1115 1614 1149 Ma-

54 1167 163 1213 gister
184 1167 270 1202 dicit
292 1166 345 1202 26.
369 1168 447 1202 dist.
473 1179 501 1213 3.
525 1167 636 1209 Sem„
666 1167 763 1213 quod
789 1175 907 1214 potest
934 1167 1049 1213 accipi
1075 1178 1116 1201 ex
1137 1168 1207 1202 hoc
1231 1168 1327 1214 quod
1354 1169 1483 1203 dicitur
1509 1179 1540 1202 2.
1568 1169 1612 1203 ad

57 1220 153 1254 Tim.
180 1231 225 1254 1.:
247 1221 322 1255 Scio
345 1222 398 1256 cui
419 1221 553 1262 credidi,
581 1226 609 1255 et
629 1226 732 1255 cartus
753 1233 837 1263 snm,
860 1222 938 1266 quia
955 1226 1070 1267 potans
1091 1226 1135 1255 est
1152 1221 1331 1267 depositmn
1347 1235 1453 1256 meanz
1466 1234 1610 1257 servare.

123 1274 352 1309 REspoNnEo
375 1274 579 1315 dicendum,
602 1274 698 1320 quod
721 1274 896 1308 certitudo
919 1274 1097 1308 invenitur
1118 1274 1155 1308 in
1177 1274 1297 1320 aliquo
1320 1275 1517 1322 (mpliciter,-
1545 1276 1612 1310 sci-

53 1327 150 1362 licet:
172 1328 387 1369 essentialiter,
409 1336 443 1362 et
458 1329 718 1374 participatiw:
738 1328 946 1362 essentialiter
960 1327 1105 1373 quidem
1124 1327 1304 1362 invenitur
1317 1329 1353 1362 in
1372 1329 1407 1362 vi
1425 1330 1614 1375 cognosci-

0 1403 1 1412 1
53 1380 142 1422 tiva3
160 1382 395 1427 participative
418 1389 539 1415 autern
557 1381 592 1414 in
615 1381 715 1414 omni
735 1392 790 1422 eo,
810 1381 906 1426 quod
931 1391 950 1414 a
971 1380 1006 1413 vi
1025 1381 1274 1426 cognoscitiva
1296 1390 1463 1416 movetur
1484 1382 1614 1416 infalli-

55 1433 172 1467 biliter
194 1434 236 1467 ad
254 1433 364 1467 finem
382 1445 506 1468 suum:
529 1434 728 1468 secundum
747 1445 854 1480 quem
873 1433 1023 1467 modum
1047 1434 1185 1476 dicitur,
1208 1435 1304 1480 quod
1325 1443 1452 1469 natura
1474 1436 1613 1470 certitu-

55 1486 218 1520 dinaliter
240 1495 417 1531 operatur,
439 1495 627 1532 tamquam
648 1495 747 1521 mota
763 1487 804 1520 ab
820 1486 1002 1521 intellecto
1021 1487 1143 1521 divino
1159 1489 1426 1522 certudinaliter
1440 1497 1612 1524 movente

55 1539 337 1585 unumquodque
361 1540 404 1573 ad
425 1551 530 1574 suum
551 1539 679 1573 finem:
708 1548 742 1574 et
767 1551 828 1585 per
854 1540 949 1573 hunc
977 1540 1085 1574 etiam
1106 1541 1258 1574 modurn
1283 1542 1429 1576 virtutes
1456 1542 1612 1576 morales

57 1593 185 1628 certius
205 1601 278 1627 arte
297 1593 463 1626 dicuntur
481 1593 633 1639 operari,
648 1592 862 1638 inquantum
881 1604 943 1638 per
961 1593 1112 1626 modum
1133 1601 1280 1628 naturae
1302 1604 1494 1629 moventur
1521 1607 1541 1629 a
1562 1607 1614 1629 ra-

55 1646 153 1680 tione
175 1645 219 1679 ad
240 1657 324 1680 suos
351 1654 467 1688 actus3
494 1654 528 1680 et
549 1646 598 1680 sic
621 1646 729 1680 etiam
755 1657 836 1692 spes
859 1646 1153 1681 certitudinaliter
1172 1648 1285 1681 tendit
1305 1648 1342 1681 in
1363 1660 1468 1682 suurn
1490 1649 1612 1691 finem,

57 1699 158 1745 quasi
184 1699 400 1745 participans
429 1699 678 1733 certitudinem
702 1711 721 1733 a
742 1699 822 1741 fide,
849 1710 940 1745 quae
963 1707 1015 1733 est
1039 1699 1075 1733 in
1102 1700 1137 1733 vi
1160 1701 1419 1746 cognoscitiva.

127 1753 233 1788 Unde
255 1761 352 1799 patet
372 1753 559 1799 responsio
581 1764 630 1787 AD
649 1764 809 1788 PRIMUM.

126 1806 186 1840 AD
208 1817 415 1841 SECUNDUM
437 1806 641 1848 dicendum,
660 1807 756 1852 quod
774 1817 855 1853 spes
868 1817 942 1840 non
960 1807 1122 1840 innititur
1135 1807 1378 1853 principaliter
1392 1809 1526 1854 gratiae
1539 1810 1613 1854 jam

55 1860 210 1902 habitae,
242 1860 303 1894 sed
332 1860 473 1894 divinae
501 1859 797 1905 omnipotentiae,
819 1867 854 1893 et
880 1859 1162 1901 misericordiae,
1191 1871 1254 1905 per
1278 1872 1386 1905 quam
1417 1862 1526 1895 etiarn
1553 1863 1614 1908 qui

57 1913 209 1959 gratiam
230 1925 303 1947 non
325 1913 443 1955 habet,
466 1924 547 1947 eam
569 1913 743 1958 consequi
764 1921 892 1958 potest,
907 1921 945 1947 ut
959 1913 1009 1947 sic
1026 1913 1069 1947 ad
1083 1913 1196 1947 vitam
1212 1921 1395 1948 aeternam
1410 1916 1612 1961 perveniat:

4 1972 6 1983 ¹
56 1966 100 2001 de
121 1967 384 2013 omnipotentia
406 1974 527 2000 autem
548 1966 629 2008 Dei,
645 1974 679 2000 et
693 1966 940 2000 misericordia
959 1967 1034 2011 ejus
1054 1974 1170 2001 certus
1188 1974 1252 2008 est,
1271 1967 1489 2014 quicumque
1503 1968 1612 2003 fidem

5 2018 7 2025 ’
56 2020 124 2054 hab
130 2028 174 2054 et.

128 2073 187 2108 AD
210 2084 380 2108 TERTIUM
402 2073 606 2115 dicendum,
628 2073 726 2118 quod
746 2073 818 2106 hoc
841 2073 937 2119 quod
960 2072 1070 2118 aliqui
1090 2073 1262 2108 habentes
1284 2085 1386 2120 spem
1408 2075 1574 2110 deficiant
1592 2088 1611 2110 a

58 2127 314 2161 consecutione
340 2126 579 2168 beatitudinis,
602 2126 778 2171 contingit
800 2137 842 2160 ex
864 2126 1005 2161 defectu
1026 2126 1128 2160 liberi
1151 2127 1283 2161 arbitrii
1304 2129 1470 2174 ponentis
1498 2129 1612 2164 obsta-

59 2179 179 2214 culum
201 2180 351 2226 peccati,
377 2191 451 2214 non
479 2188 600 2214 autem
626 2190 669 2213 ex
695 2179 835 2213 defectu
862 2179 1003 2214 divinae
1029 2180 1221 2225 potentiae,
1247 2181 1305 2215 vel
1331 2177 1610 2224 misericordiae,

59 2233 117 2266 cui
136 2244 215 2279 spes
237 2233 415 2275 innititur3
436 2233 530 2267 unde
552 2233 623 2267 hoc
644 2244 719 2266 non
740 2233 960 2278 praejudicat
981 2233 1183 2267 certitudini
1205 2234 1291 2279 spei.

569 2418 922 2478 QUAESTIO
963 2418 1101 2465 XIX.

180 2533 244 2564 DE
270 2533 403 2564 DONO
428 2533 634 2572 TIMORIS,
666 2534 716 2565 IN
742 2534 993 2566 DUODECIM
1020 2535 1282 2567 ARTICULOS
1310 2535 1488 2568 DIVISA.

129 2636 270 2671 Deinde
292 2637 592 2672 considerandum
615 2646 668 2673 est
688 2638 731 2672 de
753 2638 850 2673 dono
873 2638 1044 2673 Timoris.

508 2704 551 2737 Et
571 2705 662 2738 circa
681 2704 740 2739 hoc
757 2709 964 2750 quaeruntur
983 2703 1162 2739 duodecim.

131 2761 266 2795 Primo.
290 2761 420 2795 Utrum
441 2761 540 2796 Deus
562 2763 688 2797 debeat
708 2763 837 2797 timeri.

134 2814 312 2848 Secundo.
338 2815 395 2849 De
416 2815 590 2850 divisione
611 2816 751 2852 timoris
772 2818 808 2851 in
828 2816 999 2851 timorem
1029 2815 1187 2858 filialem,
1215 2815 1402 2858 initialem,
1431 2817 1609 2861 servilem,

64 2875 99 2902 et
116 2868 348 2904 mundanum.
