1859 3122
456 179 676 215 QUAESTIO
710 179 828 208 XLIII.
863 178 1107 208 ARTICULUS
1142 177 1231 206 VIII.
1535 177 1614 219 335

129 261 188 295 AD
204 271 383 300 QUINTUM
400 260 604 302 dicendum,
621 260 716 306 quod
731 258 955 300 scandalum,
971 259 1067 304 quod
1083 258 1217 292 vitabat
1232 257 1442 304 Apostolus,
1463 268 1506 291 ex
1520 257 1619 301 igno-

57 315 170 348 rantia
193 314 411 360 procedebat
434 314 646 354 Gentilium,
669 313 728 359 qui
750 313 820 346 hoc
844 323 917 346 non
941 320 1223 352 consueverant3
1247 319 1280 345 et
1302 311 1383 345 ideo
1407 310 1449 344 ad
1477 318 1619 355 tempus

57 367 307 401 abstinendum
331 375 416 408 erat,
440 375 477 401 ut
499 367 594 413 prius
616 367 875 400 instruerentur
891 365 960 398 hoc
978 377 1054 399 esse
1070 365 1246 398 debitum:
1271 373 1305 399 et
1328 378 1369 399 ex
1384 363 1492 398 simili
1510 375 1618 398 causa

56 420 217 454 Ecclesia
242 421 394 454 abstinet
417 432 435 454 a
458 420 608 455 decimis
631 419 814 465 exigendis
836 419 871 452 in
894 418 1008 460 terris,
1030 419 1065 452 in
1089 418 1216 464 quibus
1232 430 1305 452 non
1329 426 1381 452 est
1403 426 1618 451 consuetum

57 474 216 508 decimas
239 474 391 509 solvere.

548 696 903 757 QUAESTIO
944 695 1123 742 XLIV.

127 819 190 850 DE
218 820 498 852 PRAECEPTIS
522 820 819 860 CHARITATIS,
850 820 900 850 IN
928 820 1050 851 OCTO
1077 818 1338 850 ARTICULOS
1367 818 1542 849 DIVISA.

125 953 267 989 Deinde
289 954 592 989 considerandum
612 962 665 989 est
686 955 728 988 de
751 954 952 1000 praeceptis
976 954 1172 989 charitatis.

557 1044 600 1078 Et
621 1045 711 1078 circa
734 1043 792 1078 hoc
814 1048 1020 1089 quaeruntur
1041 1048 1122 1078 octo.

125 1115 261 1149 Primo.
284 1115 416 1149 Utrum
437 1114 481 1150 de
504 1114 677 1149 charitate
700 1114 770 1149 sint
791 1114 909 1148 danda
930 1122 1134 1161 praecepta.

127 1168 308 1203 Secundo.
331 1168 461 1203 Utrum
485 1180 597 1202 unum
619 1176 770 1212 tanturn,
789 1167 848 1203 vel
870 1168 953 1202 duo.

126 1221 264 1256 Tertio.
291 1222 423 1256 Utrum
445 1223 516 1256 duo
538 1221 727 1257 sufficiant.

128 1275 281 1316 Quarto.
297 1276 429 1310 Utrum
444 1277 702 1310 convenienter
718 1275 970 1322 praecipiatur,
985 1283 1023 1310 ut
1039 1275 1140 1309 Deus
1158 1286 1198 1309 ex
1216 1283 1294 1310 toto
1314 1274 1422 1309 corde
1440 1274 1619 1320 diligatur.

128 1328 280 1369 Quinto.
301 1329 433 1364 Utrum
456 1329 714 1364 convenienter
736 1329 902 1364 addatur:
926 1341 964 1363 ex
983 1334 1050 1364 tota
1072 1334 1187 1371 mente,
1211 1336 1280 1363 etc.

126 1381 246 1418 Sext0.
269 1382 403 1417 Utrum
425 1390 658 1429 praeceptum
680 1383 752 1417 hoc
774 1383 887 1429 possit
908 1383 944 1416 in
966 1382 1038 1417 vita
1060 1382 1126 1417 ista
1148 1381 1302 1428 impleri.

128 1435 304 1482 Septimo.
325 1436 381 1470 De
402 1436 473 1471 hoc
498 1444 711 1482 praecepto:
735 1436 862 1481 Diliges
878 1437 1076 1482 proximum
1099 1441 1203 1478 tuum,
1224 1437 1308 1471 sicut
1331 1437 1476 1482 teipsum.

129 1489 285 1524 Octavo.
308 1490 440 1524 Utrum
463 1490 553 1524 ordo
576 1489 759 1524 charitatis
782 1489 887 1524 cadat
908 1489 971 1523 sub
994 1497 1200 1535 praecepto.

638 1632 982 1677 ARTICULUS
1014 1633 1046 1675 I.
1554 1653 1617 1687 241

148 1741 301 1771 UTRUM
328 1742 384 1771 DE
408 1741 659 1772 CHARITATE
682 1742 851 1771 DEBEAT
877 1742 979 1771 DARI
1003 1741 1205 1777 ALIQUOD
1228 1741 1530 1771 PRAECEPTUM.

498 1829 589 1874 (Lib.
607 1841 635 1876 3.
661 1829 778 1864 Contr.
799 1841 827 1875 g.
852 1835 922 1875 cap.
945 1830 1015 1864 116.
1038 1834 1069 1864 et
1090 1830 1187 1876 117).

129 1918 190 1953 AD
215 1928 365 1953 PRIMUM
395 1918 446 1952 sic
477 1918 694 1964 proceditur.
717 1918 878 1961 Videtur,
901 1919 997 1964 quod
1028 1918 1071 1952 de
1101 1918 1274 1953 charitate
1296 1929 1371 1952 non
1393 1918 1520 1952 debeat
1547 1917 1622 1951 dari

58 1970 204 2017 aliquod
234 1979 490 2018 praeceptum:
519 1971 674 2006 charitas
703 1973 801 2006 enim
828 1972 983 2018 imponit
1009 1971 1161 2006 modurn
1189 1972 1324 2006 actibus
1359 1972 1525 2006 omnium
1553 1971 1621 2005 vir-

57 2032 186 2066 tutum,
208 2025 251 2059 de
273 2025 400 2071 quibus
423 2025 550 2059 dantur
571 2034 779 2072 praecepta3
803 2037 887 2059 cum
906 2025 950 2059 sit
967 2025 1086 2060 forma
1100 2026 1284 2067 virtutum,
1304 2033 1342 2059 ut
1359 2037 1465 2071 supra
1485 2025 1621 2058 dictum

58 2087 111 2113 est
131 2079 178 2124 (q.
201 2090 248 2124 23.
270 2083 335 2113 art.
354 2079 416 2122 S.).·
439 2078 501 2112 sed
523 2079 653 2113 modus
675 2090 749 2113 non
772 2079 881 2113 estin
904 2087 1110 2125 praecepto,
1138 2087 1176 2114 ut
1203 2079 1446 2113 communiter
1473 2079 1620 2119 dicitur;

59 2143 146 2178 ergo
170 2132 212 2165 de
234 2131 407 2166 charitate
429 2143 503 2166 non
525 2140 608 2166 sunt
630 2132 747 2166 danda
769 2140 974 2178 praecepta.

129 2196 161 2220 2.
182 2185 418 2220 PRAETEREA.
442 2185 622 2227 Charitas,
645 2196 736 2231 quae
758 2187 793 2219 in
817 2186 984 2219 cordibus
1006 2186 1137 2220 nostris
1160 2197 1223 2232 per
1246 2185 1420 2232 Spiritum
1447 2185 1621 2219 Sanctum

58 2238 276 2280 diffunditur,
294 2238 379 2272 facit
398 2250 465 2273 nos
488 2238 639 2281 liberos;
663 2239 745 2284 quia
772 2240 828 2273 ubi
852 2240 998 2285 Spiritus
1015 2240 1169 2281 Domini,
1192 2240 1241 2274 ilai
1262 2239 1407 2281 libertas,
1431 2247 1468 2272 ut
1495 2239 1622 2272 dicitur

59 2302 90 2328 2.
111 2293 154 2326 ad
174 2293 259 2327 Cor.
290 2304 334 2338 3.:
358 2292 420 2326 sed
442 2292 628 2338 obligatio,
644 2304 735 2338 quae
755 2304 796 2327 ex
814 2293 1014 2338 praeceptis
1036 2293 1205 2335 nascitur,
1228 2292 1382 2327 libertati
1409 2292 1621 2338 opponitur;

58 2346 141 2392 quia
162 2346 415 2380 necessitatem
435 2346 605 2392 imponit3
629 2357 715 2392 ergo
739 2347 780 2380 de
804 2347 978 2380 charitate
1001 2358 1074 2380 non
1097 2354 1178 2380 sunt
1200 2347 1317 2380 danda
1339 2354 1544 2392 praecepta.

134 2411 162 2446 3.
185 2399 420 2434 PRAETEREA.
445 2399 611 2434 Charitas
634 2408 686 2433 est
707 2400 902 2446 praecipua
924 2400 1015 2434 inter
1037 2411 1164 2434 ornnes
1186 2400 1345 2441 virtutes,
1365 2400 1407 2433 ad
1427 2410 1514 2444 quas
1533 2398 1623 2432 ordi-

58 2461 189 2487 nantur
209 2460 412 2499 praecepta,
435 2461 472 2487 ut
494 2464 536 2487 ex
558 2464 663 2499 supra
687 2453 789 2487 dictis
811 2461 908 2499 patet
931 2453 1007 2497 (1-2.
1028 2465 1056 2499 q.
1078 2466 1132 2499 90.
1152 2459 1216 2488 art.
1236 2466 1266 2488 2.
1287 2458 1313 2488 at
1332 2466 1360 2498 q.
1380 2465 1454 2488 100.
1476 2457 1540 2486 art.
1557 2451 1621 2495 2.),·

59 2506 88 2541 si
111 2517 197 2552 ergo
220 2506 263 2540 de
287 2506 461 2540 charitate
483 2506 651 2540 darentur
673 2506 792 2552 aliqua
811 2515 1015 2552 praecepta,
1030 2507 1201 2541 deberent
1219 2507 1304 2553 poni
1323 2507 1414 2540 inter
1431 2505 1622 2550 praecipua

58 2569 260 2606 praecepta,
283 2571 374 2606 quae
396 2568 477 2594 sunt
498 2568 688 2606 praecepta
715 2560 898 2606 decalogi:
927 2572 1001 2594 non
1029 2568 1152 2595 autem
1178 2567 1379 2605 ponuntur;
1408 2569 1493 2603 ergo
1522 2556 1619 2590 nulla

58 2622 250 2660 praecepta
272 2621 353 2647 sunt
374 2612 417 2646 de
441 2613 614 2647 charitate
637 2613 764 2648 danda.

133 2667 207 2701 SED
222 2677 388 2701 CONTRA.
411 2666 514 2708 Illud,
537 2666 634 2712 quod
656 2667 756 2701 Deus
778 2667 926 2713 requirit
950 2679 968 2700 a
990 2667 1105 2709 nobis,
1134 2667 1228 2700 cadit
1249 2666 1311 2699 sub
1336 2671 1546 2709 praecepto:
1573 2674 1623 2697 re-

60 2720 166 2766 quirit
188 2728 307 2753 autem
329 2720 429 2753 Deus
452 2720 493 2753 ab
516 2720 678 2761 homine,
701 2728 739 2754 ut
761 2720 886 2765 diligat
907 2732 1002 2762 eum,
1025 2729 1063 2754 ut
1085 2720 1214 2753 dicitur
1235 2719 1342 2752 Deut.
1370 2728 1440 2758 10.;
1463 2727 1550 2762 ergo
1577 2716 1621 2750 de

61 2772 254 2807 dilectione
277 2772 472 2814 charitatis,
494 2784 585 2818 quae
608 2781 661 2807 est
683 2772 828 2807 dilectio
850 2774 932 2815 Dei,
955 2781 1036 2807 sunt
1060 2773 1176 2805 danda
1199 2778 1399 2817 praecepta.

132 2827 361 2861 RESPONDEO
393 2826 597 2868 dicendum,
620 2826 727 2872 quod,
750 2827 842 2860 sicut
863 2838 969 2872 supra
992 2826 1128 2859 dictum
1151 2832 1202 2858 est
1223 2825 1270 2869 (q.
1298 2824 1350 2857 16.
1373 2828 1435 2856 art.
1458 2835 1484 2857 I.
1507 2827 1535 2857 et
1555 2834 1620 2857 1-2.

62 2891 91 2925 q.
112 2891 167 2926 99.
187 2885 251 2915 art.
274 2880 331 2925 1.)‚
351 2887 584 2925 praeceptum
611 2879 782 2925 importat
810 2880 986 2914 rationem
1015 2878 1141 2912 debiti:
1168 2877 1346 2911 intantum
1374 2887 1460 2922 ergo
1488 2875 1621 2922 aliquid
