1859 3122
512 147 732 184 QUAESTIO
768 147 837 178 cx.
873 147 1116 177 ARthuLus
1149 147 1210 177 111.
1539 148 1619 191 773

66 231 101 264 in
125 238 262 264 mente:
286 229 314 264 si
335 240 422 264 vero
444 240 517 263 non
536 228 642 264 faciat
659 229 754 276 quod
775 229 951 275 promisit,
969 237 1053 262 tunc
1073 229 1213 263 videtur
1231 228 1420 264 infideliter
1438 240 1544 275 agere
1563 241 1625 275 per

66 283 135 318 hoc
159 284 254 330 quod
277 283 438 316 animum
461 291 594 318 mutat:
618 291 735 329 potest
756 291 878 317 tamen
901 283 1063 316 excusari
1083 294 1124 316 ex
1146 282 1282 317 dnobus:
1299 295 1363 317 uno
1379 283 1485 325 modo,
1501 283 1529 316 si
1548 294 1626 328 pro-

67 337 164 371 misit
185 337 218 370 id
249 336 343 382 quod
372 335 559 370 manifeste
587 345 639 370 est
665 336 841 377 illicitum,
868 336 951 382 quia
978 336 1222 381 promittendo
1249 336 1422 382 peccavit,
1450 336 1624 370 mutando

68 398 187 424 autem
210 390 437 436 propositum
459 390 549 424 benc
571 389 669 424 facit:
693 390 758 424 alio
782 389 889 432 modo,
916 389 944 422 si
966 397 1048 422 sunt
1069 397 1227 423 mutatae
1255 390 1481 423 conditiones
1508 400 1626 435 perso-

66 454 206 485 narum,
229 451 263 477 et
284 443 533 487 negotiorum:
558 451 595 477 ut
617 443 712 477 enim
736 443 874 477 Seneca
901 442 986 476 dicit
1019 443 1053 476 in
1082 442 1140 476 lib.
1168 452 1200 485 4.
1228 442 1271 476 de
1303 442 1424 477 Benef.
1455 443 1546 489 (cap.
1577 454 1625 487 34.

66 503 96 532 εἰ
113 497 188 543 35),
211 497 254 530 ad
288 497 358 530 hoc
394 497 490 542 quod
518 497 631 531 homo
657 504 822 531 teneatur
847 495 965 530 facere
993 496 1088 542 quod
1116 496 1291 542 promisit,
1314 496 1504 542 requiritur
1529 495 1625 542 quod

67 550 190 585 onmia
205 550 395 584 immutata
414 559 666 596 permaneant:
687 550 845 596 alioquin
868 561 933 583 nec
957 549 1022 583 fuit
1040 549 1194 583 mendax
1217 550 1250 582 in
1267 549 1524 595 promittendo,
1544 549 1626 595 quia

67 603 233 650 promisit
247 604 342 649 quod
357 603 512 638 habebat
526 604 560 637 in
577 612 708 645 mente,
724 603 982 637 subintellectis
997 603 1122 636 debitis
1137 603 1419 637 conditionibus:
1436 614 1502 636 nec
1518 603 1626 636 etiam

67 664 120 691 est
132 656 285 690 infidelis
299 668 372 690 non
389 657 574 703 implendo
586 657 681 703 quod
697 657 877 703 promisit3
895 656 977 702 quia
993 656 1142 690 eaedem
1159 656 1385 690 conditiones
1397 667 1471 690 non
1488 664 1627 698 extant3

68 710 162 744 unde
185 718 219 744 et
240 710 437 756 Apostolus
457 722 531 745 non
553 719 606 745 est
623 711 806 751 mentitus,
828 710 889 756 qui
910 721 983 743 non
1006 710 1069 743 ivit
1091 709 1324 751 Corinthum,
1343 721 1414 755 quo
1434 721 1472 744 se
1493 710 1626 744 iturum

69 775 145 798 esse
168 765 394 810 promiserat,
416 773 454 799 ut
475 765 603 799 dicitur
624 774 654 798 2.
678 765 721 798 ad
745 764 831 798 Cor.
858 774 905 805 1.;
929 771 962 797 et
984 763 1055 797 hoc
1077 770 1223 809 propter
1244 763 1514 809 impedimenta,
1536 773 1627 808 quae

69 826 364 864 supervenerunt.

141 871 200 905 AD
222 881 374 905 SEXTUM
393 871 598 913 dicendum,
617 871 713 916 quod
737 870 898 916 operatio
922 869 1040 915 aliqua
1056 877 1174 915 potest
1192 869 1411 903 considerari
1431 869 1605 916 dupliciter
1615 882 1627 910 ,-

70 936 133 958 uno
151 924 246 958 modo
269 924 467 958 secundum
485 924 660 970 seipsam:
684 924 749 957 alio
771 922 866 957 modo
887 934 930 956 ex
948 931 1047 968 parte
1069 922 1271 968 operantis3
1294 922 1527 956 mendacium
1542 934 1628 968 ergo

69 979 237 1023 jocosum
254 989 295 1012 ex
312 978 389 1023 ipso
405 988 536 1023 genere
547 977 666 1023 operis
682 976 790 1010 habet
808 976 985 1010 rationem
1004 974 1168 1017 fallendi3
1187 976 1352 1021 quamvis
1371 987 1412 1009 ex
1430 976 1629 1010 intentione

70 1031 220 1064 dicentis
242 1042 315 1065 non
335 1031 473 1065 dicatur
495 1031 538 1064 ad
552 1030 761 1071 fallendum,
783 1041 849 1063 nec
868 1028 968 1063 fallat
983 1040 1024 1063 ex
1039 1029 1150 1063 modo
1170 1029 1329 1063 dicendi:
1349 1040 1415 1062 nec
1439 1037 1492 1063 est
1512 1029 1630 1063 simile

71 1085 113 1118 de
140 1084 393 1130 hyperbolicis,
421 1092 481 1118 aut
507 1084 793 1129 quibuscumque
822 1082 1020 1127 figurativis
1050 1082 1304 1124 locutionibus,
1339 1093 1430 1128 quae
1451 1083 1487 1116 in
1520 1083 1631 1116 Sacra

71 1138 256 1183 Scriptura
276 1138 523 1171 inveniuntur:
547 1137 641 1182 quia,
663 1138 757 1170 sicut
778 1136 930 1181 August.
955 1135 1039 1169 dicit
1058 1135 1095 1169 in
1122 1135 1181 1169 lib.
1202 1136 1245 1169 de
1267 1136 1432 1169 Mendac.
1457 1135 1544 1182 (cap.
1562 1137 1630 1182 5.):

74 1204 92 1222 (ι
113 1190 299 1236 Quidquid
325 1190 474 1236 figurate
496 1190 545 1232 fit,
569 1190 624 1224 vel
647 1190 788 1231 dicitur,
809 1200 883 1223 non
906 1197 959 1223 est
977 1188 1228 1223 mendacium:
1257 1189 1376 1223 omnis
1399 1189 1495 1223 enim
1524 1201 1632 1223 enun—

69 1244 171 1278 tiatio
194 1244 237 1277 ad
258 1244 293 1277 id
323 1244 419 1290 quod
442 1243 603 1278 enuntiat
631 1242 817 1277 referenda
840 1250 910 1285 est3
938 1253 1047 1276 omne
1070 1250 1191 1276 autem
1219 1242 1370 1288 figurate
1398 1250 1457 1276 aut
1483 1241 1631 1284 factum,

71 1305 132 1331 aut
161 1297 298 1331 dictum
326 1297 397 1331 hoc
428 1297 601 1338 enuntiat,
637 1296 733 1342 quod
767 1295 946 1342 significat
973 1295 1034 1338 eis,
1063 1295 1189 1341 quibus
1215 1295 1492 1341 intelligendum
1518 1296 1634 1342 prola—

71 1357 149 1384 tum
171 1357 224 1384 est
237 1363 269 1384 >).

637 1490 983 1535 ARTICULUS
1016 1491 1092 1534 IV.
1569 1512 1629 1548 575

253 1601 406 1631 UTRUM
434 1601 556 1630 OMNE
582 1600 846 1630 MENDACIUM
879 1600 946 1629 stT
973 1599 1211 1629 PECCATUM
1236 1599 1459 1628 iroRTALE.

393 1689 504 1735 (Supr.
527 1701 557 1734 q.
585 1688 641 1734 69.
665 1693 728 1722 art.
751 1700 777 1723 1.
800 1693 827 1722 et
848 1699 879 1722 2.
901 1693 931 1722 ct
957 1700 986 1733 q.
1014 1699 1067 1733 70.
1089 1692 1154 1722 art.
1181 1697 1214 1732 4.
1237 1693 1327 1734 corp.

288 1748 316 1777 et
338 1755 366 1789 3.
396 1743 484 1776 Dist.
512 1743 562 1789 33.
590 1754 619 1787 q.
656 1752 684 1775 1.
715 1747 779 1787 ast.
809 1752 842 1785 4.
872 1746 901 1775 et
928 1741 1048 1785 Quodl.
1076 1741 1108 1776 8.
1135 1746 1164 1775 et
1191 1752 1222 1787 9.
1245 1745 1309 1775 art.
1343 1741 1425 1785 14).

146 1832 206 1867 AD
222 1842 408 1871 QUARTUM
431 1832 481 1865 sic
497 1831 713 1877 proceditur.
729 1831 891 1872 Videtur,
907 1831 1004 1876 quod
1019 1841 1128 1864 omne
1143 1830 1375 1864 mendacium
1386 1829 1430 1863 sit
1443 1837 1632 1875 peccatum

76 1885 248 1920 mortale:
272 1886 399 1919 dicitur
433 1886 530 1919 enim
551 1886 587 1918 in
608 1885 666 1919 Ps.
694 1895 738 1929 5.:
766 1884 883 1918 Perdes
903 1895 1022 1925 omnes,
1058 1885 1115 1929 qui
1137 1884 1319 1929 loquuntur
1347 1883 1580 1923 mendacium,
1601 1890 1636 1916 et

77 1939 160 1985 Sap.
188 1950 235 1974 1.:
261 1940 305 1974 Os
326 1938 411 1984 qnod
431 1939 598 1979 mentitur,
622 1937 743 1972 occidit
763 1938 932 1971 animam:
955 1937 1017 1971 sed
1039 1936 1204 1983 perditio,
1227 1944 1262 1970 et
1279 1947 1378 1970 mors
1397 1936 1539 1970 animae
1560 1947 1635 1970 non

77 2001 131 2027 est
147 1993 215 2027 nisi
228 2004 290 2039 per
308 2000 499 2038 peccatum
519 1991 689 2033 mortale;
713 2002 799 2036 ergo
822 2002 932 2025 omne
946 1990 1179 2024 mendacium
1194 1998 1247 2024 est
1262 1998 1453 2036 peccatum
1469 1989 1634 2023 mortale.

148 2056 180 2080 2.
201 2046 437 2081 PRAETEREA.
454 2046 577 2080 Omne
593 2044 688 2090 quod
707 2052 759 2078 est
778 2052 903 2078 contra
930 2051 1163 2090 praeceptum
1185 2043 1363 2088 decalogi,
1380 2050 1432 2077 est
1446 2051 1636 2089 peccatum

78 2099 247 2134 mortale:
270 2100 330 2134 sed
358 2099 589 2133 mendacium
618 2106 671 2132 est
693 2105 818 2132 contra
839 2097 910 2131 hoc
932 2105 1166 2143 praeceptum
1193 2096 1376 2141 decalogi:
1411 2097 1489 2131 Non
1507 2096 1636 2142 falsum

77 2154 298 2188 testimonium
316 2153 418 2193 dicax
441 2163 528 2197 ergo
551 2163 660 2186 omne
682 2151 914 2185 mendacium
936 2158 988 2185 est
1009 2158 1200 2197 peccatum
1222 2149 1387 2184 mortale.

152 2217 181 2251 3.
203 2206 438 2241 PRAETEREA.
462 2206 615 2251 August.
645 2204 731 2238 dicit
758 2204 795 2237 in
821 2215 848 2238 1.
872 2204 915 2238 de
946 2204 1054 2238 Doct.
1086 2203 1220 2237 Christ.
1252 2203 1340 2249 (cap.
1359 2203 1451 2249 36.).·
1484 2202 1637 2236 «Nemo

79 2260 257 2294 mentiens
283 2261 318 2293 in
349 2270 392 2293 eo
420 2258 516 2304 quod
543 2258 714 2291 mentitur
740 2265 858 2291 servat
882 2257 1008 2291 fidem:
1035 2268 1119 2290 narn
1146 2257 1218 2290 hoc
1252 2257 1374 2302 utique
1401 2255 1488 2297 vult,
1515 2264 1553 2290 ut
1580 2256 1637 2289 cui

79 2313 261 2354 mentitur,
283 2312 391 2346 fidem
414 2311 479 2346 sibi
508 2311 650 2352 habeat,
679 2322 786 2356 quam
807 2318 930 2344 tamen
952 2311 984 2344 ei
1014 2310 1224 2344 mentiendo
1251 2321 1325 2344 non
1355 2317 1490 2344 servat:
1518 2309 1637 2342 omnis

80 2374 201 2400 autem
221 2365 304 2400 fidei
324 2364 481 2399 violator
497 2364 639 2410 iniquus
662 2372 714 2398 est
727 2375 766 2397 »t
789 2363 908 2397 nullus
923 2371 1044 2397 autem
1066 2363 1195 2397 dicitur
1212 2363 1295 2397 fidei
1309 2362 1476 2403 violator,
1497 2361 1556 2395 vel
1577 2361 1639 2394 ini-

81 2431 170 2466 quus
203 2427 349 2465 propter
382 2425 572 2464 peccatum
612 2416 772 2458 veniale;
805 2428 892 2463 ergo
926 2416 1067 2450 nullum
1102 2416 1335 2450 mendacium
1362 2423 1415 2449 est
1448 2422 1638 2460 peccatum

79 2472 231 2508 veniale.

151 2535 183 2569 4.
210 2526 446 2560 PRAETEREA.
461 2524 601 2558 Merces
623 2530 768 2557 aeterna
787 2534 862 2557 non
884 2523 1041 2569 perditur
1061 2523 1129 2557 nisi
1141 2533 1205 2568 pro
1220 2529 1370 2568 peccato
1393 2520 1557 2554 mortali:
1577 2520 1638 2554 sed

81 2590 145 2626 pro
166 2579 358 2613 mendacio
377 2578 535 2624 perditur
553 2588 692 2610 merces
707 2584 852 2611 aeterna
871 2584 1095 2611 commutata
1109 2577 1144 2609 in
1159 2574 1417 2621 temporalem:
1439 2574 1524 2607 dicit
1542 2574 1640 2607 enim

84 2633 238 2678 Gregor.
254 2631 327 2676 (lib.
353 2633 403 2666 18.
427 2631 549 2665 Moral.
569 2636 642 2678 cap.
663 2631 711 2674 4.)
726 2630 821 2675 quod
847 2643 864 2661 c<
878 2630 914 2663 in
935 2629 1228 2664 remuneratione
1251 2628 1485 2662 obstetricum
1507 2637 1641 2672 cogno-

83 2686 203 2726 scitur,
225 2685 308 2731 quid
330 2684 510 2719 mendacii
531 2683 634 2729 culpa
657 2690 853 2717 mereatur:
876 2694 962 2716 nam
980 2682 1210 2728 benignitatis
1232 2692 1355 2715 earum
1378 2691 1529 2721 merces,
1548 2690 1639 2725 quae

83 2740 200 2786 potuit
218 2739 255 2772 in
282 2747 425 2773 aeterna
446 2737 518 2771 vita
540 2736 696 2778 retribui,
722 2747 786 2782 pro
814 2736 970 2770 admissa
992 2735 1097 2781 culpa
1119 2734 1299 2768 mendacii
1324 2734 1359 2767 in
1386 2741 1564 2767 terrenam
1588 2740 1642 2766 est

84 2792 415 2827 remunerationem
445 2789 622 2824 declinata
633 2801 674 2832 ));
696 2800 783 2834 ergo
806 2790 915 2823 etiam
936 2788 1168 2822 mendacium
1198 2786 1414 2827 officiosum,
1444 2784 1549 2831 quale
1576 2784 1642 2818 fuit

86 2846 331 2887 obstetricum,
354 2844 450 2890 quod
470 2843 610 2877 videtur
633 2853 710 2876 esse
729 2842 965 2884 levissimum,
988 2849 1041 2876 est
1062 2848 1252 2888 peccatum
1275 2838 1438 2874 mortale.

228 2928 256 2954 S.
277 2927 399 2953 Tuosne
421 2926 524 2953 Summa
552 2925 712 2959 Theologica.
734 2924 799 2951 Vol.
821 2923 874 2950 III.
1467 2929 1499 2954 50
