<?xml version="1.0" encoding="UTF-8"?>
<!DOCTYPE html PUBLIC "-//W3C//DTD XHTML 1.0 Transitional//EN"
    "http://www.w3.org/TR/xhtml1/DTD/xhtml1-transitional.dtd">
<html xmlns="http://www.w3.org/1999/xhtml" xml:lang="en" lang="en">
 <head>
  <title>
</title>
<meta http-equiv="Content-Type" content="text/html;charset=utf-8" />
  <meta name='ocr-system' content='tesseract 3.04.00' />
  <meta name='ocr-capabilities' content='ocr_page ocr_carea ocr_par ocr_line ocrx_word'/>
</head>
<body>
  <div class='ocr_page' id='page_1' title='image "./divithomaeaquina03thomuoft_1156.png"; bbox 0 0 1859 3122; ppageno 0'>
   <div class='ocr_carea' id='block_1_1' title="bbox 188 161 1353 217">
    <p class='ocr_par' dir='ltr' id='par_1_1' title="bbox 188 161 1353 217">
     <span class='ocr_line' id='line_1_1' title="bbox 188 161 1353 217; baseline -0.003 -14"><span class='ocrx_word' id='word_1_1' title='bbox 188 161 295 217; x_wconf 87' lang='lat'>1148</span> <span class='ocrx_word' id='word_1_2' title='bbox 584 171 804 205; x_wconf 83' lang='lat' dir='ltr'><strong>QUAESTIO</strong></span> <span class='ocrx_word' id='word_1_3' title='bbox 840 169 1014 199; x_wconf 70' lang='lat' dir='ltr'>CLXXVI.</span> <span class='ocrx_word' id='word_1_4' title='bbox 1048 169 1291 198; x_wconf 87' lang='lat' dir='ltr'><strong>ARTICULUS</strong></span> <span class='ocrx_word' id='word_1_5' title='bbox 1326 169 1353 199; x_wconf 85' lang='grc' dir='ltr'>Ι.</span> 
     </span>
    </p>
   </div>
   <div class='ocr_carea' id='block_1_2' title="bbox 182 249 1751 1204">
    <p class='ocr_par' dir='ltr' id='par_1_2' title="bbox 182 249 1748 829">
     <span class='ocr_line' id='line_1_2' title="bbox 253 249 1744 296; baseline -0.003 -8"><span class='ocrx_word' id='word_1_6' title='bbox 253 255 312 288; x_wconf 86' lang='lat' dir='ltr'>AD</span> <span class='ocrx_word' id='word_1_7' title='bbox 334 262 540 288; x_wconf 76' lang='lat' dir='ltr'><strong>SECUNDUM</strong></span> <span class='ocrx_word' id='word_1_8' title='bbox 562 251 767 292; x_wconf 85' lang='lat' dir='ltr'>dicendum,</span> <span class='ocrx_word' id='word_1_9' title='bbox 790 249 887 296; x_wconf 90' lang='lat' dir='ltr'>quod</span> <span class='ocrx_word' id='word_1_10' title='bbox 909 249 1073 295; x_wconf 85' lang='lat' dir='ltr'>quamvis</span> <span class='ocrx_word' id='word_1_11' title='bbox 1096 257 1287 295; x_wconf 90' lang='lat' dir='ltr'>utrumque</span> <span class='ocrx_word' id='word_1_12' title='bbox 1309 249 1386 283; x_wconf 88' lang='lat' dir='ltr'>fieri</span> <span class='ocrx_word' id='word_1_13' title='bbox 1400 250 1586 295; x_wconf 85' lang='lat' dir='ltr'>potuisset,</span> <span class='ocrx_word' id='word_1_14' title='bbox 1605 249 1744 285; x_wconf 88' lang='lat' dir='ltr'>scilicet</span> 
     </span>
     <span class='ocr_line' id='line_1_3' title="bbox 182 302 1743 353; baseline -0.002 -12"><span class='ocrx_word' id='word_1_15' title='bbox 182 308 278 353; x_wconf 90' lang='lat' dir='ltr'>quod</span> <span class='ocrx_word' id='word_1_16' title='bbox 304 318 366 352; x_wconf 92' lang='lat' dir='ltr'>per</span> <span class='ocrx_word' id='word_1_17' title='bbox 393 316 504 339; x_wconf 87' lang='lat' dir='ltr'>unam</span> <span class='ocrx_word' id='word_1_18' title='bbox 536 304 697 350; x_wconf 81' lang='lat' dir='ltr'>linguam</span> <span class='ocrx_word' id='word_1_19' title='bbox 724 303 914 349; x_wconf 89' lang='lat' dir='ltr'>loquentes</span> <span class='ocrx_word' id='word_1_20' title='bbox 949 303 990 336; x_wconf 86' lang='lat' dir='ltr'>ab</span> <span class='ocrx_word' id='word_1_21' title='bbox 1026 303 1193 337; x_wconf 87' lang='lat' dir='ltr'>omnibus</span> <span class='ocrx_word' id='word_1_22' title='bbox 1226 302 1525 348; x_wconf 81' lang='lat' dir='ltr'>intelligerentur,</span> <span class='ocrx_word' id='word_1_23' title='bbox 1552 312 1613 338; x_wconf 88' lang='lat' dir='ltr'>aut</span> <span class='ocrx_word' id='word_1_24' title='bbox 1646 304 1743 350; x_wconf 91' lang='lat' dir='ltr'>quod</span> 
     </span>
     <span class='ocr_line' id='line_1_4' title="bbox 183 355 1742 403; baseline -0.001 -10"><span class='ocrx_word' id='word_1_25' title='bbox 183 360 350 394; x_wconf 87' lang='lat' dir='ltr'>omnibus</span> <span class='ocrx_word' id='word_1_26' title='bbox 373 358 505 403; x_wconf 86' lang='lat' dir='ltr'>linguis</span> <span class='ocrx_word' id='word_1_27' title='bbox 527 357 778 403; x_wconf 79' lang='lat' dir='ltr'>loquerentur:</span> <span class='ocrx_word' id='word_1_28' title='bbox 805 364 927 390; x_wconf 87' lang='lat' dir='ltr'>tamen</span> <span class='ocrx_word' id='word_1_29' title='bbox 955 356 1228 390; x_wconf 87' lang='lat' dir='ltr'>convenientius</span> <span class='ocrx_word' id='word_1_30' title='bbox 1255 355 1330 398; x_wconf 89' lang='lat' dir='ltr'>fuit,</span> <span class='ocrx_word' id='word_1_31' title='bbox 1359 357 1455 402; x_wconf 90' lang='lat' dir='ltr'>quod</span> <span class='ocrx_word' id='word_1_32' title='bbox 1480 357 1548 403; x_wconf 91' lang='lat' dir='ltr'>ipsi</span> <span class='ocrx_word' id='word_1_33' title='bbox 1575 357 1742 392; x_wconf 90' lang='lat' dir='ltr'>omnibus</span> 
     </span>
     <span class='ocr_line' id='line_1_5' title="bbox 183 409 1743 457; baseline -0.001 -11"><span class='ocrx_word' id='word_1_34' title='bbox 183 412 312 457; x_wconf 82' lang='lat' dir='ltr'>linguis</span> <span class='ocrx_word' id='word_1_35' title='bbox 334 411 582 457; x_wconf 87' lang='lat' dir='ltr'>loquerentur;</span> <span class='ocrx_word' id='word_1_36' title='bbox 605 411 687 455; x_wconf 90' lang='lat' dir='ltr'>quia</span> <span class='ocrx_word' id='word_1_37' title='bbox 708 410 779 444; x_wconf 88' lang='lat' dir='ltr'>hoc</span> <span class='ocrx_word' id='word_1_38' title='bbox 802 410 1001 456; x_wconf 83' lang='lat' dir='ltr'>pertinebat</span> <span class='ocrx_word' id='word_1_39' title='bbox 1023 410 1065 443; x_wconf 84' lang='lat' dir='ltr'>ad</span> <span class='ocrx_word' id='word_1_40' title='bbox 1088 409 1349 455; x_wconf 79' lang='lat' dir='ltr'>perfectionem</span> <span class='ocrx_word' id='word_1_41' title='bbox 1370 411 1541 444; x_wconf 82' lang='lat' dir='ltr'>scientiae</span> <span class='ocrx_word' id='word_1_42' title='bbox 1568 411 1743 456; x_wconf 88' lang='lat' dir='ltr'>ipsorum,</span> 
     </span>
     <span class='ocr_line' id='line_1_6' title="bbox 183 462 1745 511; baseline 0 -13"><span class='ocrx_word' id='word_1_43' title='bbox 183 477 245 511; x_wconf 88' lang='lat' dir='ltr'>per</span> <span class='ocrx_word' id='word_1_44' title='bbox 266 476 374 510; x_wconf 87' lang='lat' dir='ltr'>quam</span> <span class='ocrx_word' id='word_1_45' title='bbox 396 475 469 498; x_wconf 89' lang='lat' dir='ltr'>non</span> <span class='ocrx_word' id='word_1_46' title='bbox 492 463 611 497; x_wconf 92' lang='lat' dir='ltr'>solum</span> <span class='ocrx_word' id='word_1_47' title='bbox 633 463 745 509; x_wconf 89' lang='lat' dir='ltr'>loqui,</span> <span class='ocrx_word' id='word_1_48' title='bbox 767 463 829 497; x_wconf 90' lang='lat' dir='ltr'>sed</span> <span class='ocrx_word' id='word_1_49' title='bbox 852 462 1052 508; x_wconf 84' lang='lat' dir='ltr'>intelligere</span> <span class='ocrx_word' id='word_1_50' title='bbox 1074 471 1238 508; x_wconf 79' lang='lat' dir='ltr'>poterant</span> <span class='ocrx_word' id='word_1_51' title='bbox 1254 474 1344 508; x_wconf 88' lang='lat' dir='ltr'>quae</span> <span class='ocrx_word' id='word_1_52' title='bbox 1361 463 1402 496; x_wconf 89' lang='lat' dir='ltr'>ab</span> <span class='ocrx_word' id='word_1_53' title='bbox 1419 463 1495 497; x_wconf 86' lang='lat' dir='ltr'>aliis</span> <span class='ocrx_word' id='word_1_54' title='bbox 1515 464 1745 499; x_wconf 84' lang='lat' dir='ltr'>dicebantur:</span> 
     </span>
     <span class='ocr_line' id='line_1_7' title="bbox 184 516 1748 564; baseline 0 -12"><span class='ocrx_word' id='word_1_55' title='bbox 184 519 213 553; x_wconf 88' lang='lat' dir='ltr'>si</span> <span class='ocrx_word' id='word_1_56' title='bbox 235 527 355 552; x_wconf 86' lang='lat' dir='ltr'>autem</span> <span class='ocrx_word' id='word_1_57' title='bbox 379 528 506 551; x_wconf 86' lang='lat' dir='ltr'>omnes</span> <span class='ocrx_word' id='word_1_58' title='bbox 524 528 635 551; x_wconf 80' lang='lat' dir='ltr'>unam</span> <span class='ocrx_word' id='word_1_59' title='bbox 654 528 781 551; x_wconf 84' lang='lat' dir='ltr'>eorum</span> <span class='ocrx_word' id='word_1_60' title='bbox 800 516 963 562; x_wconf 83' lang='lat' dir='ltr'>linguam</span> <span class='ocrx_word' id='word_1_61' title='bbox 978 516 1245 558; x_wconf 80' lang='lat' dir='ltr'>intellexissent,</span> <span class='ocrx_word' id='word_1_62' title='bbox 1259 517 1330 551; x_wconf 87' lang='lat' dir='ltr'>hoc</span> <span class='ocrx_word' id='word_1_63' title='bbox 1344 516 1402 550; x_wconf 90' lang='lat' dir='ltr'>vel</span> <span class='ocrx_word' id='word_1_64' title='bbox 1419 516 1544 551; x_wconf 85' lang='lat' dir='ltr'>fuisset</span> <span class='ocrx_word' id='word_1_65' title='bbox 1557 529 1620 564; x_wconf 91' lang='lat' dir='ltr'>per</span> <span class='ocrx_word' id='word_1_66' title='bbox 1634 518 1748 552; x_wconf 88' lang='lat' dir='ltr'>scien-</span> 
     </span>
     <span class='ocr_line' id='line_1_8' title="bbox 183 569 1746 616; baseline 0 -11"><span class='ocrx_word' id='word_1_67' title='bbox 183 573 270 605; x_wconf 87' lang='lat' dir='ltr'>tiam</span> <span class='ocrx_word' id='word_1_68' title='bbox 292 571 438 605; x_wconf 86' lang='lat' dir='ltr'>illorum</span> <span class='ocrx_word' id='word_1_69' title='bbox 457 571 517 616; x_wconf 87' lang='lat' dir='ltr'>qui</span> <span class='ocrx_word' id='word_1_70' title='bbox 535 582 597 604; x_wconf 88' lang='lat' dir='ltr'>eos</span> <span class='ocrx_word' id='word_1_71' title='bbox 619 569 807 616; x_wconf 89' lang='lat' dir='ltr'>loquentes</span> <span class='ocrx_word' id='word_1_72' title='bbox 827 569 1078 615; x_wconf 82' lang='lat' dir='ltr'>intelligerent,</span> <span class='ocrx_word' id='word_1_73' title='bbox 1093 569 1151 604; x_wconf 84' lang='lat' dir='ltr'>vel</span> <span class='ocrx_word' id='word_1_74' title='bbox 1164 569 1288 604; x_wconf 85' lang='lat' dir='ltr'>fuisset</span> <span class='ocrx_word' id='word_1_75' title='bbox 1302 570 1403 616; x_wconf 86' lang='lat' dir='ltr'>quasi</span> <span class='ocrx_word' id='word_1_76' title='bbox 1418 570 1595 616; x_wconf 82' lang='lat' dir='ltr'>quaedam</span> <span class='ocrx_word' id='word_1_77' title='bbox 1613 571 1746 613; x_wconf 86' lang='lat' dir='ltr'>illusio,</span> 
     </span>
     <span class='ocr_line' id='line_1_9' title="bbox 185 622 1748 669; baseline 0 -11"><span class='ocrx_word' id='word_1_78' title='bbox 185 626 271 659; x_wconf 78' lang='lat' dir='ltr'>dum</span> <span class='ocrx_word' id='word_1_79' title='bbox 294 624 447 658; x_wconf 88' lang='lat' dir='ltr'>aliorum</span> <span class='ocrx_word' id='word_1_80' title='bbox 470 625 579 658; x_wconf 75' lang='lat' dir='ltr'>verba</span> <span class='ocrx_word' id='word_1_81' title='bbox 601 623 702 657; x_wconf 88' lang='lat' dir='ltr'>aliter</span> <span class='ocrx_word' id='word_1_82' title='bbox 724 623 767 657; x_wconf 87' lang='lat' dir='ltr'>ad</span> <span class='ocrx_word' id='word_1_83' title='bbox 791 635 917 657; x_wconf 89' lang='lat' dir='ltr'>eorum</span> <span class='ocrx_word' id='word_1_84' title='bbox 938 634 1039 657; x_wconf 86' lang='lat' dir='ltr'>aures</span> <span class='ocrx_word' id='word_1_85' title='bbox 1058 622 1308 668; x_wconf 87' lang='lat' dir='ltr'>perferrentur,</span> <span class='ocrx_word' id='word_1_86' title='bbox 1332 635 1441 669; x_wconf 91' lang='lat' dir='ltr'>quarn</span> <span class='ocrx_word' id='word_1_87' title='bbox 1462 624 1530 669; x_wconf 88' lang='lat' dir='ltr'>ipsi</span> <span class='ocrx_word' id='word_1_88' title='bbox 1552 636 1593 658; x_wconf 88' lang='lat' dir='ltr'>ea</span> <span class='ocrx_word' id='word_1_89' title='bbox 1616 623 1748 669; x_wconf 94' lang='lat' dir='ltr'>profer-</span> 
     </span>
     <span class='ocr_line' id='line_1_10' title="bbox 186 676 1746 722; baseline 0 -11"><span class='ocrx_word' id='word_1_90' title='bbox 186 687 281 720; x_wconf 80' lang='lat' dir='ltr'>rent3</span> <span class='ocrx_word' id='word_1_91' title='bbox 305 686 338 711; x_wconf 87' lang='lat' dir='ltr'>et</span> <span class='ocrx_word' id='word_1_92' title='bbox 358 678 440 711; x_wconf 88' lang='lat' dir='ltr'>ideo</span> <span class='ocrx_word' id='word_1_93' title='bbox 465 677 585 711; x_wconf 68' lang='lat' dir='ltr'>Gloss,</span> <span class='ocrx_word' id='word_1_94' title='bbox 610 677 696 720; x_wconf 76' lang='lat' dir='ltr'>(ord.</span> <span class='ocrx_word' id='word_1_95' title='bbox 714 676 833 721; x_wconf 64' lang='lat' dir='ltr'>Badiza)</span> <span class='ocrx_word' id='word_1_96' title='bbox 858 677 943 710; x_wconf 88' lang='lat' dir='ltr'>dicit</span> <span class='ocrx_word' id='word_1_97' title='bbox 965 677 1045 710; x_wconf 90' lang='lat' dir='ltr'>Act.</span> <span class='ocrx_word' id='word_1_98' title='bbox 1066 686 1096 709; x_wconf 88' lang='lat'>2.</span> <span class='ocrx_word' id='word_1_99' title='bbox 1113 677 1209 722; x_wconf 88' lang='lat' dir='ltr'>quod</span> <span class='ocrx_word' id='word_1_100' title='bbox 1232 689 1250 708; x_wconf 85' lang='lat'>«</span> <span class='ocrx_word' id='word_1_101' title='bbox 1272 677 1401 721; x_wconf 87' lang='lat' dir='ltr'>majori</span> <span class='ocrx_word' id='word_1_102' title='bbox 1415 676 1592 711; x_wconf 88' lang='lat' dir='ltr'>miraculo</span> <span class='ocrx_word' id='word_1_103' title='bbox 1610 676 1746 711; x_wconf 83' lang='lat' dir='ltr'>facturn</span> 
     </span>
     <span class='ocr_line' id='line_1_11' title="bbox 185 729 1747 777; baseline -0.001 -12"><span class='ocrx_word' id='word_1_104' title='bbox 185 740 248 772; x_wconf 86' lang='lat' dir='ltr'>est,</span> <span class='ocrx_word' id='word_1_105' title='bbox 271 731 366 777; x_wconf 89' lang='lat' dir='ltr'>quod</span> <span class='ocrx_word' id='word_1_106' title='bbox 389 731 455 776; x_wconf 84' lang='lat' dir='ltr'>ipsi</span> <span class='ocrx_word' id='word_1_107' title='bbox 478 731 643 764; x_wconf 88' lang='lat' dir='ltr'>omnium</span> <span class='ocrx_word' id='word_1_108' title='bbox 664 730 871 776; x_wconf 79' lang='lat' dir='ltr'>linguarum</span> <span class='ocrx_word' id='word_1_109' title='bbox 893 730 1082 775; x_wconf 84' lang='lat' dir='ltr'>generibus</span> <span class='ocrx_word' id='word_1_110' title='bbox 1104 729 1336 775; x_wconf 88' lang='lat' dir='ltr'>loquerentur</span> <span class='ocrx_word' id='word_1_111' title='bbox 1354 742 1392 772; x_wconf 81' lang='lat'>»3</span> <span class='ocrx_word' id='word_1_112' title='bbox 1412 738 1446 764; x_wconf 91' lang='lat' dir='ltr'>et</span> <span class='ocrx_word' id='word_1_113' title='bbox 1464 729 1595 764; x_wconf 85' lang='lat' dir='ltr'>Paulus</span> <span class='ocrx_word' id='word_1_114' title='bbox 1615 730 1702 765; x_wconf 89' lang='lat' dir='ltr'>dicit</span> <span class='ocrx_word' id='word_1_115' title='bbox 1719 741 1747 764; x_wconf 82' lang='lat'>1.</span> 
     </span>
     <span class='ocr_line' id='line_1_12' title="bbox 187 782 1577 829; baseline 0 -12"><span class='ocrx_word' id='word_1_116' title='bbox 187 785 229 817; x_wconf 77' lang='lat' dir='ltr'>ad</span> <span class='ocrx_word' id='word_1_117' title='bbox 253 784 339 818; x_wconf 88' lang='lat' dir='ltr'>Cor.</span> <span class='ocrx_word' id='word_1_118' title='bbox 367 794 437 827; x_wconf 56' lang='grc' dir='ltr'>μμ</span> <span class='ocrx_word' id='word_1_119' title='bbox 461 784 597 818; x_wconf 74' lang='lat' dir='ltr'>Gratias</span> <span class='ocrx_word' id='word_1_120' title='bbox 614 795 673 829; x_wconf 61' lang='lat' dir='ltr'>algo</span> <span class='ocrx_word' id='word_1_121' title='bbox 694 784 765 817; x_wconf 56' lang='lat' dir='ltr'>Deo</span> <span class='ocrx_word' id='word_1_122' title='bbox 784 795 866 825; x_wconf 64' lang='lat' dir='ltr'>meo,</span> <span class='ocrx_word' id='word_1_123' title='bbox 889 782 973 828; x_wconf 77' lang='lat' dir='ltr'>quod</span> <span class='ocrx_word' id='word_1_124' title='bbox 995 784 1141 816; x_wconf 74' lang='lat' dir='ltr'>omnium</span> <span class='ocrx_word' id='word_1_125' title='bbox 1160 788 1303 817; x_wconf 63' lang='lat' dir='ltr'>vestrum</span> <span class='ocrx_word' id='word_1_126' title='bbox 1323 783 1437 828; x_wconf 74' lang='lat' dir='ltr'>lingna</span> <span class='ocrx_word' id='word_1_127' title='bbox 1451 783 1577 829; x_wconf 79' lang='lat' dir='ltr'>loquor.</span> 
     </span>
    </p>

    <p class='ocr_par' dir='ltr' id='par_1_3' title="bbox 186 835 1751 1204">
     <span class='ocr_line' id='line_1_13' title="bbox 259 835 1749 882; baseline -0.001 -11"><span class='ocrx_word' id='word_1_128' title='bbox 259 838 317 871; x_wconf 80' lang='lat' dir='ltr'>AD</span> <span class='ocrx_word' id='word_1_129' title='bbox 338 848 507 871; x_wconf 75' lang='lat' dir='ltr'>TERTIUM</span> <span class='ocrx_word' id='word_1_130' title='bbox 534 837 740 878; x_wconf 86' lang='lat' dir='ltr'>dicendum,</span> <span class='ocrx_word' id='word_1_131' title='bbox 768 836 864 882; x_wconf 86' lang='lat' dir='ltr'>quod</span> <span class='ocrx_word' id='word_1_132' title='bbox 887 835 1052 870; x_wconf 85' lang='lat' dir='ltr'>Christus</span> <span class='ocrx_word' id='word_1_133' title='bbox 1074 836 1108 869; x_wconf 91' lang='lat' dir='ltr'>in</span> <span class='ocrx_word' id='word_1_134' title='bbox 1132 836 1276 882; x_wconf 87' lang='lat' dir='ltr'>propria</span> <span class='ocrx_word' id='word_1_135' title='bbox 1298 847 1451 881; x_wconf 85' lang='lat' dir='ltr'>persona</span> <span class='ocrx_word' id='word_1_136' title='bbox 1472 836 1534 870; x_wconf 90' lang='lat' dir='ltr'>uni</span> <span class='ocrx_word' id='word_1_137' title='bbox 1555 835 1624 870; x_wconf 85' lang='lat' dir='ltr'>soli</span> <span class='ocrx_word' id='word_1_138' title='bbox 1650 836 1749 882; x_wconf 88' lang='lat' dir='ltr'>genti</span> 
     </span>
     <span class='ocr_line' id='line_1_14' title="bbox 187 889 1751 937; baseline -0.001 -14"><span class='ocrx_word' id='word_1_139' title='bbox 187 892 452 937; x_wconf 82' lang='lat' dir='ltr'>praedicaturus</span> <span class='ocrx_word' id='word_1_140' title='bbox 476 899 562 933; x_wconf 88' lang='lat' dir='ltr'>erat,</span> <span class='ocrx_word' id='word_1_141' title='bbox 584 890 721 924; x_wconf 87' lang='lat' dir='ltr'>scilicet</span> <span class='ocrx_word' id='word_1_142' title='bbox 738 890 901 935; x_wconf 85' lang='lat' dir='ltr'>Judaeis;</span> <span class='ocrx_word' id='word_1_143' title='bbox 925 898 958 923; x_wconf 87' lang='lat' dir='ltr'>et</span> <span class='ocrx_word' id='word_1_144' title='bbox 980 890 1061 923; x_wconf 86' lang='lat' dir='ltr'>ideo</span> <span class='ocrx_word' id='word_1_145' title='bbox 1089 890 1254 935; x_wconf 85' lang='lat' dir='ltr'>quamvis</span> <span class='ocrx_word' id='word_1_146' title='bbox 1284 889 1360 936; x_wconf 87' lang='lat' dir='ltr'>ipse</span> <span class='ocrx_word' id='word_1_147' title='bbox 1391 890 1525 935; x_wconf 86' lang='lat' dir='ltr'>absque</span> <span class='ocrx_word' id='word_1_148' title='bbox 1555 889 1663 923; x_wconf 87' lang='lat' dir='ltr'>dubio</span> <span class='ocrx_word' id='word_1_149' title='bbox 1689 889 1751 922; x_wconf 88' lang='lat' dir='ltr'>ha-</span> 
     </span>
     <span class='ocr_line' id='line_1_15' title="bbox 186 942 1748 990; baseline -0.002 -11"><span class='ocrx_word' id='word_1_150' title='bbox 186 946 285 979; x_wconf 86' lang='lat' dir='ltr'>beret</span> <span class='ocrx_word' id='word_1_151' title='bbox 306 944 564 990; x_wconf 87' lang='lat' dir='ltr'>perfectissime</span> <span class='ocrx_word' id='word_1_152' title='bbox 587 944 774 978; x_wconf 80' lang='lat' dir='ltr'>scientiam</span> <span class='ocrx_word' id='word_1_153' title='bbox 798 945 961 977; x_wconf 86' lang='lat' dir='ltr'>omnium</span> <span class='ocrx_word' id='word_1_154' title='bbox 984 943 1209 988; x_wconf 82' lang='lat' dir='ltr'>linguarum3</span> <span class='ocrx_word' id='word_1_155' title='bbox 1229 954 1302 976; x_wconf 90' lang='lat' dir='ltr'>non</span> <span class='ocrx_word' id='word_1_156' title='bbox 1320 951 1442 977; x_wconf 85' lang='lat' dir='ltr'>tamen</span> <span class='ocrx_word' id='word_1_157' title='bbox 1463 943 1633 989; x_wconf 89' lang='lat' dir='ltr'>oportuit,</span> <span class='ocrx_word' id='word_1_158' title='bbox 1652 942 1748 988; x_wconf 89' lang='lat' dir='ltr'>quod</span> 
     </span>
     <span class='ocr_line' id='line_1_16' title="bbox 187 996 1748 1044; baseline -0.001 -12"><span class='ocrx_word' id='word_1_159' title='bbox 187 998 355 1032; x_wconf 87' lang='lat' dir='ltr'>omnibus</span> <span class='ocrx_word' id='word_1_160' title='bbox 370 998 501 1044; x_wconf 82' lang='lat' dir='ltr'>linguis</span> <span class='ocrx_word' id='word_1_161' title='bbox 512 997 735 1044; x_wconf 77' lang='lat' dir='ltr'>loqueretur3</span> <span class='ocrx_word' id='word_1_162' title='bbox 747 998 827 1031; x_wconf 89' lang='lat' dir='ltr'>ideo</span> <span class='ocrx_word' id='word_1_163' title='bbox 843 1006 975 1037; x_wconf 84' lang='lat' dir='ltr'>autem,</span> <span class='ocrx_word' id='word_1_164' title='bbox 988 1005 1023 1030; x_wconf 93' lang='lat' dir='ltr'>ut</span> <span class='ocrx_word' id='word_1_165' title='bbox 1040 997 1193 1042; x_wconf 81' lang='lat' dir='ltr'>August.</span> <span class='ocrx_word' id='word_1_166' title='bbox 1209 996 1295 1030; x_wconf 86' lang='lat' dir='ltr'>dicit</span> <span class='ocrx_word' id='word_1_167' title='bbox 1308 1008 1414 1042; x_wconf 85' lang='lat' dir='ltr'>super</span> <span class='ocrx_word' id='word_1_168' title='bbox 1424 997 1527 1042; x_wconf 87' lang='lat' dir='ltr'>Joan.</span> <span class='ocrx_word' id='word_1_169' title='bbox 1543 996 1658 1041; x_wconf 78' lang='lat' dir='ltr'>(tract.</span> <span class='ocrx_word' id='word_1_170' title='bbox 1669 996 1748 1042; x_wconf 66' lang='lat'>32),</span> 
     </span>
     <span class='ocr_line' id='line_1_17' title="bbox 190 1049 1750 1097; baseline 0 -15"><span class='ocrx_word' id='word_1_171' title='bbox 190 1066 206 1083; x_wconf 85' lang='lat'>«</span> <span class='ocrx_word' id='word_1_172' title='bbox 230 1063 313 1086; x_wconf 89' lang='lat' dir='ltr'>cum</span> <span class='ocrx_word' id='word_1_173' title='bbox 336 1059 369 1085; x_wconf 87' lang='lat' dir='ltr'>et</span> <span class='ocrx_word' id='word_1_174' title='bbox 391 1052 501 1085; x_wconf 78' lang='lat' dir='ltr'>modo</span> <span class='ocrx_word' id='word_1_175' title='bbox 526 1051 677 1097; x_wconf 84' lang='lat' dir='ltr'>Spiritus</span> <span class='ocrx_word' id='word_1_176' title='bbox 700 1051 853 1084; x_wconf 84' lang='lat' dir='ltr'>Sanctus</span> <span class='ocrx_word' id='word_1_177' title='bbox 877 1050 1081 1095; x_wconf 80' lang='lat' dir='ltr'>accipiatur,</span> <span class='ocrx_word' id='word_1_178' title='bbox 1104 1061 1213 1083; x_wconf 89' lang='lat' dir='ltr'>nemo</span> <span class='ocrx_word' id='word_1_179' title='bbox 1241 1049 1399 1095; x_wconf 89' lang='lat' dir='ltr'>loquitur</span> <span class='ocrx_word' id='word_1_180' title='bbox 1424 1049 1556 1094; x_wconf 86' lang='lat' dir='ltr'>linguis</span> <span class='ocrx_word' id='word_1_181' title='bbox 1583 1049 1750 1083; x_wconf 88' lang='lat' dir='ltr'>omnium</span> 
     </span>
     <span class='ocr_line' id='line_1_18' title="bbox 187 1102 1750 1151; baseline -0.002 -13"><span class='ocrx_word' id='word_1_182' title='bbox 187 1105 361 1151; x_wconf 79' lang='lat' dir='ltr'>gentium,</span> <span class='ocrx_word' id='word_1_183' title='bbox 383 1105 466 1151; x_wconf 86' lang='lat' dir='ltr'>quia</span> <span class='ocrx_word' id='word_1_184' title='bbox 487 1106 561 1150; x_wconf 86' lang='lat' dir='ltr'>jam</span> <span class='ocrx_word' id='word_1_185' title='bbox 582 1105 659 1149; x_wconf 87' lang='lat' dir='ltr'>ipsa</span> <span class='ocrx_word' id='word_1_186' title='bbox 680 1104 842 1138; x_wconf 83' lang='lat' dir='ltr'>Ecclesia</span> <span class='ocrx_word' id='word_1_187' title='bbox 864 1103 995 1148; x_wconf 85' lang='lat' dir='ltr'>linguis</span> <span class='ocrx_word' id='word_1_188' title='bbox 1027 1103 1193 1137; x_wconf 89' lang='lat' dir='ltr'>omnium</span> <span class='ocrx_word' id='word_1_189' title='bbox 1223 1103 1386 1149; x_wconf 86' lang='lat' dir='ltr'>gentium</span> <span class='ocrx_word' id='word_1_190' title='bbox 1413 1103 1589 1149; x_wconf 88' lang='lat' dir='ltr'>loquitur;</span> <span class='ocrx_word' id='word_1_191' title='bbox 1616 1102 1653 1136; x_wconf 89' lang='lat' dir='ltr'>in</span> <span class='ocrx_word' id='word_1_192' title='bbox 1680 1113 1750 1148; x_wconf 89' lang='lat' dir='ltr'>qua</span> 
     </span>
     <span class='ocr_line' id='line_1_19' title="bbox 187 1156 1153 1204; baseline -0.002 -12"><span class='ocrx_word' id='word_1_193' title='bbox 187 1158 247 1204; x_wconf 90' lang='lat' dir='ltr'>qui</span> <span class='ocrx_word' id='word_1_194' title='bbox 273 1169 347 1192; x_wconf 88' lang='lat' dir='ltr'>non</span> <span class='ocrx_word' id='word_1_195' title='bbox 374 1166 436 1199; x_wconf 89' lang='lat' dir='ltr'>est,</span> <span class='ocrx_word' id='word_1_196' title='bbox 464 1169 537 1192; x_wconf 91' lang='lat' dir='ltr'>non</span> <span class='ocrx_word' id='word_1_197' title='bbox 566 1158 695 1204; x_wconf 87' lang='lat' dir='ltr'>accipit</span> <span class='ocrx_word' id='word_1_198' title='bbox 722 1157 896 1203; x_wconf 89' lang='lat' dir='ltr'>Spiritum</span> <span class='ocrx_word' id='word_1_199' title='bbox 925 1156 1099 1190; x_wconf 83' lang='lat' dir='ltr'>Sanctum</span> <span class='ocrx_word' id='word_1_200' title='bbox 1121 1170 1153 1190; x_wconf 87' lang='lat'>».</span> 
     </span>
    </p>
   </div>
   <div class='ocr_carea' id='block_1_3' title="bbox 752 1299 1747 1352">
    <p class='ocr_par' dir='ltr' id='par_1_4' title="bbox 752 1299 1747 1352">
     <span class='ocr_line' id='line_1_20' title="bbox 752 1299 1747 1352; baseline 0.001 -10"><span class='ocrx_word' id='word_1_201' title='bbox 752 1299 1097 1343; x_wconf 86' lang='lat' dir='ltr'><strong>ARTICULUS</strong></span> <span class='ocrx_word' id='word_1_202' title='bbox 1132 1299 1187 1340; x_wconf 86' lang='lat' dir='ltr'>Il.</span> <span class='ocrx_word' id='word_1_203' title='bbox 1681 1309 1747 1352; x_wconf 80' lang='lat'>841</span> 
     </span>
    </p>
   </div>
   <div class='ocr_carea' id='block_1_4' title="bbox 422 1419 1513 1522">
    <p class='ocr_par' dir='ltr' id='par_1_5' title="bbox 422 1419 1513 1522">
     <span class='ocr_line' id='line_1_21' title="bbox 422 1419 1513 1457; baseline -0.003 -7"><span class='ocrx_word' id='word_1_204' title='bbox 422 1421 574 1451; x_wconf 72' lang='lat' dir='ltr'><strong>UTRUM</strong></span> <span class='ocrx_word' id='word_1_205' title='bbox 602 1421 761 1451; x_wconf 83' lang='lat' dir='ltr'>DONUM</span> <span class='ocrx_word' id='word_1_206' title='bbox 788 1420 1044 1450; x_wconf 73' lang='lat' dir='ltr'>LINGUARUM</span> <span class='ocrx_word' id='word_1_207' title='bbox 1073 1419 1140 1448; x_wconf 86' lang='lat' dir='ltr'>SIT</span> <span class='ocrx_word' id='word_1_208' title='bbox 1169 1419 1513 1457; x_wconf 81' lang='lat' dir='ltr'>EXCELLENTIUS,</span> 
     </span>
     <span class='ocr_line' id='line_1_22' title="bbox 658 1485 1286 1522; baseline -0.002 -7"><span class='ocrx_word' id='word_1_209' title='bbox 658 1487 783 1522; x_wconf 88' lang='lat' dir='ltr'><strong>QUAM</strong></span> <span class='ocrx_word' id='word_1_210' title='bbox 811 1486 972 1515; x_wconf 83' lang='lat' dir='ltr'>GRATIA</span> <span class='ocrx_word' id='word_1_211' title='bbox 998 1485 1286 1514; x_wconf 84' lang='lat' dir='ltr'>PROPHETIAE.</span> 
     </span>
    </p>
   </div>
   <div class='ocr_carea' id='block_1_5' title="bbox 188 1581 1765 2912">
    <p class='ocr_par' dir='ltr' id='par_1_6' title="bbox 188 1581 1758 2059">
     <span class='ocr_line' id='line_1_23' title="bbox 260 1581 1755 1632; baseline -0.003 -11"><span class='ocrx_word' id='word_1_212' title='bbox 260 1587 319 1621; x_wconf 85' lang='lat' dir='ltr'>AD</span> <span class='ocrx_word' id='word_1_213' title='bbox 347 1596 554 1621; x_wconf 64' lang='lat' dir='ltr'>SECUNDUM</span> <span class='ocrx_word' id='word_1_214' title='bbox 577 1586 626 1620; x_wconf 85' lang='lat' dir='ltr'>sic</span> <span class='ocrx_word' id='word_1_215' title='bbox 646 1583 862 1632; x_wconf 66' lang='lat' dir='ltr'>proceditur.</span> <span class='ocrx_word' id='word_1_216' title='bbox 881 1585 1043 1626; x_wconf 76' lang='lat' dir='ltr'>Videtur,</span> <span class='ocrx_word' id='word_1_217' title='bbox 1067 1585 1163 1631; x_wconf 83' lang='lat' dir='ltr'>quod</span> <span class='ocrx_word' id='word_1_218' title='bbox 1185 1584 1323 1618; x_wconf 88' lang='lat' dir='ltr'>donum</span> <span class='ocrx_word' id='word_1_219' title='bbox 1345 1584 1550 1630; x_wconf 84' lang='lat' dir='ltr'>linguarum</span> <span class='ocrx_word' id='word_1_220' title='bbox 1573 1583 1617 1618; x_wconf 91' lang='lat' dir='ltr'>sit</span> <span class='ocrx_word' id='word_1_221' title='bbox 1639 1581 1755 1617; x_wconf 81' lang='lat' dir='ltr'>excel-</span> 
     </span>
     <span class='ocr_line' id='line_1_24' title="bbox 188 1636 1755 1686; baseline -0.003 -12"><span class='ocrx_word' id='word_1_222' title='bbox 188 1641 329 1682; x_wconf 74' lang='lat' dir='ltr'>lentius,</span> <span class='ocrx_word' id='word_1_223' title='bbox 353 1651 461 1686; x_wconf 86' lang='lat' dir='ltr'>quam</span> <span class='ocrx_word' id='word_1_224' title='bbox 476 1639 590 1685; x_wconf 81' lang='lat' dir='ltr'>gratia</span> <span class='ocrx_word' id='word_1_225' title='bbox 609 1639 836 1685; x_wconf 80' lang='lat' dir='ltr'>prophetiae:</span> <span class='ocrx_word' id='word_1_226' title='bbox 860 1650 950 1685; x_wconf 86' lang='lat' dir='ltr'>quae</span> <span class='ocrx_word' id='word_1_227' title='bbox 971 1638 1067 1672; x_wconf 87' lang='lat' dir='ltr'>enim</span> <span class='ocrx_word' id='word_1_228' title='bbox 1086 1646 1168 1672; x_wconf 89' lang='lat' dir='ltr'>sunt</span> <span class='ocrx_word' id='word_1_229' title='bbox 1186 1637 1396 1672; x_wconf 88' lang='lat' dir='ltr'>melioribus</span> <span class='ocrx_word' id='word_1_230' title='bbox 1415 1637 1571 1684; x_wconf 89' lang='lat' dir='ltr'>propria,</span> <span class='ocrx_word' id='word_1_231' title='bbox 1590 1636 1755 1670; x_wconf 90' lang='lat' dir='ltr'>videntur</span> 
     </span>
     <span class='ocr_line' id='line_1_25' title="bbox 189 1690 1754 1738; baseline -0.003 -10"><span class='ocrx_word' id='word_1_232' title='bbox 189 1705 266 1728; x_wconf 81' lang='lat' dir='ltr'>csse</span> <span class='ocrx_word' id='word_1_233' title='bbox 288 1693 452 1735; x_wconf 80' lang='lat' dir='ltr'>meliora,</span> <span class='ocrx_word' id='word_1_234' title='bbox 479 1694 679 1727; x_wconf 88' lang='lat' dir='ltr'>secundum</span> <span class='ocrx_word' id='word_1_235' title='bbox 707 1692 843 1726; x_wconf 88' lang='lat' dir='ltr'>Philos.</span> <span class='ocrx_word' id='word_1_236' title='bbox 872 1692 907 1726; x_wconf 89' lang='lat' dir='ltr'>in</span> <span class='ocrx_word' id='word_1_237' title='bbox 938 1704 966 1737; x_wconf 82' lang='lat'>3.</span> <span class='ocrx_word' id='word_1_238' title='bbox 996 1690 1126 1738; x_wconf 91' lang='lat' dir='ltr'>Topic.</span> <span class='ocrx_word' id='word_1_239' title='bbox 1158 1692 1248 1738; x_wconf 78' lang='lat' dir='ltr'>(cap.</span> <span class='ocrx_word' id='word_1_240' title='bbox 1279 1704 1306 1726; x_wconf 81' lang='lat' dir='ltr'>r.</span> <span class='ocrx_word' id='word_1_241' title='bbox 1334 1693 1368 1725; x_wconf 73' lang='lat' dir='ltr'>in</span> <span class='ocrx_word' id='word_1_242' title='bbox 1394 1691 1549 1738; x_wconf 69' lang='lat' dir='ltr'>explicat.</span> <span class='ocrx_word' id='word_1_243' title='bbox 1577 1691 1639 1725; x_wconf 81' lang='lat' dir='ltr'>loci</span> <span class='ocrx_word' id='word_1_244' title='bbox 1665 1690 1754 1734; x_wconf 85' lang='lat'>12.):</span> 
     </span>
     <span class='ocr_line' id='line_1_26' title="bbox 190 1742 1757 1792; baseline -0.003 -11"><span class='ocrx_word' id='word_1_245' title='bbox 190 1748 250 1782; x_wconf 80' lang='lat' dir='ltr'>sed</span> <span class='ocrx_word' id='word_1_246' title='bbox 273 1747 410 1781; x_wconf 88' lang='lat' dir='ltr'>donum</span> <span class='ocrx_word' id='word_1_247' title='bbox 445 1746 650 1792; x_wconf 82' lang='lat' dir='ltr'>linguarum</span> <span class='ocrx_word' id='word_1_248' title='bbox 678 1754 731 1780; x_wconf 82' lang='lat' dir='ltr'>est</span> <span class='ocrx_word' id='word_1_249' title='bbox 764 1746 950 1792; x_wconf 85' lang='lat' dir='ltr'>proprium</span> <span class='ocrx_word' id='word_1_250' title='bbox 977 1745 1063 1779; x_wconf 82' lang='lat' dir='ltr'>novi</span> <span class='ocrx_word' id='word_1_251' title='bbox 1089 1745 1297 1779; x_wconf 83' lang='lat' dir='ltr'>testamenti</span> <span class='ocrx_word' id='word_1_252' title='bbox 1323 1744 1417 1778; x_wconf 91' lang='lat' dir='ltr'>unde</span> <span class='ocrx_word' id='word_1_253' title='bbox 1445 1752 1608 1778; x_wconf 86' lang='lat' dir='ltr'>cantatur</span> <span class='ocrx_word' id='word_1_254' title='bbox 1633 1743 1669 1777; x_wconf 89' lang='lat' dir='ltr'>in</span> <span class='ocrx_word' id='word_1_255' title='bbox 1697 1742 1757 1777; x_wconf 90' lang='lat' dir='ltr'>Se-</span> 
     </span>
     <span class='ocr_line' id='line_1_27' title="bbox 191 1795 1753 1847; baseline -0.003 -12"><span class='ocrx_word' id='word_1_256' title='bbox 191 1801 335 1847; x_wconf 84' lang='lat' dir='ltr'>quentia</span> <span class='ocrx_word' id='word_1_257' title='bbox 354 1801 602 1834; x_wconf 88' lang='lat' dir='ltr'>Pentecostes:</span> <span class='ocrx_word' id='word_1_258' title='bbox 625 1814 642 1831; x_wconf 90' lang='lat'>«</span> <span class='ocrx_word' id='word_1_259' title='bbox 661 1800 740 1846; x_wconf 83' lang='lat' dir='ltr'>Ipse</span> <span class='ocrx_word' id='word_1_260' title='bbox 760 1799 868 1833; x_wconf 80' lang='lat' dir='ltr'>hodie</span> <span class='ocrx_word' id='word_1_261' title='bbox 889 1798 1087 1845; x_wconf 79' lang='lat' dir='ltr'>Apostolos</span> <span class='ocrx_word' id='word_1_262' title='bbox 1111 1798 1248 1832; x_wconf 87' lang='lat' dir='ltr'>Christi</span> <span class='ocrx_word' id='word_1_263' title='bbox 1267 1798 1406 1832; x_wconf 85' lang='lat' dir='ltr'>donans</span> <span class='ocrx_word' id='word_1_264' title='bbox 1425 1808 1575 1831; x_wconf 86' lang='lat' dir='ltr'>munere</span> <span class='ocrx_word' id='word_1_265' title='bbox 1594 1795 1753 1837; x_wconf 88' lang='lat' dir='ltr'>insolito,</span> 
     </span>
     <span class='ocr_line' id='line_1_28' title="bbox 192 1850 1758 1898; baseline -0.003 -10"><span class='ocrx_word' id='word_1_266' title='bbox 192 1863 225 1888; x_wconf 72' lang='lat' dir='ltr'>et</span> <span class='ocrx_word' id='word_1_267' title='bbox 247 1855 385 1888; x_wconf 87' lang='lat' dir='ltr'>cunctis</span> <span class='ocrx_word' id='word_1_268' title='bbox 412 1854 572 1887; x_wconf 85' lang='lat' dir='ltr'>inaudito</span> <span class='ocrx_word' id='word_1_269' title='bbox 605 1853 758 1887; x_wconf 87' lang='lat' dir='ltr'>saeculis</span> <span class='ocrx_word' id='word_1_270' title='bbox 785 1865 828 1886; x_wconf 79' lang='lat' dir='ltr'>»z</span> <span class='ocrx_word' id='word_1_271' title='bbox 858 1852 1048 1898; x_wconf 81' lang='lat' dir='ltr'>prophetia</span> <span class='ocrx_word' id='word_1_272' title='bbox 1078 1860 1199 1886; x_wconf 84' lang='lat' dir='ltr'>autem</span> <span class='ocrx_word' id='word_1_273' title='bbox 1227 1851 1343 1896; x_wconf 81' lang='lat' dir='ltr'>magis</span> <span class='ocrx_word' id='word_1_274' title='bbox 1374 1851 1547 1897; x_wconf 89' lang='lat' dir='ltr'>competit</span> <span class='ocrx_word' id='word_1_275' title='bbox 1574 1850 1686 1884; x_wconf 90' lang='lat' dir='ltr'>veteri</span> <span class='ocrx_word' id='word_1_276' title='bbox 1710 1857 1758 1883; x_wconf 91' lang='lat' dir='ltr'>te-</span> 
     </span>
     <span class='ocr_line' id='line_1_29' title="bbox 191 1904 1756 1951; baseline -0.003 -10"><span class='ocrx_word' id='word_1_277' title='bbox 191 1916 370 1942; x_wconf 78' lang='lat' dir='ltr'>stamento</span> <span class='ocrx_word' id='word_1_278' title='bbox 394 1907 593 1941; x_wconf 88' lang='lat' dir='ltr'>secundum</span> <span class='ocrx_word' id='word_1_279' title='bbox 615 1906 702 1940; x_wconf 86' lang='lat' dir='ltr'>illud</span> <span class='ocrx_word' id='word_1_280' title='bbox 726 1907 769 1940; x_wconf 86' lang='lat' dir='ltr'>ad</span> <span class='ocrx_word' id='word_1_281' title='bbox 792 1906 900 1940; x_wconf 87' lang='lat' dir='ltr'>Hebr.</span> <span class='ocrx_word' id='word_1_282' title='bbox 929 1917 974 1939; x_wconf 86' lang='lat'>1.:</span> <span class='ocrx_word' id='word_1_283' title='bbox 1001 1906 1242 1951; x_wconf 60' lang='lat' dir='ltr'>,lfzzltifariatn,</span> <span class='ocrx_word' id='word_1_284' title='bbox 1258 1905 1429 1950; x_wconf 67' lang='lat' dir='ltr'>multisque</span> <span class='ocrx_word' id='word_1_285' title='bbox 1451 1904 1555 1938; x_wconf 76' lang='lat' dir='ltr'>modis</span> <span class='ocrx_word' id='word_1_286' title='bbox 1570 1904 1647 1938; x_wconf 79' lang='lat' dir='ltr'>olim</span> <span class='ocrx_word' id='word_1_287' title='bbox 1666 1904 1756 1938; x_wconf 62' lang='lat' dir='ltr'>Deus</span> 
     </span>
     <span class='ocr_line' id='line_1_30' title="bbox 191 1955 1758 2006; baseline -0.003 -11"><span class='ocrx_word' id='word_1_288' title='bbox 191 1962 322 2006; x_wconf 68' lang='lat' dir='ltr'>loquens</span> <span class='ocrx_word' id='word_1_289' title='bbox 347 1961 502 1995; x_wconf 67' lang='lat' dir='ltr'>Patribus</span> <span class='ocrx_word' id='word_1_290' title='bbox 523 1962 557 1994; x_wconf 80' lang='lat' dir='ltr'>in</span> <span class='ocrx_word' id='word_1_291' title='bbox 580 1960 774 2006; x_wconf 64' lang='lat' dir='ltr'>Propheti5;</span> <span class='ocrx_word' id='word_1_292' title='bbox 798 1971 885 2005; x_wconf 76' lang='lat' dir='ltr'>ergo</span> <span class='ocrx_word' id='word_1_293' title='bbox 905 1959 1055 2000; x_wconf 79' lang='lat' dir='ltr'>videtur,</span> <span class='ocrx_word' id='word_1_294' title='bbox 1075 1959 1171 2004; x_wconf 86' lang='lat' dir='ltr'>quod</span> <span class='ocrx_word' id='word_1_295' title='bbox 1194 1959 1331 1992; x_wconf 89' lang='lat' dir='ltr'>donum</span> <span class='ocrx_word' id='word_1_296' title='bbox 1353 1957 1559 2004; x_wconf 87' lang='lat' dir='ltr'>linguarum</span> <span class='ocrx_word' id='word_1_297' title='bbox 1583 1958 1628 1991; x_wconf 88' lang='lat' dir='ltr'>sit</span> <span class='ocrx_word' id='word_1_298' title='bbox 1645 1955 1758 1991; x_wconf 84' lang='lat' dir='ltr'>excel-</span> 
     </span>
     <span class='ocr_line' id='line_1_31' title="bbox 192 2013 881 2059; baseline -0.001 -12"><span class='ocrx_word' id='word_1_299' title='bbox 192 2015 332 2055; x_wconf 87' lang='lat' dir='ltr'>lentius,</span> <span class='ocrx_word' id='word_1_300' title='bbox 360 2026 468 2059; x_wconf 83' lang='lat' dir='ltr'>quam</span> <span class='ocrx_word' id='word_1_301' title='bbox 497 2015 634 2047; x_wconf 85' lang='lat' dir='ltr'>donum</span> <span class='ocrx_word' id='word_1_302' title='bbox 660 2013 881 2059; x_wconf 81' lang='lat' dir='ltr'>prophetiae.</span> 
     </span>
    </p>

    <p class='ocr_par' dir='ltr' id='par_1_7' title="bbox 189 2063 1761 2378">
     <span class='ocr_line' id='line_1_32' title="bbox 265 2063 1758 2112; baseline -0.003 -11"><span class='ocrx_word' id='word_1_303' title='bbox 265 2079 296 2101; x_wconf 84' lang='lat'>2.</span> <span class='ocrx_word' id='word_1_304' title='bbox 319 2067 554 2101; x_wconf 68' lang='lat' dir='ltr'>PRAETEREA.</span> <span class='ocrx_word' id='word_1_305' title='bbox 575 2066 679 2108; x_wconf 85' lang='lat' dir='ltr'>Illud,</span> <span class='ocrx_word' id='word_1_306' title='bbox 702 2078 764 2112; x_wconf 90' lang='lat' dir='ltr'>per</span> <span class='ocrx_word' id='word_1_307' title='bbox 786 2066 882 2112; x_wconf 87' lang='lat' dir='ltr'>quod</span> <span class='ocrx_word' id='word_1_308' title='bbox 905 2066 1115 2100; x_wconf 80' lang='lat' dir='ltr'>ordinamur</span> <span class='ocrx_word' id='word_1_309' title='bbox 1138 2065 1181 2099; x_wconf 87' lang='lat' dir='ltr'>ad</span> <span class='ocrx_word' id='word_1_310' title='bbox 1207 2065 1340 2106; x_wconf 89' lang='lat' dir='ltr'>Deum,</span> <span class='ocrx_word' id='word_1_311' title='bbox 1360 2065 1499 2099; x_wconf 79' lang='lat' dir='ltr'>videtur</span> <span class='ocrx_word' id='word_1_312' title='bbox 1526 2063 1758 2099; x_wconf 84' lang='lat' dir='ltr'>excellentius</span> 
     </span>
     <span class='ocr_line' id='line_1_33' title="bbox 194 2117 1757 2166; baseline -0.003 -11"><span class='ocrx_word' id='word_1_313' title='bbox 194 2132 270 2155; x_wconf 89' lang='lat' dir='ltr'>esse</span> <span class='ocrx_word' id='word_1_314' title='bbox 293 2132 349 2162; x_wconf 92' lang='lat' dir='ltr'>eo,</span> <span class='ocrx_word' id='word_1_315' title='bbox 372 2132 434 2166; x_wconf 84' lang='lat' dir='ltr'>per</span> <span class='ocrx_word' id='word_1_316' title='bbox 455 2120 551 2166; x_wconf 81' lang='lat' dir='ltr'>quod</span> <span class='ocrx_word' id='word_1_317' title='bbox 575 2120 784 2153; x_wconf 79' lang='lat' dir='ltr'>ordinamur</span> <span class='ocrx_word' id='word_1_318' title='bbox 807 2120 848 2153; x_wconf 84' lang='lat' dir='ltr'>ad</span> <span class='ocrx_word' id='word_1_319' title='bbox 871 2120 1058 2153; x_wconf 88' lang='lat' dir='ltr'>homines:</span> <span class='ocrx_word' id='word_1_320' title='bbox 1082 2119 1143 2153; x_wconf 87' lang='lat' dir='ltr'>sed</span> <span class='ocrx_word' id='word_1_321' title='bbox 1166 2130 1228 2164; x_wconf 91' lang='lat' dir='ltr'>per</span> <span class='ocrx_word' id='word_1_322' title='bbox 1250 2119 1387 2152; x_wconf 82' lang='lat' dir='ltr'>donum</span> <span class='ocrx_word' id='word_1_323' title='bbox 1408 2117 1616 2163; x_wconf 84' lang='lat' dir='ltr'>linguarum</span> <span class='ocrx_word' id='word_1_324' title='bbox 1641 2117 1757 2151; x_wconf 90' lang='lat' dir='ltr'>homo</span> 
     </span>
     <span class='ocr_line' id='line_1_34' title="bbox 195 2170 1756 2219; baseline -0.002 -12"><span class='ocrx_word' id='word_1_325' title='bbox 195 2174 379 2208; x_wconf 84' lang='lat' dir='ltr'>ordinatur</span> <span class='ocrx_word' id='word_1_326' title='bbox 401 2174 443 2207; x_wconf 80' lang='lat' dir='ltr'>ad</span> <span class='ocrx_word' id='word_1_327' title='bbox 466 2173 598 2214; x_wconf 87' lang='lat' dir='ltr'>Deum,</span> <span class='ocrx_word' id='word_1_328' title='bbox 620 2184 682 2219; x_wconf 90' lang='lat' dir='ltr'>per</span> <span class='ocrx_word' id='word_1_329' title='bbox 705 2173 933 2218; x_wconf 82' lang='lat' dir='ltr'>prophetiam</span> <span class='ocrx_word' id='word_1_330' title='bbox 957 2180 1075 2206; x_wconf 85' lang='lat' dir='ltr'>autem</span> <span class='ocrx_word' id='word_1_331' title='bbox 1101 2173 1142 2205; x_wconf 81' lang='lat' dir='ltr'>ad</span> <span class='ocrx_word' id='word_1_332' title='bbox 1165 2172 1351 2206; x_wconf 81' lang='lat' dir='ltr'>homines:</span> <span class='ocrx_word' id='word_1_333' title='bbox 1375 2171 1503 2205; x_wconf 82' lang='lat' dir='ltr'>dicitur</span> <span class='ocrx_word' id='word_1_334' title='bbox 1530 2171 1627 2205; x_wconf 87' lang='lat' dir='ltr'>enim</span> <span class='ocrx_word' id='word_1_335' title='bbox 1658 2181 1685 2204; x_wconf 88' lang='lat'>1.</span> <span class='ocrx_word' id='word_1_336' title='bbox 1713 2170 1756 2204; x_wconf 90' lang='lat' dir='ltr'>ad</span> 
     </span>
     <span class='ocr_line' id='line_1_35' title="bbox 195 2225 1760 2272; baseline -0.003 -10"><span class='ocrx_word' id='word_1_337' title='bbox 195 2227 282 2262; x_wconf 89' lang='lat' dir='ltr'>Cor.</span> <span class='ocrx_word' id='word_1_338' title='bbox 310 2237 379 2270; x_wconf 60' lang='lat'>14:</span> <span class='ocrx_word' id='word_1_339' title='bbox 404 2227 474 2271; x_wconf 73' lang='lat' dir='ltr'>Qui</span> <span class='ocrx_word' id='word_1_340' title='bbox 501 2227 647 2272; x_wconf 73' lang='lat' dir='ltr'>quuitur</span> <span class='ocrx_word' id='word_1_341' title='bbox 669 2227 794 2271; x_wconf 74' lang='lat' dir='ltr'>lingna,</span> <span class='ocrx_word' id='word_1_342' title='bbox 815 2238 878 2259; x_wconf 71' lang='lat' dir='ltr'>non</span> <span class='ocrx_word' id='word_1_343' title='bbox 900 2226 1085 2260; x_wconf 56' lang='lat' dir='ltr'>{inmunibus</span> <span class='ocrx_word' id='word_1_344' title='bbox 1107 2226 1266 2271; x_wconf 72' lang='lat' dir='ltr'>quuitur,</span> <span class='ocrx_word' id='word_1_345' title='bbox 1293 2225 1344 2260; x_wconf 71' lang='lat' dir='ltr'>sed</span> <span class='ocrx_word' id='word_1_346' title='bbox 1362 2226 1454 2259; x_wconf 56' lang='lat' dir='ltr'>Deo:</span> <span class='ocrx_word' id='word_1_347' title='bbox 1482 2226 1539 2270; x_wconf 78' lang='lat' dir='ltr'>qui</span> <span class='ocrx_word' id='word_1_348' title='bbox 1556 2229 1760 2270; x_wconf 73' lang='lat' dir='ltr'>aittempro-</span> 
     </span>
     <span class='ocr_line' id='line_1_36' title="bbox 189 2275 1761 2327; baseline -0.003 -13"><span class='ocrx_word' id='word_1_349' title='bbox 189 2281 313 2327; x_wconf 61' lang='lat' dir='ltr'>phatat,</span> <span class='ocrx_word' id='word_1_350' title='bbox 346 2281 531 2314; x_wconf 74' lang='lat' dir='ltr'>hominibus</span> <span class='ocrx_word' id='word_1_351' title='bbox 558 2280 704 2325; x_wconf 71' lang='lat' dir='ltr'>loquitur</span> <span class='ocrx_word' id='word_1_352' title='bbox 731 2279 773 2313; x_wconf 76' lang='grc' dir='ltr'>ιιιῖ</span> <span class='ocrx_word' id='word_1_353' title='bbox 798 2279 1079 2324; x_wconf 50' lang='lat' dir='ltr'>iialisiriiliomnn,·</span> <span class='ocrx_word' id='word_1_354' title='bbox 1104 2290 1190 2324; x_wconf 83' lang='lat' dir='ltr'>ergo</span> <span class='ocrx_word' id='word_1_355' title='bbox 1221 2278 1372 2320; x_wconf 81' lang='lat' dir='ltr'>videtur,</span> <span class='ocrx_word' id='word_1_356' title='bbox 1403 2278 1500 2324; x_wconf 92' lang='lat' dir='ltr'>quod</span> <span class='ocrx_word' id='word_1_357' title='bbox 1531 2277 1669 2312; x_wconf 89' lang='lat' dir='ltr'>donum</span> <span class='ocrx_word' id='word_1_358' title='bbox 1697 2275 1761 2310; x_wconf 86' lang='lat' dir='ltr'>lin-</span> 
     </span>
     <span class='ocr_line' id='line_1_37' title="bbox 196 2332 1217 2378; baseline -0.003 -10"><span class='ocrx_word' id='word_1_359' title='bbox 196 2346 346 2378; x_wconf 69' lang='lat' dir='ltr'>guarum</span> <span class='ocrx_word' id='word_1_360' title='bbox 369 2334 413 2368; x_wconf 90' lang='lat' dir='ltr'>sit</span> <span class='ocrx_word' id='word_1_361' title='bbox 435 2333 680 2374; x_wconf 81' lang='lat' dir='ltr'>excellentius,</span> <span class='ocrx_word' id='word_1_362' title='bbox 703 2344 811 2378; x_wconf 84' lang='lat' dir='ltr'>quam</span> <span class='ocrx_word' id='word_1_363' title='bbox 835 2333 971 2366; x_wconf 85' lang='lat' dir='ltr'>donum</span> <span class='ocrx_word' id='word_1_364' title='bbox 994 2332 1217 2378; x_wconf 86' lang='lat' dir='ltr'>prophetiae.</span> 
     </span>
    </p>

    <p class='ocr_par' dir='ltr' id='par_1_8' title="bbox 197 2383 1765 2645">
     <span class='ocr_line' id='line_1_38' title="bbox 271 2383 1760 2433; baseline -0.004 -11"><span class='ocrx_word' id='word_1_365' title='bbox 271 2400 298 2433; x_wconf 77' lang='lat'>3.</span> <span class='ocrx_word' id='word_1_366' title='bbox 314 2388 550 2422; x_wconf 65' lang='lat' dir='ltr'>PRAETEREA.</span> <span class='ocrx_word' id='word_1_367' title='bbox 566 2386 715 2420; x_wconf 88' lang='lat' dir='ltr'>Donum</span> <span class='ocrx_word' id='word_1_368' title='bbox 731 2385 936 2431; x_wconf 82' lang='lat' dir='ltr'>linguarum</span> <span class='ocrx_word' id='word_1_369' title='bbox 956 2385 1184 2419; x_wconf 78' lang='lat' dir='ltr'>habitu-aliter</span> <span class='ocrx_word' id='word_1_370' title='bbox 1203 2392 1390 2431; x_wconf 87' lang='lat' dir='ltr'>permanet</span> <span class='ocrx_word' id='word_1_371' title='bbox 1408 2384 1443 2417; x_wconf 90' lang='lat' dir='ltr'>in</span> <span class='ocrx_word' id='word_1_372' title='bbox 1458 2383 1613 2417; x_wconf 84' lang='lat' dir='ltr'>habente</span> <span class='ocrx_word' id='word_1_373' title='bbox 1629 2383 1760 2428; x_wconf 86' lang='lat' dir='ltr'>ipsum,</span> 
     </span>
     <span class='ocr_line' id='line_1_39' title="bbox 197 2436 1760 2486; baseline -0.003 -12"><span class='ocrx_word' id='word_1_374' title='bbox 197 2451 230 2475; x_wconf 84' lang='lat' dir='ltr'>et</span> <span class='ocrx_word' id='word_1_375' title='bbox 252 2441 366 2474; x_wconf 87' lang='lat' dir='ltr'>homo</span> <span class='ocrx_word' id='word_1_376' title='bbox 388 2441 497 2474; x_wconf 84' lang='lat' dir='ltr'>habet</span> <span class='ocrx_word' id='word_1_377' title='bbox 514 2440 550 2473; x_wconf 93' lang='lat' dir='ltr'>in</span> <span class='ocrx_word' id='word_1_378' title='bbox 569 2447 746 2486; x_wconf 79' lang='lat' dir='ltr'>potestate</span> <span class='ocrx_word' id='word_1_379' title='bbox 766 2439 815 2472; x_wconf 87' lang='lat' dir='ltr'>uti</span> <span class='ocrx_word' id='word_1_380' title='bbox 835 2450 890 2480; x_wconf 86' lang='lat' dir='ltr'>eo,</span> <span class='ocrx_word' id='word_1_381' title='bbox 911 2450 994 2472; x_wconf 84' lang='lat' dir='ltr'>cum</span> <span class='ocrx_word' id='word_1_382' title='bbox 1013 2438 1184 2480; x_wconf 78' lang='lat' dir='ltr'>voluerit3</span> <span class='ocrx_word' id='word_1_383' title='bbox 1205 2439 1298 2472; x_wconf 73' lang='lat' dir='ltr'>unde</span> <span class='ocrx_word' id='word_1_384' title='bbox 1322 2438 1449 2472; x_wconf 86' lang='lat' dir='ltr'>dicitur</span> <span class='ocrx_word' id='word_1_385' title='bbox 1472 2448 1499 2470; x_wconf 91' lang='lat'>1.</span> <span class='ocrx_word' id='word_1_386' title='bbox 1519 2436 1562 2470; x_wconf 90' lang='lat' dir='ltr'>ad</span> <span class='ocrx_word' id='word_1_387' title='bbox 1583 2436 1668 2470; x_wconf 89' lang='lat' dir='ltr'>Cor.</span> <span class='ocrx_word' id='word_1_388' title='bbox 1690 2445 1760 2478; x_wconf 62' lang='lat'>14:</span> 
     </span>
     <span class='ocr_line' id='line_1_40' title="bbox 199 2489 1763 2539; baseline -0.003 -12"><span class='ocrx_word' id='word_1_389' title='bbox 199 2495 338 2528; x_wconf 67' lang='lat' dir='ltr'>Gratias</span> <span class='ocrx_word' id='word_1_390' title='bbox 364 2506 425 2539; x_wconf 73' lang='lat' dir='ltr'>‹ng</span> <span class='ocrx_word' id='word_1_391' title='bbox 448 2494 519 2527; x_wconf 62' lang='lat' dir='ltr'>Deo</span> <span class='ocrx_word' id='word_1_392' title='bbox 542 2505 623 2534; x_wconf 51' lang='lat' dir='ltr'>meo,</span> <span class='ocrx_word' id='word_1_393' title='bbox 647 2492 731 2538; x_wconf 77' lang='lat' dir='ltr'>quod</span> <span class='ocrx_word' id='word_1_394' title='bbox 752 2493 899 2526; x_wconf 79' lang='lat' dir='ltr'>onmium</span> <span class='ocrx_word' id='word_1_395' title='bbox 922 2497 1064 2525; x_wconf 54' lang='grc' dir='ltr'>ἰηιςίνιιηι</span> <span class='ocrx_word' id='word_1_396' title='bbox 1093 2492 1206 2537; x_wconf 62' lang='lat' dir='ltr'>lingua</span> <span class='ocrx_word' id='word_1_397' title='bbox 1229 2492 1364 2537; x_wconf 76' lang='lat' dir='ltr'>loquor:</span> <span class='ocrx_word' id='word_1_398' title='bbox 1387 2502 1460 2524; x_wconf 87' lang='lat' dir='ltr'>non</span> <span class='ocrx_word' id='word_1_399' title='bbox 1484 2498 1605 2523; x_wconf 85' lang='lat' dir='ltr'>autem</span> <span class='ocrx_word' id='word_1_400' title='bbox 1632 2489 1681 2523; x_wconf 85' lang='lat' dir='ltr'>sic</span> <span class='ocrx_word' id='word_1_401' title='bbox 1709 2496 1763 2522; x_wconf 89' lang='lat' dir='ltr'>est</span> 
     </span>
     <span class='ocr_line' id='line_1_41' title="bbox 198 2540 1765 2593; baseline -0.003 -14"><span class='ocrx_word' id='word_1_402' title='bbox 198 2549 239 2582; x_wconf 48' lang='lat' dir='ltr'>[lc</span> <span class='ocrx_word' id='word_1_403' title='bbox 262 2548 359 2581; x_wconf 83' lang='lat' dir='ltr'>dono</span> <span class='ocrx_word' id='word_1_404' title='bbox 382 2547 604 2593; x_wconf 82' lang='lat' dir='ltr'>prophetiae,</span> <span class='ocrx_word' id='word_1_405' title='bbox 626 2555 664 2580; x_wconf 89' lang='lat' dir='ltr'>ut</span> <span class='ocrx_word' id='word_1_406' title='bbox 685 2558 789 2592; x_wconf 86' lang='lat' dir='ltr'>supra</span> <span class='ocrx_word' id='word_1_407' title='bbox 812 2545 946 2579; x_wconf 81' lang='lat' dir='ltr'>dictum</span> <span class='ocrx_word' id='word_1_408' title='bbox 971 2554 1023 2578; x_wconf 85' lang='lat' dir='ltr'>est</span> <span class='ocrx_word' id='word_1_409' title='bbox 1045 2546 1092 2590; x_wconf 77' lang='lat' dir='ltr'>(q.</span> <span class='ocrx_word' id='word_1_410' title='bbox 1119 2557 1186 2591; x_wconf 76' lang='lat'>171.</span> <span class='ocrx_word' id='word_1_411' title='bbox 1214 2550 1277 2578; x_wconf 77' lang='lat' dir='ltr'>art.</span> <span class='ocrx_word' id='word_1_412' title='bbox 1310 2545 1380 2589; x_wconf 87' lang='lat'>2.);</span> <span class='ocrx_word' id='word_1_413' title='bbox 1411 2554 1498 2589; x_wconf 85' lang='lat' dir='ltr'>ergo</span> <span class='ocrx_word' id='word_1_414' title='bbox 1535 2542 1672 2576; x_wconf 88' lang='lat' dir='ltr'>donum</span> <span class='ocrx_word' id='word_1_415' title='bbox 1698 2540 1765 2575; x_wconf 88' lang='lat' dir='ltr'>lin-</span> 
     </span>
     <span class='ocr_line' id='line_1_42' title="bbox 198 2597 1414 2645; baseline -0.003 -11"><span class='ocrx_word' id='word_1_416' title='bbox 198 2600 349 2645; x_wconf 74' lang='lat' dir='ltr'>guarum</span> <span class='ocrx_word' id='word_1_417' title='bbox 372 2601 511 2634; x_wconf 69' lang='lat' dir='ltr'>videtur</span> <span class='ocrx_word' id='word_1_418' title='bbox 533 2611 610 2635; x_wconf 88' lang='lat' dir='ltr'>esse</span> <span class='ocrx_word' id='word_1_419' title='bbox 634 2599 876 2640; x_wconf 77' lang='lat' dir='ltr'>excellentius,</span> <span class='ocrx_word' id='word_1_420' title='bbox 900 2610 1008 2644; x_wconf 80' lang='lat' dir='ltr'>quam</span> <span class='ocrx_word' id='word_1_421' title='bbox 1032 2599 1166 2632; x_wconf 80' lang='lat' dir='ltr'>donum</span> <span class='ocrx_word' id='word_1_422' title='bbox 1191 2597 1414 2644; x_wconf 81' lang='lat' dir='ltr'>prophetiae.</span> 
     </span>
    </p>

    <p class='ocr_par' dir='ltr' id='par_1_9' title="bbox 199 2647 1763 2912">
     <span class='ocr_line' id='line_1_43' title="bbox 269 2647 1763 2699; baseline -0.004 -13"><span class='ocrx_word' id='word_1_423' title='bbox 269 2665 298 2696; x_wconf 74' lang='lat'>4.</span> <span class='ocrx_word' id='word_1_424' title='bbox 329 2655 562 2688; x_wconf 66' lang='lat' dir='ltr'>PRAETEREA.</span> <span class='ocrx_word' id='word_1_425' title='bbox 585 2653 835 2699; x_wconf 85' lang='lat' dir='ltr'>Interpretatio</span> <span class='ocrx_word' id='word_1_426' title='bbox 863 2662 1073 2686; x_wconf 79' lang='lat' dir='ltr'>sermonum</span> <span class='ocrx_word' id='word_1_427' title='bbox 1096 2652 1236 2686; x_wconf 84' lang='lat' dir='ltr'>videtur</span> <span class='ocrx_word' id='word_1_428' title='bbox 1263 2650 1438 2686; x_wconf 89' lang='lat' dir='ltr'>contineri</span> <span class='ocrx_word' id='word_1_429' title='bbox 1464 2649 1526 2683; x_wconf 87' lang='lat' dir='ltr'>sub</span> <span class='ocrx_word' id='word_1_430' title='bbox 1554 2647 1763 2694; x_wconf 89' lang='lat' dir='ltr'>prophetia;</span> 
     </span>
     <span class='ocr_line' id='line_1_44' title="bbox 199 2701 1762 2753; baseline -0.004 -13"><span class='ocrx_word' id='word_1_431' title='bbox 199 2708 279 2752; x_wconf 80' lang='lat' dir='ltr'>quia</span> <span class='ocrx_word' id='word_1_432' title='bbox 296 2708 492 2753; x_wconf 83' lang='lat' dir='ltr'>scripturae</span> <span class='ocrx_word' id='word_1_433' title='bbox 515 2707 645 2741; x_wconf 86' lang='lat' dir='ltr'>eodem</span> <span class='ocrx_word' id='word_1_434' title='bbox 668 2706 791 2751; x_wconf 84' lang='lat' dir='ltr'>spiritu</span> <span class='ocrx_word' id='word_1_435' title='bbox 819 2713 1056 2750; x_wconf 84' lang='lat' dir='ltr'>exponuntur,</span> <span class='ocrx_word' id='word_1_436' title='bbox 1079 2716 1150 2750; x_wconf 85' lang='lat' dir='ltr'>quo</span> <span class='ocrx_word' id='word_1_437' title='bbox 1173 2713 1256 2738; x_wconf 86' lang='lat' dir='ltr'>sunt</span> <span class='ocrx_word' id='word_1_438' title='bbox 1277 2704 1411 2738; x_wconf 84' lang='lat' dir='ltr'>editae:</span> <span class='ocrx_word' id='word_1_439' title='bbox 1434 2703 1495 2737; x_wconf 88' lang='lat' dir='ltr'>sed</span> <span class='ocrx_word' id='word_1_440' title='bbox 1517 2701 1762 2747; x_wconf 87' lang='lat' dir='ltr'>interpretatio</span> 
     </span>
     <span class='ocr_line' id='line_1_45' title="bbox 200 2753 1763 2805; baseline -0.004 -12"><span class='ocrx_word' id='word_1_441' title='bbox 200 2772 420 2802; x_wconf 76' lang='lat' dir='ltr'>sermonum,</span> <span class='ocrx_word' id='word_1_442' title='bbox 445 2772 471 2793; x_wconf 90' lang='lat'>1.</span> <span class='ocrx_word' id='word_1_443' title='bbox 493 2761 535 2793; x_wconf 84' lang='lat' dir='ltr'>ad</span> <span class='ocrx_word' id='word_1_444' title='bbox 557 2760 644 2794; x_wconf 90' lang='lat' dir='ltr'>Cor.</span> <span class='ocrx_word' id='word_1_445' title='bbox 663 2759 881 2805; x_wconf 85' lang='lat' dir='ltr'>12.,p0nitur</span> <span class='ocrx_word' id='word_1_446' title='bbox 903 2765 984 2803; x_wconf 87' lang='lat' dir='ltr'>post</span> <span class='ocrx_word' id='word_1_447' title='bbox 997 2769 1129 2803; x_wconf 78' lang='lat' dir='ltr'>genera</span> <span class='ocrx_word' id='word_1_448' title='bbox 1143 2757 1369 2803; x_wconf 81' lang='lat' dir='ltr'>linguarum3</span> <span class='ocrx_word' id='word_1_449' title='bbox 1389 2767 1476 2801; x_wconf 87' lang='lat' dir='ltr'>ergo</span> <span class='ocrx_word' id='word_1_450' title='bbox 1495 2755 1646 2796; x_wconf 89' lang='lat' dir='ltr'>videtur,</span> <span class='ocrx_word' id='word_1_451' title='bbox 1666 2753 1763 2800; x_wconf 90' lang='lat' dir='ltr'>quod</span> 
     </span>
     <span class='ocr_line' id='line_1_46' title="bbox 200 2808 1763 2857; baseline -0.004 -11"><span class='ocrx_word' id='word_1_452' title='bbox 200 2813 334 2846; x_wconf 81' lang='lat' dir='ltr'>donum</span> <span class='ocrx_word' id='word_1_453' title='bbox 358 2813 564 2857; x_wconf 82' lang='lat' dir='ltr'>linguarum</span> <span class='ocrx_word' id='word_1_454' title='bbox 579 2814 623 2847; x_wconf 85' lang='lat' dir='ltr'>sit</span> <span class='ocrx_word' id='word_1_455' title='bbox 639 2812 882 2854; x_wconf 78' lang='lat' dir='ltr'>excellentius,</span> <span class='ocrx_word' id='word_1_456' title='bbox 898 2823 1006 2857; x_wconf 84' lang='lat' dir='ltr'>quam</span> <span class='ocrx_word' id='word_1_457' title='bbox 1022 2812 1158 2844; x_wconf 85' lang='lat' dir='ltr'>donum</span> <span class='ocrx_word' id='word_1_458' title='bbox 1173 2811 1396 2857; x_wconf 84' lang='lat' dir='ltr'>prophetiae,</span> <span class='ocrx_word' id='word_1_459' title='bbox 1412 2808 1570 2843; x_wconf 79' lang='lat' dir='ltr'>maxime</span> <span class='ocrx_word' id='word_1_460' title='bbox 1589 2815 1763 2854; x_wconf 84' lang='lat' dir='ltr'>quantum</span> 
     </span>
     <span class='ocr_line' id='line_1_47' title="bbox 203 2866 698 2912; baseline 0.002 -12"><span class='ocrx_word' id='word_1_461' title='bbox 203 2867 244 2901; x_wconf 67' lang='lat' dir='ltr'>:ld</span> <span class='ocrx_word' id='word_1_462' title='bbox 269 2866 425 2912; x_wconf 81' lang='lat' dir='ltr'>aliquam</span> <span class='ocrx_word' id='word_1_463' title='bbox 450 2868 525 2912; x_wconf 86' lang='lat' dir='ltr'>ejus</span> <span class='ocrx_word' id='word_1_464' title='bbox 548 2875 698 2912; x_wconf 88' lang='lat' dir='ltr'>partem.</span> 
     </span>
    </p>
   </div>
   <div class='ocr_carea' id='block_1_6' title="bbox 1847 0 1859 610">
    <p class='ocr_par' dir='ltr' id='par_1_10' title="bbox 1847 0 1859 610">
     <span class='ocr_line' id='line_1_48' title="bbox 1847 0 1859 610; baseline 0 2512"><span class='ocrx_word' id='word_1_465' title='bbox 1847 0 1859 610; x_wconf 95' lang='lat' dir='ltr'> </span> 
     </span>
    </p>
   </div>
  </div>
 </body>
</html>
