1859 3122
502 153 722 188 QUAESTIO
756 153 828 182 L11.
862 153 1110 183 ARTICULUS
1144 154 1204 183 111.
1557 155 1636 198 395

147 235 206 269 AD
222 244 392 269 TERTIUM
409 233 614 275 dicendum,
630 233 726 279 quod
743 233 936 268 consilium
951 246 1024 268 non
1040 243 1092 269 est
1110 235 1144 268 in
1164 235 1245 270 Deo
1261 235 1352 270 sicut
1374 235 1409 269 in
1433 236 1639 282 recipiente,

75 288 137 323 sed
160 288 250 322 sicut
265 287 300 321 in
316 287 441 321 dante:
463 287 533 321 hoc
554 296 675 321 autem
691 287 802 321 modo
822 287 1095 322 conformantur
1110 288 1190 322 Deo
1208 288 1330 323 Sancti
1351 289 1387 322 in
1410 290 1533 335 patria,
1549 289 1640 322 sicut

76 341 255 387 recipiens
281 340 454 374 influenti.

636 470 980 515 ARTICULUS
1021 472 1096 514 iv.
1571 493 1637 530 094

176 577 330 607 UTRUM
358 577 525 613 QUINTA
553 579 826 619 BEATITUDO,
853 579 970 614 QUAE
996 580 1075 608 EST
1103 580 1161 608 DE
1190 580 1517 619 MISERICORDIA,

473 643 847 673 CORRESPONDEAT
871 644 996 674 DONO
1026 644 1232 674 CONSILII.

230 730 306 773 (1-2.
329 742 358 775 q.
381 731 437 775 69.
459 736 524 765 art.
543 743 571 777 3.
593 730 636 764 ad
654 743 680 776 3.
703 736 731 764 et
750 743 776 776 3.
799 731 887 765 Dist.
908 743 958 777 34.
982 743 1010 777 q.
1034 744 1059 766 r.
1083 736 1146 765 art.
1169 743 1202 775 4.
1225 736 1252 766 et
1275 732 1394 766 Matth.
1414 733 1472 776 5).

143 819 203 853 AD
225 829 414 858 QUARTUM
440 819 491 853 sic
513 819 729 865 proceditur.
752 820 914 861 Videtur,
933 820 1029 865 quod
1052 820 1175 866 quinta
1192 819 1388 861 beatitudo,
1405 831 1494 866 quae
1519 829 1571 854 est
1594 821 1636 855 de

73 871 332 914 misericordia,
360 883 433 906 non
459 872 676 918 respondeat
701 873 798 906 dono
826 873 983 907 consilii:
1013 884 1140 907 omnes
1168 874 1265 907 enirn
1291 873 1529 907 beatitudines
1552 882 1634 907 sunt

74 925 221 971 quidam
246 933 346 960 actus
367 926 550 968 virtutum,
572 934 610 960 ut
631 937 736 972 supra
758 926 921 960 habitum
941 935 993 960 est
1008 927 1086 972 (1-2.
1109 939 1136 972 q.
1157 927 1213 973 69.
1229 931 1292 961 art.
1307 928 1366 972 r.):
1389 926 1452 961 sed
1474 938 1537 973 per
1553 938 1636 960 con-

73 977 193 1013 silium
211 978 248 1012 in
271 979 438 1012 omnibus
459 978 631 1012 virtutum
654 979 790 1013 actibus
813 979 1020 1025 dirigimur3
1047 991 1133 1025 ergo
1162 979 1315 1014 consilio
1342 991 1416 1014 non
1444 979 1638 1026 respondet

75 1032 190 1078 magis
212 1031 335 1077 quinta
357 1031 552 1073 beatitudo,
575 1043 684 1077 quam
706 1031 786 1066 alia.

145 1095 176 1119 2.
199 1085 435 1120 PRAETEREA.
457 1085 656 1131 Praecepta
678 1085 805 1119 dantur
827 1085 870 1120 de
891 1086 958 1128 his,
978 1098 1069 1132 quae
1091 1095 1173 1120 sunt
1195 1086 1238 1120 de
1260 1086 1474 1120 necessitate
1494 1085 1636 1120 salutis:

76 1137 270 1172 consilium
291 1146 412 1172 autem
435 1138 537 1172 datur
556 1138 599 1172 de
620 1139 689 1180 his,
717 1150 808 1184 quae
829 1150 903 1173 non
926 1148 1008 1173 sunt
1029 1139 1072 1173 de
1093 1139 1307 1174 necessitate
1335 1139 1477 1173 salutis:
1507 1139 1641 1173 miseri-

76 1191 198 1226 cordia
221 1200 341 1225 autem
364 1199 416 1226 est
437 1191 480 1225 de
502 1192 714 1226 necessitate
736 1191 872 1234 salutis,
895 1193 1095 1226 secundum
1112 1192 1201 1226 illud
1218 1192 1292 1237 Jac.
1316 1203 1346 1226 2.
1366 1192 1556 1236 :chdicium
1573 1194 1640 1227 sina

73 1245 304 1279 misericordia
325 1245 386 1286 illi,
407 1246 463 1290 qui
484 1245 652 1291 nonfacit
676 1245 961 1280 misericordium:
984 1254 1174 1291 paupertas
1196 1253 1317 1279 autem
1343 1256 1417 1279 non
1440 1255 1492 1280 est
1513 1246 1557 1279 de
1578 1257 1636 1280 ne-

75 1298 239 1332 cessitate
261 1297 396 1339 salutis,
419 1297 480 1332 sed
502 1298 655 1344 pertinet
672 1299 715 1332 ad
734 1298 992 1344 perfectionem
1006 1299 1112 1340 vitae,
1134 1308 1172 1332 ut
1194 1299 1431 1344 patetMattli.
1459 1310 1531 1345 19.;
1551 1310 1639 1344 ergo

74 1351 171 1386 dono
195 1351 337 1386 consilii
358 1351 474 1397 magis
496 1351 688 1397 respondet
712 1352 896 1386 beatitudo
926 1354 1155 1398 paupertatis,
1178 1363 1288 1398 quam
1316 1352 1500 1386 beatitudo
1532 1352 1638 1386 mise-

76 1404 265 1438 ricordiae.

143 1469 171 1504 3.
194 1458 429 1492 PRAETEREA.
451 1458 601 1492 Fructus
623 1466 892 1504 consequuntur
907 1458 950 1492 ad
965 1458 1225 1492 Beatitudines:
1248 1458 1562 1504 important'enim
1584 1458 1642 1492 de-

78 1511 313 1545 lectationem
329 1511 524 1557 quamdam
538 1512 772 1558 spiritualem,
787 1523 878 1557 quae
893 1512 1125 1558 consequitur
1139 1511 1318 1558 perfectos
1333 1520 1433 1545 actus
1447 1512 1639 1546 virtutum:

75 1564 138 1599 sed
171 1565 264 1598 inter
295 1563 430 1598 fructus
460 1576 534 1598 nou
565 1565 709 1610 ponitur
740 1564 873 1610 aliquid
908 1565 1131 1610 respondens
1159 1564 1256 1598 dono
1285 1564 1438 1605 consilii,
1473 1574 1510 1599 ut
1542 1573 1640 1610 patet

81 1617 201 1652 Galat.
227 1629 274 1662 5.;
298 1629 385 1663 ergo
409 1618 517 1651 etiam
538 1618 721 1652 beatitudo
749 1618 1016 1652 misericordiae
1043 1629 1117 1652 non
1144 1618 1336 1663 respondet
1362 1618 1459 1652 dono
1488 1618 1639 1652 consilii.

146 1670 220 1705 SED
243 1681 398 1705 CONTRA
413 1679 476 1712 est,
493 1671 588 1716 quod
603 1671 697 1716 Aug.
714 1671 799 1704 dicit
819 1671 855 1704 in
877 1670 936 1704 lib.
960 1671 1002 1704 de
1015 1671 1129 1705 Serm.
1145 1671 1255 1704 Doni.
1270 1671 1307 1704 in
1322 1680 1446 1705 monte
1465 1671 1551 1717 (cap.
1566 1672 1634 1715 4.).-

76 1737 94 1755 «
111 1724 317 1759 Consilium
344 1726 512 1758 convenit
538 1724 849 1765 misericordibus,
876 1725 958 1769 quia
984 1725 1131 1758 unicum
1158 1724 1360 1758 remedium
1388 1732 1440 1758 est
1462 1725 1504 1758 de
1526 1725 1631 1758 tantis

76 1777 180 1811 malis
204 1778 289 1820 erui,
313 1778 489 1811 dimittere
513 1777 601 1820 aliis,
621 1784 656 1811 et
674 1778 756 1811 dare
774 1791 803 1810 ›>.

145 1830 374 1864 RESPONDEO
398 1830 602 1871 dicendum,
621 1831 718 1876 quod
737 1829 929 1864 consilium
948 1830 1091 1876 proprie
1111 1838 1163 1864 est
1181 1830 1223 1864 de
1242 1830 1309 1872 his,
1330 1842 1420 1876 quae
1440 1839 1522 1864 sunt
1540 1830 1641 1864 utilia

76 1883 120 1917 ad
140 1883 270 1926 finem;
298 1883 392 1917 unde
419 1895 460 1917 ea
487 1895 578 1930 quae
606 1883 763 1917 maxime
790 1892 872 1917 sunt
898 1883 997 1917 utilia
1024 1883 1067 1917 ad
1087 1883 1210 1925 finem,
1233 1883 1390 1917 maxime
1413 1883 1544 1918 debent
1566 1895 1642 1918 cor-

75 1937 291 1982 respondere
314 1937 410 1970 dono
435 1936 592 1972 consilii:
615 1937 686 1970 hoc
710 1945 831 1970 autem
850 1945 902 1970 est
924 1936 1184 1978 misericordia,
1207 1936 1407 1970 secundum
1431 1936 1518 1970 illud
1545 1948 1572 1970 1.
1596 1937 1639 1970 ad

78 1988 175 2023 Tim.
197 1999 248 2032 4:
271 1990 379 2024 Pietas
399 1990 442 2024 ad
463 1991 577 2024 omnia
599 1990 688 2024 utilis
705 1995 766 2024 est:
787 1998 821 2023 et
841 1989 922 2023 ideo
946 1989 1148 2036 specialiter
1163 1989 1260 2023 dono
1284 1989 1425 2024 consilii
1447 1991 1641 2036 respondet

76 2043 261 2077 beatitudo
282 2043 563 2085 misericordiae,
585 2055 659 2077 non
681 2043 774 2077 sicut
795 2042 962 2084 elicienti‚
985 2042 1047 2076 sed
1069 2042 1160 2076 sicut
1182 2043 1359 2088 dirigenti.

147 2096 207 2130 AD
222 2106 372 2130 PRIMUM
387 2107 473 2142 ergo
489 2096 696 2138 dicendum,
711 2096 807 2142 quod
823 2095 888 2129 etsi
907 2095 1100 2129 consilium
1114 2095 1244 2142 dirigat
1261 2096 1297 2129 in
1317 2096 1485 2130 omnibus
1501 2096 1638 2130 actibus

76 2149 269 2192 virtutum3
297 2149 502 2195 specialiter
527 2158 650 2184 tamen
677 2150 797 2196 dirigit
822 2149 858 2183 in
886 2149 1052 2195 operibus
1086 2149 1368 2191 misericordiae,
1394 2150 1533 2183 ratione
1567 2151 1639 2195 jam

80 2202 175 2236 dicta
195 2203 247 2247 (in
268 2202 387 2248 corp).

146 2255 207 2289 AD
238 2265 445 2290 SECUNDUM
473 2255 677 2297 dicendum,
706 2255 802 2301 quod
837 2255 1043 2296 consilium,
1073 2255 1273 2289 secundum
1303 2255 1399 2301 quod
1427 2264 1480 2290 est
1502 2256 1638 2289 donum

77 2309 380 2355 Spiritus·Sancti,
396 2309 515 2355 dirigit
527 2321 594 2344 nos
608 2310 644 2343 in
659 2310 838 2351 omnibus,
854 2320 945 2355 quae
964 2309 1174 2343 ordinantur
1187 2309 1223 2342 in
1240 2309 1350 2342 finem
1364 2309 1457 2343 vitae
1473 2317 1639 2342 aeternae

79 2363 154 2397 sive
175 2363 245 2396 sint
265 2362 309 2396 de
331 2363 544 2397 necessitate
566 2363 701 2405 salutis,
725 2363 799 2398 sive
821 2374 913 2396 non:
945 2371 980 2397 et
1005 2370 1128 2396 tamen
1161 2374 1235 2397 non
1257 2374 1366 2396 omne
1390 2374 1479 2408 opus
1506 2362 1640 2395 miseri-

79 2415 224 2449 cordiae
247 2423 300 2449 est
321 2415 364 2449 de
386 2416 598 2450 necessitate
621 2416 755 2450 salutis.

146 2468 207 2502 AD
230 2477 402 2502 TERTIUM
425 2468 628 2510 dicendum,
648 2468 745 2514 quod
762 2467 898 2502 fructus
917 2468 1089 2514 importat
1107 2468 1278 2514 quiddam
1297 2467 1484 2502 ultimum:
1507 2467 1542 2499 in
1565 2478 1640 2511 pra-

79 2520 180 2554 cticis
203 2527 324 2554 autem
345 2531 419 2554 non
441 2528 494 2554 est
514 2519 684 2554 ultimum
698 2521 735 2554 in
751 2521 972 2566 cognitione,
987 2521 1048 2555 sed
1063 2521 1099 2555 in
1114 2521 1337 2567 operatione,
1353 2531 1443 2566 quae
1466 2527 1518 2553 est
1539 2518 1638 2560 finis,

81 2581 115 2607 et
136 2573 218 2607 ideo
240 2573 333 2606 inter
352 2572 487 2607 fructus
509 2573 599 2607 nihil
617 2573 773 2619 ponitur,
793 2574 888 2620 quod
904 2574 1081 2620 pertineat
1095 2575 1138 2608 ad
1154 2574 1402 2619 cognitionem
1424 2572 1639 2617 practicam3

79 2625 142 2660 sed
163 2625 284 2660 solum
311 2637 353 2659 ea
380 2637 471 2671 quae
493 2626 671 2672 pertinent
696 2627 740 2660 acl
763 2629 1003 2673 operationes,
1025 2627 1061 2660 in
1083 2627 1210 2673 quibus
1233 2626 1392 2671 cognitio
1415 2625 1571 2670 practica
1593 2625 1641 2657 di-

76 2678 180 2725 rigit:
202 2679 295 2713 inter
313 2690 403 2724 quae
422 2679 566 2724 ponitur
584 2680 724 2722 bonitas,
745 2689 779 2714 et
801 2682 995 2726 benignitas,
1015 2691 1106 2726 quae
1125 2680 1344 2725 respondent
1358 2677 1638 2712 misericordiae.
