1859 3122
224 128 308 181 690
638 136 856 172 QUAESTIO
887 136 1002 166 XCVI.
1037 136 1281 167 ARTICULUS
1315 137 1372 167 IV.

220 220 388 253 virtutem
402 217 573 259 divinam,
588 228 661 251 non
677 217 742 251 erit
754 216 940 251 illicitum:
960 217 1021 252 sed
1040 217 1253 264 plerumque
1266 217 1356 252 tales
1371 218 1633 253 incantationes
1647 218 1782 253 habent

220 271 362 306 illicitas
385 270 642 312 observantias,
671 278 706 304 et
727 281 790 316 per
811 270 1009 304 daemones
1031 271 1227 305 sortiuntur
1253 269 1440 314 effectum;
1468 279 1502 305 et
1527 271 1719 318 praecipue
1745 271 1782 305 in

220 324 463 370 serpentibus;
486 325 569 369 quia
591 334 736 369 serpens
757 322 822 357 fuit
842 324 1000 370 primum
1023 324 1211 358 daemonis
1232 324 1511 359 instrumentum
1532 325 1575 359 ad
1591 324 1782 359 hominem

221 377 491 423 decipiendum3
514 376 608 410 unde
635 376 719 410 dicit
743 376 863 411 Gloss.
893 377 979 421 (ord.
999 378 1102 423 Aug.)
1125 377 1279 411 ibidem:
1306 390 1323 409 «
1344 377 1566 420 Notandum,
1601 378 1683 424 quia
1708 388 1783 412 non

220 430 385 464 laudatur
406 442 461 465 res
484 442 502 463 a
526 430 721 475 Scriptura,
738 431 989 476 undecumque
1013 431 1116 465 datur
1136 431 1172 464 in
1188 431 1371 477 Scriptura
1390 430 1605 474 similitud03
1627 439 1666 465 ut
1682 439 1783 477 patet

222 484 263 518 de
286 484 410 529 iniquo
431 483 561 528 judice,
584 484 644 529 qui
667 492 858 529 rogantem
876 484 1023 517 viduam
1037 484 1095 517 vix
1111 484 1246 518 audivit
1266 498 1298 517 >›.

292 537 351 571 AD
375 547 545 571 TERTIUM
568 537 772 578 dicendum,
795 537 891 583 quod
915 537 1043 571 eadem
1070 537 1179 571 etiam
1201 538 1291 572 ratio
1323 545 1376 572 est
1402 538 1444 571 de
1466 537 1669 584 portatione
1691 537 1785 572 Reli-

222 590 405 635 quiarum:
428 590 510 636 quia
532 590 561 623 si
583 597 769 636 portentur
791 601 832 624 ex
854 590 985 624 fiducia
1006 591 1087 632 Dei,
1116 599 1149 624 et
1171 590 1402 633 Sanctorum,
1425 602 1579 637 quorum
1606 599 1688 625 sunt
1706 591 1785 625 reli-

221 644 337 690 quiae,
358 654 432 677 non
455 643 521 677 erit
541 643 724 677 illicitum:
748 643 777 678 si
799 651 919 678 autem
942 644 1037 677 circa
1069 644 1141 677 hoc
1176 644 1418 678 attenderetur
1445 644 1578 690 aliquid
1605 643 1700 678 aliud
1727 656 1785 677 va-

220 707 320 738 num,
341 705 425 743 puta
447 697 543 743 quod
565 707 627 731 vas
649 705 742 731 esset
763 697 995 743 triangulare,
1013 705 1074 731 aut
1093 697 1225 743 aliquid
1246 697 1341 731 aliud
1363 697 1583 743 hujusmodi,
1598 698 1694 744 quod
1708 708 1783 731 non

221 752 414 796 pertineret
440 750 483 784 ad
510 750 749 784 reverentiam
776 750 856 792 Dei,
884 758 919 784 et
945 750 1175 792 Sanctorum,
1206 758 1299 785 esset
1332 751 1633 797 superstitiosum,
1660 758 1695 785 et
1719 750 1784 784 illi-

221 804 343 837 citum.

293 858 352 892 AD
374 867 563 896 QUARTUM
585 857 791 899 dicendum,
811 857 919 903 quod,
939 857 1228 904 Chrysostomus
1249 857 1419 904 loquitur,
1434 857 1580 904 quando
1601 866 1783 904 respectus

221 911 372 945 habetur
393 912 508 957 magis
531 911 573 945 ad
596 911 728 957 figuras
749 911 910 957 scriptas,
933 922 1042 957 quam
1065 911 1108 945 ad
1129 911 1322 946 verborum
1344 911 1578 946 intellectum.

702 1236 1057 1297 QUAESTIO
1098 1237 1301 1285 XCVII.

330 1359 392 1389 DE
418 1358 725 1390 TENTATIONE
752 1360 847 1398 DEI,
878 1360 929 1390 1N
957 1359 1185 1399 QUATUOR
1211 1359 1471 1391 ARTICULOS
1497 1360 1672 1391 DIVISA.

291 1497 433 1532 Deinde
455 1498 760 1532 considerandum
782 1506 834 1533 est
856 1499 899 1533 de
920 1499 1015 1533 vitiis
1037 1498 1203 1545 religioni
1230 1498 1405 1544 oppositis
1431 1509 1494 1544 per
1520 1497 1704 1544 religionis
1727 1498 1784 1532 de-

221 1551 367 1593 fectum,
399 1563 489 1598 quae
521 1551 751 1586 manifestam
772 1553 906 1587 habent
929 1553 1223 1586 contrarietatem
1255 1553 1298 1586 ad
1326 1551 1564 1597 religionem:
1595 1552 1688 1586 unde
1717 1552 1781 1586 sub
1818 1547 1822 1551 ’

220 1605 484 1650 irreligiositate
508 1606 752 1640 continentur:
775 1606 985 1651 hujusmodi
1008 1614 1130 1640 autem
1151 1613 1234 1640 sunt
1256 1616 1309 1647 ea,
1332 1616 1423 1651 quae
1442 1606 1620 1652 pertinent
1639 1606 1681 1639 ad
1701 1616 1784 1640 con-

219 1666 408 1704 temptum,
431 1659 505 1693 sive
529 1659 571 1692 ad
594 1659 865 1694 irreverentiam
887 1660 967 1701 Dei,
991 1667 1026 1694 et
1046 1671 1166 1693 rerum
1188 1670 1393 1701 sacrarum3
1417 1660 1529 1705 primo
1556 1669 1642 1704 ergo
1670 1658 1784 1693 consi-

220 1712 417 1746 derandum
440 1720 493 1746 est
515 1713 558 1746 de
580 1712 686 1754 vitiis,
709 1724 800 1758 quae
822 1713 1001 1758 pertinent
1022 1712 1156 1747 directe
1179 1713 1222 1746 ad
1244 1712 1515 1746 irreverentiam
1537 1712 1625 1755 Dei;
1645 1711 1782 1746 secundo

219 1765 262 1799 de
284 1765 350 1807 his,
373 1776 464 1811 quae
488 1766 666 1811 pertinent
687 1766 730 1799 ad
753 1766 1025 1800 irreverentiam
1047 1777 1232 1800 sacrarum
1254 1777 1385 1799 rerum.

291 1818 397 1852 Circa
417 1820 567 1864 primum
590 1819 894 1853 considerandum
917 1819 1076 1854 occurrit
1097 1819 1140 1853 de
1162 1819 1373 1860 tentatione,
1392 1830 1461 1865 qua
1482 1819 1583 1853 Deus
1604 1825 1781 1853 tentatur:

221 1880 255 1906 et
276 1871 318 1906 de
340 1872 509 1918 perjurio,
528 1873 564 1906 in
585 1884 657 1919 quo
680 1884 818 1907 nomen
838 1873 910 1907 Dei
931 1873 1168 1907 irreverenter
1187 1872 1391 1907 assumitur.

669 1961 771 1996 Circa
786 1963 940 2008 primum
961 1967 1167 2007 quaeruntur
1188 1967 1339 2008 quatuor.

293 2030 429 2065 Primo.
451 2031 490 2065 In
514 2042 585 2077 quo
607 2031 781 2066 consistat
801 2032 871 2066 Dei
891 2032 1053 2066 tentatio.

295 2084 474 2119 Secundo.
499 2084 628 2118 Utrum
651 2085 696 2119 sit
717 2093 918 2131 peccatum.

294 2137 433 2172 Tertio.
457 2137 527 2172 Cui
549 2138 669 2172 virtuti
692 2147 907 2184 opponatur.

296 2191 449 2231 Quarto.
471 2191 527 2225 De
550 2192 823 2237 comparatione
847 2193 923 2238 ejus
946 2191 988 2226 ad
1011 2192 1080 2226 alia
1102 2192 1197 2226 vitia.

793 2322 1138 2367 ARTICULUS
1173 2323 1205 2365 1.
1717 2345 1781 2380 517

372 2429 525 2459 UTRUM
552 2429 625 2458 DEI
648 2429 873 2459 TENTATIO
899 2431 1139 2460 CONSISTAT
1165 2431 1207 2461 IN
1231 2430 1462 2466 ALIQUIBUS
1491 2430 1642 2459 FACTIS

253 2495 294 2524 IN
325 2495 482 2530 QUIBUS
511 2494 663 2523 SOLIUS
695 2495 874 2524 DIVINAE
903 2496 1173 2525 POTESTATIS
1202 2495 1490 2524 EXPECTATUR
1517 2494 1749 2524 EFFECTUS.

567 2580 613 2625 (4.
638 2582 722 2615 Dist.
746 2593 795 2625 μ.
820 2587 884 2616 ιιι-ί.
907 2593 939 2625 4.
962 2582 1003 2615 ml
1025 2594 1054 2617 2.
1078 2588 1105 2617 ct
1126 2595 1156 2617 2.
1182 2583 1260 2617 Cor.
1284 2595 1329 2617 ιι.
1348 2583 1432 2625 situ).

295 2670 354 2704 An
376 2680 524 2705 PR1MUM
551 2670 600 2704 sic
628 2670 841 2716 proceditur.
868 2669 1030 2712 Videtur,
1059 2671 1154 2716 quod
1180 2671 1329 2705 tentatio
1357 2671 1427 2705 Dei
1453 2681 1525 2704 non
1553 2670 1724 2704 consistat
1744 2670 1780 2704 in

225 2723 400 2769 aliquibus
422 2723 536 2765 factis,
559 2724 593 2757 in
616 2724 741 2769 quibus
764 2723 875 2757 solius
898 2723 1038 2756 divinae
1061 2725 1245 2769 potestatis
1268 2732 1474 2769 expectatur
1496 2723 1661 2758 effectus:
1688 2723 1781 2758 sicut

225 2777 320 2811 enim
342 2777 441 2811 Deus
462 2784 618 2811 tentatur
641 2777 682 2810 ab
705 2776 866 2817 homine,
889 2776 935 2810 ita
958 2776 1066 2810 etiam
1089 2777 1203 2811 homo
1224 2785 1381 2811 tentatur
1403 2785 1437 2811 et
1455 2788 1474 2811 a
1492 2777 1585 2819 Deo,
1604 2785 1638 2811 et
1657 2777 1698 2810 ab
1718 2776 1781 2810 ho-

226 2830 333 2872 mine,
357 2838 390 2864 et
412 2841 431 2864 a
449 2830 646 2864 daemone:
669 2830 730 2864 sed
752 2840 826 2864 non
848 2829 1151 2875 quandocumque
1172 2838 1328 2864 tentatur
1349 2830 1476 2871 homo,
1494 2837 1700 2876 expectatur
1722 2829 1780 2863 ali-
