1859 3122
452 148 670 183 QUAESTIO
704 148 820 176 XXIV.
854 148 1098 178 ARTICULUS
1131 150 1169 179 Υ.
1517 138 1593 192 189

603 315 946 359 ARTICULUS
980 316 1033 358 V.
1531 329 1594 363 128

262 422 415 452 UTRUM
449 422 663 452 CHARITAS
697 423 933 452 AUGEATUR
966 425 1043 453 PER
1077 424 1367 454 ADDITIONEM.

165 510 248 553 (1-2.
271 521 300 555 q.
320 521 370 555 52.
392 514 456 543 art.
479 522 509 544 2.
533 515 563 544 et
579 522 606 544 Ι.
628 510 717 544 Dist.
739 521 787 555 17.
811 521 840 555 q.
863 521 894 545 2.
915 515 978 544 art.
1001 522 1031 545 2.
1054 515 1082 545 cl
1109 511 1191 544 Virt.
1214 523 1242 556 q.
1267 523 1292 545 r.
1315 516 1379 545 art.
1403 512 1475 556 IL).

109 597 168 631 AD
191 608 371 636 QUINTUM
393 598 443 632 sic
466 598 682 644 proceditur.
704 597 866 640 Videtur,
882 598 978 644 quod
995 598 1149 632 charitas
1173 607 1346 644 augeatur
1367 611 1429 645 per
1447 599 1596 634 additio-

38 662 139 685 nem:
162 651 254 685 sicut
276 651 372 685 enirn
397 660 449 686 est
470 660 706 697 augmentum
728 652 927 686 secundum
947 653 1182 698 quantitatem
1207 653 1447 698 corporalem,
1470 653 1518 686 ita
1544 664 1595 687 se-

40 704 198 738 cundum
221 705 457 750 quantitatem
479 704 687 739 virtualem:
711 704 772 738 sed
787 713 1022 751 augmentum
1045 706 1251 751 quantitatis
1267 706 1464 751 corporalis
1478 706 1517 740 fit
1534 718 1596 752 per

40 757 280 791 additionem:
304 758 389 791 dicit
419 758 514 792 enim
534 757 669 792 Philos.
687 758 721 791 in
741 769 768 791 1.
795 758 838 792 de
855 757 947 792 Gen.
965 759 1042 802 (tax.
1058 760 1135 804 31),
1160 759 1255 804 quod
1284 768 1520 803 augmentum
1543 767 1595 794 est

40 810 292 857 praeexistenti
319 811 561 856 magnitudini
575 812 879 853 additamentum3
902 823 988 857 ergo
1012 812 1121 845 etiam
1143 820 1379 858 augmentum
1402 812 1595 854 charitat-is,

37 864 133 910 quod
150 872 203 897 est
216 864 413 898 secundum
429 863 618 898 virtualem
634 865 882 910 quantitatem,
905 865 970 898 erit
992 876 1055 910 per
1077 865 1309 899 additionem.

109 926 140 950 2.
162 916 397 951 PRAETEREA.
426 917 593 951 Charitas
619 917 655 951 in
687 918 807 951 anima
829 926 881 951 est
908 918 1091 964 quoddam
1113 918 1294 964 spirituale
1316 918 1451 959 lumen,
1474 930 1596 953 secun-

38 969 122 1004 dum
144 969 232 1003 illud
258 981 285 1003 1.
303 969 406 1015 Joan.
427 980 479 1004 2.:
510 971 580 1015 Qui
602 970 708 1016 diligit
721 971 866 1017 fratrem
897 983 1002 1014 snum,
1032 973 1065 1005 in
1087 972 1209 1005 lumina
1231 977 1361 1006 manet:
1389 972 1450 1006 sed
1472 971 1594 1006 lumen

39 1023 167 1057 crescit
187 1023 223 1056 in
246 1026 326 1057 aere
350 1034 413 1069 per
435 1024 668 1066 additionem,
691 1024 783 1058 sicut
796 1024 832 1057 in
854 1023 1101 1058 domolumen
1121 1025 1259 1066 crescit,
1279 1025 1348 1058 alia
1371 1025 1520 1059 candela
1543 1037 1596 1059 su-

37 1087 272 1122 peraccensa3
295 1088 381 1122 ergo
401 1077 512 1111 etiam
534 1077 689 1111 charitas
712 1078 840 1112 crescit
860 1077 895 1111 in
919 1078 1039 1111 anima
1061 1089 1123 1123 per
1141 1078 1374 1112 additionem.

112 1141 139 1176 3.
161 1129 398 1164 PRAETEREA.
414 1131 559 1176 Augere
575 1130 789 1164 charitatem
805 1131 848 1164 ad
862 1131 983 1164 Deum
998 1131 1161 1177 pertinet,
1176 1131 1268 1165 sicut
1283 1140 1316 1165 et
1330 1132 1445 1176 ipsam
1461 1143 1594 1174 creare,

38 1183 237 1217 secundum
254 1182 342 1216 illud
364 1193 395 1217 2.
419 1184 462 1217 ad
485 1183 571 1217 Cor.
594 1195 646 1230 9.:
668 1185 810 1229 Aug-eluit
830 1186 1030 1218 ‘incrementa
1051 1185 1185 1229 frugum
1197 1187 1346 1230 justitiae
1366 1191 1492 1219 restrae
1508 1198 1517 1220 :
1533 1186 1595 1220 sed

37 1235 136 1270 Deus
157 1236 274 1282 primo
296 1235 518 1270 infundendo
541 1237 754 1271 charitatem
774 1237 906 1283 aliquid
928 1237 1012 1271 facit
1033 1237 1069 1271 in
1089 1238 1221 1281 anima,
1237 1238 1333 1284 quod
1349 1238 1397 1272 ibi
1411 1239 1506 1284 prius
1520 1250 1594 1272 non

39 1297 131 1330 erat3
154 1300 240 1334 ergo
263 1289 372 1323 etiam
393 1290 560 1335 augendo
585 1291 798 1324 charitatem
821 1290 954 1336 aliquid
975 1291 1025 1324 ibi
1044 1290 1140 1332 facit,
1163 1292 1259 1337 quod
1281 1292 1377 1338 prius
1399 1303 1473 1325 non
1501 1299 1593 1334 erat3

38 1353 126 1388 ergo
149 1342 303 1376 charitas
326 1351 475 1388 augetur
496 1355 558 1389 per
581 1344 813 1378 additionem.

110 1395 184 1430 SED
207 1406 361 1430 CONTRA
384 1404 447 1438 est,
470 1397 565 1442 quod
589 1397 743 1431 charitas
766 1405 818 1431 est
835 1396 953 1431 forma
975 1397 1145 1443 simplex:
1174 1397 1325 1444 simplex
1352 1406 1473 1432 autem
1501 1398 1594 1432 addi-

39 1456 116 1482 tum
139 1448 294 1494 simplici
315 1460 390 1482 non
422 1449 508 1483 facit
537 1449 670 1495 aliquid
701 1451 829 1495 majus,
858 1459 896 1484 ut
916 1451 1086 1497 probatur
1107 1451 1143 1484 in
1168 1463 1195 1496 3.
1223 1451 1367 1497 Physic.
1392 1451 1472 1495 (tat.
1490 1463 1543 1497 59.
1565 1457 1595 1486 et

40 1501 95 1536 lib.
114 1513 141 1546 3.
169 1502 315 1547 Metaph.
338 1508 401 1537 tex.
423 1503 513 1543 16.);
534 1514 620 1548 ergo
644 1503 798 1537 charitas
819 1514 893 1537 non
917 1512 1066 1549 augetur
1086 1515 1149 1549 per
1171 1504 1404 1538 additionem.

109 1555 337 1590 RESPONDEO
360 1556 564 1598 dicendum,
587 1557 683 1602 quod
703 1557 821 1590 omnis
844 1557 977 1591 additio
1001 1566 1053 1591 est
1075 1557 1226 1602 alicujus
1249 1558 1292 1591 ad
1319 1558 1471 1603 aliquid:
1499 1559 1592 1592 unde

38 1608 73 1642 in
96 1608 197 1641 omni
218 1608 399 1643 additione
423 1617 565 1655 oportet
585 1609 713 1643 saltem
736 1609 1024 1656 praeintelligere
1046 1610 1316 1644 distinctionem
1343 1622 1481 1653 eorum,
1509 1623 1593 1657 quo-

39 1672 118 1694 rum
139 1673 251 1694 unum
275 1661 415 1695 additur
437 1661 539 1696 alteri
560 1670 640 1696 ante
668 1663 783 1708 ipsam
815 1663 1052 1706 additionem;
1083 1664 1112 1697 si
1143 1675 1228 1709 ergo
1261 1664 1416 1698 charitas
1445 1664 1594 1699 addatur

39 1714 215 1755 charitati,
238 1723 380 1760 oportet
401 1716 643 1761 praesupponi
665 1716 877 1749 charitatem
901 1716 1070 1758 additam,
1093 1725 1131 1750 ut
1152 1717 1355 1751 distinctam
1374 1729 1393 1751 a
1409 1717 1593 1760 charitate,

40 1767 96 1800 cui
119 1766 268 1808 additur,
290 1779 363 1801 non
386 1768 531 1813 quidem
555 1780 595 1802 ex
618 1769 830 1803 necessitate
852 1770 1049 1803 secundum
1067 1781 1155 1811 esse,
1169 1771 1231 1804 sed
1251 1770 1377 1804 saltem
1394 1771 1593 1804 secundum

36 1819 278 1854 intellect‘um:
301 1829 423 1866 posset
453 1822 549 1854 enim
578 1821 678 1855 Deus
707 1822 815 1856 etiam
843 1823 1079 1868 quantitatem
1109 1824 1337 1869 corporalem
1367 1835 1510 1869 augere,
1538 1824 1595 1858 ad-

36 1872 153 1906 dendo
177 1872 335 1918 aliquam
358 1875 645 1919 magnitudinem
667 1886 740 1908 non
762 1876 859 1921 prius
882 1876 1105 1917 existentem,
1128 1877 1188 1910 sed
1204 1885 1288 1910 tunc
1306 1886 1592 1924 creatam3quae

35 1926 198 1971 quamvis
219 1926 316 1971 prius
337 1938 412 1961 non
429 1926 536 1961 fuerit
557 1928 593 1961 in
615 1939 735 1962 rerum
757 1937 895 1970 natura,
918 1929 1026 1963 habet
1047 1938 1169 1963 tamen
1195 1930 1230 1963 in
1258 1942 1295 1964 se
1323 1931 1417 1964 unde
1444 1932 1520 1976 ejus
1547 1931 1594 1964 di-

35 1978 178 2012 stinctio
199 1979 352 2025 intelligi
373 1981 486 2026 possit
507 1992 527 2014 a
545 1982 753 2026 quantitate,
774 1982 830 2015 cui
846 1982 1005 2024 additur;
1027 1983 1057 2016 si
1073 1994 1158 2028 ergo
1175 1983 1329 2017 charitas
1346 1984 1496 2017 addatur
1511 1985 1593 2018 cha-

34 2032 138 2074 ritati,
161 2041 303 2079 oportet
322 2045 626 2080 praesupponere‚
650 2036 693 2069 ad
715 2035 834 2069 minus
860 2036 1059 2069 secundum
1072 2036 1589 2078 intellectum,distinctionem

35 2085 139 2120 unius
161 2086 342 2121 charitatis
365 2087 406 2120 ab
431 2087 509 2122 alia.

110 2139 301 2174 Distinctio
329 2149 450 2174 autem
475 2141 511 2174 in
536 2140 662 2175 formis
685 2149 736 2175 est
761 2141 898 2188 duplex:
925 2154 992 2176 una
1018 2142 1163 2188 quidem
1188 2144 1387 2177 secundum
1414 2144 1592 2189 speciem:

37 2192 105 2226 alia
124 2200 243 2226 autem
264 2194 461 2227 secundum
484 2205 688 2228 numerum.
709 2195 902 2229 Distinctio
925 2195 1069 2241 quidem
1088 2197 1287 2229 secundum
1306 2197 1463 2242 speciem
1482 2198 1517 2230 in
1534 2197 1594 2230 ha-

35 2244 164 2279 bitibus
185 2253 236 2279 est
249 2246 447 2280 secundum
462 2247 687 2292 objectorum
714 2247 972 2283 diversitatem:
1000 2249 1178 2282 distinctio
1205 2261 1292 2283 vero
1314 2251 1512 2284 secundum
1533 2262 1595 2284 nu-

38 2308 177 2332 merum
204 2307 256 2333 est
282 2300 481 2334 secundum
507 2301 750 2334 diversitatem
776 2301 943 2346 subjecti3
970 2310 1088 2347 potest
1120 2314 1206 2348 ergo
1241 2303 1462 2348 contingere,
1497 2304 1592 2349 quod

36 2349 163 2396 aliquis
181 2351 321 2386 habitus
340 2364 402 2398 per
421 2353 641 2387 additionem
660 2362 844 2399 augeatur,
863 2355 948 2388 dum
969 2355 1169 2389 extenditur
1185 2357 1227 2390 ad
1243 2357 1420 2402 quaedam
1440 2357 1592 2402 objecta,

36 2404 80 2437 ad
97 2415 188 2450 quae
209 2405 306 2450 prius
327 2417 364 2439 se
385 2417 459 2440 non
487 2406 720 2441 extendebat:
749 2415 784 2441 et
808 2407 857 2441 sic
886 2416 1036 2454 augetur
1061 2409 1208 2443 scientia
1236 2411 1457 2455 geometriae
1478 2411 1513 2443 in
1537 2421 1592 2452 eo,

36 2457 96 2502 qui
117 2457 160 2491 de
185 2469 282 2492 novo
309 2459 434 2505 incipit
466 2461 556 2494 scire
587 2460 706 2506 aliqua
735 2461 1018 2506 geometricalia,
1047 2473 1138 2507 quae
1168 2463 1264 2508 prius
1294 2464 1493 2498 nesciebat:
1521 2464 1591 2497 hoc

37 2517 157 2542 autem
177 2521 250 2544 non
272 2520 391 2556 potest
412 2512 481 2545 dici
503 2513 546 2546 de
569 2513 761 2547 charitate:
791 2514 872 2559 quia
894 2515 1002 2548 etiam
1029 2515 1180 2549 minima
1203 2516 1356 2550 charitas
1379 2529 1414 2550 se
1438 2518 1594 2550 extendit

36 2561 79 2595 ad
109 2563 231 2596 omnia
256 2563 328 2605 illa,
356 2576 446 2610 quae
473 2573 555 2599 sunt
581 2577 623 2599 ex
650 2566 822 2600 charitate
850 2567 1047 2612 diligenda:
1075 2580 1149 2602 non
1176 2580 1262 2614 ergo
1289 2569 1368 2602 talis
1397 2570 1529 2603 additio
1557 2571 1591 2604 in

36 2624 230 2660 augmento
265 2617 446 2651 charitatis
480 2626 598 2663 potest
630 2619 793 2664 intelligi,
828 2621 1099 2666 praesupposita
1129 2621 1358 2656 distinctione
1393 2623 1592 2656 secundum

35 2668 191 2713 speciem
215 2670 397 2704 charitatis
420 2671 561 2704 additae
584 2671 626 2704 ad
650 2684 742 2713 eam,
766 2673 822 2705 cui
846 2673 995 2706 additur.
1015 2674 1242 2719 Relinquitur
1261 2686 1359 2720 ergo,
1379 2675 1475 2720 quod
1489 2676 1519 2709 si
1532 2676 1594 2710 fiat

36 2720 167 2755 additio
187 2722 368 2756 charitatis
389 2724 432 2757 ad
447 2723 671 2766 charitatem,
689 2725 759 2758 hoc
780 2725 840 2758 fiat
858 2727 1127 2772 praesupposita
1147 2728 1376 2761 distinctione
1394 2729 1593 2762 secundum

34 2784 238 2816 numerum,
261 2787 352 2820 quae
371 2784 424 2810 est
440 2777 639 2810 secundum
654 2778 899 2811 diversitatem
914 2779 1173 2823 subjectorum:
1191 2780 1281 2813 sicut
1300 2780 1428 2814 albedo
1444 2790 1594 2827 augetur

35 2837 96 2871 per
115 2827 199 2869 hoc,
221 2828 317 2873 quod
339 2828 461 2862 album
484 2829 622 2863 additur
649 2829 742 2872 albo,
770 2831 933 2876 quamvis
959 2832 1029 2865 hoc
1059 2840 1254 2877 augmento
1280 2844 1354 2866 non
1376 2833 1438 2868 fiat
1460 2834 1592 2880 aliquid
