1859 3122
477 171 697 207 QUAESTIO
733 170 876 200 CLXIV.
910 169 1154 200 ARTICULUS
1188 169 1215 198 1.
1521 167 1624 210 1073

71 254 233 289 consistit
254 254 289 287 in
312 254 394 293 hoc,
417 254 513 298 quod
533 253 740 298 subjiciatur
755 252 907 294 animae,
930 252 1021 285 sicut
1047 250 1267 297 perfectibile
1294 261 1379 284 suae
1398 248 1631 295 perfectioni;

70 308 164 342 unde
185 318 246 353 per
273 308 481 352 oppositum
504 318 614 347 mors,
641 315 675 340 et
697 306 896 351 aegritudo,
919 314 953 339 ct
980 305 1128 351 quilibet
1155 304 1354 350 corporalis
1374 303 1535 338 defectus
1558 314 1632 349 per-

69 362 158 395 tinet
188 361 231 394 ad
253 360 432 394 defectum
459 360 691 404 subjectionis
719 359 879 405 corporis
907 359 950 392 ad
974 359 1152 399 animam3
1175 358 1268 392 unde
1296 365 1402 404 patet,
1425 357 1521 402 quod
1541 357 1633 390 sicut

70 413 218 449 rebellio
241 413 394 447 carnalis
417 414 594 459 appetitus
617 413 659 446 ad
687 413 851 459 spiritum
875 420 927 446 est
960 423 1077 458 poena
1104 412 1243 456 peccati
1278 411 1478 457 primorum
1511 420 1634 456 paren-

69 476 162 502 tum:
185 467 232 501 ita
254 467 363 500 etiam
386 475 420 500 et
442 478 551 507 mors,
574 474 608 500 et
627 477 754 500 omnes
781 465 988 512 corporales
1007 465 1166 499 defectus
1189 465 1274 509 (vid.
1294 465 1370 510 Sap.
1395 476 1420 498 Ι.
1444 464 1517 510 13.).

141 521 201 554 ΑΙ)
222 530 371 554 PRIMUM
393 531 480 565 ergo
503 520 707 561 dicendum,
730 520 826 565 quod
848 518 1009 553 naturale
1032 519 1171 559 dicitur,
1195 518 1290 564 quod
1314 529 1355 551 ex
1378 517 1560 563 principiis
1575 527 1635 550 na-

70 582 171 608 turae
194 581 377 607 causatur:
400 581 548 606 naturae
571 582 691 607 autem
715 585 778 618 per
799 584 836 606 se
858 572 1032 618 principia
1047 580 1128 605 sunt
1141 570 1270 612 forma,
1285 579 1319 605 et
1333 572 1500 604 materia:
1516 569 1634 603 forma

73 635 193 661 autem
215 626 374 660 hominis
397 635 449 660 est
471 627 592 660 anima
614 626 810 667 rationalis,
833 637 924 671 quae
947 633 999 659 est
1021 625 1063 659 de
1083 636 1119 659 se
1136 624 1370 666 immortalis;
1387 632 1421 658 et
1438 624 1520 657 ideo
1536 634 1634 656 mors

72 691 146 714 non
168 688 221 714 est
241 679 412 713 naturalis
435 680 576 713 homini
598 692 641 714 cx
662 687 761 725 parte
783 690 868 713 suae
890 679 1047 713 formae:
1071 679 1221 711 materia
1249 686 1369 711 autem
1396 677 1555 711 hominis
1583 684 1636 710 cst

73 744 203 779 corpus
224 733 306 775 tale,
329 733 425 778 quod
448 741 500 767 est
521 744 563 766 ex
586 733 773 766 contrariis
796 733 1050 778 compositum,
1079 733 1122 765 ad
1149 732 1245 777 quod
1272 731 1431 776 sequitur
1452 742 1494 764 ex
1515 741 1636 764 neces-

73 787 176 822 sitate
198 786 494 832 corruptibilitas3
522 794 556 820 ct
583 794 756 832 quantum
785 785 827 818 ad
854 785 925 819 hoc
956 796 1054 819 mors
1085 793 1138 819 est
1163 785 1305 818 homini
1330 784 1519 818 naturalis:
1543 784 1634 817 haec

74 848 195 874 autem
217 840 376 874 conditio
399 840 433 873 in
456 848 583 873 natura
605 839 756 872 humani
777 840 938 884 corporis
957 846 1009 872 est
1027 849 1254 884 consequens
1273 849 1314 871 ex
1332 837 1544 872 necessitate
1564 848 1636 870 ma-

73 894 202 928 teriae:
225 893 308 938 quia
330 893 519 938 oportebat
541 904 671 938 corpus
693 893 893 926 humanum
921 903 998 926 esse
1026 903 1204 937 organum
1225 900 1352 933 tactus,
1376 900 1410 925 et
1430 903 1493 937 per
1514 902 1637 925 conse-

73 958 186 993 quens
212 947 374 981 medium
401 947 494 980 inter
518 945 722 991 tangibilia3
746 953 779 979 et
800 946 871 979 hoc
894 956 967 978 non
990 953 1130 991 poterat
1157 956 1246 986 esse,
1272 946 1341 979 nisi
1368 953 1460 979 esset
1486 956 1527 979 ex
1554 956 1637 978 con-

72 1000 189 1034 trariis
211 1000 468 1046 compositum‚
490 1008 528 1034 ut
549 1007 645 1045 patet
666 1009 728 1044 per
753 998 889 1032 Philos.
912 998 947 1031 in
970 1008 1000 1032 2.
1024 998 1067 1031 de
1089 999 1212 1031 Anim.
1235 999 1314 1042 (tax.
1333 1010 1361 1044 3.
1388 1004 1417 1033 et
1441 999 1539 1044 seq.):
1562 1009 1636 1032 non

75 1062 195 1087 autem
219 1061 271 1087 est
292 1053 463 1093 conditio,
483 1052 682 1086 secundum
705 1063 813 1097 quam
836 1051 986 1085 materia
1009 1051 1195 1097 adaptetur
1215 1051 1372 1085 formae:
1393 1052 1476 1097 quia
1495 1052 1525 1085 si
1543 1059 1638 1085 esset

74 1106 255 1153 possibile,
278 1117 362 1139 cum
382 1105 499 1139 forma
514 1106 558 1139 sit
571 1104 863 1150 incorruptibilis,
877 1104 996 1149 potius
1012 1113 1195 1149 oporteret
1216 1105 1406 1138 materiam
1425 1104 1638 1149 incorrupti-

74 1160 184 1194 bilem
207 1171 303 1194 esse:
325 1160 417 1193 sicut
437 1159 534 1204 quod
555 1169 652 1192 serra
674 1158 717 1191 sit
739 1157 863 1198 ferrea,
887 1158 1061 1203 competit
1081 1156 1233 1198 formae,
1261 1166 1296 1191 et
1322 1158 1457 1191 actioni
1485 1158 1572 1202 ejus,
1599 1165 1638 1190 ut

75 1225 137 1259 per
158 1213 325 1246 duritiem
347 1213 390 1246 sit
412 1220 492 1257 apta
512 1211 556 1245 ad
570 1211 786 1245 secandum:
802 1211 863 1245 sed
879 1211 976 1256 quod
992 1211 1035 1244 sit
1049 1219 1177 1256 potens
1192 1211 1394 1257 rubiginem
1409 1211 1637 1251 contrahere,

75 1266 307 1312 consequitur
328 1276 371 1299 ex
392 1265 605 1299 necessitate
627 1264 706 1298 talis
730 1265 913 1305 materiae,
937 1273 971 1298 et
991 1275 1065 1298 non
1084 1265 1285 1298 secundum
1302 1264 1519 1298 electionem
1535 1275 1640 1309 agen-

74 1320 135 1354 tis:
156 1330 242 1353 nam
264 1319 294 1353 si
315 1317 440 1352 artifex
460 1326 592 1364 posset,
608 1317 743 1352 faceret
757 1328 798 1351 ex
813 1317 906 1351 ferro
928 1329 1075 1359 serram,
1095 1329 1186 1363 quae
1205 1318 1406 1363 rubiginem
1426 1318 1638 1352 contrahere

75 1384 150 1406 non
170 1380 308 1418 posset:
327 1372 426 1405 Deus
442 1380 575 1412 autem,
594 1371 655 1417 qui
673 1379 726 1405 est
744 1371 911 1404 conditor
929 1371 1100 1412 hominis,
1121 1371 1351 1416 omnipotens
1367 1379 1434 1412 est;
1451 1372 1544 1404 unde
1560 1372 1639 1405 ade-

76 1426 142 1460 mit
162 1436 227 1459 suo
250 1425 426 1459 beneficio
450 1425 491 1458 ab
514 1425 664 1458 homine
686 1424 851 1470 primitus
866 1424 1027 1458 instituto
1049 1424 1303 1458 necessitatem
1325 1425 1504 1458 moriendi
1520 1435 1562 1458 ex
1576 1424 1639 1458 tali

76 1479 226 1514 materia
249 1485 551 1524 consequentem:
579 1477 676 1523 quod
701 1486 823 1511 tamen
850 1477 1067 1511 beneficium
1094 1478 1315 1511 subtractum
1343 1486 1396 1512 est
1424 1489 1487 1523 per
1516 1489 1641 1523 pecca-

75 1541 153 1567 tum
174 1532 375 1578 primorum
396 1539 604 1577 parentum3
627 1538 660 1564 et
686 1531 735 1564 sic
764 1542 862 1565 mors
889 1540 923 1565 et
949 1540 1001 1565 est
1026 1531 1197 1565 naturalis
1218 1540 1364 1577 propter
1390 1532 1639 1566 conditionem

77 1586 262 1626 materiae,
285 1592 319 1618 et
340 1593 393 1618 est
414 1584 576 1631 poenalis
599 1593 744 1630 propter
767 1585 999 1618 amissionem
1022 1585 1133 1618 divini
1153 1585 1319 1619 beneficii
1336 1585 1597 1631 praeservantis
1619 1597 1639 1619 a

78 1647 205 1673 morte.

149 1693 208 1726 AD
230 1703 437 1728 SECUNDUM
464 1692 669 1733 dicendum,
696 1692 792 1737 quod
819 1691 1016 1725 similitudo
1044 1691 1104 1725 illa
1130 1692 1289 1726 hominis
1311 1692 1355 1725 ad
1378 1691 1447 1726 alia
1469 1691 1640 1726 animalia

79 1747 271 1780 attenditur
293 1754 468 1792 quantum
496 1746 539 1779 ad
567 1745 814 1779 conditionem
841 1745 1025 1786 materiae,
1053 1745 1143 1778 idest
1170 1753 1345 1791 quantum
1372 1746 1414 1779 ad
1443 1757 1572 1792 corpus
1599 1757 1641 1779 ex

79 1800 267 1834 contrariis
290 1799 547 1845 compositum,
570 1809 642 1832 non
664 1806 783 1832 autern
804 1807 976 1843 quantum
996 1799 1039 1831 ad
1057 1798 1230 1833 formam:
1246 1810 1332 1832 nam
1347 1799 1467 1832 anima
1481 1799 1641 1833 hominis

79 1861 132 1888 est
152 1853 385 1887 immortalis:
406 1853 595 1886 brutorum
616 1863 702 1885 vero
726 1851 938 1884 animalium
962 1852 1104 1885 animae
1127 1860 1208 1885 sunt
1229 1851 1412 1886 mortales.

148 1907 208 1940 AD
230 1917 402 1941 TERT1UM
417 1906 621 1946 dicendum,
638 1905 733 1950 quod
756 1905 861 1950 primi
883 1912 1045 1950 parentes
1069 1904 1211 1939 fuerunt
1234 1917 1253 1938 a
1279 1905 1359 1939 Deo
1388 1905 1538 1939 instituti
1564 1917 1639 1939 non

77 1959 198 1994 solum
219 1959 311 1993 sicut
332 1959 511 2005 quaedam
529 1969 705 2004 personae
723 1957 935 2003 singulares,
954 1959 1015 1991 sed
1034 1958 1126 1992 sicut
1143 1958 1319 2004 quaedam
1339 1959 1513 2004 principia
1532 1959 1641 1992 totius

78 2014 259 2047 humanae
281 2020 430 2046 naturae
453 2013 493 2045 ab
517 2012 567 2045 eis
590 2011 633 2044 ad
655 2020 818 2057 posteros
846 2011 1060 2045 derivandae
1083 2011 1190 2045 simul
1213 2023 1295 2045 cum
1317 2011 1494 2046 beneficio
1518 2012 1640 2046 divino

79 2073 329 2112 praeservante
351 2077 370 2099 a
392 2073 529 2106 morte;
553 2072 587 2098 et
607 2065 688 2098 ideo
711 2075 774 2110 per
801 2075 926 2097 eorum
953 2073 1144 2110 peccatum
1169 2073 1245 2098 tota
1271 2065 1431 2099 humana
1452 2074 1579 2100 natura
1605 2067 1640 2099 in

79 2119 231 2166 posteris
253 2119 315 2152 tali
335 2118 513 2152 beneficio
537 2118 703 2151 destituta
726 2125 883 2151 mortem
904 2117 1060 2151 incurrit.

151 2173 210 2206 AD
238 2182 426 2211 QUARTUM
452 2171 656 2212 dicendum,
691 2171 787 2216 quod
820 2170 946 2216 aliquis
976 2170 1133 2205 defectus
1161 2183 1202 2205 ex
1229 2179 1379 2217 peccato
1411 2172 1642 2218 consequitur

79 2226 278 2272 dupliciter:
299 2236 364 2258 uno
385 2224 480 2258 modo
503 2235 564 2270 per
597 2224 748 2257 modum
777 2235 916 2269 poenae
946 2232 1084 2257 taxatae
1108 2236 1127 2257 a
1149 2225 1286 2270 judice;
1314 2233 1348 2258 et
1373 2224 1454 2259 talis
1482 2225 1642 2259 defectus

80 2278 240 2324 aequalis
262 2278 366 2311 debet
387 2289 464 2311 esse
486 2277 522 2310 in
543 2277 610 2318 his,
634 2277 676 2310 ad
699 2288 788 2322 quos
808 2277 1002 2322 aequaliter
1019 2277 1171 2323 pertinet
1189 2286 1397 2324 peccatum:
1418 2279 1501 2312 alius
1520 2286 1641 2312 autem

81 2332 240 2366 defectus
263 2339 326 2372 est,
348 2331 408 2376 qui
430 2341 471 2364 ex
492 2330 702 2375 hujusmodi
727 2341 844 2376 poena
870 2341 932 2375 per
959 2331 1125 2365 accidens
1155 2332 1404 2377 consequitur;
1428 2332 1519 2365 sicut
1545 2332 1642 2378 quod

83 2385 209 2431 aliquis
230 2395 296 2430 pro
319 2383 423 2429 culpa
445 2395 509 2417 sua
531 2390 740 2417 excaecatus
764 2384 867 2417 cadat
892 2384 928 2417 in
954 2384 1031 2426 via;
1059 2392 1093 2417 et
1119 2384 1199 2418 talis
1227 2384 1386 2418 defectus
1413 2385 1540 2431 culpae
1567 2396 1642 2419 non

81 2438 385 2484 proportionatur‚
396 2448 463 2470 nec
479 2437 520 2469 ab
536 2436 813 2481 hominejudice
828 2445 1008 2482 pensatur,
1027 2438 1171 2483 quinon
1186 2445 1305 2483 potest
1316 2437 1482 2471 fortuitos
1495 2446 1642 2472 eventus

81 2501 412 2538 praecognoscere3
434 2490 483 2523 sic
508 2501 594 2535 ergo
621 2501 740 2535 poena
766 2498 882 2524 taxata
910 2502 974 2536 pro
1002 2491 1119 2536 primo
1146 2500 1298 2536 peccato
1325 2491 1644 2537 proportionaliter

82 2545 115 2578 ei
134 2544 357 2590 respondens
386 2543 451 2577 fuit
479 2543 673 2577 subtractio
704 2543 815 2576 divini
835 2543 1010 2584 beneficii,
1033 2555 1105 2589 quo
1128 2544 1316 2585 rectitudo,
1332 2553 1366 2578 et
1379 2545 1564 2589 integritas
1582 2546 1644 2578 hu-

82 2608 212 2631 manae
233 2605 381 2630 naturae
409 2595 697 2630 conservabatur.
724 2596 895 2630 Defectus
923 2605 1043 2630 autem
1071 2605 1332 2642 consequentes
1360 2598 1643 2632 subtractionem

82 2650 292 2695 hujusmodi
313 2649 478 2683 beneficii
498 2657 581 2682 sunt
602 2660 711 2691 mors,
734 2657 768 2683 et
790 2649 880 2683 aliae
902 2650 1139 2695 poenalitates
1162 2651 1357 2695 praesentis
1380 2651 1494 2692 vitae;
1514 2659 1546 2684 et
1560 2651 1642 2685 ideo

82 2715 156 2738 non
179 2711 332 2748 oportet,
354 2702 563 2747 hujusmodi
583 2713 718 2748 poenas
741 2703 908 2748 aequales
930 2715 1007 2737 esse
1030 2703 1065 2736 in
1087 2704 1154 2745 his,
1177 2703 1219 2737 ad
1243 2715 1333 2748 quos
1356 2704 1552 2750 aequaliter
1570 2716 1644 2750 per-

83 2757 172 2791 tinet
192 2756 348 2802 primum
369 2763 577 2801 peccatum:
600 2766 726 2788 verum
748 2756 831 2801 quia
853 2756 951 2789 Deus
974 2756 1156 2801 praescius
1179 2764 1231 2789 est
1253 2756 1418 2790 omnium
1440 2756 1642 2791 futurorum

84 2817 290 2850 eventuum,
313 2819 354 2842 ex
376 2808 610 2854 dispositione
637 2808 778 2842 divinae
805 2809 1074 2854 praescientiae,
1101 2817 1136 2843 et
1161 2809 1407 2854 providentiae
1433 2810 1643 2854 hujusmodi

84 2862 321 2910 poenalitates
343 2861 584 2896 diversimode
605 2861 641 2895 in
664 2861 811 2896 diversis
833 2862 1078 2896 inveniuntur:
1101 2874 1175 2896 nou
1197 2862 1341 2907 quidem
1360 2870 1504 2908 propter
1524 2862 1642 2909 aliqua
