1859 3122
174 176 257 231 778
602 184 823 220 QUAESTIO
860 183 945 213 cxx.
979 182 1222 212 ARTICULUS
1254 182 1298 211 11.

174 269 234 310 lat,
257 276 291 302 et
312 266 409 300 aliud
431 267 521 311 agit:
545 265 745 299 castitatem
767 263 930 310 praefert,
953 271 988 297 et
1008 263 1195 297 lasciviam
1217 262 1393 308 sequitur3
1408 269 1565 296 ostentat
1585 272 1731 308 pauper-

174 330 296 363 tatem,
313 328 347 353 et
368 318 591 364 marsupium
607 317 719 364 replet
740 330 780 359 »3
803 328 890 362 ergo
911 316 1112 363 hypocrisis
1134 327 1208 350 non
1231 323 1283 349 est
1301 314 1399 349 idem
1417 315 1513 360 quod
1535 314 1729 348 simulatio.

246 374 320 407 SED
336 383 490 407 CONTRA
507 379 569 413 est,
586 371 681 416 quod
703 370 828 404 Isidor.
846 370 931 403 dicit
948 371 984 403 in
1005 369 1064 403 lib.
1089 380 1139 404 ro.
1156 367 1312 414 Etymol.
1332 367 1388 411 (ad
1402 368 1450 402 lit.
1466 368 1516 412 H)
1532 380 1542 402 .·
1574 380 1591 399 «
1610 367 1732 413 Hypo-

176 427 263 460 crita
285 436 416 472 graeco
439 436 608 459 sermone
627 425 663 457 in
684 423 796 457 latino
819 423 1009 456 simulator
1030 423 1300 468 interpretatur,
1315 421 1375 467 qui
1394 432 1477 454 cum
1497 421 1592 454 intus
1614 420 1730 454 malus

177 480 231 521 sit,
254 488 292 514 ut
312 480 449 513 bonum
470 490 507 512 se
528 477 649 524 palam
664 477 840 518 ostendit,
862 475 938 509 ὑπό
961 475 1058 510 enim
1079 474 1222 517 falsum,
1238 474 1352 522 κρίσις
1365 473 1538 520 judicium
1559 473 1732 520 interpre-

178 541 272 568 tatur
292 546 324 566 )).

246 586 476 620 ΒΕεΡΟΝΒΕΟ
499 583 706 625 dicendum,
728 583 836 629 quod,
859 582 951 617 sicut
971 582 1129 616 Isidorus
1152 581 1236 615 dicit
1258 581 1403 625 ibidem,
1429 591 1597 614 «nomen
1616 580 1734 626 hypo-

178 639 287 674 critae
309 646 465 673 tractum
487 646 540 672 est
562 649 581 670 a
602 638 721 683 specie
745 647 883 678 eorum,
905 635 965 681 qui
986 635 1022 669 in
1043 634 1258 681 spectaculis
1273 641 1438 668 contecta
1458 633 1550 667 facie
1564 633 1734 667 incedunt

177 692 434 737 distinguentes
455 690 595 725 vultum
616 690 717 724 vario
741 689 875 731 colore,
897 697 935 723 ut
957 688 1000 723 ad
1022 699 1209 734 personae,
1231 699 1340 733 quam
1366 686 1548 728 simulant,
1571 686 1734 720 colorem

178 745 398 791 perveniant,
421 744 534 778 modo
557 745 592 777 in
615 743 732 789 specie
754 743 832 784 viri,
854 742 966 776 modo
988 742 1024 775 in
1046 741 1165 787 specie
1186 740 1379 784 foeminae,
1394 748 1433 774 ut
1452 740 1488 774 in
1510 739 1604 774 ludis
1625 750 1736 786 popu-

178 799 254 832 lum
276 797 402 832 fallant
423 810 463 839 »3
486 796 579 831 unde
602 797 697 841 Aug.
717 796 803 829 dicit
823 796 859 829 in
880 795 939 828 lib.
962 805 992 829 2.
1017 795 1060 829 de
1083 795 1198 829 Serm.
1224 794 1335 828 Dom.
1362 794 1399 827 in
1421 801 1546 827 monte
1567 792 1658 840 (cap.
1684 793 1735 838 2.)

178 852 275 898 quod
299 864 316 883 ι(
338 852 430 886 sicut
451 850 663 896 hypocritae
685 849 915 883 simulatores
937 848 1088 882 aliarum
1108 858 1344 894 personarum
1367 855 1478 892 agunt
1497 854 1614 893 partes
1640 845 1735 880 illius

178 905 275 951 quod
296 916 370 938 non
392 912 474 938 sunt
496 908 587 947 (non
609 903 707 936 enim
728 902 789 948 qui
811 902 883 947 agit
910 909 1027 947 partes
1054 901 1357 947 Agamemnonis,
1379 911 1461 934 vere
1487 900 1562 945 ipse
1584 907 1647 941 est,
1673 899 1735 933 sed

177 957 322 993 simulat
344 957 463 1002 eum);
486 957 536 990 sic
558 957 595 990 in
609 955 791 997 Ecclesiis,
813 963 847 989 et
861 955 897 989 in
913 955 1014 989 omni
1028 955 1099 988 vita
1120 954 1292 996 humana,
1308 953 1467 999 quisquis
1485 964 1523 987 se
1536 952 1613 986 vult
1625 953 1736 986 videri

178 1012 274 1058 quod
289 1023 363 1046 non
379 1020 442 1053 est,
456 1011 647 1057 hypocrita
666 1017 736 1043 est:
756 1008 902 1043 simulat
917 1009 1015 1042 enim
1033 1020 1069 1042 se
1090 1009 1236 1053 justum,
1255 1019 1330 1041 non
1349 1007 1491 1041 exhibet
1503 1019 1542 1049 »ς
1561 1007 1611 1040 sic
1629 1005 1737 1052 igitur

180 1065 374 1100 dicendum
397 1073 460 1106 est,
484 1063 580 1109 quod
601 1062 804 1109 hypocrisis
824 1061 1006 1096 simulatio
1023 1069 1085 1103 est,
1100 1073 1174 1095 non
1190 1069 1310 1095 autem
1326 1062 1444 1094 omnis
1466 1059 1660 1101 simulatio,
1675 1059 1737 1094 sed

179 1118 297 1153 solum
320 1117 392 1159 illa,
415 1129 484 1163 qua
506 1117 584 1162 quis
606 1115 753 1150 simulat
773 1126 968 1161 personam
990 1114 1155 1157 alterius;
1178 1115 1271 1148 sicut
1297 1125 1380 1148 cum
1402 1121 1574 1160 peccator
1594 1111 1739 1147 simulat

178 1182 372 1218 personam
394 1170 487 1216 justi.

251 1225 310 1259 AD
332 1234 481 1259 PRIMUM
505 1234 591 1269 ergo
619 1221 823 1263 dicendum,
846 1221 943 1267 quod
963 1232 1052 1267 opus
1080 1221 1232 1255 exterius
1258 1219 1468 1255 naturaliter
1488 1219 1666 1266 significat
1691 1219 1740 1253 in-

179 1278 401 1319 tentionem3
423 1277 568 1323 quando
591 1287 678 1321 ergo
698 1275 825 1320 aliquis
847 1286 910 1320 per
927 1275 1023 1309 bona
1043 1285 1152 1320 opera
1173 1285 1264 1320 quae
1285 1273 1370 1307 facit
1393 1285 1434 1308 ex
1456 1284 1522 1307 suo
1544 1284 1676 1319 genere
1695 1272 1744 1306 adv

180 1332 251 1365 Dei
272 1331 459 1365 servitium
481 1329 706 1375 pertinentia,
725 1340 799 1362 non
822 1328 960 1374 quaerit
980 1328 1062 1362 Deo
1084 1327 1240 1373 placere,
1266 1327 1329 1361 sed
1348 1327 1567 1369 hominibus,
1594 1325 1741 1360 simulat

183 1393 319 1419 rectam
340 1384 592 1425 intentionem,
607 1393 716 1428 quam
730 1393 804 1415 non
822 1381 949 1424 habet;
964 1381 1059 1415 unde
1083 1380 1236 1426 Gregor.
1259 1380 1343 1414 dicit
1368 1391 1420 1426 31.
1442 1379 1570 1413 Moral.
1585 1380 1675 1426 (cap.
1689 1380 1738 1424 8.)

183 1438 279 1485 quod
305 1451 322 1469 «
340 1437 553 1484 hypocritae
574 1447 637 1481 per
660 1446 786 1469 causas
806 1435 878 1468 Dei
896 1435 1100 1469 deserviunt
1113 1433 1304 1468 intentioni
1319 1432 1470 1467 saeculi:
1486 1433 1568 1478 quia
1586 1444 1650 1478 per
1662 1432 1740 1478 ipsa

180 1502 324 1538 quoque
340 1502 430 1536 quae
445 1502 482 1524 se
494 1501 599 1536 agere
614 1496 737 1523 sancta
753 1488 957 1530 ostendunt,
971 1499 1045 1522 non
1057 1487 1335 1521 conversionem
1347 1494 1522 1532 quaerunt
1535 1485 1740 1527 hominum,

182 1545 244 1579 sed
266 1555 370 1578 auras
392 1543 558 1578 favorum
577 1555 614 1585 »3
637 1550 671 1576 et
691 1543 740 1576 ita
761 1541 932 1576 simulant
953 1541 1175 1575 mendaciter
1196 1540 1435 1574 intentionem
1457 1547 1604 1581 rectam,
1631 1550 1740 1585 quam

179 1609 254 1632 non
275 1598 427 1640 habent3
450 1596 614 1643 quamvis
635 1606 710 1629 non
732 1594 903 1629 simulant
925 1594 1071 1640 aliquod
1092 1602 1231 1628 rectum
1254 1605 1355 1639 opus,
1379 1593 1475 1639 quod
1493 1604 1567 1627 non
1583 1599 1704 1638 agunt.

251 1652 311 1685 AD
339 1660 545 1685 SECUNDUM
572 1648 777 1690 dicendum,
800 1647 896 1694 quod
922 1648 1064 1681 habitus
1086 1647 1302 1689 sanctitatis3
1330 1654 1432 1692 puta:
1460 1645 1657 1692 religionis,
1683 1645 1741 1680 vel

181 1704 383 1746 clericatus,
405 1703 585 1749 significat
600 1710 745 1743 statum,
768 1713 839 1747 quo
856 1701 933 1747 quis
953 1700 1133 1747 obligatur
1155 1700 1198 1734 ad
1214 1711 1322 1746 opera
1337 1700 1587 1747 perfectionis;
1606 1708 1641 1734 et
1658 1699 1740 1734 ideo

182 1769 265 1792 cum
293 1758 370 1804 quis
397 1757 561 1790 habitum
591 1755 789 1790 sanctitatis
817 1754 978 1796 assumit,
1004 1754 1192 1788 intendens
1219 1765 1256 1788 se
1284 1754 1327 1787 ad
1353 1761 1486 1788 statum
1507 1752 1738 1799 perfectionis

179 1810 382 1852 transferre,
402 1810 431 1844 si
449 1821 511 1856 per
531 1809 778 1843 infirmitatem
799 1807 953 1850 deficiat,
971 1818 1044 1841 non
1064 1815 1116 1842 est
1134 1806 1334 1849 simulator,
1352 1806 1411 1841 vel
1424 1807 1634 1853 hypocrita3
1657 1808 1739 1853 quia

180 1876 254 1899 non
272 1872 412 1898 tenetur
438 1862 666 1896 manifestare
693 1873 798 1895 suurn
817 1869 1019 1907 peccatum,
1041 1860 1238 1895 sanctitatis
1266 1860 1430 1894 habitum
1451 1860 1690 1906 deponendo:
1713 1859 1742 1894 si

181 1926 301 1952 autem
324 1917 367 1951 ad
389 1917 460 1950 hoc
487 1915 683 1950 sanctitatis
704 1915 868 1948 habitum
896 1921 1105 1956 assumeret,
1132 1922 1170 1948 ut
1190 1924 1227 1948 se
1253 1914 1387 1959 justum
1413 1920 1621 1955 ostentaret,
1649 1920 1743 1948 esset

178 1970 380 2017 hypocrita,
399 1978 434 2004 et
453 1969 653 2004 simulator.

253 2024 312 2058 AD
329 2033 500 2058 TERTIUM
519 2022 723 2063 dicendum,
739 2021 835 2067 quod
858 2023 893 2055 in
907 2020 1150 2062 simulatione,
1173 2020 1264 2054 sicut
1285 2019 1320 2053 in
1336 2019 1541 2062 mendacio,
1555 2019 1618 2054 duo
1641 2026 1740 2054 sunt:

180 2089 284 2112 unum
310 2077 457 2122 quidem
478 2076 570 2110 sicut
591 2075 755 2121 signum:
778 2083 812 2108 et
834 2073 925 2108 aliud
951 2074 1044 2108 sicut
1069 2074 1270 2119 signatum;
1293 2072 1387 2107 mala
1415 2084 1502 2119 ergo
1528 2073 1679 2107 intentio
1705 2073 1741 2106 in

181 2131 367 2177 hypocrisi
389 2129 636 2164 consideratur
656 2129 749 2162 sicut
769 2128 962 2173 signatum,
985 2127 1082 2173 quod
1103 2138 1178 2161 non
1199 2126 1393 2173 respondet
1419 2127 1541 2173 signo:
1565 2126 1742 2161 exteriora

182 2193 303 2219 autem
325 2183 383 2217 vel
403 2183 524 2225 verba,
545 2181 603 2216 vel
618 2193 738 2228 opera,
756 2180 814 2215 vel
829 2192 1079 2227 quaecumque
1094 2179 1287 2222 sensibilia,
1302 2179 1574 2214 considerantur
1589 2179 1624 2213 in
1640 2179 1741 2214 omni

182 2237 425 2278 simulatione,
448 2244 483 2271 et
504 2235 708 2276 mendacio,
730 2234 821 2268 sicut
842 2235 955 2280 signa.

739 2392 1082 2437 ARTICULUS
1111 2393 1189 2435 HI.
1677 2402 1740 2448 578

360 2514 511 2543 UTRUM
541 2513 793 2542 HYPOCRISIS
818 2513 1083 2542 OPPONATUR
1110 2513 1290 2542 VIRTUTI
1317 2512 1561 2542 VERITATIS.

656 2610 702 2654 (4.
725 2611 813 2644 Dist.
836 2610 887 2644 16.
910 2621 939 2655 q.
962 2621 994 2653 4.
1017 2615 1080 2644 art.
1104 2623 1130 2645 Ι.
1153 2622 1182 2656 (].
1205 2611 1265 2656 2.).

251 2711 311 2745 AD
334 2720 504 2745 TERTIUM
526 2710 576 2745 sic
598 2709 812 2756 proceditur.
835 2709 996 2751 Videtur,
1019 2711 1115 2756 quod
1137 2711 1339 2756 hypocrisis
1361 2721 1435 2745 non
1458 2718 1662 2757 opponatur
1675 2711 1742 2744 vir-

180 2763 246 2798 tuti
267 2763 440 2798 veritatis:
468 2764 503 2797 in
531 2763 761 2798 simulatione
788 2762 896 2804 enirn,
923 2763 998 2797 sive
1025 2763 1208 2809 hypocrisi
1231 2772 1284 2798 est
1304 2764 1461 2809 signum,
1483 2772 1518 2798 et
1538 2764 1741 2809 signatum:

182 2817 243 2851 sed
271 2825 444 2863 quantum
467 2817 509 2850 ad
533 2825 723 2863 utrumque
745 2827 818 2850 non
840 2816 979 2849 videtur
1005 2818 1139 2862 opponi
1168 2817 1275 2850 alicui
1301 2817 1446 2863 speciali
1468 2817 1608 2851 virtuti:
1631 2817 1744 2863 hypo-

180 2871 267 2904 crita
289 2870 385 2904 enim
407 2870 552 2904 simulat
579 2880 846 2916 quamcumque
865 2869 1045 2911 virtutem,
1069 2878 1103 2904 ct
1125 2870 1233 2903 etiam
1256 2881 1318 2916 per
1338 2881 1588 2916 quaecumque
1604 2870 1741 2904 virtutis
