1859 3122
462 220 680 254 Quaem-10
713 220 871 249 CLXXV.
906 220 1149 250 ART1CULUS
1183 222 1239 250 1v.
1530 223 1634 265 1143

76 311 156 334 rum
178 308 259 334 sunt
274 300 538 346 phantasmata,
561 302 622 335 sed
645 301 754 336 etiam
789 313 937 336 omnem
965 301 1229 348 intelligibilem
1253 311 1473 337 creaturam:
1497 312 1640 349 oportet

78 361 211 395 autern,
233 364 316 388 cum
339 353 542 388 intellectus
570 354 727 389 hominis
751 354 912 390 elevatur
939 356 981 389 ad
1005 355 1218 390 altissimam
1241 356 1310 390 Dei
1336 357 1512 391 essentiae
1533 357 1641 391 visio-

76 417 173 448 nem,
196 414 233 440 ut
253 414 329 440 tota
351 407 480 441 mentis
506 408 654 442 intentio
673 408 757 442 illuc
782 409 995 450 advocetur3
1018 409 1065 443 ita
1082 409 1218 443 scilicet
1240 410 1336 456 quod
1352 410 1440 443 nihil
1462 409 1640 456 intelligat

77 459 172 494 aliud
195 471 237 494 ex
260 460 581 506 phantasmatibus,
597 458 658 496 sed
679 462 836 496 totaliter
858 461 990 496 feratur
1011 462 1046 495 in
1061 463 1201 504 Deum3
1224 463 1317 496 unde
1334 463 1557 509 impossibile
1575 471 1639 506 est,

76 513 174 560 quod
203 513 316 547 homo
339 513 375 547 in
409 522 500 547 statu
524 514 602 548 viae
624 515 743 549 videat
775 515 894 549 Deum
929 526 991 561 per
1017 516 1212 550 essentiam
1240 517 1317 550 sine
1353 517 1592 551 abstractione
1619 528 1639 551 a

77 567 250 602 sensibus.

147 620 206 654 AD
232 630 381 655 PRIMUM
404 631 490 666 ergo
513 621 718 663 dicendum,
737 622 845 668 quod,
860 622 951 656 sicut
973 623 1109 656 dictum
1131 630 1182 656 est
1207 623 1410 670 (ar-Lpraec.
1432 625 1467 657 in
1488 635 1559 669 arg.
1574 624 1637 669 2.),

76 680 156 720 post
176 674 476 708 resurrectionem
504 674 538 707 in
566 675 677 708 beatis
704 675 771 709 Dei
795 675 987 709 essentiam
1014 676 1216 710 videntibus
1242 675 1303 710 fiet
1328 677 1566 710 redundantia
1595 676 1637 710 ab

74 726 259 760 intellectu
282 727 326 760 ad
347 726 533 761 inferiores
554 727 658 769 vires,
681 736 715 762 et
737 739 848 774 usque
871 729 914 762 ad
937 740 1085 774 corpus3
1108 729 1202 763 unde
1224 730 1424 763 secundum
1448 730 1562 776 ipsam
1584 740 1635 763 re-

75 779 199 826 gulam
222 780 363 814 divinae
383 781 532 814 visionis
561 781 680 814 anima
708 781 868 815 intendet
889 782 1210 827 phantasmatibus,
1233 791 1268 817 et
1289 782 1534 817 sensibilibus:
1557 782 1638 817 talis

77 841 197 867 autem
220 833 455 867 redundantia
477 845 550 867 non
577 833 615 867 fit
636 834 671 867 in
694 834 749 868 his
771 835 830 880 qui
852 836 1046 881 rapiuntur,
1069 835 1160 870 sicut
1181 836 1317 870 dictum
1344 844 1396 870 est
1417 838 1496 880 (art.
1520 842 1633 883 praec.

75 886 119 920 ad
136 887 198 931 2.);
223 894 257 920 et
277 887 359 920 ideo
381 897 454 920 non
477 895 529 921 est
550 887 676 921 similis
698 887 800 921 ratio.

148 939 207 973 AD
223 950 429 974 SECUNDUM
444 940 648 982 dicendum,
664 940 761 986 quod
776 940 977 975 intellectus
1000 941 1141 975 animae
1161 941 1296 976 Christi
1319 950 1394 976 erat
1415 941 1636 987 glorificatus

76 1003 138 1038 per
158 992 341 1026 habituale
363 992 485 1027 lumen
509 992 657 1038 gloriae,
679 1004 751 1039 quo
774 993 932 1027 divinam
955 994 1148 1028 essentiam
1170 994 1314 1029 videbat
1332 995 1447 1029 multo
1471 995 1638 1042 amplius,

75 1057 185 1092 quam
213 1045 340 1092 aliquis
363 1046 523 1092 angelus,
545 1045 604 1080 vel
624 1046 756 1080 homo:
781 1055 856 1080 erat
878 1055 999 1080 autem
1024 1049 1141 1081 viator
1167 1056 1312 1094 propter
1339 1049 1501 1095 corporis
1527 1049 1641 1094 passi-

75 1099 263 1142 bilitatem,
285 1101 485 1135 secundum
507 1111 615 1145 quam
632 1100 737 1146 paulo
756 1101 864 1134 minus
890 1102 930 1134 ab
953 1101 1074 1146 angelis
1096 1101 1353 1143 minorabatur,
1376 1110 1412 1136 ut
1439 1102 1568 1136 dicitur
1594 1102 1638 1137 ad

76 1153 167 1187 Heb.
190 1163 221 1186 2.
244 1153 494 1200 dispensative,
517 1161 551 1187 et
572 1164 646 1186 non
668 1161 813 1199 propter
840 1153 997 1198 aliquem
1025 1153 1205 1188 defectum
1227 1166 1271 1189 ex
1291 1163 1390 1201 parte
1411 1155 1637 1198 intellectus;

74 1206 169 1240 unde
188 1217 262 1240 non
285 1214 338 1240 est
358 1205 484 1240 similis
507 1207 596 1239 ratio
620 1206 663 1240 de
685 1217 741 1247 eo,
764 1213 799 1240 et
820 1206 862 1240 de
885 1206 962 1240 aliis
984 1207 1193 1244 viatoribus.

147 1259 208 1293 AD
230 1269 400 1294 TERTIUM
428 1259 632 1301 dicendum,
660 1259 756 1305 quod
778 1259 922 1301 Paulus,
952 1268 1146 1306 postquam
1176 1261 1328 1295 cessavit
1348 1261 1470 1295 videre
1492 1262 1562 1296 Dei
1588 1273 1638 1296 es-

76 1312 240 1354 sentiam,
260 1323 402 1346 memor
423 1311 488 1345 fuit
509 1312 667 1354 illorum,
683 1324 774 1358 quae
791 1313 827 1346 in
845 1312 906 1346 illa
925 1314 1064 1348 visione
1085 1322 1309 1359 cognoverat
1326 1326 1388 1361 per
1407 1314 1544 1361 aliquas
1563 1326 1639 1361 spe-

77 1365 149 1399 cies
174 1364 417 1411 intelligibiles
444 1365 672 1399 habitualiter
695 1377 738 1400 ex
758 1366 829 1400 hoc
852 1366 888 1399 in
911 1367 986 1412 ejus
1008 1366 1192 1401 intellectu
1213 1367 1374 1402 relictas:
1398 1368 1491 1402 sicut
1516 1368 1638 1410 etiam,

76 1418 228 1452 abeunte
250 1418 420 1460 sensibili,
445 1427 631 1452 remanent
653 1418 794 1464 aliquae
815 1419 1072 1464 impressiones
1094 1420 1129 1453 in
1153 1421 1285 1463 anima,
1300 1433 1387 1467 quas
1409 1429 1533 1467 postea
1557 1433 1639 1456 con-

77 1470 193 1505 ferens
216 1471 259 1505 ad
286 1471 539 1517 phantasmata
568 1480 811 1514 memoratur,
833 1473 928 1507 unde
950 1484 1015 1507 nec
1042 1480 1157 1507 totam
1178 1473 1279 1508 illam
1301 1474 1549 1520 cognitionem
1577 1483 1637 1509 aut

77 1524 238 1570 cogitare
259 1532 412 1570 poterat,
435 1533 494 1559 aut
514 1525 632 1559 verbis
653 1525 864 1572 exprimere.

643 1655 989 1699 ARTICULUS
1023 1656 1075 1698 V.
1571 1668 1638 1715 838

183 1762 337 1792 UTRUM
369 1763 506 1793 ANIMA
538 1763 666 1792 PAULI
700 1763 744 1793 IN
777 1763 921 1793 STATU
954 1763 1054 1792 ILLO
1088 1763 1245 1793 FUERIT
1279 1764 1533 1794 TOTALITER

590 1829 618 1856 A
653 1828 854 1858 CORPORE
887 1828 1120 1858 SEPARATA.

268 1915 371 1961 (Infr.
391 1920 455 1950 art.
478 1915 510 1950 6.
532 1921 561 1950 et
588 1916 673 1949 Veri.
696 1927 725 1960 q.
748 1925 793 1961 13.
816 1921 881 1950 art.
900 1927 928 1961 5.
951 1921 981 1950 ct
1001 1927 1030 1950 2.
1057 1916 1134 1950 Cor.
1153 1927 1203 1950 12.
1226 1916 1295 1951 lect.
1317 1917 1449 1962 1.fin.).

148 2003 208 2036 AD
231 2013 411 2042 QUINTUM
434 2004 482 2037 sic
506 2003 721 2048 proceditur.
736 2002 899 2045 Videtur,
915 2003 1012 2049 quod
1032 2003 1152 2037 anima
1166 2003 1270 2038 Pauli
1287 2004 1323 2037 in
1343 2012 1434 2038 statu
1454 2004 1516 2038 illo
1534 2003 1640 2038 fuerit

74 2055 234 2090 totaliter
256 2067 274 2090 a
297 2067 450 2102 corpore
472 2064 650 2102 separata:
675 2056 761 2090 dicit
775 2057 872 2090 enim
886 2056 1013 2102 Apost.
1037 2067 1068 2090 2.
1092 2057 1135 2090 ad
1163 2057 1248 2091 Cor.
1275 2068 1321 2102 5.:
1347 2057 1517 2102 Quamdiu
1530 2069 1640 2091 sumus

76 2110 111 2142 ia
138 2115 287 2155 corpore,
310 2111 566 2155 peregrinamur
586 2121 606 2144 a
627 2110 788 2151 Domino,
805 2115 867 2155 per
883 2109 980 2154 fidem
1006 2111 1092 2144 euim
1113 2110 1334 2152 ambulamus,
1357 2115 1384 2144 et
1409 2123 1473 2144 non
1490 2118 1551 2157 per
1571 2117 1636 2157 spe-

77 2163 180 2196 ciem:
203 2161 264 2195 sed
285 2161 418 2195 Paulus
444 2162 480 2195 in
507 2170 599 2196 statu
625 2161 688 2196 illo
715 2173 789 2196 non
815 2162 1109 2208 peregrinabatur
1135 2175 1154 2196 a
1181 2163 1363 2205 Domin03
1386 2164 1469 2209 quia
1494 2164 1638 2198 videbat

76 2215 198 2248 Deum
219 2226 282 2260 per
299 2215 469 2260 speciem,
491 2223 530 2249 ut
550 2215 687 2249 dictum
709 2224 761 2249 est
784 2216 902 2262 (art.3.
918 2216 986 2261 huj.
1005 2217 1066 2261 q.)‚·
1090 2227 1176 2262 ergo
1198 2227 1273 2250 non
1295 2224 1371 2250 erat
1391 2217 1427 2250 in
1451 2228 1614 2263 corpore.

149 2278 179 2302 2.
202 2268 437 2303 PRAETEREA.
460 2269 627 2302 Potentia
649 2269 791 2303 animae
812 2280 887 2303 non
913 2277 1032 2316 potest
1052 2269 1186 2304 elevari
1207 2281 1313 2316 supra
1337 2271 1411 2315 ejus
1434 2271 1638 2313 essentiam,

76 2322 114 2356 in
135 2333 205 2367 qua
226 2322 424 2356 radicatur:
447 2322 508 2355 sed
530 2321 743 2364 intellectus,
759 2322 819 2368 qui
834 2330 886 2356 est
903 2323 1064 2368 potentia
1087 2323 1241 2365 animae,
1262 2324 1298 2357 in
1318 2331 1421 2369 raptu
1443 2323 1507 2357 fuit
1525 2335 1545 2357 a
1564 2334 1638 2357 cor-

76 2374 259 2421 poralibus
289 2375 486 2408 abstractus
520 2385 582 2420 per
615 2374 856 2409 elevationem
891 2375 934 2409 ad
967 2376 1127 2409 divinam
1154 2376 1522 2422 contemplationem;
1550 2387 1637 2422 ergo

78 2427 194 2462 multo
216 2428 333 2473 magis
354 2428 508 2462 essentia
531 2428 673 2461 animae
694 2427 758 2462 fuit
779 2437 941 2474 separata
965 2440 983 2462 a
1007 2439 1169 2475 corpore.

151 2492 181 2526 3.
195 2481 431 2515 PRAETEREA.
446 2481 550 2514 Vires
565 2481 707 2515 animae
724 2481 934 2527 vegetabilis
955 2490 1037 2516 sunt
1058 2483 1174 2527 magis
1188 2482 1404 2523 materiales,
1420 2493 1529 2527 quam
1543 2482 1635 2516 vires

79 2534 222 2567 animae
244 2534 453 2568 sensitivae:
477 2534 539 2567 sed
561 2534 752 2579 oportebat
771 2534 996 2568 intellectum
1025 2535 1183 2568 abstrahi
1205 2546 1224 2568 a
1245 2535 1378 2568 viribus
1401 2535 1543 2569 animae
1564 2546 1640 2569 sen-

78 2587 216 2628 sitivae,
243 2595 281 2621 ut
302 2587 437 2621 dictum
460 2595 512 2620 est
528 2587 608 2630 (art.
618 2587 762 2632 praec),
778 2588 821 2621 ad
843 2588 914 2621 hoc
937 2596 975 2622 ut
996 2595 1178 2634 raperetur
1200 2588 1244 2621 ad
1262 2588 1456 2622 videndam
1479 2588 1639 2622 divinam

77 2640 294 2682 essentiam3
313 2651 400 2686 ergo
419 2639 535 2673 multo
555 2640 672 2685 magis
690 2641 889 2685 oportebat,
909 2641 1005 2686 quod
1026 2641 1290 2674 abstraheretur
1308 2652 1327 2674 a
1345 2641 1477 2674 viribus
1496 2641 1638 2675 animae

76 2693 300 2738 vegetabilis,
316 2704 467 2738 quarum
490 2693 701 2738 operatione
723 2701 897 2735 cessante,
912 2695 987 2739 jam
1004 2693 1106 2727 nullo
1124 2694 1235 2727 modo
1254 2702 1416 2728 remanet
1430 2694 1550 2728 anima
1564 2705 1640 2728 cor-

77 2746 157 2792 pori
179 2747 390 2791 conjuncta3
413 2757 500 2791 ergo
522 2746 675 2788 videtur,
696 2746 793 2792 quod
815 2747 974 2792 oportuit
995 2746 1031 2780 in
1053 2754 1155 2791 raptu
1177 2747 1281 2780 Pauli
1303 2747 1461 2780 animam
1482 2746 1639 2781 totaliter

79 2809 99 2832 a
121 2809 273 2844 corpore
295 2809 373 2832 esse
394 2807 609 2844 separatam.

150 2851 224 2886 SED
247 2861 402 2886 CONTRA
424 2859 487 2893 est,
510 2851 607 2897 quod
629 2851 820 2897 Augustin.
843 2851 928 2886 dicit
948 2852 983 2885 in
1000 2851 1109 2898 Epist.
1133 2852 1175 2886 ad
1197 2852 1388 2886 Paulinam
1410 2852 1453 2886 de
1472 2852 1637 2886 Videndo

78 2905 200 2938 Deum
221 2905 312 2950 (147.
333 2904 376 2939 al.
398 2916 465 2939 112.
479 2904 641 2951 cap.13.).·
667 2917 684 2936 (ε
706 2904 791 2939 Non
813 2904 1021 2939 incredibile
1044 2913 1107 2947 est,
1129 2904 1239 2939 etiam
1261 2905 1475 2952 quibusdam
1497 2905 1638 2939 Sanctis
