1859 3122
421 221 640 258 QUAESTIO
676 221 832 251 CLXXV.
866 221 1110 251 ARTICULUS
1143 221 1199 250 VI.
1478 221 1585 264 1145

102 315 130 350 3.
152 303 390 338 PRAETEREA.
414 303 515 337 Sicut
536 303 688 349 August.
712 303 798 337 dicit
823 314 873 337 12.
896 314 1002 349 super
1025 302 1116 337 Gen.
1141 302 1249 336 adlit,
1266 302 1354 349 (cap.
1376 303 1462 348 28),
1483 302 1588 348 «ipse

27 363 61 397 in
84 365 186 403 raptu
212 356 301 390 vidit
327 356 386 390 illa
413 357 552 391 visione
580 357 712 398 Deum,
739 368 808 402 qua
835 357 957 390 vident
982 357 1096 390 sancti
1122 356 1158 390 in
1184 356 1297 402 patria
1311 368 1348 390 »2
1379 356 1440 390 sed
1474 355 1590 390 sancti

26 422 69 445 ex
91 410 161 444 hoc
186 411 263 455 ipso
286 410 382 455 quod
404 410 527 444 vident
549 410 680 452 Deum,
703 411 820 444 sciunt
842 421 886 444 an
909 410 1050 444 animae
1073 421 1199 444 eorum
1229 410 1299 444 sint
1326 421 1344 443 a
1378 409 1589 456 corporibus

25 472 234 510 separatae3
257 474 344 509 ergo
367 472 401 497 et
422 463 554 497 Paulus
576 463 647 497 hoc
670 464 782 498 scivit.

99 517 174 552 SED
197 527 351 552 CONTRA
375 525 438 558 est,
461 517 557 563 quod
580 518 708 552 dicitur
735 527 766 551 2.
795 517 838 551 ad
861 517 947 551 Cor.
975 527 1044 552 12.:
1071 517 1146 552 Sive
1173 518 1207 551 in
1234 523 1382 563 corpore,
1407 519 1474 552 sive
1495 522 1589 552 extra

27 577 142 617 corpus
163 572 279 612 nescio,
304 571 393 605 Deus
413 572 483 605 scit.

99 623 328 659 RESPONDEO
356 624 561 666 dicendum,
592 625 687 670 quod
716 624 926 669 hujusmodi
959 624 1179 670 quaestionis
1208 624 1396 658 veritatem
1427 625 1590 670 accipere

26 685 170 724 oportet
192 688 233 711 ex
255 677 340 724 ipsis
363 677 531 722 Apostoli
553 678 680 720 verbis,
704 678 830 723 quibus
853 677 938 711 dicit
964 688 1000 711 se
1029 677 1161 723 aliquid
1189 677 1291 719 scire,
1313 677 1452 712 scilicet
1477 688 1514 712 se
1541 689 1592 711 ra-

27 739 129 777 ptum
151 741 228 765 esse
250 742 361 777 usque
385 731 427 764 ad
451 733 582 765 tertium
611 731 746 773 (mlum,
774 738 808 764 et
835 731 967 776 aliquid
994 731 1145 772 nescire,
1167 731 1304 765 scilicet
1325 736 1436 765 utrum
1462 733 1498 765 in
1523 743 1593 766 cor-

23 791 114 830 pore,
143 789 201 819 aut
221 789 313 818 extra
336 790 461 830 corpus.
485 783 594 825 Quod
617 784 762 830 quidem
785 792 902 829 potest
920 783 1072 829 intelligi
1090 783 1288 830 dupliciter.
1309 784 1392 818 Uno
1412 784 1536 827 modo,
1554 792 1593 818 ut

29 838 99 872 hoc
123 838 219 884 quod
241 838 391 871 dicitur:
414 838 489 872 Sive
517 839 548 871 in
577 843 724 883 corpore,
750 839 816 871 sive
843 842 938 872 extra
964 844 1092 883 corpus,
1107 848 1181 871 non
1208 836 1381 871 referatur
1407 837 1450 871 ad
1472 838 1592 884 ipsum

28 902 106 925 esse
128 891 288 925 hominis
308 891 411 937 rapti,
431 891 532 937 quasi
550 890 771 935 ignoraverit
793 902 836 924 an
860 891 979 924 anima
1003 892 1077 936 ejus
1099 898 1192 924 esset
1205 891 1241 924 in
1257 902 1419 937 corpore,
1436 902 1480 924 an
1498 901 1592 932 non;

28 944 90 978 sed
113 945 156 978 ad
178 944 329 978 modum
353 953 484 990 raptus,
507 952 545 978 ut
566 943 703 978 scilicet
722 944 940 988 ignoraverit
962 955 1006 977 an
1029 955 1158 988 corpus
1183 945 1257 989 ejus
1279 943 1383 978 fuerit
1409 943 1518 978 simul
1542 955 1594 978 ra-

28 1006 130 1044 ptum
152 1009 234 1031 cum
255 998 376 1031 anima
395 998 431 1031 in
449 998 593 1031 tertium
611 996 767 1038 coelum,
783 996 935 1037 velnon,
950 996 1011 1030 sed
1026 996 1146 1030 solum
1162 997 1297 1039 anima,
1310 997 1400 1031 sicut
1415 997 1544 1032 Ezech.
1561 997 1592 1031 8.

28 1051 170 1093 dicitur,
192 1051 289 1097 quod
313 1051 486 1085 adductus
509 1059 562 1084 est
582 1051 618 1084 in
640 1050 838 1083 visionibus
860 1050 929 1082 Dei
951 1051 986 1083 in
1009 1049 1255 1093 Hierusalem;
1278 1059 1312 1084 et
1337 1051 1433 1084 hunc
1460 1049 1595 1084 intelle-

29 1113 128 1140 ctum
150 1104 258 1139 fuisse
285 1105 472 1150 cujusdam
494 1103 622 1149 Judaei
650 1103 816 1147 exprimit
844 1102 1057 1148 Hieronym.
1085 1103 1120 1136 in
1146 1102 1307 1148 Prologo
1330 1115 1436 1149 super
1461 1103 1595 1137 Daniel

27 1158 158 1203 (versus
170 1159 236 1203 fin.
255 1163 283 1192 et
303 1163 345 1192 est
366 1159 454 1203 epist.
480 1158 571 1202 120.)
596 1156 655 1189 ubi
677 1156 777 1189 dicit:
806 1155 1006 1201 «Denique
1029 1164 1063 1190 et
1083 1156 1304 1201 Apostolum
1326 1165 1491 1191 nostrum
1513 1157 1596 1202 (sci-

28 1211 114 1246 licet
136 1211 276 1245 dicebat
292 1210 466 1256 Judaeus)
487 1221 561 1244 non
583 1208 691 1244 fuisse
715 1220 843 1242 ausum
867 1207 1044 1243 affirmare
1066 1220 1103 1243 se
1126 1210 1161 1242 in
1185 1221 1336 1256 corpore
1358 1218 1513 1256 raptum,
1532 1210 1594 1244 sed

30 1265 175 1299 dixisse:
201 1264 277 1299 Sive
298 1265 332 1297 in.
354 1271 499 1310 corpore,
521 1265 589 1298 sive
611 1268 704 1297 extra
726 1269 853 1308 corpus,
876 1264 981 1297 nescio
1000 1276 1032 1296 ».
1056 1262 1127 1296 Sed
1146 1263 1242 1296 hunc
1259 1275 1406 1297 sensum
1428 1263 1596 1309 reprobat

29 1318 124 1363 Aug.
152 1327 202 1351 12.
229 1329 337 1363 super
359 1316 492 1352 Genes.
520 1316 563 1350 ad
590 1315 640 1350 lit.
670 1316 756 1362 (cap.
779 1328 809 1351 2.
828 1328 856 1362 3.
877 1327 910 1360 4.
936 1321 964 1350 et
985 1316 1057 1360 28.)
1084 1327 1146 1362 per
1171 1317 1243 1350 hoc
1271 1316 1367 1362 quod
1394 1316 1595 1363 Apostolus

31 1371 127 1413 dicit,
150 1371 295 1405 scivisse
318 1382 354 1405 se
378 1382 455 1405 esse
477 1379 619 1416 raptum
642 1380 755 1415 usque
777 1369 812 1402 in
834 1370 980 1403 tertium
1002 1369 1170 1412 coelum3
1192 1370 1329 1404 sciebat
1354 1381 1440 1415 ergo
1469 1381 1595 1404 verum

32 1435 111 1459 esse
133 1424 277 1459 tertium
303 1423 448 1458 coelum
469 1424 516 1465 id,
538 1423 573 1456 in
597 1422 692 1468 quod
720 1430 840 1468 raptus
867 1421 942 1464 fuit,
969 1430 1004 1456 et
1028 1433 1103 1456 non
1130 1422 1402 1456 similitudinem
1423 1423 1597 1469 imagina-

33 1479 125 1512 riam
146 1478 240 1512 tertii
256 1477 367 1512 coeli:
385 1477 544 1523 alioquin
559 1477 588 1511 si
601 1476 747 1510 tertium
764 1475 906 1509 coelum
923 1476 1126 1510 nominavit
1143 1476 1359 1522 phantasma
1377 1477 1472 1511 tertii
1490 1475 1595 1517 coeli,

33 1532 111 1578 pari
131 1533 270 1566 ratione
293 1531 412 1565 dicere
434 1531 561 1577 potuit,
583 1541 620 1564 se
634 1530 670 1563 in
686 1540 837 1575 corpore
852 1538 1005 1575 raptum,
1020 1529 1213 1563 nominans
1229 1541 1358 1575 corpus
1373 1530 1506 1576 proprii
1522 1541 1598 1563 cor-

32 1586 130 1631 poris
152 1585 379 1631 phantasma,
402 1583 507 1629 quale
534 1591 681 1629 apparet
703 1582 736 1615 in
760 1582 926 1616 somniis:
950 1581 979 1616 si
1006 1590 1126 1616 autem
1147 1582 1293 1624 sciebat,
1320 1593 1396 1616 esse
1422 1594 1506 1617 vere
1533 1591 1598 1617 ter-

31 1639 123 1672 tium
146 1637 303 1679 coelum,
325 1637 460 1671 sciebat
483 1647 582 1682 ergo,
605 1644 665 1670 aut
691 1647 767 1669 esse
791 1635 923 1681 aliquid
943 1634 1135 1680 spirituale,
1155 1643 1189 1669 et
1206 1637 1482 1681 incorporeum;
1497 1644 1532 1670 et
1546 1635 1596 1669 sic

33 1703 108 1726 non
129 1698 269 1737 poterat
291 1701 422 1736 corpus
445 1691 519 1735 ejus
541 1689 626 1723 illuc
649 1689 744 1734 rapi:
768 1696 828 1722 aut
849 1700 926 1722 esse
949 1688 1082 1734 aliquid
1102 1699 1335 1734 corporeum3
1355 1698 1390 1723 et
1407 1689 1456 1723 sic
1476 1689 1598 1723 anima

33 1756 108 1779 non
130 1752 250 1791 posset
273 1743 355 1778 illuc
379 1743 454 1777 sine
478 1754 629 1789 corpore
652 1744 744 1788 rapi:
760 1742 828 1776 nisi
843 1750 1067 1787 separaretur
1082 1753 1100 1774 a
1116 1753 1288 1788 corpore;
1307 1751 1341 1776 et
1354 1743 1436 1776 ideo
1456 1751 1599 1788 oportet

31 1797 232 1832 secundum
255 1797 366 1830 alium
389 1807 532 1830 sensum
552 1795 773 1841 intelligere3
789 1803 826 1829 ut
841 1794 979 1829 scilicet
993 1794 1193 1840 Apostolus
1205 1795 1359 1837 sciverit,
1378 1796 1475 1841 quod
1492 1795 1599 1830 fuerit

31 1859 152 1897 raptus
175 1851 375 1884 secundum
398 1849 570 1890 animam,
593 1857 627 1882 et
647 1859 721 1882 non
743 1849 943 1882 secundum
971 1859 1112 1893 corpus,
1138 1848 1330 1882 nesciverit
1354 1857 1488 1891 tamen,
1516 1860 1599 1894 qua-

29 1905 111 1939 liter
132 1915 168 1938 se
190 1903 338 1937 haberet
366 1903 485 1936 anima
508 1902 551 1935 ad
571 1913 714 1947 corpus,
735 1909 854 1934 utrum
873 1900 1009 1935 scilicet
1029 1900 1135 1935 fuerit
1155 1901 1231 1935 sine
1254 1913 1418 1947 corpore,
1436 1902 1494 1936 vel
1511 1913 1596 1935 non.

32 1958 104 1993 Sed
127 1958 222 1991 circa
244 1957 314 1990 hoc
339 1955 580 1989 diversimode
603 1955 708 2000 aliqui
729 1954 937 2000 loquuntur.
961 1954 1108 1998 Quidam
1125 1954 1223 1988 enim
1238 1955 1372 1996 dicunt,
1392 1955 1487 2000 quod
1502 1955 1600 2001 Apo-

31 2010 146 2046 stolus
168 2010 283 2052 scivit‚
305 2010 402 2055 quod
425 2009 545 2042 anima
563 2020 627 2042 sua
647 2015 722 2041 erat
740 2008 883 2053 corpori
902 2008 1000 2041 unita
1018 2016 1056 2041 ut
1074 2007 1202 2050 forma,
1225 2008 1285 2042 sed
1307 2008 1458 2042 nescivit
1478 2017 1597 2042 utrum

33 2073 127 2099 esset
147 2075 272 2110 passus
294 2062 551 2096 alienationem
579 2073 598 2095 a
620 2061 794 2102 sensibus,
816 2060 874 2094 vel
895 2061 1005 2094 etiam
1026 2069 1145 2095 utrum
1173 2069 1266 2095 esset
1291 2061 1384 2095 facta
1406 2062 1598 2096 abstractio

33 2118 74 2152 ab
99 2117 267 2164 operibus
290 2116 433 2150 animae
455 2115 688 2160 vegetabilis:
711 2114 773 2148 sed
795 2114 891 2159 quod
918 2113 1023 2148 fuerit
1047 2113 1142 2148 facta
1169 2114 1361 2148 abstractio
1385 2127 1403 2149 a
1425 2115 1599 2158 sensibus,

32 2171 105 2205 hoc
127 2181 202 2205 non
224 2169 341 2215 potuit
361 2169 542 2213 ignorare,
565 2179 606 2202 ex
634 2178 704 2213 quo
732 2167 836 2201 scivit
856 2178 893 2201 se
916 2176 1076 2213 raptum:
1105 2168 1201 2213 quod
1229 2176 1349 2201 autem
1376 2167 1481 2202 fuerit
1505 2168 1600 2203 facta

33 2224 227 2258 abstractio
253 2223 294 2256 ab
319 2222 486 2268 operibus
509 2221 651 2254 animae
672 2219 894 2266 vegetabilis,
915 2232 989 2254 non
1008 2229 1082 2254 erat
1100 2228 1240 2255 tantum
1259 2220 1404 2267 aliquid,
1419 2230 1457 2256 ut
1471 2222 1513 2256 de
1527 2222 1598 2256 hoc

0 2306 1 2314 ,
32 2284 218 2323 oporteret
235 2283 310 2309 tam
330 2274 511 2308 solicitam
525 2273 602 2307 fieri
616 2274 859 2307 mentionem:
876 2273 971 2308 unde
989 2273 1213 2319 relinquitur,
1228 2275 1324 2320 quod
1338 2275 1491 2308 nescivit
1503 2275 1602 2321 Apo-

32 2329 158 2371 stolus,
180 2337 301 2363 utrum
323 2328 444 2361 anima
467 2328 544 2372 ejus
566 2325 672 2360 fuerit
693 2327 887 2371 conjuncta
910 2327 1054 2373 corpori
1072 2335 1109 2360 ut
1127 2327 1256 2369 forma,
1274 2327 1331 2361 vel
1347 2339 1367 2361 a
1382 2339 1534 2374 corpore
1549 2339 1600 2362 se-

32 2393 156 2429 parata
178 2393 240 2428 per
259 2389 427 2414 mortem.
452 2379 601 2424 Quidam
623 2387 743 2413 autem
766 2380 837 2413 hoc
861 2381 1101 2414 concedentes
1123 2380 1258 2423 dicunt,
1281 2381 1377 2426 quod
1399 2381 1599 2426 Apostolus

32 2445 118 2470 tunc
140 2447 214 2469 non
237 2433 435 2480 perpendit,
459 2433 602 2478 quando
625 2433 838 2479 rapiebatur,
861 2433 944 2479 quia
965 2441 1041 2467 tota
1063 2435 1138 2478 ejus
1159 2434 1311 2467 intentio
1332 2445 1506 2468 conversa
1526 2442 1601 2468 erat

35 2489 71 2522 in
97 2489 238 2530 Deum3
265 2487 326 2521 sed
354 2485 589 2532 postmodum
616 2486 788 2531 percepit,
814 2486 1046 2520 considerans
1074 2497 1115 2520 ea
1142 2498 1233 2532 quae
1260 2486 1418 2522 viderat:
1439 2487 1502 2521 sed
1527 2487 1599 2521 hoc

34 2542 143 2576 etiam
167 2540 405 2575 contrariatur
425 2539 542 2573 verbis
564 2538 744 2584 Apostoli,
767 2539 826 2585 qui
853 2539 1039 2584 distinguit
1064 2539 1100 2572 in
1125 2540 1242 2573 verbis
1270 2540 1342 2574 suis
1369 2540 1600 2586 praeteritum

35 2607 54 2629 a
75 2594 215 2628 futuro:
239 2593 324 2627 dicit
346 2592 443 2626 enim
464 2592 501 2625 in
523 2592 701 2636 praesenti
723 2603 759 2626 se
782 2592 885 2633 scire,
912 2592 1009 2638 quod
1036 2591 1100 2625 fuit
1126 2600 1247 2638 raptus
1275 2601 1355 2626 ante
1383 2604 1496 2627 annos
1519 2605 1601 2639 qua-

33 2647 250 2687 tuordecim,
274 2655 308 2680 et
329 2657 366 2679 se
388 2645 424 2678 in
446 2644 625 2690 praesenti
645 2645 796 2686 nescire,
819 2652 939 2678 utrum
961 2645 996 2678 in
1020 2655 1172 2690 corpore
1193 2644 1309 2687 fuerit,
1328 2645 1386 2679 vel
1407 2654 1504 2679 extra
1527 2657 1603 2680 cor-

34 2712 117 2746 pus;
140 2708 174 2734 et
195 2699 277 2733 ideo
300 2698 495 2732 dicendum
514 2705 577 2739 est,
597 2697 693 2743 quod
713 2706 748 2731 et
760 2698 869 2743 prius,
888 2706 922 2731 et
935 2706 1061 2743 postea
1075 2698 1237 2740 nescivit,
1252 2707 1371 2732 utrum
1390 2699 1465 2744 ejus
1480 2699 1600 2733 anima

34 2753 141 2787 faerit
161 2764 179 2786 a
203 2763 355 2797 corpore
377 2758 562 2796 separata3
584 2750 678 2784 unde
700 2750 852 2796 August.
875 2751 961 2784 dicit
990 2761 1040 2784 12.
1063 2762 1169 2796 super
1186 2751 1277 2785 Gen.
1300 2751 1343 2785 ad
1365 2751 1414 2785 lit.
1443 2752 1530 2799 (cap.
1553 2754 1598 2798 5.)

36 2814 118 2852 post
137 2805 288 2850 longam
309 2803 582 2849 inquisitionem
604 2802 843 2838 concludens:
869 2804 1023 2837 «Restat
1044 2815 1131 2849 ergo
1153 2803 1316 2846 fortasse,
1339 2812 1376 2838 ut
1397 2805 1467 2838 hoc
1482 2805 1601 2851 ipsum

37 2871 121 2893 eum
153 2859 340 2903 ignorasse
374 2856 632 2901 intelligamus,
654 2863 773 2889 utrum
801 2857 946 2902 quando
969 2856 1004 2889 in
1031 2857 1178 2890 tertium
1209 2857 1353 2891 coelum
1388 2865 1508 2903 raptus
1536 2867 1600 2901 est,

36 2915 73 2947 in
95 2923 246 2959 corpore
267 2910 374 2945 fuerit
393 2910 525 2953 anima,
548 2909 735 2955 quomodo
759 2917 811 2944 est
833 2910 954 2944 anima
975 2910 1010 2943 in
1031 2921 1195 2956 corpore,
1215 2922 1298 2945 cum
1326 2922 1454 2958 corpus
1481 2911 1601 2947 vivere
