1859 3122
197 157 281 210 560
594 167 814 202 QUAESTIO
849 166 994 197 LXXIX.
1027 167 1271 197 ARTICULUS
1303 167 1364 197 111.

196 257 259 290 est,
286 248 382 294 quod
410 248 558 281 omissio
585 248 709 294 incipit
735 248 768 282 ei
793 248 962 293 imputari
989 248 1031 282 ad
1059 248 1214 295 culpam,
1242 248 1385 295 quando
1412 248 1478 282 fuit
1503 256 1644 294 tempus
1671 259 1753 293 ope-

195 302 307 343 randi,
329 310 451 335 tamen
473 309 618 347 propter
641 313 787 335 causam
810 302 1098 347 praecedentem,
1121 314 1163 336 ex
1178 313 1247 348 qua
1262 302 1410 336 omissio
1427 312 1579 347 sequens
1595 300 1752 335 redditur

195 355 408 388 voluntaria.

267 409 326 441 AD
349 418 536 446 QUARTUM
559 408 764 449 dicendum,
787 409 882 455 qulod
906 409 1055 442 omissio
1078 409 1211 442 directe
1234 408 1428 454 opponitur
1457 408 1622 453 justitiae,
1643 415 1683 442 ut
1702 407 1754 441 di-

197 469 294 494 ctum
317 469 369 495 est
389 463 438 505 (in
460 468 550 507 corp.
573 464 667 506 art.):
690 472 765 495 non
787 464 883 495 enim
906 470 960 496 est
981 462 1130 495 omissio
1152 462 1238 496 boni
1261 462 1408 506 alicujus
1430 461 1580 503 virtutis,
1604 461 1673 494 nisi
1689 461 1752 495 sub

196 514 334 548 ratione
357 514 475 556 debiti,
499 514 595 560 quod
617 515 771 559 pertinet
792 515 835 548 ad
850 516 1042 560 justitiam:
1061 515 1140 561 plus
1155 523 1275 549 autem
1290 515 1478 560 requiritur
1494 514 1536 548 ad
1552 523 1673 548 actum
1689 514 1756 548 vir-

195 567 280 601 tutis
294 568 530 609 meritorium,
546 579 656 613 quam
671 568 713 601 ad
729 568 945 602 demeritum
960 569 1098 614 culpae,
1114 569 1196 614 quia
1210 568 1347 602 bonum
1363 576 1416 602 est
1430 579 1471 602 ex
1485 569 1624 613 integra
1636 578 1754 610 causa,

198 621 335 654 malurn
358 629 479 655 autem
502 632 542 655 ex
564 621 714 667 singulis
736 621 951 664 defectibus3
974 630 1009 656 et
1029 622 1110 656 ideo
1135 623 1178 656 ad
1198 622 1353 668 justitiae
1377 621 1545 656 meritum
1567 621 1757 667 requiritur

199 682 309 717 actus,
332 686 407 709 non
429 683 550 709 autem
573 675 616 709 ad
639 675 886 709 omissionem.

742 824 1086 870 ARTICULUS
1121 825 1197 868 IV.
1687 845 1757 878 424

462 944 615 974 UTRUM
648 945 886 974 PECCATUM
913 944 1159 974 OMISSIONIS
1193 944 1260 973 SIT
1293 942 1493 981 GRAVIUS,

563 1010 687 1046 QUAM
719 1010 955 1040 PECCATUM
987 1008 1390 1039 TRANSGRESSIONIS.

618 1108 1343 1154 (vsrzl.q.20.·.mt1.ad4.eta1t.9.c07p.).

272 1211 331 1245 AD
355 1221 542 1250 QUARTUM
565 1211 615 1244 sic
638 1211 854 1256 proceditur.
876 1210 1038 1252 Videtur,
1061 1209 1156 1255 quod
1179 1216 1368 1256 peccatum
1392 1208 1598 1243 omissionis
1620 1208 1664 1242 sit
1685 1219 1762 1254 gra-

200 1266 290 1306 vius,
313 1276 421 1310 quam
443 1272 635 1309 peccatum
656 1264 968 1309 transgressionis:
991 1263 1163 1297 delictum
1182 1263 1279 1296 enim
1296 1262 1436 1296 videtur
1452 1262 1548 1296 idem
1569 1273 1645 1296 esse
1663 1262 1760 1308 quod

202 1318 409 1358 derdictzmm
433 1326 467 1352 et
488 1318 538 1351 sic
561 1329 623 1364 per
646 1329 871 1363 consequens
893 1317 1032 1351 videtur
1053 1317 1149 1350 idem
1172 1327 1249 1350 esse
1271 1316 1477 1350 omissioni:
1506 1315 1567 1350 sed
1589 1315 1760 1350 delictum

203 1380 255 1406 cst
276 1372 431 1417 gravius,
454 1383 562 1417 quam
579 1379 767 1417 peccatum
782 1370 1094 1416 transgressionis;
1110 1369 1192 1415 quia
1207 1369 1338 1413 majori
1351 1369 1552 1415 expiatione
1566 1369 1760 1415 indigebat,

204 1433 242 1459 ut
262 1433 359 1471 patet
380 1425 493 1458 Levit.
521 1435 567 1469 5.;
592 1435 679 1469 ergo
701 1432 891 1470 peccatum
914 1423 1120 1457 omissionis
1155 1431 1208 1456 est
1240 1422 1395 1468 gravius,
1428 1433 1537 1468 quam
1570 1430 1761 1468 peccatum

202 1478 506 1524 transgressionis.

275 1542 305 1565 2.
328 1532 564 1566 PRAETEREA.
587 1531 718 1576 Maiori
738 1530 836 1564 bono
858 1531 974 1575 majus
995 1528 1134 1564 malum
1153 1528 1358 1575 opponitur,
1376 1536 1414 1563 ut
1431 1536 1528 1574 patet
1545 1539 1608 1574 per
1624 1527 1760 1562 Philos.

203 1585 238 1619 in
261 1585 292 1619 8.
315 1585 430 1619 Ethic.
452 1586 538 1631 (cap.
560 1596 611 1619 10.
633 1585 713 1618 circ.
730 1583 872 1630 princ.):
895 1584 957 1617 sed
972 1584 1084 1629 facere
1101 1584 1232 1624 bonum,
1249 1583 1305 1616 cui
1321 1582 1514 1628 opponitur
1529 1579 1763 1624 omissio,'est

202 1638 359 1672 nobilior
388 1649 468 1684 pars
498 1638 665 1683 justitiae,
688 1649 797 1683 quam
819 1637 983 1671 declinare
1004 1648 1023 1671 a
1046 1636 1144 1678 malo,
1170 1636 1227 1670 cui
1246 1636 1440 1681 opponitur
1456 1635 1706 1680 transgressio,
1725 1642 1763 1668 ut

204 1703 245 1726 ex
267 1692 478 1737 supradictis
500 1699 597 1737 patet
618 1691 699 1736 (art.
717 1703 745 1726 r.
767 1692 835 1736 huj.
858 1703 888 1736 q.
910 1690 951 1724 ad
968 1690 1029 1736 3.);
1053 1701 1140 1736 ergo
1163 1689 1314 1723 omissio
1329 1697 1382 1723 est
1399 1689 1542 1735 gravius
1560 1696 1762 1735 peccatum,

203 1757 311 1791 quam
333 1745 581 1790 transgressio.

278 1810 306 1844 3.
326 1799 562 1833 PRAETEREA.
584 1798 781 1832 Peccatum
795 1797 1088 1844 transgressionis
1103 1804 1220 1843 potest
1235 1807 1312 1830 esse
1331 1804 1365 1830 et
1378 1795 1530 1837 veniale,
1546 1803 1580 1830 et
1593 1794 1762 1830 mortale:

203 1852 265 1886 sed
288 1861 478 1898 peccatum
501 1851 708 1886 omissionis
729 1851 869 1885 videtur
891 1862 967 1885 esse
990 1862 1133 1897 semper
1154 1849 1326 1892 mortale3
1349 1850 1433 1896 quia
1455 1849 1648 1895 opponitur
1667 1859 1765 1896 prae-

205 1914 310 1950 cepto
333 1905 569 1948 affirmativog
593 1916 679 1951 ergo
702 1905 853 1939 omissio
881 1905 1021 1939 videtur
1056 1915 1133 1938 esse
1167 1904 1310 1950 gravius
1342 1911 1546 1949 peccatum,
1580 1914 1689 1949 quam
1721 1902 1766 1936 sit

203 1959 452 2004 transgressio.

275 2022 307 2054 4.
330 2012 565 2047 PRAETEREA.
588 2013 708 2058 Major
729 2023 847 2058 poena
869 2019 922 2046 est
942 2022 1059 2057 poena
1088 2011 1221 2052 damni,
1255 2009 1394 2044 scilicet
1427 2009 1586 2043 carentia
1616 2008 1765 2043 visionis

206 2066 358 2108 divinae,
381 2077 471 2111 quae
495 2066 642 2100 debetur
663 2074 814 2112 peccato
839 2065 1057 2106 omissionis,
1080 2075 1188 2109 quam
1210 2074 1327 2109 poena
1349 2074 1486 2104 sensus,
1506 2073 1597 2108 quae
1616 2062 1765 2096 debetur

204 2126 354 2166 peccato
376 2119 683 2164 transgressionis,
705 2126 742 2153 ut
764 2126 861 2164 patet
882 2129 944 2164 per
967 2117 1156 2163 Clirysost.
1191 2127 1298 2162 super
1320 2116 1447 2150 Matth.
1469 2116 1572 2160 (hom.
1594 2116 1681 2161 24.):
1703 2114 1765 2150 sed

206 2183 324 2218 poena
345 2173 639 2218 proportionatur
662 2171 810 2218 culpae3
834 2182 921 2216 ergo
944 2171 1087 2217 gravius
1109 2178 1162 2204 est
1183 2177 1374 2216 peccatum
1405 2169 1623 2211 omissionis,
1657 2179 1766 2214 quam

206 2225 511 2270 transgressionis.

280 2280 353 2313 SED
377 2289 531 2313 CONTRA
554 2287 617 2320 est,
639 2278 735 2324 quod
758 2277 898 2312 facilius
921 2285 974 2311 est
996 2276 1173 2311 abstinere
1197 2288 1215 2310 a
1238 2276 1336 2310 malo
1372 2275 1550 2317 faciendo,
1573 2286 1682 2321 quam
1703 2274 1767 2308 irn-

207 2333 304 2379 plere
325 2333 482 2374 bonum3
505 2343 591 2378 ergo
617 2332 761 2377 gravius
785 2339 921 2377 peccat,
945 2330 1004 2376 qui
1026 2341 1098 2363 non
1122 2330 1274 2364 abstinet
1296 2341 1314 2364 a
1336 2328 1433 2364 malo
1457 2328 1636 2372 faciendo,
1670 2327 1766 2374 quod

208 2395 260 2421 est
282 2385 476 2431 transgredi,
500 2397 608 2431 quam
631 2385 692 2430 qui
712 2396 785 2418 non
808 2384 932 2430 implet
953 2384 1101 2426 bonum,
1124 2385 1220 2429 quod
1243 2391 1295 2418 est
1317 2385 1472 2418 omittere.

279 2440 507 2474 RESPONDEO
530 2438 734 2479 dicendum,
758 2439 852 2484 quod
876 2445 1064 2483 peccatum
1086 2437 1264 2471 intantum
1288 2445 1340 2471 est
1361 2447 1480 2482 grave,
1506 2436 1721 2496 inquantum
1748 2445 1767 2468 a

207 2494 336 2527 virtute
359 2493 482 2527 distat:
507 2492 700 2526 contrariet
704 2503 740 2525 1s
763 2499 884 2525 autem
907 2499 959 2524 est
981 2492 1139 2523 maxima
1158 2490 1335 2531 distantia,
1351 2498 1388 2524 ut
1407 2489 1561 2523 dicitur
1553 2501 1588 2523 in
1611 2499 1662 2523 10.
1680 2488 1766 2522 Met.

211 2548 287 2590 (tex.
310 2558 352 2592 13.
376 2551 404 2581 et
424 2547 507 2591 14.);
533 2545 627 2579 unde
650 2544 870 2578 contrarium
898 2544 1013 2587 magis
1048 2543 1153 2577 distat
1175 2555 1194 2577 a
1215 2555 1281 2577 suo
1317 2543 1510 2585 contrario,
1545 2553 1653 2588 quam
1687 2541 1768 2575 sim·

208 2600 289 2646 plcx
323 2600 397 2645 ejus
430 2599 596 2645 negatio:
633 2598 725 2632 sicut
758 2599 808 2641 ni
806 2610 890 2631 rum
924 2580 1003 2643 plus
1026 2597 1131 2631 distat
1153 2597 1194 2630 ab
1219 2597 1311 2640 albo,
1334 2608 1442 2642 quam
1464 2595 1674 2642 simpliciter
1703 2605 1768 2628 non

209 2654 342 2688 album:
363 2664 471 2687 omne
480 2627 591 2686 Denim
613 2652 755 2697 nigrum
780 2659 831 2684 ‘st
849 2661 921 2684 non
946 2650 1161 2691 album,st
1184 2661 1257 2684 non
1281 2649 1510 2684 convertitur.
1534 2647 1767 2682 Manifestum

211 2715 263 2741 est
285 2714 416 2747 autem,
440 2707 536 2751 quod
558 2705 794 2749 transgressio
817 2704 1054 2738 contrariatur
1077 2703 1171 2737 actui
1192 2703 1349 2737 virtutis:
1381 2702 1529 2737 omissio
1561 2709 1681 2735 autem
1705 2701 1769 2734 im-

211 2768 329 2806 portat
350 2761 584 2805 negationem
607 2759 734 2805 ipsius:
757 2766 841 2804 puta
862 2765 1052 2803 peccatum
1076 2757 1282 2791 omissionis
1305 2765 1368 2798 est,
1390 2756 1419 2790 si
1441 2756 1518 2801 quis
1541 2755 1698 2789 debitam
1719 2765 1769 2788 re-

211 2813 410 2847 verentiam
432 2813 637 2859 parentibus
659 2823 732 2846 non
755 2811 938 2845 exhibeat:
961 2818 1152 2856 peccatum
1175 2818 1295 2844 autem
1316 2809 1621 2855 transgressionis,
1640 2810 1668 2842 si
1687 2818 1769 2841 con-

211 2867 411 2909 tumeliam,
433 2866 492 2901 vel
513 2876 780 2912 quamcumque
802 2864 970 2910 injuriam
993 2864 1042 2899 eis
1064 2863 1210 2906 inferat3
1233 2862 1326 2897 unde
1348 2862 1579 2897 manifestum
1595 2869 1657 2903 est,
1672 2859 1766 2907 quod

1835 2055 1859 2074 ,1

1836 2087 1857 2175 ⁴³

1840 2174 1859 2189 'd

1846 2193 1853 2204 Α

1835 2210 1853 2229 -Ὗ
