1859 3122
457 207 674 244 QUAESTIO
707 207 857 238 XXXIII.
892 208 1136 238 ARTICULUS
1169 209 1229 238 111.
1535 211 1619 254 277

137 298 168 322 2.
190 288 425 323 PRAETEREA.
456 288 625 323 Fraterna
659 289 835 323 correctio
863 298 916 323 est
942 290 1120 335 quaedam
1147 290 1382 337 eleemosyna
1408 291 1620 338 spiritualis:

65 342 126 376 scd
148 342 377 388 corporalem
400 341 671 388 eleemosynam
690 341 808 376 facere
830 343 982 389 pertinet
1005 343 1048 376 ad
1067 355 1141 386 eos,
1163 344 1223 390 qui
1250 353 1331 378 sunt
1357 346 1559 390 superiores
1586 347 1621 380 in

64 395 335 441 temporalibus,
357 395 495 430 scilicet
517 396 559 430 ad
578 396 742 438 ditiores,
765 407 851 442 ergo
875 404 909 430 et
929 395 1084 430 fraterna
1107 398 1284 432 correctio
1307 399 1460 444 pertinet
1481 399 1524 433 ad
1547 411 1622 442 eos,

64 448 125 495 qui
146 457 228 482 sunt
249 449 451 495 superiores
472 449 508 482 in
530 449 782 495 spiritualibus,
805 449 943 483 scilicet
964 450 1008 484 ad
1030 449 1226 484 Praelatos.

139 513 167 547 3.
190 502 424 537 PRAE'rssnffl.
451 502 515 536 Ille
543 503 602 548 qui
629 503 776 548 corripit
802 502 924 545 alium,
951 512 1075 538 movet
1097 515 1180 538 eum
1207 516 1269 538 sua
1297 505 1545 540 admonitione
1579 506 1622 540 ad

66 555 210 598 melius;
226 556 286 589 sed
302 557 336 590 in
352 557 455 590 rebus
474 556 692 590 naturalibus
709 555 877 590 inferiora
892 565 1084 590 moventur
1099 569 1117 590 a
1134 558 1394 602 superioribus:
1411 571 1499 605 ergo
1515 560 1622 594 etiam

65 609 263 643 secundum
286 610 450 644 ordinem
472 610 621 651 virtutis,
643 610 702 656 qui
725 610 883 656 sequitur
905 611 1069 644 ordinem
1088 620 1248 653 naturae,
1264 612 1306 646 ad
1322 612 1420 647 solos
1439 613 1624 648 Praelatos

65 662 217 709 pertinet
237 662 424 698 inferiores
446 663 637 709 corrigere.
1015 678 1017 681 ⁴

137 715 211 750 SED
240 727 394 751 CONTRA
425 724 488 758 est,
516 716 611 763 quod
639 717 767 751 dicitur
794 727 849 759 24.
877 728 909 763 q.
940 729 968 763 3.
1004 718 1094 764 (cap.
1126 719 1214 762 14.):
1252 718 1379 753 «Tam
1407 721 1624 763 sacerdotes,

66 780 174 815 quam
202 769 327 815 reliqui
354 769 476 804 fideles
504 781 630 804 omnes
653 782 835 815 summam
863 771 992 805 debent
1017 771 1150 805 habere
1178 783 1300 806 curam
1329 774 1371 807 de
1399 774 1465 815 liis,
1488 775 1548 820 qui
1570 786 1627 821 pe-

66 831 186 865 reunt3
209 831 384 869 quatenus
406 835 532 857 eorum
550 824 804 869 redargutione
824 832 883 858 aut
902 825 1128 870 corrigantur
1149 837 1168 858 a
1190 826 1358 871 peccatis,
1381 836 1441 861 aut
1463 827 1492 861 si
1513 829 1627 863 incor-

66 876 223 921 rigibiles
246 886 449 923 appareant,
473 877 514 911 ab
537 877 698 912 Ecclesia
720 886 975 924 separentur».

137 930 366 964 3133ΡοΝοΕο
389 931 592 973 dicendum,
616 931 723 977 quod,
750 931 841 965 sicut
862 931 997 965 dictum
1026 940 1079 966 est
1100 932 1182 977 (art.
1209 945 1235 968 r.
1258 933 1326 978 lmj.
1350 934 1410 979 q),
1433 933 1554 981 duplex
1575 943 1628 968 est

67 984 258 1017 correctio.
291 985 364 1018 Una
385 984 543 1030 quidem,
566 996 656 1030 quae
680 993 731 1018 est
764 993 863 1019 actus
886 985 1080 1027 charitatis,
1108 997 1199 1031 quae
1226 986 1428 1032 specialiter
1449 988 1562 1021 tendit
1584 988 1627 1021 ad

67 1037 361 1071 emendationem
382 1036 498 1071 fratris
512 1037 751 1084 delinquentis
771 1050 833 1084 per
850 1038 1053 1084 simplicem
1073 1039 1378 1074 admonitionem:
1403 1049 1436 1075 et
1454 1040 1534 1075 talis
1554 1052 1629 1075 cor-

67 1089 179 1123 rectio
213 1090 365 1136 pertinet
398 1090 441 1124 ad
475 1091 672 1137 quemlibet
699 1091 911 1125 charitatem
940 1092 1146 1134 habentem,
1173 1093 1247 1126 sive
1278 1094 1323 1127 sit
1355 1094 1526 1136 subditus,
1553 1094 1628 1128 sive

67 1142 263 1177 praelatus.
287 1143 348 1178 Est
370 1152 490 1178 autem
509 1145 583 1179 talis
605 1145 795 1186 correctio,
815 1156 906 1191 quae
926 1153 978 1179 est
997 1153 1096 1180 actus
1113 1146 1288 1191 justitiae3
1309 1158 1371 1193 per
1391 1159 1499 1194 quam
1518 1148 1630 1181 inten-

67 1196 162 1230 ditur
182 1197 319 1230 bonum
342 1208 549 1239 commune,
571 1197 668 1244 quod
689 1209 764 1232 non
785 1207 998 1244 procuratur
1019 1210 1081 1245 per
1103 1199 1390 1235 admonitionem
1412 1200 1540 1243 fratris,
1567 1201 1629 1235 sed

68 1250 177 1283 etiam
199 1250 379 1284 interdum
401 1262 463 1297 per
483 1251 722 1297 punitionem,
741 1259 778 1285 ut
797 1251 858 1285 alii
879 1264 899 1286 a
920 1260 1071 1298 peccato
1093 1253 1260 1287 timentes
1283 1254 1470 1288 desistant:
1495 1263 1529 1289 et
1548 1254 1630 1289 talis

69 1304 246 1338 correctio
268 1305 421 1350 pertinet
450 1305 494 1338 ad
516 1304 615 1339 solos
636 1305 834 1347 Praelatos,
857 1306 917 1352 qui
943 1317 1017 1340 non
1039 1305 1158 1340 solum
1181 1307 1316 1341 habent
1337 1307 1546 1350 admonere,
1567 1308 1629 1343 sed

69 1357 179 1392 etiarn
201 1358 381 1404 corrigere
403 1359 597 1404 puniendo.

140 1411 200 1446 AD
221 1422 370 1446 PRIMUM
392 1423 478 1458 ergo
501 1412 706 1454 dicendum,
729 1412 825 1458 quod
848 1413 957 1447 etiarn
978 1413 1015 1447 in
1037 1413 1264 1448 correctione
1285 1414 1452 1457 fraterna,
1475 1426 1567 1461 quae
1585 1415 1629 1449 ad

71 1475 198 1498 omnes
224 1465 387 1511 pertinet,
410 1465 554 1511 gravior
575 1474 628 1500 est
645 1477 729 1499 cura
748 1466 1010 1508 Praelatorum,
1030 1475 1067 1500 ut
1085 1467 1171 1501 dicit
1189 1467 1341 1513 August.
1361 1468 1397 1501 in
1416 1479 1441 1503 1.
1459 1468 1502 1502 de
1522 1468 1629 1503 Civit.

70 1518 140 1552 Dei
161 1518 252 1565 (cap.
274 1520 346 1564 9.).·
369 1519 460 1553 sicut
481 1519 577 1552 enim
598 1519 813 1565 temporalia
838 1519 1012 1553 beneficia
1038 1520 1157 1566 potius
1184 1520 1288 1554 debet
1314 1520 1631 1567 aliquisexhibere

71 1570 153 1612 illis,
175 1582 329 1617 quorum
352 1583 475 1605 curam
497 1572 738 1618 temporalem
759 1572 886 1607 habet:
908 1573 956 1606 ita
976 1573 1083 1607 etiam
1106 1574 1279 1608 beneficia
1300 1575 1507 1620 spiritualia,
1526 1583 1630 1621 puta:

73 1625 350 1667 correctionem,
377 1625 590 1668 doctrinam,
619 1634 653 1660 et
679 1625 747 1659 alia
773 1626 993 1671 hujusmodi,
1016 1627 1132 1672 magis
1155 1628 1260 1662 debet
1281 1628 1446 1662 exhibere
1468 1628 1549 1670 illis,
1571 1629 1632 1674 qui

71 1685 153 1712 sunt
173 1689 258 1711 suae
280 1678 455 1724 spirituali
481 1690 587 1713 curae
609 1680 812 1721 commissi,
839 1691 913 1713 non
940 1691 1026 1725 ergo
1053 1681 1204 1714 intendit
1229 1681 1474 1727 Hieronymus
1501 1682 1631 1723 dicere,

72 1731 167 1776 quod
191 1731 234 1764 ad
256 1731 354 1765 solos
378 1732 592 1766 Sacerdotes
614 1733 789 1778 pertineat
810 1740 1043 1779 praeceptum
1066 1733 1109 1767 de
1132 1735 1356 1768 correctione
1377 1734 1543 1777 fraterna,
1569 1735 1631 1769 sed

72 1784 168 1830 quod
191 1785 234 1818 ad
255 1785 323 1818 hos
345 1785 548 1830 specialiter
568 1786 732 1831 pertinet.

142 1838 202 1871 AD
224 1848 429 1872 SECUNDUM
448 1839 653 1881 dicendum,
676 1840 770 1885 quod
794 1839 886 1873 sicut
902 1839 962 1873 ille
981 1840 1041 1885 qui
1059 1840 1167 1874 habet
1185 1841 1279 1875 unde
1299 1842 1535 1888 corporaliter
1556 1842 1633 1876 sub-

71 1891 194 1925 venire
215 1892 337 1937 possit,
360 1900 535 1937 quantum
565 1893 608 1926 ad
635 1893 705 1926 hoc
736 1893 834 1927 dives
865 1902 935 1927 est:
966 1894 1014 1928 ita
1041 1893 1100 1927 ille
1123 1895 1183 1940 qui
1204 1895 1312 1929 habet
1333 1907 1461 1929 sanum
1484 1896 1631 1930 rationis

71 1944 256 1990 judicium,
279 1956 320 1978 ex
342 1957 412 1991 quo
435 1946 548 1991 possit
575 1945 718 1980 alterius
741 1946 912 1981 delictum
936 1948 1127 1993 corrigere,
1150 1957 1325 1993 quantum
1348 1950 1389 1982 ad
1413 1949 1483 1983 hoc
1507 1957 1557 1983 est
1579 1961 1633 1983 su-

72 1997 191 2043 perior
211 1998 408 2032 habendus.

144 2052 204 2085 AD
226 2061 397 2086 TERTIUM
419 2052 624 2094 dicendum,
643 2053 740 2099 quod
760 2053 869 2087 etiam
887 2054 924 2087 in
943 2054 1046 2088 rebus
1068 2055 1289 2090 naturalibus
1308 2056 1485 2101 quaedam
1505 2064 1631 2090 mutuo

73 2105 109 2138 in
130 2115 168 2138 se
191 2113 317 2150 agunt:
341 2105 423 2150 quia
445 2114 619 2151 quantum
643 2106 686 2139 ad
709 2105 842 2152 aliquid
864 2115 945 2140 sunt
967 2118 1004 2141 se
1026 2107 1181 2141 invicem
1209 2109 1412 2154 superiora,
1440 2118 1545 2155 prout
1571 2111 1634 2144 sci-

73 2157 158 2191 licet
178 2166 368 2204 utrumque
384 2167 437 2193 est
451 2159 725 2205 quodammodo
744 2161 779 2193 in
798 2160 970 2205 potentia,
985 2168 1020 2194 et
1033 2161 1307 2206 quodammodo
1322 2163 1357 2195 in
1375 2171 1454 2196 actu
1470 2171 1632 2209 respectu

75 2210 238 2254 alterius,
257 2220 291 2245 et
309 2211 472 2246 similiter
490 2212 616 2258 aliquis
634 2213 848 2259 inquantum
866 2213 974 2247 habet
991 2225 1120 2247 sanum
1138 2215 1286 2249 rationis
1304 2215 1477 2260 judicium
1495 2216 1531 2249 in
1550 2216 1632 2257 hoc,

73 2264 110 2298 in
129 2276 200 2311 quo
223 2264 311 2299 alter
331 2265 516 2311 delinquit,
537 2273 656 2312 potest
669 2278 752 2300 eum
768 2267 968 2312 corrigere,
991 2267 1074 2302 licet
1087 2279 1161 2302 non
1176 2268 1221 2302 sit
1234 2268 1445 2314 simpliciter
1459 2269 1631 2314 superior.

641 2408 983 2453 ARTICULUS
1024 2410 1099 2453 IV.
1569 2423 1631 2470 198

210 2516 364 2546 UTRUM
397 2516 496 2551 QUIS
530 2517 762 2547 TENEATUR
795 2518 1038 2548 CORRIGERE
1072 2519 1332 2548 PRAELATUM
1367 2519 1496 2548 SUUM.

75 2603 124 2648 (4.
147 2604 233 2638 Dist.
256 2616 307 2650 19.
323 2616 352 2649 q.
367 2616 398 2638 2.
421 2609 483 2638 art.
506 2616 536 2638 2.
555 2609 583 2638 ct
611 2606 693 2640 Virt.
716 2618 745 2651 q.
763 2618 788 2651 3.
809 2611 873 2640 art.
893 2619 920 2640 I.
939 2612 969 2640 et
986 2607 1062 2640 Gal.
1085 2618 1116 2641 2.
1139 2607 1208 2641 lert.
1225 2619 1252 2652 3.
1268 2612 1295 2640 ct
1309 2607 1350 2640 llil
1367 2607 1437 2639 (jol.
1454 2613 1524 2652 cap.
1542 2606 1630 2651 ult).

146 2694 206 2727 AD
226 2703 405 2732 QUINTUM
429 2693 477 2726 sic
497 2694 712 2738 proceditur.
731 2693 892 2736 Videtur,
912 2696 1008 2741 quod
1029 2695 1155 2741 aliquis
1176 2706 1249 2728 non
1268 2702 1432 2728 teneatur
1453 2695 1632 2739 corrigere

77 2747 284 2781 Praelatum
313 2758 437 2780 suum:
467 2747 595 2781 dicitur
628 2748 724 2781 enim
754 2748 814 2782 Ex.
844 2759 915 2794 Ῑ9.;
938 2750 1055 2789 Bastia,
1080 2761 1160 2794 quiza
1179 2750 1315 2793 tetigerit
1336 2753 1486 2789 montem,
1510 2748 1635 2794 lapida-

78 2801 188 2841 bitm·;
213 2808 247 2834 et
268 2810 298 2833 2.
322 2800 463 2845 Regum
483 2799 514 2834 6.
535 2801 673 2842 dicitur,
696 2802 792 2846 quod
816 2801 894 2836 Oza
912 2813 1101 2847 percussus
1120 2809 1172 2834 est
1190 2812 1209 2834 a
1227 2800 1400 2842 Domino,
1419 2801 1501 2846 quia
1518 2801 1635 2846 tetigit

79 2865 219 2888 arcam:
241 2853 303 2887 sed
324 2864 385 2899 per
407 2862 582 2895 montem,
602 2862 637 2888 et
663 2865 784 2888 arcam
809 2855 1029 2900 significatur
1049 2854 1252 2895 Praelatus;
1276 2864 1361 2898 ergo
1384 2853 1539 2888 Praelati
1559 2865 1632 2888 non

78 2914 161 2940 sunt
181 2906 383 2951 corrigendi
406 2918 425 2940 a
447 2906 606 2941 subditis.

220 2987 249 3014 S.
269 2987 390 3014 Tuomst:
412 2988 516 3014 Summa
541 2987 700 3023 TheologIca.
722 2988 787 3014 Vol.
809 2988 862 3014 III.
1459 2997 1488 3022 19
