1859 3122
155 151 264 193 1008
558 165 775 199 QUAESTIO
810 165 921 195 CLIV.
955 167 1198 196 ARTICULUS
1232 168 1288 198 IX.

152 246 240 290 (cap.
259 245 311 278 16.
334 245 393 278 cir.
410 244 539 290 princ.)
553 257 562 279 :
585 258 602 276 «
622 245 847 280 Commixtio
866 257 1044 289 sororum,
1063 255 1097 281 et
1113 247 1262 281 fratrum
1282 257 1415 294 quanto
1433 249 1499 283 fuit
1516 248 1706 296 antiquior,

152 296 399 342 compellente
420 297 645 340 necessitate,
666 306 767 332 tanto
796 306 921 344 postea
950 299 1043 333 facta
1073 308 1126 334 est
1151 301 1401 344 damnabilior,
1428 303 1604 349 religione
1630 314 1708 349 pro-

150 349 295 383 hibente
317 363 348 383 )).

721 493 1070 537 ARTICULUS
1104 496 1159 538 X.
1641 519 1704 554 751

300 599 456 629 UTRUM
489 600 780 630 SACRILEGIUM
813 602 963 632 POSSIT
996 604 1095 632 ESSE
1128 604 1296 633 SPECIES
1330 605 1560 635 LUXURIAE.

413 687 525 733 (Supr.
552 693 615 722 art.
639 701 665 723 1.
688 688 730 722 ad
747 701 774 735 3.
797 694 824 723 et
844 701 877 733 4.
899 690 988 724 Dist.
1011 702 1061 734 41.
1084 696 1145 725 art.
1167 703 1200 735 4.
1222 703 1252 737 q.
1274 704 1305 728 2.
1325 692 1366 726 ad
1384 693 1442 738 7.).

221 776 280 809 AD
308 786 488 810 DECIMUM
510 775 560 809 sic
583 777 798 822 proceditur.
820 777 982 820 Videtur,
1011 780 1106 824 quod
1134 779 1365 825 sacrilegium
1393 792 1468 814 non
1496 781 1609 826 possit
1633 791 1711 815 esse

151 829 288 875 species
311 829 491 863 luxuriae:
515 830 645 864 eadem
668 832 765 864 enim
787 831 923 876 species
944 843 1018 865 non
1044 833 1223 866 invenitur
1251 833 1314 866 sub
1345 834 1492 868 diversis
1522 833 1711 878 generibus

150 893 225 916 non
247 882 521 916 subalternatim
543 883 686 928 positis:
706 884 767 918 sed
785 884 1016 929 sacrilegium
1035 894 1088 919 est
1100 886 1237 931 species
1252 886 1535 932 irreligiositatis,
1554 894 1592 920 ut
1604 898 1712 933 supra

151 936 288 970 dictum
311 944 364 970 est
385 936 432 981 (q.
453 936 548 982 99.);
574 948 661 982 ergo
684 937 915 983 sacrilegium
934 949 1007 972 non
1030 939 1134 973 debet
1154 939 1241 985 poni
1261 940 1396 985 species
1418 939 1589 974 luxuriae.

224 1000 254 1022 2.
278 989 518 1023 PRAETEREA.
541 990 580 1023 In
602 990 746 1024 Decret.
772 990 824 1036 36.
847 1003 878 1037 q.
902 1002 929 1025 1.
949 992 1001 1037 (in
1019 993 1156 1038 append.
1180 993 1275 1027 Grat.
1298 993 1340 1026 ad
1361 999 1431 1039 cap.
1449 1006 1458 1027 .·
1476 994 1545 1027 Lex
1566 993 1640 1037 illa)
1661 1004 1712 1027 sa-

153 1042 344 1088 crilegium
367 1054 441 1076 non
464 1043 608 1088 ponitur
628 1043 719 1078 inter
741 1044 821 1086 alia,
844 1056 934 1090 quae
957 1054 1139 1091 ponuntur
1170 1046 1308 1092 species
1337 1045 1516 1089 luxuriae3
1547 1057 1633 1092 ergo
1663 1046 1712 1080 vi-

150 1096 263 1137 detur,
291 1096 389 1141 quod
414 1107 489 1130 non
515 1096 559 1130 sit
584 1097 742 1131 luxuriae
769 1098 918 1143 species.

226 1160 254 1194 3.
279 1149 518 1183 PRAETEREA.
542 1150 643 1184 Sicut
663 1162 726 1196 per
747 1150 924 1185 luxuriam
947 1152 1123 1197 contingit
1144 1153 1276 1198 aliquid
1298 1153 1374 1187 fieri
1400 1161 1524 1187 contra
1552 1152 1712 1198 aliquam

154 1213 231 1236 rem
254 1214 408 1244 sacram,
429 1203 478 1236 ita
500 1203 608 1236 etiam
622 1214 684 1249 per
700 1204 766 1237 alia
782 1204 953 1238 vitiorum
972 1216 1121 1250 genera:
1142 1206 1203 1240 sed
1222 1206 1452 1251 sacrilegium
1473 1218 1546 1240 non
1568 1206 1713 1252 ponitur

154 1256 294 1301 species
318 1255 436 1301 gulae,
455 1264 516 1290 aut
533 1256 677 1290 alterius
692 1257 901 1301 hujusmodi
914 1258 1008 1301 vitii3
1031 1270 1117 1304 ergo
1136 1260 1245 1293 etiam
1258 1270 1331 1293 non
1346 1260 1450 1294 debet
1470 1260 1557 1305 poni
1575 1260 1712 1304 species

149 1308 320 1343 luxuriae.

225 1362 299 1396 SED
325 1373 480 1396 CONTRA
506 1371 568 1404 est,
597 1363 693 1408 quod
720 1364 873 1408 August.
900 1364 986 1397 dicit
1019 1375 1070 1409 15.
1099 1365 1142 1399 de
1171 1365 1250 1399 Civ,
1278 1366 1346 1399 Dei
1376 1366 1465 1412 (cap.
1495 1365 1580 1412 16),
1615 1365 1712 1411 quod

154 1428 171 1446 «
195 1415 223 1449 si
245 1416 410 1460 iniquum
433 1424 485 1449 est
507 1416 674 1450 aviditate
693 1417 901 1462 possidendi
917 1418 1119 1462 transgredi
1136 1417 1289 1451 limitem
1307 1430 1487 1464 agrorum,
1506 1426 1640 1464 quanto
1661 1426 1714 1453 est

151 1468 308 1514 iniquius
340 1468 487 1502 libidine
510 1470 776 1503 concumbendi
796 1470 1001 1504 subvertere
1022 1471 1175 1505 limitem
1197 1472 1393 1505 morum?»
1408 1484 1414 1505 :
1430 1472 1492 1506 sed
1513 1471 1713 1517 transgredi

154 1522 307 1555 limitem
332 1533 502 1567 agrorum
525 1523 561 1556 in
582 1523 687 1556 rebus
710 1523 818 1557 sacris
842 1531 895 1557 est
921 1532 1108 1569 peccatum
1138 1524 1333 1571 sacrilegii3
1362 1536 1447 1570 ergo
1474 1525 1551 1570 pari
1576 1525 1713 1559 ratione

153 1575 360 1609 subvertere
383 1575 538 1610 limitem
559 1587 706 1610 morum
728 1577 874 1610 libidine
897 1577 1163 1611 concumbendi
1184 1579 1218 1611 in
1240 1579 1343 1612 rebus
1370 1579 1479 1613 sacris
1500 1578 1585 1613 facit
1609 1578 1715 1612 sacri-

151 1628 239 1674 legii
260 1629 411 1662 vitium:
432 1630 494 1663 sed
516 1629 627 1663 libido
650 1630 915 1664 concumbendi
933 1631 1085 1676 pertinet
1104 1631 1146 1665 ad
1164 1631 1358 1674 luxuriam3
1378 1643 1465 1676 ergo
1484 1631 1714 1678 sacrilegium

152 1690 204 1716 est
230 1682 390 1716 luxuriae
418 1683 566 1727 species.

223 1728 454 1770 RES'PONDEO
478 1736 685 1778 dicendum,
708 1737 816 1782 quod,
839 1737 930 1771 sicut
951 1749 1057 1784 supra
1080 1739 1213 1772 dictum
1237 1747 1290 1773 est
1312 1737 1453 1786 (implic.
1472 1751 1501 1785 q.
1524 1751 1579 1785 99.
1601 1744 1667 1773 art.
1686 1751 1713 1774 Ι.

151 1794 181 1823 et
206 1794 269 1823 art.
290 1801 321 1824 2.
345 1789 387 1823 ad
412 1801 442 1824 2.
467 1794 494 1823 et
515 1801 576 1824 1—2.
600 1802 630 1835 q.
648 1791 697 1825 18.
718 1796 783 1825 art.
809 1791 888 1836 17),
921 1799 1020 1825 actus
1043 1792 1146 1826 unius
1167 1792 1318 1834 virtutis,
1339 1792 1398 1826 vel
1425 1792 1501 1826 vitii
1530 1792 1714 1826 ordinatus

153 1843 196 1876 ad
224 1842 335 1876 finem
365 1842 522 1884 alterius,
545 1843 695 1876 assumit
715 1843 873 1889 speciem
897 1844 1009 1886 illius,
1037 1845 1128 1878 sicut
1153 1845 1298 1887 furtum,
1326 1846 1421 1891 quod
1448 1854 1593 1891 propter
1619 1844 1715 1879 adul-

151 1896 282 1930 terium
307 1896 558 1937 committitur,
580 1897 706 1930 transit
723 1897 758 1930 in
777 1898 935 1942 speciem
957 1897 1137 1932 adulterii:
1161 1898 1391 1932 manifestum
1412 1907 1464 1932 est
1482 1907 1601 1932 autem
1617 1898 1713 1944 quod

153 1950 357 1983 observatio
382 1950 565 1991 castitatis,
588 1950 786 1984 secundum
815 1951 910 1996 quod
938 1951 1123 1985 ordinatur
1149 1952 1191 1985 ad
1220 1951 1355 1985 cultum
1377 1952 1457 1993 Dei,
1479 1951 1517 1985 fit
1538 1959 1638 1985 actus
1664 1962 1715 1985 re—

153 2002 311 2048 ligionis,
334 2010 370 2036 ut
392 2011 489 2048 patet
510 2003 546 2036 in
568 2002 637 2036 illis
660 2004 718 2048 qui
740 2012 885 2045 vovent,
908 2012 942 2038 et
963 2013 1106 2038 servant
1122 2005 1375 2050 virginitatem,
1395 2013 1433 2039 ut
1450 2012 1547 2050 patet
1564 2016 1626 2050 per
1643 2005 1715 2038 Au-

155 2056 340 2101 gustinum
363 2056 398 2088 in
421 2056 480 2090 lib.
504 2057 547 2090 de
568 2055 735 2101 Virginit.
759 2058 848 2104 (cap.
871 2058 943 2103 S.);
966 2058 1060 2091 unde
1082 2057 1313 2092 manifestum
1336 2065 1397 2099 est,
1420 2058 1516 2104 quod
1538 2058 1648 2092 etiam
1665 2057 1715 2092 lu-

152 2109 265 2150 xuria,
287 2109 490 2142 secundum
512 2110 608 2155 quod
630 2109 743 2144 violat
764 2110 896 2156 aliquid
925 2111 968 2144 ad
994 2111 1155 2145 divinum
1183 2112 1319 2145 cultum
1345 2113 1536 2158 pertinens,
1561 2111 1715 2157 pertinet

154 2162 198 2196 ad
229 2162 388 2208 speciem
419 2162 616 2208 sacrilegii3
651 2171 685 2196 et
718 2164 918 2198 secundum
951 2165 1023 2198 hoc
1057 2164 1287 2211 sacrilegium
1319 2173 1438 2211 potest
1462 2165 1549 2211 poni
1578 2164 1714 2210 species

152 2216 323 2249 luxuriae.

224 2270 283 2303 AD
317 2280 467 2304 PRIMUM
497 2280 584 2315 ergo
607 2269 811 2311 dicendum,
834 2271 930 2316 quod
951 2271 1100 2314 luxuria,
1122 2271 1320 2306 secundum
1342 2271 1438 2317 quod
1465 2271 1649 2304 ordinatur
1670 2269 1714 2304 ad

154 2322 265 2356 finem
290 2322 433 2356 alterius
455 2323 542 2364 vitii,
566 2321 718 2356 efficitur
738 2323 833 2357 illius
854 2325 931 2357 vitii
951 2325 1108 2370 species;
1131 2333 1165 2359 et
1186 2325 1236 2359 sic
1259 2324 1377 2371 aliqua
1395 2324 1556 2358 luxuriae
1577 2324 1714 2369 species

159 2384 277 2422 potest
299 2377 408 2410 etiam
431 2387 508 2410 esse
530 2376 668 2422 species
690 2376 975 2422 irreligiositatis,
997 2378 1090 2412 sicut
1110 2380 1298 2424 cujusdam
1319 2378 1512 2424 superioris
1539 2377 1689 2423 generis.

225 2429 285 2463 AD
310 2440 517 2464 SECUNDUM
540 2429 745 2471 dicendum,
775 2431 870 2475 quod
898 2431 945 2464 ibi
972 2440 1226 2465 enumerantur
1252 2431 1324 2473 illa,
1352 2442 1442 2477 quae
1469 2439 1551 2465 sunt
1576 2430 1714 2476 species

156 2481 317 2516 luxuriae
340 2482 540 2516 secundum
559 2483 690 2529 seipsa:
710 2483 939 2528 sacrilegium
958 2492 1077 2518 autem
1097 2492 1149 2519 est
1166 2485 1303 2530 species
1322 2484 1493 2526 luxuriae,
1515 2483 1715 2518 secundum

157 2536 254 2580 quod
278 2536 464 2569 ordinatur
487 2536 529 2569 ad
553 2535 698 2570 alterius
719 2536 794 2570 vitii
816 2536 943 2578 fine1n3
966 2546 1000 2571 et
1021 2545 1138 2583 potest
1161 2549 1374 2571 concurrere
1397 2549 1478 2571 cum
1498 2537 1645 2571 diversis
1665 2535 1716 2570 lu-

156 2589 278 2622 xuriae
300 2589 507 2635 speciebus:
530 2589 559 2623 si
581 2590 678 2623 enim
700 2589 826 2635 aliquis
850 2590 1014 2623 abutatur
1035 2602 1187 2636 persona
1210 2592 1402 2635 conjuncta
1424 2589 1491 2624 sibi
1515 2589 1715 2624 secundum

158 2642 379 2686 spiritualem
397 2643 667 2688 cognationem,
683 2643 878 2676 committit
892 2643 1120 2689 sacrilegium
1136 2644 1178 2677 ad
1194 2644 1345 2677 modum
1360 2644 1516 2677 incestus
1529 2656 1535 2677 z
1550 2643 1580 2676 si
1593 2650 1713 2676 autem

157 2696 321 2729 abutatur
343 2696 481 2741 virgine
503 2697 584 2730 Deo
606 2704 757 2737 sacrata,
778 2696 990 2741 inquantum
1015 2705 1067 2731 est
1087 2708 1219 2742 sponsa
1243 2697 1388 2738 Christi,
1411 2704 1464 2731 est
1484 2695 1713 2741 sacrilegium

158 2759 219 2792 per
241 2749 392 2782 modum
416 2748 598 2782 adulterii:
622 2749 834 2795 inquantum
860 2760 946 2783 vero
975 2758 1027 2783 est
1052 2751 1115 2784 sub
1143 2750 1332 2797 spiritualis
1354 2751 1462 2796 patris
1484 2761 1568 2784 cura
1587 2748 1716 2783 consti-

155 2808 242 2842 tuta,
265 2802 329 2835 erit
349 2802 531 2847 quoddam
551 2802 732 2848 spirituale
752 2811 928 2848 stuprum:
950 2810 984 2836 et
1001 2803 1029 2837 si
1047 2803 1219 2837 violentia
1240 2803 1421 2845 inferatur,
1441 2805 1505 2837 erit
1522 2801 1714 2849 spiritualis

156 2863 294 2899 raptus3
317 2856 378 2900 qui
398 2855 505 2888 ctiam
529 2856 728 2890 secundum
749 2856 847 2901 leges
864 2855 986 2890 civiles
1005 2857 1147 2901 gravius
1169 2857 1324 2902 punitur,
1339 2868 1447 2902 quam
1466 2856 1555 2890 alius
1573 2863 1711 2902 raptus:
