1859 3122
199 131 284 187 824
597 142 816 178 QUAESTIO
852 142 984 172 CXXII.
1018 142 1260 173 ARTICULUS
1292 142 1353 174 111.

268 224 327 258 AD
345 233 493 258 PRIMUM
515 234 601 268 ergo
623 223 828 265 dicendum,
850 223 947 269 quod
971 222 1054 257 illae
1081 223 1322 268 expositiones
1344 231 1426 258 sunt
1450 225 1643 271 mysticae:
1670 223 1748 260 lite-

198 278 280 311 ralis
302 285 422 311 autem
445 276 619 322 expositio
643 284 705 318 est,
728 288 818 322 quae
840 276 991 310 habetur
1012 277 1118 310 Deut.
1145 286 1192 321 5.:
1220 277 1297 311 Non
1323 287 1462 312 assumes
1483 290 1599 313 nomen
1613 279 1680 312 Dei
1701 279 1749 313 tui

198 333 230 365 in
249 342 386 372 vanum,
409 329 545 363 scilicet
565 329 716 374 jurando
740 341 804 375 pro
827 341 862 364 re
885 341 975 376 quae
997 341 1071 363 non
1094 337 1156 363 est.

268 383 327 417 Ar>
349 393 554 417 SECUNDUM
569 382 774 425 dicendum,
793 382 888 429 quod
910 394 984 417 non
1002 384 1211 430 prohibetur
1224 382 1402 428 quaelibet
1424 384 1620 430 assumptio
1639 384 1750 418 divini

197 436 354 470 nominis
376 447 438 482 per
459 436 529 470 hoc
548 443 791 482 praeceptum,
813 436 874 470 sed
896 437 1039 483 proprie
1060 437 1121 471 illa
1142 448 1213 483 qua
1234 436 1426 470 assumitur
1440 437 1600 470 divinum
1613 448 1750 472 nomen

199 490 241 523 ad
264 489 578 523 confirmationem
598 489 750 522 humani
767 489 867 523 verbi
888 501 951 534 per
972 490 1124 524 modum
1138 489 1348 535 juramenti:
1365 490 1447 535 quia
1464 490 1531 524 ista
1553 492 1750 536 assumptio

198 542 309 576 divini
329 542 486 576 nominis
521 550 573 576 est
594 540 813 587 frequentior
835 543 928 588 apud
949 542 1132 577 homines:
1160 550 1277 589 potest
1293 550 1415 576 tamen
1446 553 1487 576 ex
1517 543 1752 589 consequenti

198 595 360 641 intelligi,
374 595 470 641 quod
484 606 545 641 per
555 595 625 629 hoc
642 595 874 641 prohibeatur
885 596 1002 630 omnis
1018 596 1221 630 inordinata
1232 595 1342 630 divini
1362 596 1519 630 nominis
1531 596 1750 643 assumpti03

199 657 234 684 et
259 649 458 683 secundum
491 648 562 682 hoc
596 649 796 694 procedunt
818 648 900 683 illae
927 649 1180 696 expositiones,
1202 649 1245 684 de
1267 649 1393 695 quibus
1415 660 1521 696 supra
1542 650 1678 685 dictum
1700 658 1753 686 est

202 703 250 747 (in
278 714 348 748 arg.
367 704 424 748 L).

270 756 329 790 AD
357 766 527 790 TERTIUM
556 755 761 797 dicendum,
784 755 880 801 quod
902 766 966 801 pro
987 755 1102 790 nihilo
1123 756 1240 801 jurare
1262 755 1390 790 dicitur
1411 755 1483 799 ille,
1500 756 1560 802 qui
1580 757 1673 802 jurat
1686 768 1751 804 pro

200 821 242 844 eo
265 809 362 855 quod
383 820 457 843 non
479 816 546 843 est:
571 808 666 854 quod
689 808 841 854 pertinet
864 808 906 842 ad
928 808 1055 843 falsam
1071 809 1298 855 jurationem,
1318 819 1408 855 quae
1430 809 1753 857 principaliterper-

193 864 326 908 jurium
347 864 564 904 nominatur,
599 870 637 896 ut
662 873 768 907 supra
795 862 930 896 dictum
957 871 1008 896 est
1039 863 1086 908 (q.
1113 863 1167 908 98.
1189 867 1252 896 art.
1274 874 1300 897 1.
1328 862 1370 896 ad
1388 862 1459 907 3.):
1482 863 1624 909 quando
1655 863 1751 897 enim

200 915 326 961 aliquis
348 915 478 949 falsum
499 916 602 961 jurat,
623 922 706 948 tunc
729 915 858 960 juratio
891 923 943 949 est
960 927 1052 949 vana
1077 915 1276 949 secundum
1297 916 1473 961 seipsum;
1495 916 1578 961 quia
1598 927 1672 950 non
1693 916 1753 950 ha-

199 969 258 1003 bet
279 969 547 1003 firmamentum
569 968 746 1002 veritatis:
768 968 911 1014 quando
929 977 1049 1002 autem
1072 968 1198 1014 aliquis
1219 969 1312 1013 jurat
1330 969 1405 1003 sine
1423 968 1557 1014 judicio
1578 980 1619 1003 ex
1634 969 1753 1016 aliqua

199 1022 356 1064 levitate,
378 1022 407 1056 si
425 1033 551 1055 verum
572 1022 674 1066 jurat,
696 1033 770 1056 non
793 1029 845 1056 est
862 1021 910 1055 ibi
930 1023 1067 1056 vanitas
1090 1032 1131 1055 ex
1146 1031 1244 1068 parte
1266 1022 1375 1068 ipsius
1393 1022 1596 1068 juramenti,
1617 1023 1679 1057 sed
1699 1033 1753 1057 so-

200 1075 277 1109 lum
299 1087 340 1109 ex
362 1083 460 1122 parte
480 1075 637 1120 jurantis.

273 1129 332 1163 AD
356 1139 542 1167 QUARTUM
569 1127 774 1169 dicendum,
801 1127 897 1173 quod
924 1127 1015 1162 sicut
1037 1128 1079 1170 ei,
1102 1128 1162 1174 qui
1182 1127 1365 1162 instruitur
1386 1127 1422 1162 in
1449 1127 1568 1174 aliqua
1593 1128 1754 1171 scientia,

203 1182 321 1228 primo
350 1189 599 1228 proponuntur
632 1181 809 1226 quaedam
852 1181 1062 1215 communia
1097 1181 1333 1223 documenta3
1360 1181 1407 1215 ita
1434 1181 1542 1215 etiam
1568 1181 1636 1223 lex,
1663 1193 1754 1228 quae

203 1236 353 1270 instituit
374 1235 563 1268 hominem
591 1234 633 1267 ad
652 1235 819 1268 virtutem
838 1234 873 1267 in
892 1234 1090 1280 praeceptis
1112 1233 1286 1280 decalogi,
1310 1245 1400 1280 quae
1421 1242 1502 1268 sunt
1522 1235 1649 1280 prima,
1676 1246 1754 1280 pro-

203 1289 323 1336 posuit
357 1299 397 1322 ea
428 1288 485 1322 vel
514 1287 752 1334 prohibendo,
786 1287 844 1321 vel
865 1287 1082 1330 mandando,
1105 1299 1195 1333 quae
1226 1288 1456 1322 communius
1477 1289 1512 1322 in
1535 1300 1639 1322 cursu
1661 1289 1753 1322 vitae

201 1343 383 1377 humanae
398 1341 515 1376 solent
529 1341 710 1382 accidere3
734 1348 768 1374 et
788 1340 870 1374 ideo
893 1340 984 1374 inter
1005 1348 1195 1386 praecepta
1223 1340 1389 1386 decalogi
1410 1340 1619 1386 prohibetur
1639 1342 1751 1386 perju-

202 1396 307 1437 rium,
330 1395 425 1441 quod
447 1394 666 1440 frequentius
689 1393 829 1435 accidit,
845 1405 953 1439 quam
974 1393 1210 1440 blasphemia,
1229 1393 1264 1427 in
1286 1405 1394 1439 quam
1416 1394 1530 1428 homo
1551 1394 1662 1428 rarius
1677 1406 1755 1441 pro-

202 1449 351 1483 labatur.
562 1489 566 1496 Ι

275 1502 334 1536 AD
357 1511 536 1540 QUINTUM
556 1500 760 1542 dicendum,
776 1499 872 1546 quod
889 1499 1094 1534 nominibus
1115 1499 1185 1533 Dei
1207 1499 1352 1534 debetur
1373 1500 1571 1534 reverentia
1592 1511 1635 1534 ex
1656 1508 1755 1546 parte

205 1556 254 1590 rei
281 1555 514 1601 significatae,
548 1565 638 1600 quae
668 1562 720 1588 est
746 1565 840 1595 una3
873 1564 947 1586 non
974 1561 1094 1587 autem
1127 1553 1265 1587 ratione
1294 1564 1428 1587 vocum
1464 1552 1755 1598 significantium,

204 1620 296 1655 quae
318 1617 399 1643 sunt
421 1608 574 1650 multae3
593 1616 627 1641 et
647 1607 729 1641 ideo
749 1606 976 1652 singulariter
998 1606 1100 1641 dixit:
1127 1607 1204 1641 Non
1218 1618 1358 1641 assumus
1371 1618 1487 1640 nomen
1506 1607 1572 1640 Dei
1586 1608 1634 1641 tui
1651 1607 1686 1641 in
1699 1618 1756 1641 va-

203 1675 294 1705 num,
317 1662 399 1708 quia
425 1673 499 1696 non
521 1660 637 1696 differt
658 1672 720 1707 per
742 1660 998 1706 quodcumque
1024 1671 1160 1694 nomen
1186 1659 1255 1694 Dei
1281 1659 1476 1706 perjurium
1498 1659 1754 1695 committatur.

748 1801 1093 1847 ARTICULUS
1126 1801 1201 1843 IV.
1688 1810 1756 1854 614

510 1910 662 1940 UTRUM
689 1910 884 1940 TERTIUM
916 1909 1141 1940 DECALOGI
1167 1907 1453 1938 PRAECEPTUM

206 1977 540 2008 CONVENIENTER
566 1976 816 2015 TRADATUR,
846 1975 1043 2005 SCILICET
1065 1974 1122 2003 DE
1143 1972 1540 2003 SANCTIFICATIONE
1563 1971 1755 2003 SABBATI.

301 2062 377 2108 (1-2.
400 2075 429 2109 q.
448 2075 522 2098 roo.
541 2068 605 2097 art.
624 2074 652 2108 5.
676 2062 718 2096 ad
744 2074 774 2096 2.
802 2067 830 2096 et
851 2073 880 2107 q.
903 2073 976 2096 102.
1003 2066 1067 2096 art.
1089 2072 1121 2105 4.
1145 2060 1186 2094 ad
1206 2072 1257 2095 10.
1276 2065 1304 2094 et
1321 2072 1348 2105 3.
1371 2060 1460 2094 Dist.
1478 2070 1527 2105 37.
1555 2064 1618 2094 art.
1632 2070 1662 2105 5.

677 2115 860 2161 etI5c1.56.
887 2120 915 2149 at
943 2109 1054 2149 Coloss'
1075 2125 1105 2148 2.
1128 2114 1197 2149 lect.
1224 2114 1286 2158 4.).

277 2205 337 2240 ΑΒ
357 2214 543 2243 QUARTUM
565 2203 615 2237 sic
642 2202 856 2249 proceditur.
884 2201 1044 2243 Videtur,
1060 2201 1155 2247 quod
1181 2200 1476 2235 inconvenienter
1495 2199 1640 2234 tertium
1660 2210 1758 2246 prae-

206 2266 348 2304 ceptum
371 2256 537 2302 decalogi
558 2256 728 2297 tradatur,
750 2255 888 2289 scilicet
910 2255 951 2288 de
974 2253 1257 2288 sanctificatione
1278 2253 1432 2288 sabbati:
1454 2253 1524 2287 hoc
1544 2253 1640 2287 enim
1661 2263 1758 2299 prae-

205 2319 349 2358 ceptum
383 2309 611 2357 spiritualiter
641 2308 863 2342 intellectum
890 2315 942 2341 est
964 2306 1149 2353 generale:
1181 2318 1287 2352 super
1319 2306 1404 2340 illud
1428 2306 1536 2348 enim,
1563 2305 1649 2340 Luc.
1681 2317 1755 2352 13.:

203 2365 490 2410 Archisynagogzts
516 2362 702 2407 indignans,
733 2361 818 2406 qnod
853 2361 986 2395 sabbato
1014 2365 1166 2402 curasset,
1188 2360 1272 2394 dicit
1299 2359 1395 2393 Beda
1430 2359 1502 2403 (lib.
1523 2370 1555 2404 4.
1587 2363 1756 2394 comment.

204 2425 274 2464 cap.
294 2418 370 2464 13.):
396 2429 414 2448 ‹<
436 2416 509 2450 Lex
531 2416 567 2449 in
585 2415 733 2449 sabbato
755 2425 828 2447 non
850 2413 1017 2459 prohibet
1043 2413 1232 2447 hominem
1248 2423 1388 2454 curare;
1411 2413 1471 2446 sed
1486 2411 1627 2446 servilia
1648 2422 1756 2458 opera

203 2470 333 2512 facere,
348 2470 440 2504 idest
463 2468 602 2515 peccati
629 2467 768 2513 gravari
795 2466 960 2512 prohibet
986 2478 1020 2499 »z
1049 2466 1246 2500 secundum
1269 2474 1389 2499 autem
1415 2464 1590 2499 literalem
1611 2475 1757 2499 sensum

205 2532 258 2558 est
284 2531 516 2569 praeceptum
544 2520 826 2556 caeremoniale:
853 2519 981 2553 dicitur
1007 2519 1104 2554 enim
1126 2519 1237 2553 Exod.
1264 2530 1335 2564 31.:
1377 2518 1495 2560 Videte,
1524 2523 1558 2552 ut
1585 2518 1757 2553 sabbatum

205 2589 312 2611 meum
331 2576 537 2616 custocliatis;
566 2576 644 2621 qnia
660 2575 788 2620 signum
814 2578 857 2607 est
876 2574 958 2606 inter
977 2585 1037 2615 mc,
1053 2578 1081 2607 ct
1098 2584 1155 2607 τος
1175 2574 1207 2606 in
1225 2573 1488 2618 generastonibus
1505 2572 1620 2606 vestris·
1638 2582 1645 2604 ι
1660 2581 1758 2617 prae-

204 2638 306 2675 cepta
333 2637 453 2664 autem
488 2627 654 2673 decalogi
681 2635 715 2661 et
740 2634 822 2660 sunt
847 2633 1035 2672 praecepta
1063 2625 1272 2671 spiritualia,
1301 2633 1334 2659 et
1360 2633 1441 2659 sunt
1466 2632 1657 2671 praecepta
1683 2634 1758 2658 mo-

205 2683 311 2725 ralia3
337 2682 634 2716 inconvenienter
661 2691 746 2726 ergo
769 2679 913 2725 ponitur
939 2679 1030 2713 inter
1057 2687 1247 2724 praecepta
1274 2678 1450 2724 decalogi.

274 2745 304 2769 2.
327 2735 561 2770 PRAETEREA.
586 2731 878 2768 Caeremonialia
905 2730 993 2777 legis
1021 2740 1210 2777 praecepta
1225 2731 1427 2765 continent:
1450 2741 1557 2772 sacra,
1575 2730 1755 2774 sacrificia,

203 2793 421 2829 sacramenta,
461 2796 494 2822 et
520 2788 754 2829 observantias,
787 2793 826 2819 ut
851 2796 956 2830 supra
982 2784 1142 2818 habitum
1172 2792 1225 2818 est
1261 2784 1345 2828 (1-2.
1376 2796 1404 2830 q.
1428 2796 1496 2819 ror.
1523 2788 1587 2818 art.
1609 2783 1689 2828 4.).·
1712 2783 1756 2817 ad

206 2853 306 2878 sacra
333 2850 452 2876 autem
480 2841 703 2887 pertinebant
724 2850 797 2873 non
820 2837 938 2873 solum
965 2838 1056 2872 sacri
1075 2837 1160 2880 dies,
1176 2837 1236 2872 sed
1256 2837 1364 2871 etiam
1383 2848 1482 2871 sacra
1501 2835 1594 2879 loca,
1608 2844 1642 2871 et
1655 2847 1756 2870 sacra
