1859 3122
531 139 752 175 QUAESTIO
788 140 827 170 C.
861 139 1104 170 ARTICULUS
1138 139 1195 170 1v.
1564 129 1645 183 '713¹

91 220 178 254 emit
200 220 241 254 ab
264 220 411 267 Ephron
438 219 648 265 speluncam
677 220 856 267 duplicem
886 222 921 255 in
950 220 1182 266 sepulturam,
1213 228 1251 254 ut
1281 220 1432 254 habetur
1461 220 1552 254 Gen.
1577 231 1651 266 23.:

86 273 198 319 Jacob
221 282 341 308 autem
361 274 448 307 emit
469 274 510 307 ab
536 273 627 308 Esau
644 275 696 319 jus
711 274 1029 320 primogeniturae,
1045 282 1082 308 ut
1096 274 1246 308 habetur
1263 274 1354 308 Gen.
1378 284 1450 319 25.:
1473 275 1526 319 jus
1543 274 1650 308 etiarn

90 335 299 372 patronatus
320 327 446 361 transit
469 339 550 360 cum
574 339 609 361 re
633 328 788 369 vendita,
811 328 897 362 etin
920 327 1065 362 feudum
1095 328 1319 362 conceditur:
1349 320 1512 362 decimae
1540 328 1649 362 ctiam

91 391 285 414 concessae
308 388 388 414 sunt
410 381 623 426 quibusdam
646 380 830 422 militibus,
853 389 887 415 et
909 381 1036 414 redimi
1058 389 1229 426 possunt:
1253 380 1402 427 praelati
1421 381 1529 415 etiarn
1548 381 1652 415 inter-

91 434 176 467 dum
203 434 356 468 retinent
382 434 447 467 sibi
476 434 517 467 ad
545 443 686 480 tempus
714 433 848 468 fructus
883 434 1181 480 praebendarum,
1209 445 1296 480 quas
1323 433 1534 476 conferunt,
1566 446 1649 468 cum

89 494 211 521 tamen
233 487 456 533 praebendae
479 487 548 521 sint
569 487 809 533 spiritualibus
829 499 1008 530 annexae3
1028 499 1114 534 ergo
1135 487 1218 522 licet
1237 500 1368 530 emere,
1388 496 1422 522 et
1439 488 1593 522 vendere
1610 499 1651 522 ea

89 551 180 587 quae
202 548 283 574 sunt
304 540 545 586 spiritualibus
569 552 716 574 annexa.

161 594 235 629 SED
258 604 412 629 CONTRA
436 602 499 636 est,
523 595 618 640 quod
643 595 728 628 dicit
748 594 933 629 Paschalis
956 595 1065 641 Papa,
1093 603 1126 629 et
1153 595 1301 628 habetur
1328 606 1354 628 1.
1379 607 1410 641 q.
1438 597 1466 638 32
1489 606 1587 641 cap.:
1615 594 1652 629 Si

89 649 160 693 quis
181 648 356 694 objecerit:
384 661 401 679 ‹<
423 647 596 694 Quisquis
619 648 750 682 horum
774 648 925 682 alterum
947 648 1080 689 vendit,
1107 649 1182 682 sine
1205 659 1276 694 quo
1303 659 1369 682 nec
1397 647 1549 682 alterum
1572 658 1651 694 pro-

90 701 199 743 venit,
217 709 385 735 neutrum
405 701 629 735 invenditum
645 701 877 747 derelinquit;
899 700 1018 735 nullus
1034 712 1120 746 ergo
1137 708 1234 735 emat
1250 700 1464 743 Ecclesiam,
1482 700 1541 735 vel
1554 712 1652 747 prae-

89 754 256 796 bendam,
276 754 335 789 vel
356 754 489 800 aliquid
511 754 796 789 ecclesiasticum
815 768 848 788 n.

160 807 389 843 RESPONDEO
429 807 633 849 dicendum,
661 807 756 854 quod
783 807 916 853 aliquid
946 814 1064 854 potest
1091 818 1168 841 esse
1195 818 1375 841 annexum
1409 807 1650 852 spiritualibus

89 861 282 908 dupIIciter:
305 874 369 896 uno
393 861 500 904 modo,
524 863 616 895 sicut
637 873 678 895 ex
701 861 942 907 spiritualibus
964 861 1185 907 dependens:
1209 861 1301 895 sicut
1321 861 1453 895 habere
1475 861 1651 895 beneficia

91 915 337 950 ecclesiastica
360 915 489 949 dicitur
510 914 751 960 spiritualibus
775 926 978 957 annexum3
1005 914 1088 960 quia
1115 925 1188 948 non
1217 914 1391 960 competit
1415 914 1484 948 nisi
1504 914 1651 948 habenti

90 967 251 1002 officium
274 968 457 1011 clericale3
484 968 577 1002 unde
604 967 815 1013 hujusmodi
840 967 940 1001 nullo
968 967 1080 1001 modo
1107 975 1258 1013 possunt
1284 978 1361 1001 esse
1388 967 1463 1001 sine
1491 968 1652 1013 spiritua-

89 1021 200 1064 libus;
223 1030 257 1056 et
277 1030 422 1068 propter
443 1021 514 1055 hoc
537 1032 579 1055 ex
597 1020 696 1055 nullo
719 1021 831 1054 modo
853 1021 1009 1055 vendere
1032 1020 1137 1055 licet:
1161 1020 1244 1066 quia
1266 1021 1316 1054 eis
1337 1020 1502 1062 venditis,
1523 1020 1651 1055 intelli-

90 1082 220 1121 guntur
241 1076 349 1109 etiam
371 1074 567 1120 spiritualia
588 1074 788 1108 venditioni
812 1074 939 1119 subjici
966 1074 1102 1119 (desum.
1125 1087 1164 1108 ex
1185 1080 1311 1109 auctor.
1334 1074 1501 1109 Pczsclmlis
1521 1081 1554 1121 p.
1578 1086 1648 1120 arg.

88 1128 140 1163 sed
161 1134 266 1163 contr.
289 1128 448 1173 indust.):
475 1127 635 1173 quaedaemz
663 1136 783 1162 autem
811 1136 892 1162 sunt
920 1139 1058 1161 annexa
1085 1127 1338 1174 spiritualibus,
1364 1128 1578 1173 inquantum
1607 1129 1649 1162 ad

90 1181 286 1228 spiritualia
309 1181 536 1215 ordinantur:
558 1181 650 1215 sicut
671 1182 724 1226 jus
740 1189 962 1226 patronatus,
977 1181 1073 1227 quod
1089 1181 1274 1215 ordinatur
1289 1182 1331 1214 ad
1347 1182 1649 1227 praesentandum

89 1234 241 1269 clericos
261 1235 303 1268 ad
327 1234 572 1268 ecclesiastica
593 1234 787 1277 beneficia3
811 1243 845 1269 et
866 1246 951 1269 vasa
973 1247 1086 1277 sacra,
1109 1247 1200 1281 quae
1228 1235 1439 1269 ordinantur
1466 1236 1507 1269 ad
1536 1247 1651 1269 sacra-

89 1295 297 1322 mentorum
319 1299 442 1330 usum;
466 1288 559 1321 unde
581 1288 791 1333 hujusmodi
813 1299 887 1322 non
906 1296 1200 1334 praesupponunt
1222 1288 1430 1334 spiritualia,
1449 1289 1511 1323 sed
1534 1289 1650 1334 magis

88 1352 128 1375 ea
145 1341 269 1375 ordine
287 1341 461 1387 temporis
480 1341 717 1386 praecedunt3
733 1349 767 1375 et
780 1341 862 1375 ideo
878 1341 999 1388 aliquo
1014 1342 1126 1376 modo
1142 1342 1248 1376 vendi
1262 1351 1424 1388 possunt,
1438 1353 1513 1376 non
1528 1350 1648 1376 autern

86 1394 299 1440 inquantum
323 1402 405 1428 sunt
425 1393 667 1440 spiritualibus
689 1405 838 1428 annexa.

160 1448 219 1482 AD
247 1458 396 1482 PRIMUM
423 1458 509 1493 ergo
538 1447 742 1489 dicendum,
770 1447 866 1493 quod
894 1447 1018 1482 omnia
1044 1447 1258 1494 temporalia
1291 1457 1530 1482 annectuntur
1556 1448 1652 1495 spiri-

87 1501 254 1543 tualibus,
276 1501 367 1535 sicut
388 1500 467 1542 fini;
489 1509 524 1534 et
544 1500 626 1534 ideo
648 1501 725 1546 ipsa
747 1501 893 1546 quidem
914 1501 1131 1547 temporalia
1157 1502 1312 1536 vendere
1338 1501 1440 1536 licet:
1469 1502 1529 1536 sed
1557 1502 1647 1536 ordo

90 1567 218 1590 eorum
240 1555 283 1589 ad
305 1554 502 1600 spiritualia
524 1555 587 1588 sub
609 1555 818 1589 venditione
841 1555 969 1589 cadere
990 1567 1065 1589 non
1087 1555 1203 1590 debet.

160 1608 220 1642 AD
243 1618 449 1642 SECUNDUM
471 1608 675 1649 dicendum,
697 1608 794 1654 quod
809 1608 918 1642 etiam
932 1620 1017 1642 vasa
1033 1620 1134 1642 sacra
1148 1616 1230 1642 sunt
1244 1608 1485 1653 spiritualibus
1501 1620 1652 1651 annexa,

89 1661 181 1696 sicut
199 1660 277 1703 fini;
299 1669 334 1695 et
355 1661 436 1695 ideo
455 1672 582 1695 eorum
597 1661 822 1695 consecratio
838 1661 945 1695 vendi
962 1673 1037 1695 non
1055 1670 1190 1707 potest:
1210 1670 1332 1696 tamen
1354 1673 1419 1708 pro
1438 1664 1651 1696 necessitate

90 1715 286 1757 Ecclesiae,
309 1723 343 1749 et
364 1726 576 1761 pauperum,
604 1715 754 1748 materia
782 1726 909 1748 eorum
934 1715 1042 1749 vendi
1069 1723 1198 1761 potest,
1226 1715 1427 1750 dummodo
1454 1717 1653 1762 praemissa

90 1769 254 1802 oratione
276 1768 372 1814 prius
394 1766 683 1813 confringantur:
708 1769 790 1813 quia
809 1776 891 1813 post
910 1767 1199 1802 confractionem
1217 1780 1291 1802 non
1306 1768 1555 1813 intelliguntur
1574 1780 1651 1803 esse

89 1833 175 1856 vasa
196 1833 310 1863 sacra,
336 1821 398 1855 sed
424 1832 554 1867 purum
584 1820 796 1864 metallum;
824 1821 918 1855 unde
949 1821 977 1855 si
1008 1833 1051 1855 ex
1078 1822 1205 1855 eadem
1233 1822 1381 1856 materia
1408 1822 1540 1856 similia
1566 1833 1652 1856 vasa

89 1875 219 1910 iterum
239 1874 513 1920 integrarentur,
535 1874 737 1920 indigerent
759 1874 889 1908 iterum
913 1875 1127 1908 consecrari.

162 1928 222 1962 AD
247 1939 417 1963 TERTIUM
442 1927 647 1970 dicendum,
670 1927 766 1973 quod
788 1927 960 1972 spelunca
983 1927 1124 1973 dupleX,
1153 1940 1262 1974 quarn
1289 1928 1476 1962 Abraham
1504 1928 1591 1962 emit
1617 1928 1653 1961 in

90 1981 322 2027 sepulturam,
344 1993 417 2015 non
439 1981 591 2015 habetur
613 1981 709 2026 quod
731 1988 805 2015 erat
825 1989 918 2015 terra
942 1990 1152 2016 consecrata
1172 1982 1215 2016 ad
1238 1982 1498 2028 sepeliendum,
1518 1990 1551 2016 et
1569 1982 1651 2016 ideo

91 2034 219 2069 licebat
241 2034 411 2068 Abrahae
432 2042 566 2068 terram
592 2033 692 2068 illam
719 2045 839 2068 emere
867 2035 911 2068 ad
937 2046 1043 2068 usum
1070 2035 1287 2081 sepulturae,
1314 2044 1352 2069 ut
1377 2036 1427 2069 ibi
1452 2035 1653 2069 institueret

91 2087 344 2134 sepulchrum:
368 2087 459 2121 sicut
481 2087 589 2121 etiam
611 2099 704 2121 nunc
727 2087 852 2121 liceret
874 2099 994 2122 emere
1015 2087 1173 2133 aliquem
1196 2100 1325 2134 agrum
1348 2100 1585 2122 communem
1608 2088 1651 2121 ad

91 2141 348 2175 instituendum
370 2141 419 2174 ibi
441 2140 713 2182 coemeterium,
735 2140 793 2174 vel
815 2140 923 2174 etiam
942 2140 1164 2176 Ecclesiam:
1187 2149 1322 2183 tamen,
1345 2142 1428 2187 quia
1448 2142 1540 2188 apud
1561 2141 1659 2175 Gen-

90 2193 169 2228 tiles
190 2193 273 2228 loca
294 2193 496 2240 sepulturae
519 2193 687 2239 deputata
709 2193 876 2239 religiosa
899 2194 1166 2240 reputabantur,
1189 2195 1218 2229 si
1239 2195 1387 2241 Ephron
1409 2206 1473 2240 pro
1496 2194 1579 2228 loco
1602 2206 1653 2228 se-

92 2247 254 2293 pulturae
269 2247 421 2281 intendit
439 2247 594 2292 pretium
614 2247 789 2293 accipere,
808 2248 973 2293 peccavit
990 2248 1161 2290 vendens,
1179 2248 1263 2282 licet
1277 2249 1465 2282 Abraham
1484 2260 1558 2282 non
1577 2259 1656 2294 pec-

93 2301 226 2335 caverit
247 2311 382 2343 emens,
398 2301 480 2346 quia
498 2311 572 2334 non
587 2300 793 2334 intendebat
812 2312 932 2334 emere
946 2301 1014 2334 nisi
1028 2310 1159 2335 terram
1177 2313 1430 2336 communem:
1454 2302 1538 2335 licet
1556 2301 1652 2335 enim

93 2355 202 2388 etiam
222 2365 317 2388 nunc
340 2362 484 2394 terram,
507 2353 567 2386 ubi
589 2353 770 2399 quondam
794 2353 858 2387 fuit
880 2353 1053 2396 Ecclesia,
1075 2355 1242 2396 vendere,
1271 2363 1331 2388 aut
1357 2366 1478 2388 emere
1504 2355 1540 2387 in
1569 2365 1652 2387 casu

92 2407 334 2449 necessitatis;
356 2407 447 2440 sicut
462 2415 496 2440 et
510 2406 552 2440 de
568 2407 720 2440 materia
735 2418 922 2440 sacrorum
936 2419 1109 2441 vasorum
1124 2408 1260 2441 dictum
1277 2416 1330 2441 est
1345 2409 1392 2450 (in
1407 2408 1654 2454 §olzct.p1·aac.):

92 2460 151 2494 vel
171 2469 360 2494 excusatur
381 2460 580 2501 Abraham,
595 2460 678 2505 quia
696 2460 733 2493 in
750 2460 821 2493 hoc
836 2461 988 2494 redemit
1002 2472 1105 2494 suam
1120 2461 1361 2501 vexationem,
1377 2461 1541 2506 quamvis
1557 2461 1654 2494 enim

93 2513 241 2560 Ephron
264 2514 372 2559 gratis
394 2514 426 2547 ei
447 2512 668 2558 sepulturam
691 2512 846 2555 offerret,
869 2514 1056 2559 perpendit
1076 2522 1198 2548 tamen
1218 2514 1417 2554 Abraham,
1433 2513 1529 2558 quod
1544 2513 1653 2558 gratis

95 2567 251 2613 recipere
273 2567 347 2600 sine
371 2568 445 2612 ejus
473 2565 610 2600 offensa
635 2577 709 2600 non
736 2575 867 2611 posset.
891 2567 952 2611 Jus
980 2576 1100 2600 autem
1127 2567 1433 2612 primogeniturae
1461 2566 1655 2599 debebatur

91 2619 202 2664 Jacob
221 2631 263 2654 ex
286 2620 405 2654 divina
427 2619 615 2661 electione,
638 2619 837 2653 secundum
852 2619 939 2654 illud
954 2619 1111 2653 Malach.
1132 2631 1176 2653 1.:
1196 2620 1298 2664 Jacob
1313 2619 1422 2659 dilexi,
1440 2619 1528 2653 Εςιιιι
1543 2625 1651 2653 antam

97 2673 170 2707 odio
197 2673 320 2713 habui,·
345 2681 378 2707 et
399 2673 481 2706 ideo
508 2672 602 2706 Esau
629 2672 792 2717 peccavit
818 2673 1060 2718 primogenita
1086 2673 1262 2706 vendens:
1293 2672 1404 2716 Jacob
1433 2680 1553 2705 autem
1580 2683 1654 2705 non

96 2726 259 2771 peccavit
285 2726 459 2761 emendo:
487 2726 570 2771 quia
595 2724 805 2770 intelligitur
831 2737 933 2760 suam
959 2726 1188 2760 vexationem
1215 2725 1419 2759 redemisse.
1443 2725 1503 2770 Jus
1532 2733 1653 2759 autem

97 2786 304 2824 patronatus
326 2790 388 2825 per
408 2790 446 2813 se
464 2779 571 2812 vendi
585 2789 659 2812 non
673 2786 802 2824 potest,
816 2790 883 2813 nec
905 2779 941 2812 in
963 2778 1111 2813 feudum
1130 2778 1222 2821 dari;
1242 2778 1302 2812 sed
1319 2778 1445 2812 transit
1460 2789 1543 2811 curn
1557 2777 1654 2820 villa,

97 2843 188 2877 quae
208 2832 383 2874 venditur,
404 2831 462 2866 vel
484 2831 704 2866 conceditur.
722 2831 784 2876 Jus
807 2840 928 2866 autem
954 2831 1137 2878 spirituale
1165 2831 1365 2877 accipiendi
1392 2831 1552 2866 decimas
1579 2843 1652 2865 non
