1859 3122
464 217 686 252 QUAESTIO
721 216 924 247 CLXXXVI.
960 216 1204 247 ARTICULUS
1237 217 1278 246 V.
1539 215 1646 258 1227

158 310 187 345 3.
211 298 447 334 PRAETEREA.
469 299 507 333 Si
525 299 729 333 obedientia
744 299 983 345 requireretur
998 299 1040 332 ad
1055 298 1316 344 perfectionem
1333 297 1530 345 religionis,
1546 309 1650 344 opor-

84 360 174 387 teret
191 352 288 399 quod
307 353 475 387 omnibus
490 352 668 398 religiosis
687 353 916 387 conveniret:
936 363 1009 386 non
1029 360 1150 386 autem
1171 352 1339 386 omnibus
1355 351 1543 386 convenit:
1567 359 1649 386 sunt

85 405 181 440 enim
204 406 350 452 quidam
373 406 533 451 religiosi
554 405 753 440 solitariam
775 406 887 440 vitam
910 414 1070 451 agentes,
1093 406 1151 452 qui
1173 416 1248 439 non
1270 405 1405 439 habent
1431 405 1647 451 superiores,

84 459 211 505 quibus
233 460 419 494 obediant:
443 459 593 505 praelati
615 459 724 493 etiarn
746 459 965 505 religionum
989 460 1031 493 ad
1055 458 1300 493 obedientiam
1321 470 1396 492 non
1418 458 1584 493 videntur
1602 465 1649 492 te-

82 513 179 555 neri;
201 524 288 559 ergo
311 513 516 548 obedientia
537 523 612 547 non
633 513 774 547 videtur
795 513 971 559 pertinere
995 513 1037 546 ad
1060 511 1246 558 religionis
1268 511 1540 558 perfectionem.

154 577 187 609 4.
209 567 446 601 PRAETEREA.
470 567 508 601 Si
529 574 656 601 votum
679 566 904 601 obedientiae
933 566 976 600 ad
1002 565 1219 612 religionem
1246 566 1498 612 requireretur,
1526 575 1650 599 conse-

83 630 196 666 quens
219 629 311 654 esset
332 621 429 667 quod
452 620 612 667 religiosi
629 627 836 654 tenerentur
858 619 1026 666 praelatis
1046 620 1118 654 suis
1136 620 1172 653 in
1192 620 1360 654 omnibus
1380 619 1538 661 obedire,
1557 619 1650 653 sicut

83 680 118 707 et
139 684 199 720 per
222 681 349 708 votum
373 674 616 708 continentiae
637 682 804 708 tenentur
826 673 868 707 ab
891 674 1060 708 omnibus
1082 673 1246 707 venereis
1269 673 1464 707 abstinere:
1489 672 1550 707 sed
1573 683 1647 706 non

82 735 249 761 tenentur
263 727 431 774 praelatis
448 728 520 762 suis
536 728 682 762 obedire
701 727 736 760 in
751 727 932 769 omnibus,
947 735 986 761 ut
1003 738 1110 773 supra
1124 727 1289 760 habiturn
1305 735 1357 760 est
1370 726 1418 772 (q.
1434 737 1508 770 104.
1525 730 1588 760 art.
1600 725 1648 771 5.)

84 791 167 814 cum
189 781 232 815 de
255 781 384 815 virtute
407 781 633 815 obedientiae
656 788 842 826 ageretur3
865 792 952 826 ergo
970 789 1098 815 votum
1121 780 1346 814 obedientiae
1364 791 1438 814 non
1457 780 1649 826 requiritur

83 834 126 868 ad
149 833 376 880 religionem.

157 897 186 933 5.
207 888 444 923 PRAETEREA.
467 887 531 922 Illa
554 887 697 922 servitia
720 895 801 921 sunt
821 887 902 921 Deo
925 887 1082 921 maxime
1105 895 1265 934 accepta,
1284 898 1375 933 quae
1394 885 1598 927 liberaliter,
1614 893 1649 920 et

82 952 156 975 non
181 952 223 975 ex
244 942 458 976 necessitate
480 941 581 983 fiunt,
603 941 803 975 secundum
825 940 913 974 illud
937 951 968 975 2.
991 941 1034 974 ad
1058 939 1144 974 Cor.
1167 952 1220 986 c).:
1243 941 1320 975 Non
1347 951 1386 974 ex
1413 941 1562 982 tristitia,
1590 943 1648 974 aut

82 1007 121 1030 ex
142 996 345 1030 necessitate:
368 996 430 1029 sed
452 994 512 1028 illa
531 1006 622 1041 quae
642 994 730 1028 fiunt
751 1006 793 1028 ex
815 994 1032 1036 obedientia,
1048 993 1136 1028 fiunt
1154 1006 1196 1028 ex
1214 994 1429 1028 necessitate
1448 993 1647 1039 praecepti;

83 1059 170 1094 ergo
192 1048 408 1082 laudabilius
425 1048 515 1082 fiunt
531 1048 628 1082 bona
647 1058 768 1092 opera,
785 1059 876 1093 quae
892 1048 969 1093 quis
991 1047 1135 1093 propria
1153 1055 1281 1093 sponte
1296 1045 1400 1089 facit;
1417 1053 1545 1080 votum
1560 1057 1648 1092 ergo

83 1102 309 1136 obedientiae
331 1113 404 1136 non
427 1101 602 1148 competit
623 1100 803 1146 religioni,
826 1111 888 1146 per
909 1111 1019 1146 quam
1040 1100 1210 1134 homines
1230 1108 1407 1146 quaerunt
1429 1099 1473 1133 ad
1495 1099 1648 1134 meliora

81 1155 278 1201 pervenire.

154 1208 229 1243 SED
252 1219 418 1243 CONTRA.
442 1207 622 1242 Perfectio
645 1205 831 1253 religionis
854 1207 1012 1241 maxime
1035 1207 1199 1241 consistit
1220 1207 1256 1240 in
1278 1206 1480 1240 imitatione
1500 1206 1648 1248 Christi,

82 1262 282 1297 secundum
304 1261 391 1295 illud
413 1261 541 1295 Matth.
561 1272 630 1308 19.:
653 1261 688 1296 51·
708 1262 759 1295 vis
775 1261 940 1307 perfectas
957 1272 1029 1302 esse,
1045 1265 1116 1303 etc„
1131 1272 1259 1306 sequere
1280 1272 1352 1294 me:
1373 1260 1434 1294 sed
1449 1260 1484 1293 in
1500 1259 1648 1294 Christo

81 1315 239 1350 maxime
261 1314 540 1349 commendatur
562 1314 778 1356 obedientia,
806 1314 1006 1348 secundum
1033 1313 1121 1348 illud
1148 1314 1191 1347 ad
1218 1313 1348 1360 Philip.
1377 1324 1428 1348 2.:
1456 1314 1580 1348 Factus
1606 1318 1651 1348 est

81 1368 228 1404 obediens
248 1381 344 1414 nsque
366 1368 408 1403 ad
429 1373 569 1403 mortem
579 1380 591 1408 ;
621 1378 709 1414 ergo
736 1367 888 1409 videtur,
915 1367 1011 1413 quod
1040 1367 1244 1402 obedientia
1265 1367 1441 1413 pertineat
1467 1367 1510 1400 ad
1537 1365 1650 1413 perfe-

81 1422 242 1457 ctionem
262 1422 460 1468 religionis.

151 1475 382 1510 RESPONDEO
405 1475 611 1517 dicendum,
634 1475 742 1521 quod,
764 1474 857 1508 sicut
878 1485 984 1520 supra
1007 1475 1144 1508 dictum
1167 1482 1220 1508 est
1242 1473 1320 1518 (art.
1343 1485 1374 1508 2.
1396 1478 1425 1508 et
1442 1486 1470 1520 3.
1493 1474 1562 1519 huj.
1585 1474 1647 1519 q.)‚

81 1537 192 1563 status
215 1528 400 1575 religionis
420 1536 473 1563 est
490 1528 668 1574 quaedam
687 1527 888 1574 disciplina,
908 1527 965 1561 vel
984 1527 1195 1562 exercitium
1213 1526 1383 1561 tendendi
1403 1527 1440 1560 in
1461 1526 1648 1573 perfectio-

80 1594 184 1617 nem:
202 1582 422 1629 quicumque
442 1590 562 1616 autem
577 1581 811 1623 instruuntur,
822 1580 880 1615 vel
896 1581 1147 1623 exercitantur,
1158 1589 1195 1614 ut
1206 1581 1416 1626 perveniant
1430 1580 1473 1614 ad
1489 1579 1647 1626 aliquem

81 1636 203 1679 finem,
231 1643 373 1682 oportet
402 1635 499 1682 quod
529 1635 767 1669 directionem
797 1634 949 1680 alicujus
980 1641 1185 1680 sequantur,
1212 1633 1412 1667 secundum
1435 1634 1534 1678 cujus
1557 1633 1646 1667 arbi-

81 1690 192 1724 trium
213 1689 444 1731 instruantur‚
465 1687 524 1722 vel
545 1688 794 1730 exercitentur,
817 1695 855 1722 ut
876 1688 1086 1734 perveniant
1103 1687 1147 1721 ad
1165 1686 1269 1720 illum
1287 1686 1408 1728 finem,
1424 1686 1527 1733 quasi
1545 1686 1647 1720 disci-

81 1742 156 1790 puli
177 1743 240 1777 sub
263 1743 456 1788 magistro;
480 1750 515 1776 et
536 1742 617 1776 ideo
645 1750 799 1787 oportet,
827 1741 924 1787 quod
952 1741 1113 1787 religiosi
1138 1742 1174 1775 in
1200 1741 1256 1775 his
1284 1752 1375 1787 quae
1398 1741 1577 1786 pertinent
1603 1740 1646 1774 ad

80 1796 291 1842 religiosam
311 1797 436 1837 vitam,
459 1794 608 1840 alicujus
630 1795 870 1836 instructioni,
890 1802 924 1829 et
941 1795 1095 1840 imperio
1111 1794 1327 1836 subdantur3
1350 1794 1444 1828 unde
1464 1801 1498 1828 et
1516 1804 1547 1839 7.
1564 1806 1596 1840 q.
1617 1805 1645 1827 1.

81 1850 171 1897 (cap.
182 1863 192 1884 .·
207 1850 282 1884 Hoc
298 1849 526 1895 nequaquam)
541 1848 686 1883 dicitur:
705 1860 722 1880 «
737 1848 1006 1882 Monachorum
1021 1848 1092 1882 vita
1108 1848 1342 1894 subjectionis
1357 1848 1467 1881 habet
1480 1847 1645 1889 verbum,

81 1911 116 1938 et
137 1902 370 1949 discipulatus
389 1913 426 1935 »z
449 1901 602 1948 imperio
626 1909 758 1944 autem,
780 1909 816 1935 et
837 1900 982 1935 alterius
1000 1901 1229 1935 instructioni
1247 1901 1432 1945 subjicitur
1450 1900 1565 1935 homo
1584 1911 1646 1946 per

82 1956 344 1998 obedientiam;
367 1963 401 1989 et
421 1954 504 1989 ideo
527 1954 732 1989 obedientia
753 1954 944 2000 requiritur
966 1955 1009 1988 ad
1031 1954 1218 2000 religionis
1239 1953 1512 2000 perfectionem.

153 2009 212 2044 AD
234 2019 383 2044 PRIMUM
406 2019 493 2054 ergo
516 2008 720 2049 dicendum,
743 2007 840 2054 quod
859 2007 1005 2042 obedire
1028 2007 1196 2053 praelatis
1218 2007 1254 2041 in
1275 2007 1332 2041 his
1354 2018 1444 2053 quae
1467 2007 1647 2053 pertinent

82 2062 126 2098 ad
147 2063 402 2097 necessitatem
424 2062 574 2103 virtutis,
600 2073 675 2095 non
698 2069 750 2095 est
771 2061 1113 2107 supererogationis,
1141 2061 1203 2095 sed
1231 2060 1398 2094 omnibus
1426 2071 1644 2094 commune:

81 2116 142 2151 sed
166 2116 311 2150 obedire
333 2116 369 2149 in
390 2115 446 2149 his
468 2126 559 2161 quae
582 2114 761 2161 pertinent
776 2114 819 2148 ad
840 2115 1051 2149 exercitium
1069 2113 1312 2160 perfectionis,
1331 2113 1484 2160 pertinet
1501 2114 1645 2160 proprie

83 2170 127 2204 ad
156 2169 365 2215 religiosos:
389 2175 423 2202 et
445 2176 677 2214 comparatur
705 2168 772 2202 ista
803 2167 1007 2202 obedientia
1038 2168 1082 2201 ad
1113 2167 1234 2209 aliam,
1256 2167 1348 2201 sicut
1374 2166 1578 2201 universale
1601 2166 1645 2200 ad

82 2222 316 2269 particulare:
335 2221 387 2255 illi
410 2221 519 2263 enim,
538 2222 597 2267 qui
620 2222 655 2254 in
677 2220 823 2255 saeculo
845 2221 982 2262 vivunt,
1005 2220 1139 2266 aliquid
1166 2220 1231 2254 sibi
1257 2220 1421 2261 retinent,
1449 2228 1483 2253 et
1510 2219 1643 2265 aliquid

82 2276 164 2310 Deo
195 2275 415 2321 largiuntur;
443 2282 478 2308 et
502 2274 702 2308 secundum
727 2274 798 2308 hoc
826 2274 1052 2308 obedientiae
1079 2273 1325 2320 praelatorum
1351 2273 1566 2307 subduntur:
1593 2272 1645 2306 illi

82 2340 169 2364 vero
196 2329 257 2375 qui
282 2329 407 2362 vivunt
428 2328 463 2361 in
486 2327 673 2373 religione,
694 2327 854 2361 totaliter
880 2338 930 2369 se,
957 2335 991 2361 et
1016 2338 1081 2361 sua
1101 2327 1261 2360 tribuunt
1285 2326 1380 2368 Deo,
1406 2334 1445 2360 ut
1471 2332 1513 2360 ex
1539 2337 1646 2371 supra

83 2382 186 2416 dictis
208 2389 306 2428 patet
327 2381 408 2426 (art.
424 2393 452 2427 3.
475 2381 543 2425 huj.
565 2380 614 2426 q.)
623 2393 635 2421 ;
659 2380 753 2414 unde
776 2380 981 2414 obedientia
1004 2391 1131 2414 eorum
1153 2387 1207 2413 est
1227 2378 1451 2412 universalis.

154 2436 214 2470 AD
231 2444 438 2470 SECUNDUM
453 2434 659 2475 dicendum,
680 2434 788 2479 quod,
803 2434 896 2468 sicut
909 2433 1045 2467 Philos.
1061 2432 1147 2466 dicit
1160 2433 1196 2466 in
1211 2442 1242 2466 2.
1258 2432 1372 2466 Ethic.
1392 2431 1481 2478 (cap.
1496 2444 1524 2466 r.
1535 2436 1565 2466 et
1578 2431 1640 2475 2.),

86 2489 291 2523 «homines
314 2487 550 2521 exercitantes
580 2498 617 2521 se
644 2487 681 2520 in
697 2487 877 2535 'operibus
906 2486 1121 2533 perveniunt
1143 2486 1186 2519 ad
1209 2485 1348 2531 aliquos
1376 2484 1531 2526 habitus,
1554 2495 1645 2530 quos

84 2553 168 2577 cum
190 2541 431 2587 acquisierint,
459 2540 608 2574 eosdem
638 2548 737 2574 actus
767 2540 925 2574 maxime
954 2548 1105 2586 possunt
1134 2539 1276 2584 operari
1296 2551 1337 2581 »3
1368 2539 1417 2572 sic
1447 2549 1534 2583 ergo
1567 2538 1647 2571 obe-

84 2594 228 2637 diendo,
254 2594 306 2628 illi
332 2594 392 2640 qui
418 2605 493 2627 non
515 2601 597 2627 sunt
617 2592 878 2639 perfectionem
907 2593 1036 2639 adepti,
1065 2592 1108 2626 ad
1135 2591 1395 2638 perfectionem
1416 2591 1646 2638 perveniunt:

82 2648 134 2682 illi
156 2655 277 2682 autem
299 2647 359 2693 qui
379 2647 453 2692 jam
475 2654 557 2680 sunt
577 2645 840 2692 perfectionem
863 2646 991 2692 adepti,
1019 2647 1176 2679 maxime
1202 2645 1361 2691 prompti
1386 2652 1469 2678 sunt
1495 2644 1539 2678 ad
1565 2643 1647 2677 obe-

83 2701 267 2743 diendum,
281 2711 355 2734 non
370 2699 471 2746 quasi
491 2699 691 2745 indigentes
712 2700 816 2745 dirigi
839 2700 881 2733 ad
903 2699 1164 2745 perfectionem
1179 2697 1449 2744 acquirendam,
1464 2697 1526 2731 sed
1542 2697 1645 2743 quasi

83 2765 145 2801 per
163 2754 237 2788 hoc
259 2765 297 2787 se
319 2760 575 2787 conservantes
595 2752 633 2786 in
655 2763 711 2794 eo,
734 2752 830 2798 quod
853 2752 897 2786 ad
918 2751 1178 2798 perfectionem
1199 2751 1362 2797 pertinet.

154 2807 215 2841 AD
243 2816 414 2841 TERTltJM
441 2805 646 2847 dicendum,
672 2805 769 2851 quod
795 2805 969 2851 subjectio
996 2805 1249 2851 religiosorum
1271 2802 1513 2850 principaliter
1535 2811 1646 2837 atten-

84 2859 178 2894 ditur
199 2860 243 2893 ad
264 2859 477 2905 Episcopos,
499 2859 560 2904 qui
578 2866 835 2904 comparantur
857 2858 901 2892 ad
924 2869 998 2900 eos,
1025 2858 1117 2892 sicut
1137 2856 1356 2903 perfectores
1384 2857 1428 2891 ad
1449 2856 1642 2903 perfectos,

84 2921 123 2948 ut
142 2920 242 2959 patet
261 2924 325 2959 per
342 2913 495 2958 Dionys.
514 2911 547 2946 6.
570 2923 646 2958 cap.
666 2911 764 2946 Eccl.
779 2911 891 2953 Hier.‚
913 2911 973 2945 ubi
992 2911 1100 2945 etiam
1115 2910 1211 2953 dicit,
1227 2910 1323 2956 quod
1344 2924 1362 2942 «
1378 2910 1645 2944 monachorum
