1859 3122
179 141 261 184 862
499 155 720 188 QUAESTIO
756 155 935 184 CXXVIII.
969 156 1212 185 ARTICULUS
1245 156 1420 186 UNICUS.

176 246 239 280 per
260 234 443 276 fiduciam,
463 246 553 285 quae
572 246 667 269 nunc
690 235 835 280 ponitur
852 234 1072 270 fortitudinis
1085 247 1177 281 pars,
1192 236 1307 270 homo
1322 237 1430 271 habet
1444 248 1545 283 spern
1559 237 1596 270 in
1611 236 1741 282 seipSO,

176 297 301 322 tamen
323 288 386 321 sub
408 288 501 321 Deo.

246 341 306 374 AD
330 351 501 375 TERTHJM
523 341 729 383 dicendum,
752 342 848 387 quod
872 353 1119 388 quascumque
1140 353 1196 376 res
1223 353 1375 388 magnas
1409 342 1569 388 aggredi,
1601 343 1742 377 videtur

176 393 421 440 periculosum
444 405 539 428 esse:
563 394 646 440 quia
667 395 703 428 in
725 395 780 428 his
803 395 955 429 deficere
979 403 1031 429 est
1051 394 1156 429 valde
1178 395 1370 437 nocivum3
1392 396 1487 429 unde
1507 396 1648 430 etiarnsi
1667 407 1740 429 rna-

178 446 396 492 gnificentia,
420 455 454 481 et
475 447 605 481 fiducia
628 447 723 481 circa
745 459 996 493 quaecumque
1033 448 1101 481 alia
1135 459 1269 494 magna
1303 449 1497 494 operanda,
1529 448 1587 482 vel
1621 459 1744 494 aggre-

177 499 307 534 dienda
328 509 520 545 ponantur,
542 500 677 534 habent
698 501 895 546 quamdam
917 500 1129 535 affinitatem
1151 513 1234 535 cum
1256 500 1464 535 fortitudine
1487 501 1627 535 ratione
1653 501 1743 547 peri-

176 553 247 588 culi
267 554 502 588 imminentis.

247 607 307 641 AD
330 618 519 646 QUARTUM
541 608 748 650 dicendum,
763 608 859 654 quod
874 609 1046 654 patientia
1059 620 1133 643 non
1149 608 1268 642 solum
1283 609 1415 655 patitur
1429 607 1587 654 pericula
1606 609 1744 650 mortis,

177 660 272 694 circa
294 672 385 706 quae
408 669 461 695 est
482 661 666 704 fortitudo,
689 662 823 708 absque
844 662 1149 708 superabundanti
1170 662 1322 704 tristitia,
1344 662 1407 696 sed
1426 662 1535 696 etiam
1553 672 1746 707 quaecum-

177 725 246 759 que
268 713 337 747 alia
359 713 530 756 difficilia,
551 715 625 749 sive
648 715 867 761 periculosa:
891 724 926 749 et
946 715 1147 749 secundum
1168 715 1239 749 hoc
1263 715 1407 760 ponitur
1434 715 1546 749 virtus
1577 715 1745 760 adjuncta

177 766 392 801 fortitudini:
415 769 629 813 inquantum
652 776 773 803 autem
796 776 848 802 est
871 769 963 803 circa
995 768 1153 815 pericula
1186 769 1324 811 mortis,
1359 776 1413 802 est
1445 779 1527 814 pars
1560 766 1745 813 integralis

177 821 298 866 ipsius.

249 874 308 908 AD
332 885 512 913 QUtNTUM
541 874 746 916 dicendum,
769 875 865 921 quod
887 877 1164 921 perseverantia,
1187 875 1388 909 secundum
1410 875 1507 921 quod
1529 874 1615 908 dicit
1636 874 1746 908 conti-

178 927 354 961 nuitatem
368 928 455 961 boni
477 928 595 974 operis
610 939 723 974 usque
738 928 773 962 in
788 928 910 970 finem,
926 929 1197 963 circumstantia
1219 929 1337 963 omnis
1352 928 1491 962 virtutis
1510 939 1588 962 esse
1606 934 1744 974 potest;

178 981 322 1026 ponitur
344 989 464 1015 autem
486 992 567 1027 pars
588 980 818 1024 fortitudinis,
840 981 1041 1015 secundum
1064 982 1160 1028 quod
1183 981 1319 1015 dictum
1342 989 1395 1015 est
1416 982 1468 1026 (in
1487 987 1575 1027 corp.
1599 980 1695 1025 art).

250 1035 310 1068 AD
337 1045 489 1069 SEXTCM
512 1035 718 1076 dicendum,
741 1035 837 1080 quod
858 1035 1067 1069 Macrobius
1089 1035 1190 1080 ponit
1212 1044 1366 1081 quatuor
1386 1034 1569 1081 praedicta
1584 1045 1604 1067 a
1620 1032 1744 1067 Tullio

178 1088 307 1133 posita,
330 1087 676 1133 scilicetzfidnciam‚
701 1089 995 1134 magnificentiam,
1020 1089 1243 1130 tolerantiam,
1264 1099 1373 1134 quarn
1395 1087 1497 1133 ponit
1518 1086 1602 1121 loco
1619 1088 1746 1133 patien-

179 1142 253 1183 tiae,
277 1150 311 1175 et
330 1142 534 1184 firmitatum,
551 1153 660 1187 quarn
678 1143 779 1187 ponit
801 1141 884 1175 loco
902 1143 1181 1188 perseverantiae:
1197 1141 1402 1187 superaddit
1425 1148 1546 1174 autem
1564 1140 1643 1181 tria,
1663 1150 1748 1186 quo-

179 1206 258 1228 rum
281 1195 364 1236 duo,
386 1194 542 1229 scilicet:
567 1195 835 1240 magnanimitas,
852 1202 886 1228 et
898 1196 1064 1235 securitas,
1089 1206 1108 1228 a
1125 1193 1249 1227 Tullio
1272 1194 1334 1228 sub
1362 1193 1482 1235 fiducia
1510 1193 1748 1239 comprehen-

180 1248 326 1281 duntur:
350 1248 411 1281 sed
434 1248 640 1282 Macrobius
663 1248 779 1293 magis
801 1259 864 1292 per
885 1248 1056 1293 specialia
1083 1247 1287 1292 distinguit:
1310 1258 1395 1280 narn
1417 1246 1549 1280 fiducia
1577 1246 1748 1292 importat

180 1312 281 1347 spem
308 1301 467 1334 hominis
495 1301 538 1334 ad
566 1312 718 1346 magna:
742 1312 822 1345 spes
846 1309 965 1334 autem
988 1300 1177 1345 cujuslibet
1199 1301 1249 1334 rei
1271 1300 1527 1346 praesupponit
1549 1299 1748 1345 appetitum

179 1354 215 1388 in
238 1365 369 1399 magna
392 1362 603 1399 protensum
624 1365 686 1400 per
708 1354 936 1395 desiderium,
960 1354 1056 1399 quod
1079 1355 1232 1399 pertinet
1255 1353 1297 1386 ad
1320 1353 1678 1398 magnanimitatem:
1701 1352 1749 1385 di-

183 1414 282 1440 ctum
305 1415 357 1440 est
379 1407 476 1440 enim
499 1418 605 1452 supra
628 1411 704 1450 (1-2.
727 1418 756 1452 q.
779 1418 835 1451 40.
859 1412 923 1441 art.
948 1408 1005 1452 7.)‚
1022 1407 1117 1452 quod
1141 1417 1221 1452 spes
1244 1406 1501 1452 praesupponit
1523 1416 1700 1447 amorem,
1715 1412 1749 1439 et

182 1459 400 1494 desiderium
422 1460 473 1494 rei
495 1468 667 1506 speratae,
695 1460 754 1494 vel
775 1468 894 1505 potest
914 1459 1044 1494 melius
1067 1459 1148 1501 dici,
1171 1459 1267 1505 quod
1286 1459 1418 1492 fiducia
1439 1459 1592 1504 pertinet
1610 1458 1653 1492 ad
1673 1458 1749 1504 spei

183 1514 454 1548 certitudinem:
479 1514 759 1559 magnanimitas
787 1522 908 1548 autem
932 1514 975 1547 ad
997 1514 1287 1560 magnitudinem
1309 1515 1359 1548 rei
1381 1521 1563 1559 speratae:
1586 1524 1666 1559 spes
1693 1524 1751 1547 au-

180 1575 254 1601 tem
276 1566 380 1600 firma
402 1578 479 1601 esse
501 1578 575 1601 non
597 1575 726 1613 potest,
740 1567 808 1601 nisi
827 1574 1039 1601 amoveatur
1061 1567 1302 1601 contrarium:
1326 1567 1544 1612 quandoque
1566 1567 1663 1600 enim
1691 1566 1751 1600 ali-

182 1620 271 1666 quis,
294 1628 470 1666 quantum
492 1632 534 1654 ex
555 1621 674 1666 seipso
695 1628 758 1663 est,
777 1629 937 1666 speraret
959 1619 1112 1666 aliquid3
1134 1620 1196 1655 sed
1219 1632 1299 1666 spes
1320 1620 1458 1654 tollitur
1475 1628 1620 1666 propter
1640 1620 1751 1666 irnpe-

182 1673 385 1708 dimentum
417 1674 577 1708 timoris:
605 1675 715 1708 timor
742 1674 839 1708 enirn
873 1674 1148 1720 quodammodo
1183 1674 1257 1719 spei
1292 1673 1542 1714 contrariatur,
1572 1681 1611 1707 ut
1644 1684 1750 1719 supra

182 1727 344 1761 habitum
379 1736 431 1761 est
461 1728 540 1772 (1-2.
563 1740 593 1773 q.
615 1739 671 1771 40.
694 1733 756 1762 art.
779 1739 811 1772 4.
834 1727 875 1761 ad
900 1729 966 1772 J.),·
996 1735 1030 1761 et
1050 1727 1133 1761 ideo
1156 1727 1362 1761 Macrobius
1390 1727 1505 1761 addit:
1527 1727 1749 1768 securitatem,

183 1791 274 1826 quae
297 1780 454 1814 excludit
478 1781 668 1823 timorem3
695 1782 826 1815 tertium
854 1789 975 1814 autem
1003 1781 1110 1822 addit,
1138 1780 1293 1815 scilicet:
1312 1781 1544 1822 constantiam,
1567 1791 1658 1826 quae
1685 1779 1749 1813 sub

183 1833 452 1879 magnificentia
475 1834 735 1880 comprehendi
756 1843 892 1880 potest:
916 1842 1059 1880 oportet
1081 1834 1178 1867 enim
1200 1834 1236 1867 in
1258 1834 1325 1875 his,
1353 1845 1444 1880 quae
1472 1833 1666 1879 magnifice
1689 1832 1749 1867 ali-

182 1887 260 1933 quis
286 1886 382 1929 facit,
410 1896 638 1922 constantem
666 1888 828 1921 animum
854 1888 1006 1930 habere;
1029 1896 1063 1922 et
1088 1888 1170 1922 ideo
1194 1887 1337 1921 Tullius
1365 1887 1408 1921 ad
1436 1886 1748 1933 magnificentiam

182 1941 358 1987 pertinere
373 1941 458 1974 dicit
472 1953 545 1975 non
561 1940 679 1975 solum
694 1941 1044 1975 administrationem
1059 1953 1179 1975 rerum
1194 1952 1423 1987 magnarum,
1439 1941 1500 1974 sed
1515 1940 1623 1974 etiam
1641 1940 1752 1973 animi

185 1994 345 2039 amplam
367 1995 674 2040 excogitationem
695 1995 874 2040 ipsarum:
895 2003 1013 2039 potest
1031 1995 1139 2029 etiam
1160 1994 1362 2028 constantia
1383 1994 1425 2028 ad
1445 1993 1750 2039 perseverantiam

184 2047 374 2093 pertinere,
393 2055 430 2080 ut
448 2059 681 2093 perseverans
703 2048 841 2082 dicatur
864 2048 992 2094 aliquis
1015 2059 1056 2082 ex
1079 2059 1122 2082 eo
1146 2048 1242 2093 quod
1265 2059 1338 2081 non
1358 2047 1495 2081 desistit
1517 2054 1661 2093 propter
1679 2046 1752 2080 diu—

184 2101 409 2143 turnitatem;
433 2111 603 2135 constans
627 2110 747 2136 autem
767 2113 808 2135 ex
827 2113 870 2136 eo
890 2102 986 2148 quod
1001 2113 1075 2136 non
1092 2102 1229 2136 desistit
1247 2109 1394 2148 propter
1412 2111 1662 2147 quaecumque
1683 2099 1752 2133 alia

186 2155 439 2200 repugnantia:
462 2154 523 2188 illa
547 2155 667 2197 etiarn,
687 2166 777 2201 quae
793 2155 1025 2189 Andronicus
1039 2155 1150 2201 ponit,
1167 2155 1209 2189 ad
1230 2155 1359 2189 eadem
1377 2156 1554 2201 pertinere
1568 2154 1750 2187 videntur:

186 2208 287 2254 ponit
310 2210 405 2242 enim
422 2210 717 2254 persarwantiam,
734 2217 768 2242 et
790 2210 1068 2254 magnfficontianz
1092 2220 1175 2242 cum
1196 2207 1332 2249 Tullio,
1348 2216 1382 2242 et
1397 2207 1597 2248 Macmbio,
1618 2217 1752 2252 magna-

186 2263 367 2296 nimitatem
397 2270 517 2296 autem
545 2273 628 2296 cum
654 2261 860 2295 MacrobiO:
889 2262 976 2295 lania
999 2270 1119 2295 autern
1147 2269 1200 2295 est
1225 2261 1333 2303 idem,
1361 2261 1458 2306 quod
1484 2260 1667 2306 patientia,
1693 2258 1752 2293 vel

186 2314 395 2349 tolerantia:
420 2315 505 2349 dicit
526 2315 635 2356 enim,
658 2315 753 2360 quod
778 2327 796 2346 «
818 2314 913 2348 lenia
935 2323 988 2348 est
1013 2314 1155 2348 habitus
1182 2322 1369 2361 promptus
1390 2314 1542 2348 tributus
1565 2314 1608 2347 ad
1627 2312 1752 2347 conari

187 2368 305 2414 qualia
328 2377 482 2414 oportet,
505 2376 539 2402 et
568 2368 741 2402 sustinere
769 2379 860 2413 quae
888 2368 978 2401 ratio
1002 2368 1088 2401 dicit
1108 2380 1148 2410 »3
1170 2368 1344 2414 echsycln'a
1373 2375 1505 2408 autem,
1533 2366 1626 2400 idest
1655 2366 1750 2399 bona

188 2422 410 2463 animositas,
431 2421 527 2455 idem
548 2421 689 2454 videtur
723 2431 800 2454 esse
834 2420 930 2466 quod
952 2423 1129 2455 securitas:
1153 2421 1238 2454 dicit
1268 2422 1376 2462 enim,
1409 2420 1504 2466 thd
1528 2428 1580 2453 θεῖ
1605 2432 1622 2450 (ι
1646 2419 1752 2452 robur

188 2475 330 2508 animae
362 2475 405 2508 ad
440 2473 698 2521 perficiendum
726 2484 835 2518 opera
862 2474 972 2519 ipsius
1000 2485 1039 2506 »z
1066 2474 1213 2508 virilitas
1239 2481 1359 2507 autem
1385 2473 1525 2506 videtur
1551 2472 1648 2506 idem
1675 2482 1752 2506 esse

187 2528 283 2574 quod
304 2527 440 2570 fidncia:
463 2527 548 2561 dicit
570 2527 678 2568 enim,
702 2526 798 2572 quod
817 2526 992 2560 «virilitas
1013 2535 1065 2560 est
1082 2527 1224 2560 habitus
1246 2538 1309 2572 per
1331 2537 1368 2560 se
1390 2525 1583 2567 sufficiens,
1601 2525 1752 2558 tributus

186 2581 222 2614 in
244 2581 300 2615 his
322 2593 413 2627 quae
436 2580 636 2615 secundum
662 2580 830 2613 virtutem
858 2588 939 2613 sunt
961 2591 1000 2612 »2
1024 2581 1286 2625 magnificentiae
1313 2587 1434 2613 autem
1461 2578 1557 2612 addit
1591 2577 1753 2622 andraga-

189 2634 304 2676 thium,
327 2634 428 2679 quasi
450 2633 591 2667 virilem
617 2633 828 2674 bonitatem,
856 2644 947 2677 quae
971 2633 1062 2677 apud
1086 2644 1152 2666 nos
1173 2634 1346 2667 strenuitas
1367 2640 1485 2677 potest
1507 2631 1595 2665 dici:
1621 2630 1663 2664 ad
1685 2641 1753 2664 ma-

185 2687 409 2732 gnificentiam
434 2695 554 2720 autem
577 2686 739 2732 pertinet,
761 2697 835 2719 non
862 2684 982 2719 solum
1010 2686 1106 2731 quod
1132 2686 1248 2719 homo
1275 2685 1447 2719 consistat
1475 2685 1511 2718 in
1542 2684 1752 2718 executione

187 2751 407 2784 magnorum
430 2751 593 2785 operum,
619 2739 716 2785 quod
743 2739 896 2784 pertinet
919 2738 961 2771 ad
985 2739 1239 2780 constantiam,
1267 2738 1328 2772 sed
1358 2739 1466 2772 etiam
1490 2749 1571 2771 cum
1596 2736 1752 2782 quadam

187 2793 278 2826 virili
302 2793 500 2839 prudentia,
524 2802 557 2826 et
579 2792 807 2826 solicitudine
831 2803 871 2824 ca
895 2799 1099 2836 exequatur,
1123 2792 1218 2837 quod
1242 2791 1394 2837 pertinet
1417 2791 1459 2824 ad
1482 2789 1751 2835 czrzdragathiam,

189 2846 262 2879 sive
284 2848 522 2886 stmuaitatmu
547 2846 639 2879 unde
675 2845 770 2886 dicit,
793 2844 888 2890 quod
917 2844 1151 2889 andragathia
1178 2857 1194 2875 «
1218 2852 1270 2878 θεῖ
1296 2844 1361 2877 viri
1386 2844 1497 2877 virtus
1524 2841 1752 2876 adinventiva

1857 2850 1859 2862 -
1851 2797 1859 2845 -.22
1844 2618 1859 2792 musi-‚-
1845 2520 1859 2612 ‘in-U?
1843 2486 1846 2492 “
