1859 3122
477 179 696 215 QUAESTIO
730 178 864 207 XXXII.
898 177 1141 206 ARTICULUS
1174 175 1248 205 VII.
1568 163 1651 217 269

98 261 269 303 obstricti,
288 269 453 296 tenentur
471 260 718 295 universaliter
741 259 782 293 ad
799 258 1073 300 restitutionem,
1089 257 1147 303 qui
1164 257 1365 291 lucrantur:
1382 255 1447 289 nisi
1464 254 1554 289 forte
1573 267 1656 288 con-

97 317 203 349 traria
232 316 457 349 consuetudo
492 313 716 361 praevaleat3
745 321 804 347 aut
830 313 898 346 nisi
926 312 1053 357 aliquis
1075 311 1233 345 lucratus
1256 310 1299 345 sit
1322 310 1363 343 ab
1392 321 1447 351 eo,
1470 309 1529 355 qui
1551 309 1656 342 traxit

97 380 178 402 eum
202 369 244 402 ad
267 368 411 402 ludum:
435 369 469 402 in
492 379 563 414 quo
581 379 664 402 casu
687 378 760 400 non
782 374 923 400 tenetur
945 366 1150 408 restituere3
1167 365 1248 410 quia
1272 364 1330 398 ille
1347 364 1407 410 qui
1430 363 1560 405 amisit,
1581 374 1654 396 non

97 431 149 456 cst
163 422 290 468 dignus
306 423 476 468 recipere,
498 433 563 456 nec
581 428 698 467 potest
719 420 815 453 licite
836 419 998 460 retinere,
1020 418 1082 452 tali
1103 420 1179 464 jure
1195 418 1350 464 positivo
1371 417 1538 459 durante3
1561 416 1655 450 unde

96 476 200 510 debet
221 476 349 510 dehoc
373 475 644 521 eleemosynam
666 473 785 508 facere
808 473 843 506 in
865 473 936 506 hoc
954 484 1049 506 casu.

167 529 226 563 AD
249 539 421 564 TERTIUM
443 527 647 570 dicendum,
670 527 767 573 quod
794 527 829 560 in
853 537 937 560 casu
973 534 1154 560 extremae
1176 524 1400 559 necessitatis
1430 523 1554 558 omnia
1576 530 1658 557 sunt

97 583 329 624 communia3
352 582 445 616 unde
467 581 551 616 licet
573 581 616 623 ei,
638 581 698 627 qui
719 579 829 614 talem
851 579 1104 614 necessitatem
1124 579 1267 625 patitur,
1287 578 1450 624 accipere
1472 577 1515 611 de
1538 576 1655 610 alieno

97 635 140 669 ad
163 636 216 670 sui
239 635 549 676 sustentationem,
572 634 601 668 si
621 645 696 668 non
723 633 882 667 inveniat
904 632 965 678 qui
986 632 1052 666 sibi
1075 632 1158 665 dare
1180 631 1281 665 velit:
1306 639 1338 664 et
1362 631 1489 665 eadem
1517 630 1656 663 ratione

95 689 180 723 licet
201 689 333 722 habere
356 688 488 734 aliquid
511 688 553 722 de
570 687 700 728 alieno,
715 695 750 721 et
763 695 882 733 potest
897 686 940 720 de
955 685 1026 719 hoc
1046 684 1319 731 eleemosynam
1339 684 1433 724 dare,
1453 683 1656 729 quinimmo

97 750 131 776 et
153 743 328 788 accipere,
350 742 378 776 si
401 742 501 775 aliter
515 741 704 775 subvenire
720 752 795 774 non
817 741 930 786 possit
950 739 1204 773 necessitatem
1218 738 1384 784 patienti:
1401 738 1429 771 si
1443 745 1565 771 tamen
1579 736 1657 770 fieri

96 804 213 842 potest
234 796 309 830 sine
331 794 504 842 periculo,
526 793 696 841 requisita
719 793 857 828 domini
877 792 1075 834 voluntate,
1098 792 1204 826 debet
1224 791 1372 838 pauperi
1387 791 1576 837 providere
1599 802 1657 824 ex-

95 857 251 883 tremam
273 850 525 883 necessitatem
546 847 706 894 patienti.

625 994 971 1039 ARTICULUS
1002 994 1126 1037 VIII.
1593 1014 1656 1050 192

186 1113 337 1145 UTRUM
364 1114 474 1154 ILLE,
504 1115 581 1149 QUI
608 1115 686 1144 EST
711 1116 755 1144 IN
783 1115 1043 1144 POTESTATE
1068 1113 1271 1155 ALICUJUS
1296 1112 1558 1151 CONSTITUS,

525 1181 675 1210 POSSIT
702 1181 1027 1210 ELEEMOSYNAM
1056 1180 1234 1209 FACERE.

239 1281 286 1326 (4.
308 1282 398 1316 Dist.
420 1291 464 1328 15.
480 1292 510 1327 q.
533 1293 563 1316 2.
586 1286 651 1316 art.
670 1293 699 1327 5.
715 1285 743 1316 et
761 1287 866 1327 opusc.
887 1291 933 1327 73.
956 1286 1027 1326 cap.
1049 1290 1098 1325 17.
1118 1284 1147 1314 et
1166 1278 1289 1324 Quodl.
1309 1291 1337 1326 3.
1353 1283 1417 1314 art.
1440 1278 1514 1325 15)-

165 1383 225 1417 AD
249 1393 437 1418 oc’rAVUM
452 1382 502 1417 sic
516 1382 732 1429 proceditur.
747 1381 910 1424 Videtur,
927 1381 1023 1428 quod
1037 1380 1109 1423 ille,
1125 1380 1185 1427 qui
1201 1388 1253 1414 est
1267 1380 1302 1414 in
1316 1387 1494 1426 potestate
1511 1378 1656 1413 alterius

97 1437 323 1478 constitutus,
339 1437 451 1482 possit
465 1435 736 1482 eleemosynam
749 1435 880 1478 facere;
895 1435 1055 1481 religiosi
1070 1435 1166 1468 enim
1177 1433 1302 1468 suntin
1315 1441 1491 1479 potestate
1506 1444 1656 1466 suorum

96 1489 352 1536 praelatorum,
374 1490 501 1536 quibus
524 1490 769 1524 obedientiam
789 1497 986 1524 voverunt:
1010 1489 1071 1523 sed
1093 1489 1122 1523 si
1145 1489 1194 1523 eis
1216 1499 1290 1522 non
1312 1488 1437 1522 liceret
1459 1487 1658 1532 eleemosy-

97 1554 181 1576 nam
201 1542 331 1585 facere,
346 1543 521 1577 damnum
535 1551 761 1589 reportarent
775 1555 817 1577 ex
836 1551 929 1577 statu
945 1542 1147 1588 religionis:
1168 1542 1262 1588 quia,
1281 1541 1374 1575 sicut
1388 1541 1558 1574 Ambros.
1573 1540 1658 1574 dicit

97 1597 183 1643 (sup.
206 1596 288 1630 illud
309 1609 336 1631 1.
359 1597 401 1630 ad
428 1597 571 1631 Timoth.
593 1608 625 1641 4.
640 1609 650 1632 .·
673 1598 780 1631 Pictas
801 1597 843 1631 ad
864 1597 976 1630 omnia
998 1596 1088 1630 utilis
1106 1596 1184 1641 cst).·
1210 1608 1227 1626 <c
1254 1595 1407 1628 Summa
1430 1594 1657 1628 Christianae

95 1649 280 1695 religionis
301 1650 337 1683 in
358 1650 490 1696 pietate
512 1650 675 1684 consistit
689 1663 721 1692 >),
740 1661 831 1696 quae
846 1650 1003 1683 maxime
1019 1661 1082 1695 per
1095 1648 1411 1695 eleemosynarum
1425 1647 1656 1694 largitionem

96 1703 391 1746 commendatur;
415 1715 501 1749 ergo
528 1703 592 1746 illi,
619 1704 680 1750 qui
706 1712 788 1738 sunt
820 1703 856 1737 in
888 1710 1066 1750 potestate
1099 1702 1244 1737 alterius
1279 1701 1475 1744 constituti,
1508 1708 1658 1747 possunt

96 1755 368 1803 eleemosynam
390 1756 520 1791 facere.

167 1820 198 1843 2.
222 1810 457 1844 PRAETEREA.
478 1810 579 1844 Uxor
601 1818 654 1844 est
675 1810 738 1844 sub
761 1817 939 1855 potestate
966 1809 1043 1852 viri,
1071 1817 1109 1843 ut
1135 1808 1264 1843 dicitur
1286 1808 1378 1843 Gen.
1409 1819 1457 1854 3.:
1480 1807 1541 1842 sed
1568 1818 1659 1841 uxor

95 1871 214 1909 potest
235 1863 509 1909 eleemosynam
530 1863 661 1905 facere,
686 1875 769 1897 cum
797 1871 1000 1897 assumatur
1025 1863 1061 1896 in
1087 1862 1153 1896 viri
1179 1862 1410 1903 societatem3
1438 1861 1532 1895 unde
1555 1869 1589 1895 et
1616 1861 1658 1894 de

94 1917 200 1951 beata
222 1916 333 1950 Lucia
352 1916 491 1958 dicitur,
515 1917 622 1963 quod,
644 1917 835 1963 ignorante
857 1928 1003 1963 sponso,
1026 1916 1278 1962 eleemosynas
1297 1915 1470 1957 faciebat;
1490 1925 1576 1960 ergo
1596 1925 1659 1960 per

94 1970 166 2004 hoc
194 1970 291 2015 quod
323 1969 450 2016 aliquis
482 1978 534 2005 est
564 1971 599 2004 in
622 1979 800 2017 potestate
827 1969 973 2005 alterius
1001 1970 1225 2012 constitutus,
1252 1980 1327 2003 non
1354 1969 1546 2015 impeditur
1573 1968 1658 2014 quin

95 2023 208 2070 possit
229 2023 483 2069 eleemosynas
506 2023 637 2058 facere.

170 2088 198 2123 3.
221 2076 457 2111 PRAETEREA.
472 2077 655 2111 Naturalis
671 2077 850 2124 quaedam
873 2077 1048 2122 subjectio
1064 2084 1115 2111 est
1129 2075 1288 2110 filiorum
1305 2076 1347 2109 ad
1366 2083 1549 2122 parentes;
1564 2074 1658 2108 unde

96 2130 223 2176 Apost.
247 2130 289 2163 ad
311 2129 402 2176 Eph.
425 2128 457 2164 6.
476 2130 579 2166 dicit:
601 2131 698 2174 Filii,
716 2131 838 2165 obedite
855 2132 1050 2177 parentibus
1070 2131 1185 2164 vestris
1206 2131 1241 2163 in
1256 2130 1428 2164 Domino:
1448 2129 1509 2162 sed
1531 2127 1606 2169 filii,
1621 2136 1658 2161 ut

95 2183 247 2225 videtur,
268 2191 419 2229 possunt
435 2184 478 2217 de
500 2184 605 2218 rebus
627 2192 817 2229 parentum
840 2183 1092 2230 eleemosynas
1118 2183 1255 2217 facere:
1279 2183 1362 2228 quia
1383 2190 1466 2216 sunt
1487 2181 1660 2228 quodam-

97 2237 209 2270 modo
230 2237 404 2282 ipsorum,
428 2248 511 2270 cum
533 2237 603 2272 sint
623 2238 816 2280 haeredes3
839 2246 874 2272 et
895 2238 977 2272 ideo
1001 2249 1083 2272 cum
1103 2237 1241 2283 possint
1255 2237 1304 2271 eis
1326 2237 1377 2271 uti
1399 2236 1442 2270 ad
1463 2247 1567 2270 usum
1585 2246 1660 2269 cor-

96 2290 206 2335 poris,
227 2289 342 2323 multo
365 2291 481 2336 magis
503 2291 644 2325 videtur
657 2291 754 2337 quod
776 2291 916 2337 possint
937 2291 987 2325 eis
1001 2291 1053 2325 uti
1068 2291 1320 2337 eleemosynas
1339 2290 1459 2324 dando
1481 2289 1525 2323 ad
1547 2299 1659 2322 reme-

97 2343 198 2377 dium
220 2343 363 2377 animae
385 2354 489 2386 suae3
513 2356 600 2390 ergo
622 2344 686 2387 illi,
709 2345 769 2391 qui
791 2352 873 2379 sunt
886 2345 923 2378 in
938 2351 1116 2391 potestate
1133 2344 1278 2378 alterius
1294 2343 1489 2385 constituti,
1508 2349 1658 2389 possunt

97 2395 349 2442 eleemosynas
371 2396 466 2431 dare.

167 2459 200 2492 4.
222 2449 457 2484 PRAETEREA.
481 2450 584 2484 Servi
605 2459 687 2485 sunt
705 2451 768 2485 sub
795 2459 973 2497 potestate
1000 2451 1246 2493 dominorum,
1274 2450 1473 2485 secundum
1500 2448 1586 2483 illud
1614 2447 1657 2481 ad

98 2501 225 2536 Titum
240 2513 290 2537 2.:
312 2503 429 2537 Servos
450 2503 590 2538 dominis
606 2506 671 2539 suis
690 2505 832 2539 subditos
848 2517 929 2540 esse:
952 2505 1036 2539 licet
1055 2513 1176 2539 autem
1192 2505 1241 2538 eis
1261 2504 1395 2550 aliquid
1416 2503 1452 2537 in
1467 2502 1658 2536 utilitatem

98 2556 238 2590 domini
258 2555 392 2590 facere:
416 2557 512 2602 quod
531 2558 689 2592 maxime
705 2558 754 2600 fit,
773 2559 801 2592 si
824 2570 888 2604 pro
911 2559 962 2592 eis
981 2558 1236 2604 eleemosynas
1258 2557 1473 2603 largiantur3
1493 2566 1579 2601 ergo
1594 2554 1658 2596 illi,

98 2609 159 2655 qui
180 2617 262 2643 sunt
282 2609 319 2642 in
341 2616 518 2655 potestate
541 2610 657 2645 aliena
681 2612 878 2654 constituti,
900 2620 1051 2658 possunt
1073 2611 1324 2657 eleemosynas
1346 2609 1477 2643 facere.

170 2662 244 2696 SED
267 2672 423 2697 CONTRA
445 2671 508 2705 est,
531 2664 628 2709 quod
651 2664 906 2711 eleemosynae
921 2676 995 2699 non
1018 2673 1100 2698 sunt
1118 2664 1304 2698 faciendae
1327 2663 1370 2696 de
1387 2662 1523 2704 alien03
1539 2662 1599 2696 sed
1615 2661 1657 2696 de

98 2715 199 2761 justis
221 2715 403 2749 laboribus
425 2717 576 2762 propriis
599 2718 842 2764 unusquisque
871 2718 1144 2764 eleemosynam
1166 2717 1284 2750 facere
1307 2716 1422 2757 debet,
1444 2723 1482 2749 ut
1504 2716 1656 2761 August.

99 2768 184 2802 dicit
205 2769 241 2802 in
262 2768 321 2802 lib.
345 2769 388 2803 de
406 2768 515 2804 Verb.
536 2769 647 2804 Dom.
670 2771 782 2815 (serm.
802 2783 846 2817 35.
870 2778 940 2817 cup.
963 2771 1034 2816 2.):
1057 2771 1119 2805 sed
1143 2770 1171 2804 si
1189 2769 1339 2814 subJecti
1361 2768 1438 2802 aliis
1461 2768 1659 2814 eleemosy-

98 2833 183 2855 nam
205 2821 374 2864 facerent,
395 2822 468 2856 hoc
488 2831 580 2857 esset
601 2823 644 2857 de
667 2823 803 2867 alien03
824 2836 909 2870 ergo
932 2824 995 2866 illi,
1018 2824 1079 2870 qui
1101 2831 1181 2858 sunt
1196 2823 1258 2857 sub
1279 2830 1454 2869 potestate
1474 2822 1657 2857 constituti

100 2874 268 2917 aliorum,
289 2886 363 2909 non
384 2884 535 2921 possunt
556 2875 829 2923 eleemosynam
851 2877 980 2912 facere.
