1859 3122
179 128 262 168 620
551 136 771 171 QUAESTIO
806 135 1000 164 LXXXVII.
1033 134 1276 165 ARTICULUS
1310 134 1371 164 ΙΙΙ.

246 220 305 253 AD
330 228 500 252 TERTmM
524 216 730 258 dicendum,
749 217 846 262 quod
873 216 965 250 sicut
985 227 1040 250 res
1061 215 1210 249 nomine
1237 215 1401 250 decimae
1428 223 1593 261 acceptas
1619 222 1738 261 potest

178 271 339 306 Ecclesia
362 270 469 304 alicui
481 269 576 304 laico
591 269 750 304 tradere:
773 270 822 303 ita
845 269 954 303 etiam
969 276 1087 316 potest
1101 269 1134 303 ei
1148 269 1360 310 concedere,
1375 277 1414 302 ut
1430 269 1564 302 dandas
1580 268 1738 302 decimas

176 325 244 370 ipsi
267 323 455 369 accipiant,
476 323 552 368 jure
576 322 779 367 accipiendi
799 322 970 356 ministris
996 321 1182 356 Ecclesiae
1209 328 1410 364 reservat03
1436 323 1503 356 siva
1529 333 1593 367 pro
1618 332 1740 355 neces-

177 378 279 411 sitate
302 375 498 417 Ecclesiae,
516 376 607 409 sicut
626 375 840 421 quibusdam
862 374 1034 409 militibus
1058 375 1221 409 decimae
1243 375 1416 408 debentur
1441 375 1477 408 in
1502 373 1649 408 feudum
1672 385 1734 420 per

176 430 379 464 Ecclesiam
395 440 589 463 concessae
603 441 611 471 ;
631 430 698 463 siva
718 428 827 462 etiam
843 428 886 462 ad
901 428 1177 462 subventionem
1191 439 1401 474 pauperum,
1420 427 1512 461 sicut
1526 427 1740 473 quibusdam

177 483 354 529 religiosis
376 482 488 524 laicis,
511 481 569 516 vel
589 493 664 515 non
685 481 899 515 habentibus
922 493 1046 515 curam
1074 481 1277 514 animarum
1301 480 1440 526 aliquae
1467 480 1630 514 decimae
1658 488 1740 514 sunt

177 546 372 570 concessae
395 547 458 581 per
480 534 633 569 modum
656 534 927 580 eleemosynae:
956 534 1169 580 quibusdam
1195 542 1319 568 tamen
1344 533 1537 579 Religiosis
1564 533 1737 579 competit

177 589 340 635 accipere
364 589 523 622 decimas
545 599 587 622 ex
609 599 664 631 eo,
686 588 783 634 quod
805 588 939 622 habent
960 599 1085 622 curam
1107 590 1321 622 animarum.

735 712 1081 756 ARTICULUS
1110 713 1184 755 IV.
1665 722 1738 770 469

356 821 508 851 UTRUM
539 820 676 850 ETIAM
709 821 880 850 CLERICI
914 821 1178 851 TENEANTUR
1210 820 1401 850 DECIMAs
1436 820 1564 849 DARE.

249 909 308 942 AD
332 918 520 947 QUARTUM
543 907 592 942 sic
616 907 832 953 proceditur.
854 907 1017 950 Videtur,
1039 908 1136 954 quod
1159 908 1267 942 etiarn
1299 907 1435 942 Clerici
1465 914 1654 941 teneantur
1687 906 1745 940 de-

179 962 292 996 cimas
315 962 417 995 dare:
441 961 523 1007 quia
546 961 589 994 de
611 962 687 1006 jure
711 960 899 995 communi
920 960 1084 995 Ecclesia
1105 960 1324 1007 parochialis
1358 960 1462 994 debet
1495 960 1654 1006 recipere
1688 959 1745 993 de-

179 1015 291 1049 cimas
313 1015 556 1060 praediorum,
579 1025 670 1060 quae
692 1014 728 1048 in
749 1014 929 1048 territorio
953 1015 1028 1060 ejus
1049 1023 1150 1048 sunt:
1174 1014 1352 1060 contingit
1373 1022 1494 1048 autem
1515 1012 1743 1059 quandoque,

178 1069 275 1114 quod
298 1068 433 1102 Clerici
453 1068 588 1101 habent
607 1068 643 1101 in
665 1067 845 1101 territorio
868 1067 1019 1113 alicujus
1033 1067 1251 1114 parochialis
1267 1067 1451 1101 Ecclesiae
1467 1066 1586 1112 aliqua
1600 1065 1745 1112 praedia

178 1121 343 1167 propria,
365 1121 425 1155 vel
446 1121 555 1154 etiam
578 1120 697 1166 aliqua
719 1121 788 1154 alia
809 1120 971 1154 Ecclesia
993 1121 1102 1155 habet
1122 1121 1171 1154 ibi
1192 1121 1439 1167 possessiones
1462 1119 1744 1161 ecclesiasticas;

180 1185 265 1220 ergo
288 1174 438 1215 videtur,
461 1173 557 1219 quod
583 1173 718 1207 Clerici
739 1182 928 1207 teneantur
950 1174 1034 1208 dare
1056 1173 1254 1218 praediales
1278 1174 1448 1208 decimas.

249 1237 281 1261 2.
308 1227 544 1261 PRAETEREA.
567 1226 691 1272 Aliqui
712 1226 888 1272 Religiosi
909 1235 990 1260 sunt
1014 1226 1159 1268 Clerici,
1182 1227 1240 1272 qui
1260 1235 1382 1260 tamen
1400 1234 1568 1260 tenentur
1586 1225 1670 1258 dare
1689 1224 1746 1258 de-

180 1281 293 1315 cimas
316 1279 486 1314 Ecclesiis
510 1279 648 1314 ratione
670 1280 913 1325 praediorum,
938 1291 1028 1325 quae
1051 1280 1160 1313 etiam
1181 1279 1348 1313 manibus
1370 1279 1521 1325 propriis
1552 1277 1739 1318 excolunt3

180 1345 266 1379 ergo
288 1333 440 1375 videtur,
463 1332 560 1378 quod
583 1332 718 1366 Clerici
738 1344 812 1366 non
833 1333 904 1366 sint
925 1333 1106 1367 immunes
1129 1345 1148 1366 a
1169 1333 1350 1366 solutione
1374 1332 1608 1366 decimarum.

256 1398 284 1432 3.
312 1386 548 1420 PRAETERfia.
573 1385 674 1419 Sicut
695 1386 804 1419 Num.
832 1386 883 1419 18.
906 1386 1132 1432 praecipitur,
1157 1387 1253 1431 quod
1276 1385 1423 1419 Levitae
1446 1396 1465 1418 a
1487 1383 1622 1430 populo
1653 1383 1745 1417 deci-

183 1451 260 1473 mas
283 1439 480 1485 accipiant3
502 1439 550 1472 ita
573 1439 682 1472 etiam
705 1438 931 1484 praecipitur,
955 1439 1051 1484 quod
1073 1439 1140 1485 ipsi
1162 1439 1246 1472 dent
1268 1439 1427 1472 decimas
1449 1448 1594 1472 summo
1625 1437 1747 1471 Sacer-

180 1493 274 1535 doti;
298 1503 384 1537 ergo
407 1503 477 1538 qua
499 1492 638 1525 ratione
660 1491 743 1525 laici
774 1492 903 1525 debent
933 1492 1016 1526 dare
1051 1493 1209 1526 decimas
1246 1492 1409 1533 Clericis,
1445 1492 1574 1525 eadem
1607 1490 1746 1524 ratione

180 1545 315 1580 Clerici
337 1545 467 1579 debent
487 1545 570 1579 dare
593 1545 752 1578 decimas
775 1556 919 1579 summo
942 1545 1121 1579 Pontifici.

249 1609 281 1642 4.
301 1599 538 1633 PRAETEREA.
555 1597 656 1632 Sicut
670 1597 833 1632 decimae
849 1598 978 1632 debent
994 1598 1120 1632 cedere
1136 1600 1170 1632 in
1186 1597 1484 1632 sustentationem
1500 1596 1746 1637 Clericorum3

180 1653 228 1687 ita
251 1653 361 1687 etiam
384 1652 514 1686 debent
536 1651 662 1685 cedere
685 1651 721 1684 in
743 1651 1019 1685 subventionem
1042 1662 1259 1697 pauperum,
1294 1651 1323 1685 si
1356 1662 1442 1696 ergo
1478 1649 1613 1684 Clerici
1645 1660 1748 1683 excu-

179 1714 302 1740 santur
325 1717 343 1738 a
367 1704 549 1738 solutione
572 1704 808 1746 decimarum,
831 1704 908 1750 pari
928 1704 1068 1738 ratione
1090 1712 1305 1738 excusantur
1327 1712 1361 1738 et
1381 1714 1572 1750 pauperes:
1594 1703 1666 1736 hoc
1689 1713 1746 1736 au-

178 1767 253 1793 tem
277 1766 330 1793 est
349 1757 500 1800 falsum3
523 1768 611 1803 ergo
634 1766 668 1791 et
689 1757 858 1803 primum.

253 1812 327 1846 SED
350 1822 505 1846 CONTRA
528 1818 591 1853 est,
633 1811 730 1856 quod
752 1810 838 1844 dicit
859 1810 1060 1844 Decretalis
1082 1810 1267 1844 Paschalis
1289 1810 1332 1844 ΙΙ.
1354 1810 1474 1856 Papae
1505 1809 1605 1853 (inter
1617 1809 1746 1855 fragm.

180 1867 271 1912 epist.
294 1864 392 1910 ejusd.
421 1870 498 1898 tom.
520 1876 571 1899 10.
601 1863 727 1898 Concil.
754 1869 781 1897 εἰ
802 1864 877 1898 hill).
899 1870 971 1910 cap.
994 1875 1024 1898 2.
1051 1863 1086 1898 da
1108 1865 1269 1906 Decium,
1297 1863 1388 1908 etc.):
1415 1876 1433 1895 «
1453 1863 1602 1896 Novum
1633 1872 1746 1908 genus

181 1918 378 1953 exactionis
401 1925 464 1958 est,
486 1925 524 1951 ut
547 1916 682 1951 Clerici
704 1928 722 1950 a
746 1916 898 1950 Clericis
921 1917 1081 1951 decimas
1105 1917 1248 1962 exigant
1269 1931 1301 1950 )).

252 1971 481 2005 RESPONDEO
505 1970 712 2011 dicendum,
735 1970 831 2015 quod
853 1970 950 2003 idern
972 1981 1046 2004 non
1075 1978 1192 2016 potest
1226 1981 1302 2004 esse
1338 1980 1446 2003 causa
1479 1968 1588 2002 dandi
1609 1976 1643 2002 et
1664 1967 1749 2001 reci-

182 2025 313 2071 piendi,
336 2025 427 2058 sicut
448 2036 514 2058 nec
538 2035 646 2058 causa
669 2023 800 2069 agendi
819 2031 854 2058 et
871 2024 1044 2069 patiendi:
1066 2024 1243 2069 contingit
1258 2032 1379 2057 autem
1394 2034 1436 2057 ex
1452 2022 1599 2056 diversis
1619 2021 1746 2061 causis,

182 2086 217 2112 et
237 2085 400 2123 respectu
423 2077 658 2118 diversorum,
681 2077 850 2111 eumdem
874 2088 949 2110 esse
972 2076 1118 2111 dantem
1141 2084 1174 2110 et
1197 2077 1442 2122 recipientem,
1458 2076 1550 2109 sicut
1577 2081 1746 2120 agentern

184 2140 218 2165 et
238 2131 452 2177 patientem:
477 2129 616 2164 clericis
639 2138 770 2171 autem,
793 2130 1007 2175 inquantum
1029 2138 1111 2164 sunt
1133 2130 1286 2164 ministri
1309 2130 1440 2171 altaris,
1463 2128 1660 2175 spiritualia
1682 2137 1745 2173 po-

183 2184 268 2231 pulo
291 2184 522 2225 seminantes,
544 2183 707 2217 decimae
730 2195 749 2217 a
772 2183 934 2217 fidelibus
950 2183 1139 2225 debentur,
1156 2184 1249 2217 unde
1264 2183 1353 2217 tales
1369 2182 1516 2224 Clerici,
1530 2182 1745 2228 inquantum

185 2237 320 2272 Clerici
341 2245 434 2279 sunt,
468 2237 560 2271 idest
588 2237 802 2283 inquantum
833 2237 967 2271 habent
1001 2236 1263 2271 ecclesiasticas
1297 2236 1554 2283 possessiones,
1586 2234 1745 2268 decimas

184 2291 324 2325 solvere
347 2301 420 2324 non
443 2298 628 2324 tenentur:
652 2302 691 2323 ex
716 2290 783 2323 alia
806 2301 891 2324 vero
915 2301 1034 2332 causa,
1050 2290 1187 2324 scilicet
1201 2298 1346 2336 propter
1360 2290 1430 2323 hoc
1447 2289 1544 2335 quod
1562 2287 1748 2334 possident

184 2345 328 2390 proprio
351 2345 438 2389 jure,
460 2342 518 2377 vel
540 2354 582 2376 ex
604 2344 833 2377 successione
857 2352 1057 2388 parentum,
1078 2343 1137 2377 vel
1160 2355 1201 2377 ex
1224 2343 1418 2389 emptione,
1440 2341 1498 2376 vel
1516 2350 1747 2388 quocumque

184 2397 394 2443 hujusmodi
416 2396 538 2438 modo,
561 2404 642 2430 sunt
664 2396 706 2429 ad
731 2396 890 2430 decimas
913 2396 1104 2430 solvendas
1127 2396 1288 2441 obligati.

255 2450 360 2484 Unde
384 2457 480 2495 patet
501 2449 688 2494 responsio
711 2460 760 2482 Ar)
787 2460 954 2483 PRIMUM:
979 2449 1060 2494 quia
1084 2449 1219 2483 Clerici
1254 2449 1296 2483 de
1330 2448 1481 2495 propriis
1514 2446 1666 2493 praediis
1702 2453 1749 2479 te-

184 2511 314 2537 nentur
336 2503 475 2537 solvere
498 2502 657 2536 decimas
680 2502 879 2547 parochiali
902 2502 1098 2544 Ecclesiae,
1130 2502 1222 2536 sicut
1243 2510 1277 2536 et
1299 2501 1369 2543 alii,
1405 2501 1546 2535 etiarnsi
1579 2499 1645 2546 ipsi
1679 2499 1749 2543 sint

185 2556 348 2601 ejusdem
370 2555 554 2590 Ecclesiae
578 2554 729 2589 Clerici:
753 2555 835 2600 quia
858 2555 953 2588 aliud
978 2563 1030 2589 est
1051 2556 1183 2589 habere
1219 2555 1352 2601 aliquid
1375 2563 1413 2588 ut
1433 2554 1629 2600 proprium,
1651 2551 1746 2586 aliud

187 2617 225 2643 ut
247 2621 464 2643 commune:
488 2608 631 2654 praedia
654 2619 740 2641 vero
763 2607 948 2641 Ecclesiae
971 2620 1044 2642 non
1068 2617 1149 2642 sunt
1177 2609 1219 2642 ad
1254 2608 1413 2642 decimas
1439 2605 1630 2641 solvendas
1665 2603 1749 2639 obli-

187 2671 279 2708 gata,
303 2662 442 2696 etiamsi
466 2664 535 2696 sint
556 2661 647 2695 infra
667 2661 842 2694 terminos
865 2660 1008 2694 alterius
1031 2662 1236 2707 parochiae.

258 2716 317 2749 AD
341 2726 546 2749 SECUNDUM
569 2714 774 2755 dicendum,
797 2714 893 2759 quod
925 2714 1112 2758 Religiosi‚
1146 2715 1206 2760 qui
1240 2722 1321 2747 sunt
1355 2713 1499 2754 Clerici,
1533 2712 1562 2746 si
1594 2710 1750 2744 habeant

187 2780 311 2802 curam
335 2769 550 2810 animarum,
573 2767 769 2813 spiritualia
785 2766 920 2813 populo
935 2767 1193 2812 dispensantes,
1208 2779 1280 2800 non
1296 2774 1462 2800 tenentur
1476 2766 1634 2799 decimas
1654 2764 1748 2803 dare,

186 2822 248 2856 sed
271 2830 421 2868 possunt
448 2834 506 2856 eas
529 2822 707 2868 recipere:
743 2821 785 2855 de
809 2820 885 2854 aliis
907 2832 992 2854 vcro
1015 2820 1219 2866 Religiosis‚
1255 2820 1396 2854 etiamsi
1417 2819 1486 2853 sint
1509 2817 1654 2859 Clerici,
1690 2817 1750 2862 qui
