1859 3122
461 182 682 219 QUAESTIO
717 181 874 212 CLXXV.
908 178 1153 210 ARTICULUS
1186 177 1230 206 ΙΙ.
1509 174 1617 216 1139

639 332 983 378 ARTICULUS
1022 331 1078 374 Π.
1555 339 1619 385 835

141 437 292 467 UTRUM
325 436 490 466 RAPTUS
524 437 655 466 MAGIS
682 436 926 466 PERTINEAT
960 435 1016 463 AD
1050 433 1129 462 VIM
1161 431 1542 470 COGNOSCITIVAM,

505 502 631 537 QUAM
662 502 721 531 AD
756 501 833 530 VIM
865 498 1173 529 APPETITIVAM.

135 583 195 618 AD
211 594 419 618 SECUNDUM
434 583 484 618 sic
499 583 716 629 proceditur.
730 582 895 624 Videtur,
916 581 1012 628 quod
1035 588 1155 626 raptus
1169 578 1285 625 magis
1300 577 1476 624 pertineat
1494 576 1538 611 ad
1551 576 1626 611 vim

63 637 310 684 appetitivam,
325 648 434 683 quam
454 637 497 670 ad
512 637 585 670 vim
603 636 907 682 cognoscitivam:
932 635 1017 668 dicit
1038 634 1134 668 enim
1152 633 1305 678 Dionys.
1327 641 1360 674 4.
1383 643 1460 677 cap.
1480 630 1523 664 de
1543 630 1627 664 Div.

60 690 171 725 Nom.
198 691 302 737 (part.
327 703 353 725 1.
382 690 449 725 lect.
477 691 568 735 10.):
595 691 653 725 Est
678 695 785 724 autam
811 690 947 724 extasim
968 689 1096 734 faciens
1121 687 1254 720 divinus
1279 697 1397 720 amor:
1432 684 1493 719 sed
1521 694 1624 718 amor

61 744 214 790 pertinet
235 743 278 777 ad
299 744 374 777 vim
398 744 647 789 appetitivam3
671 754 756 789 ergo
780 750 814 776 et
835 742 976 784 extasis,
998 741 1072 775 sive
1094 748 1227 786 raptus.

136 807 168 831 2.
190 797 426 831 PRAETEREA.
461 797 570 842 Greg.
593 797 679 830 dicit
707 796 742 830 in
766 806 797 829 2.
819 795 964 840 Dialog.
990 794 1076 840 (cap.
1099 794 1146 840 3.)
1169 792 1265 839 quod
1291 805 1308 824 ε(
1329 791 1389 826 ille
1412 791 1471 837 qui
1493 801 1626 837 porcos

63 850 171 897 pavit,
193 851 387 895 vagatione
410 850 551 891 mentis,
573 859 605 884 et
620 849 871 884 immunditiae
894 848 957 882 sub
981 847 1176 892 semetipso
1200 846 1347 880 cecidit:
1375 846 1501 879 Petrus
1528 855 1628 886 vero,

64 915 173 949 quem
195 903 345 949 angelus
365 903 483 945 solvit,
507 904 654 949 ejusque
677 910 838 937 mentem
860 902 895 934 in
919 901 1031 935 extasi
1052 900 1180 946 rapuit,
1202 910 1276 933 non
1292 907 1389 932 extra
1411 910 1448 932 se
1471 897 1628 944 quidem,

64 956 127 991 sed
149 968 255 1002 supra
277 957 513 1003 semetipsum
535 956 599 990 fuit
620 970 638 988 »
653 969 660 991 :
675 956 737 990 sed
754 955 813 989 ille
835 955 927 989 filius
942 954 1113 1001 prodigus
1132 965 1194 1000 per
1210 952 1379 986 affectum
1401 952 1437 986 in
1456 951 1626 985 inferiora

64 1010 222 1056 dilapsus
251 1019 322 1053 est;
352 1021 439 1056 ergo
474 1010 584 1044 etiam
610 1009 662 1043 illi
683 1011 743 1055 qui
765 1009 951 1054 rapiuntur
979 1008 1016 1042 in
1038 1007 1235 1053 superiora,
1257 1017 1319 1052 per
1349 1005 1519 1040 affectum
1553 1005 1625 1039 hoc

66 1072 261 1110 patiuntur.

140 1128 168 1162 3.
191 1117 428 1151 PRAETEREA.
445 1116 560 1162 Super
574 1115 662 1149 illud
683 1116 741 1149 Ps.
768 1127 843 1162 3o.:
867 1116 907 1150 In
929 1120 957 1149 ta
978 1115 1123 1148 Domino⁷
1140 1114 1288 1160 speravi,
1306 1124 1371 1146 non
1393 1111 1580 1157 confundar
1596 1112 1632 1145 in

65 1175 246 1212 aeternum,
278 1170 363 1204 dicit
385 1169 506 1204 Gloss.
538 1169 660 1213 (interl.
692 1170 795 1215 Aug.)
827 1169 862 1203 in
886 1168 1111 1214 expositione
1132 1166 1242 1201 tituli:
1281 1179 1298 1198 «
1328 1166 1467 1199 Extasis
1489 1175 1633 1211 graece,

66 1223 176 1258 latine
199 1223 327 1257 dicitur
349 1234 516 1257 excessus
538 1224 686 1256 mentis:
710 1223 771 1268 qui
788 1222 826 1256 fit
848 1222 987 1256 duobus
1010 1221 1139 1262 modis,
1160 1219 1219 1254 vel
1236 1231 1371 1266 pavore
1391 1227 1632 1259 terrenorum,

68 1276 128 1311 vel
149 1284 269 1310 mente
291 1284 392 1322 rapta
414 1276 458 1309 ad
480 1287 644 1322 superna,
661 1284 695 1310 et
709 1275 921 1310 inferiorum
937 1274 1048 1309 oblita
1070 1288 1088 1307 »
1105 1273 1188 1308 :sed
1210 1284 1324 1319 pavor
1345 1281 1572 1307 terrenorum
1589 1272 1632 1308 ad

68 1329 237 1364 affectum
259 1329 430 1375 pertinet3
447 1341 533 1375 ergo
550 1330 659 1363 etiam
681 1338 802 1375 raptus
824 1329 955 1363 mentis
977 1328 1021 1362 ad
1045 1338 1211 1374 superna,
1234 1326 1296 1372 qui
1316 1337 1360 1360 ex
1381 1325 1550 1372 opposito
1573 1335 1635 1371 po-

69 1383 175 1425 nitur,
196 1383 350 1428 pertinet
371 1383 415 1417 ad
437 1382 619 1417 affectum.

141 1437 216 1471 SED
250 1447 406 1471 CONTRA
435 1445 501 1478 est,
527 1436 623 1482 quod
650 1447 757 1482 super
781 1435 869 1470 illud
894 1434 988 1470 Psal.
1021 1445 1118 1479 115.:
1146 1435 1215 1480 Ego
1237 1433 1308 1468 dixi
1334 1434 1369 1467 in
1389 1445 1515 1468 excessu
1541 1441 1632 1466 meo:

73 1491 191 1527 Omnis
211 1491 305 1525 homo
324 1490 476 1531 mendax,
492 1490 577 1524 dicit
599 1489 718 1524 Gloss.
736 1489 821 1534 (ord.
844 1490 972 1535 Aug.).·
992 1501 1010 1520 (ε
1028 1487 1169 1522 Dicitur
1184 1487 1242 1521 hic
1261 1486 1402 1528 extasis,
1425 1497 1508 1520 cum
1530 1495 1634 1519 mens

71 1556 146 1579 non
169 1555 302 1590 pavore
318 1544 504 1586 alienatur,
524 1543 586 1578 sed
601 1543 720 1589 aliqua
734 1543 968 1588 inspiratione
983 1540 1214 1576 revelationis
1229 1551 1372 1574 sursum
1394 1538 1587 1573 assumitur
1600 1549 1634 1580 »3

71 1598 134 1633 sed
153 1597 326 1632 revelatio
349 1598 500 1643 pertinet
522 1597 565 1630 ad
584 1597 658 1630 vim
680 1596 960 1638 intellectivam;
983 1606 1069 1641 ergo
1092 1602 1127 1628 et
1148 1593 1289 1635 extasis,
1310 1593 1386 1627 sive
1407 1601 1539 1639 raptus.

142 1651 372 1696 Respoxogo
392 1650 597 1692 dicendum,
619 1650 716 1696 quod
738 1650 781 1684 de
797 1657 899 1695 raptu
913 1649 1088 1695 dupliciter
1104 1647 1206 1693 loqui
1223 1657 1416 1693 possumus
1431 1659 1438 1681 z
1456 1657 1521 1680 uno
1539 1643 1634 1679 modo

73 1713 248 1751 quantum
264 1705 307 1738 ad
322 1695 369 1747 id,
383 1704 418 1738 in
433 1704 529 1749 quod
549 1703 675 1749 aliquis
691 1703 844 1748 rapitur3
860 1710 895 1736 et
908 1702 957 1736 sic
972 1701 1115 1747 proprie
1136 1700 1320 1746 loquendo
1335 1707 1456 1746 raptus
1473 1710 1547 1732 non
1562 1705 1637 1745 pot-

73 1767 127 1793 est
152 1758 328 1804 pertinere
355 1757 398 1791 ad
424 1758 498 1791 vim
525 1757 769 1802 appetitivam,
796 1756 857 1790 sed
884 1755 1004 1790 solum
1031 1755 1074 1788 ad
1102 1754 1392 1799 cognoscitivam
1421 1752 1557 1786 dictum
1584 1760 1638 1786 est

75 1811 172 1845 enim
194 1811 275 1856 (art.
295 1811 434 1857 praec),
456 1811 556 1855 quod
577 1818 698 1856 raptus
720 1817 773 1844 est
783 1817 923 1854 praeter
944 1808 1126 1854 propriam
1148 1807 1422 1841 inclinationem
1444 1806 1519 1850 ejus
1539 1804 1636 1851 quod

73 1865 226 1911 rapitur:
248 1865 324 1910 ipse
347 1871 467 1898 autem
490 1871 610 1897 motus
633 1863 848 1908 appetitivae
870 1862 1009 1896 virtutis
1028 1869 1081 1895 est
1106 1860 1285 1907 quaedam
1306 1859 1493 1894 inclinatio
1514 1859 1557 1892 ad
1578 1858 1639 1891 bo-

74 1930 163 1952 num
185 1917 395 1964 appetibile3
418 1917 524 1958 unde,
544 1917 686 1963 proprie
708 1916 904 1962 loquendo,
928 1927 969 1949 ex
989 1915 1062 1948 hoc
1084 1914 1181 1960 quod
1201 1914 1317 1948 homo
1341 1912 1474 1959 appetit
1493 1911 1638 1957 aliquid,

75 1983 150 2006 non
172 1972 318 2017 rapitur,
340 1970 401 2004 sed
424 1982 486 2016 per
504 1981 541 2004 se
561 1978 744 2004 movetur:
761 1970 826 2003 alio
845 1969 940 2003 modo
955 1976 1073 2014 potest
1095 1967 1315 2001 considerari
1329 1974 1448 2012 raptus
1463 1973 1638 2011 quantum

77 2025 122 2059 ad
143 2036 246 2058 suam
269 2035 436 2065 causam,
459 2031 493 2057 et
513 2023 564 2057 sic
586 2031 705 2069 potest
730 2023 863 2057 habere
887 2033 1034 2056 causam
1056 2032 1098 2055 ex
1123 2029 1223 2066 parte
1246 2019 1460 2066 appetitivae
1482 2017 1638 2052 virtutis:

77 2089 120 2112 ex
141 2078 213 2112 hoc
236 2078 333 2111 enim
354 2077 433 2123 ipso
457 2077 553 2122 quod
576 2076 752 2122 appetitus
772 2076 815 2109 ad
835 2075 969 2121 aliquid
983 2074 1220 2108 vehementer
1235 2072 1397 2114 afficitur,
1420 2079 1539 2118 potest
1557 2082 1641 2105 con-

77 2133 215 2177 tingere
239 2131 336 2176 quod
363 2141 404 2164 ex
430 2129 604 2164 violentia
631 2129 780 2163 affectus
806 2129 921 2163 homo
950 2128 991 2162 ab
1015 2127 1182 2162 omnibus
1210 2126 1287 2160 aliis
1315 2126 1505 2160 alienetur:
1532 2124 1641 2158 habet

79 2185 187 2219 etiam
207 2184 378 2218 affectum
399 2184 436 2217 in
456 2183 649 2229 appetitiva
670 2183 819 2225 virtute3
843 2194 926 2216 cum
940 2181 1078 2216 scilicet
1092 2181 1219 2227 aliquis
1237 2180 1434 2214 delectatur
1454 2179 1491 2213 in
1505 2179 1573 2220 his,
1596 2178 1640 2212 ad

79 2249 171 2284 quae
184 2237 334 2283 rapitur,
351 2237 444 2270 unde
457 2245 492 2270 et
505 2236 705 2282 Apostolus
721 2236 817 2278 dixit,
832 2247 870 2270 se
884 2244 1027 2281 raptum
1041 2246 1115 2268 non
1130 2234 1249 2268 solum
1265 2235 1308 2268 ad
1321 2233 1467 2273 tertium
1483 2232 1640 2273 coelum,

80 2291 176 2337 quod
195 2291 348 2336 pertinet
369 2290 413 2323 ad
435 2289 783 2336 contemplationem
802 2288 1017 2331 intellectus,
1039 2288 1102 2322 sed
1123 2287 1232 2322 etiam
1253 2287 1290 2321 in
1311 2279 1530 2333 paradisum,
1544 2284 1640 2331 quod

80 2345 234 2391 pertinet
255 2344 298 2377 ad
325 2342 506 2378 affectum.

153 2398 211 2431 AD
233 2407 382 2431 PRIMUM
405 2408 491 2442 ergo
508 2396 712 2438 dicendum,
729 2395 826 2442 quod
840 2404 962 2442 raptus
986 2395 1083 2429 addit
1098 2394 1231 2440 aliquid
1251 2404 1356 2439 supra
1371 2393 1540 2427 extasim:
1555 2403 1642 2426 narn

82 2451 211 2485 extasis
226 2451 398 2496 importat
416 2449 627 2495 simpliciter
642 2460 829 2484 excessum
845 2461 864 2482 a
879 2450 1009 2495 seipso,
1025 2449 1225 2482 secundum
1240 2458 1347 2492 quem
1363 2445 1501 2480 scilicet
1515 2445 1642 2491 aliquis

83 2512 181 2538 extra
214 2515 318 2537 suam
348 2503 614 2536 ordinationem
650 2502 813 2548 ponitur:
841 2503 904 2536 sed
930 2510 1051 2548 raptus
1079 2512 1184 2547 super
1210 2501 1282 2534 hoc
1310 2499 1407 2533 addit
1431 2499 1643 2533 violentiam

84 2557 298 2603 quamdam;
321 2564 440 2602 potest
459 2556 567 2601 igitur
589 2555 718 2589 extasis
741 2555 784 2589 ad
806 2555 881 2589 vim
903 2554 1136 2601 appetitivam
1156 2553 1351 2600 pertinere;
1372 2560 1457 2598 puta
1479 2564 1563 2586 curn
1586 2551 1644 2585 ali-

86 2611 184 2655 cujus
209 2610 384 2655 appetitus
406 2609 519 2643 tendit
540 2609 576 2642 in
598 2620 651 2650 ea,
673 2620 764 2654 quae
787 2617 885 2642 extra
905 2609 1024 2654 ipsum
1043 2616 1142 2649 sunt,
1166 2614 1200 2641 et
1221 2606 1420 2641 secundum
1441 2606 1512 2639 hoc
1533 2606 1643 2639 Dion.

85 2664 180 2705 dicit,
209 2663 305 2708 quod
331 2663 471 2696 divinus
499 2673 602 2696 amor
626 2661 712 2696 facit
737 2662 906 2703 extasim3
932 2662 1147 2707 inquantum
1174 2659 1311 2694 scilicet
1336 2659 1421 2693 facit
1447 2659 1644 2705 appetitum

84 2717 244 2751 hominis
265 2716 412 2750 tendere
433 2715 471 2749 in
486 2727 541 2749 res
561 2723 718 2757 amatas;
735 2715 828 2749 unde
850 2723 976 2760 postea
997 2714 1125 2755 subdit,
1145 2713 1242 2758 quod
1266 2725 1284 2743 «
1306 2713 1414 2746 etiam
1435 2712 1512 2758 ipse
1533 2712 1644 2753 Deus,

87 2770 147 2816 qui
169 2778 222 2803 est
247 2769 413 2803 omnium
435 2780 553 2810 causa,
580 2780 643 2814 per
665 2768 921 2802 abundantiam
943 2768 1141 2800 amatoriae
1167 2766 1337 2800 bonitatis
1363 2773 1460 2799 extra
1486 2765 1645 2810 seipsum

86 2823 126 2857 fit
145 2834 208 2869 per
233 2821 499 2868 providentiam
521 2821 565 2855 ad
587 2821 711 2855 omnia
738 2821 924 2855 existentia
945 2833 986 2855 »ε
1008 2819 1171 2865 quamvis
1196 2819 1305 2853 etiam
1331 2818 1362 2852 si
1383 2829 1547 2864 expresse
1572 2818 1644 2852 hoc

88 2876 266 2911 diceretur
287 2875 330 2910 de
352 2883 466 2921 raptu,
487 2885 562 2908 non
579 2874 839 2920 designaretur,
859 2874 928 2908 nisi
950 2873 1046 2919 quod
1067 2884 1172 2907 amor
1193 2879 1286 2906 esset
1307 2882 1416 2906 causa
1433 2879 1564 2918 raptus.
