1859 3122
205 151 291 194 904
581 150 800 185 QUAESTIO
836 150 1027 179 CXXXVII.
1061 150 1305 180 ARTICULUS
1338 150 1366 180 Ι.

783 317 1130 362 ARTICULUS
1164 318 1198 360 1.
1691 330 1756 378 673

569 425 720 455 UTRUM
745 425 1096 455 PERSEVERANTIA
1123 425 1191 455 SIT
1218 425 1388 455 VIRTUS.

207 515 307 559 (Infr.
323 520 383 549 art.
399 526 430 549 2.
446 521 533 561 corp.
548 519 578 549 et
591 513 633 548 ad
647 527 674 549 I.
689 519 717 548 et
730 526 761 549 2.
778 518 806 548 et
819 525 848 559 q.
864 514 929 560 138.
941 518 1041 600 arag.
1054 519 1142 559 corp.
1154 518 1220 558 et3.
1235 513 1372 559 Dist.33.
1385 524 1449 559 q.3.
1465 518 1529 548 art.
1542 525 1568 559 3.
1581 525 1610 559 q.
1626 526 1654 548 I.
1669 513 1712 548 ad
1724 525 1759 559 4.

855 572 883 602 et
896 579 925 612 q.
940 578 973 611 4.
989 578 1008 600 α
1044 567 1101 612 1.).

274 656 334 691 AD
359 666 508 691 PR1MUM
535 656 584 689 sic
611 656 826 701 proceditur.
854 655 1015 697 Videtur,
1043 655 1139 701 quod
1165 654 1430 700 perseverantia
1455 665 1529 688 non
1557 655 1602 688 sit
1625 655 1757 698 virtus;

204 710 298 756 quia,
320 718 358 744 ut
379 709 514 743 Philos.
534 709 618 743 dicit
638 709 674 742 in
697 720 728 754 7.
750 709 866 743 Ethic.
891 710 977 754 (cap.
1000 708 1061 754 7.)‚
1085 708 1307 742 continentia
1329 716 1381 742 est
1398 708 1528 753 potior,
1551 719 1659 754 quarn
1679 719 1760 754 per-

201 763 422 797 severantia:
445 763 505 796 sed
528 762 748 796 continentia
769 773 843 796 non
866 770 920 796 est
936 763 1058 804 virtus,
1078 769 1117 796 ut
1134 761 1262 796 dicitur
1279 762 1315 795 in
1334 771 1367 804 4.
1387 761 1522 803 Ethic.;
1541 772 1626 807 ergo
1645 772 1760 808 perse·

202 825 363 851 verantia
384 827 458 850 non
480 824 533 850 est
557 824 679 850 virtus.

275 880 306 904 2.
328 870 563 904 PRAETEREA.
585 869 707 902 Virtus
730 876 783 903 est
803 879 874 914 qua
895 876 992 902 recte
1013 868 1155 909 vivitur,
1178 867 1377 902 secundum
1403 867 1555 913 August.
1577 867 1614 901 in
1640 867 1699 902 lib.
1727 878 1759 902 2.

203 923 246 957 de
263 923 340 957 Lib.
356 923 441 956 Arb.
459 922 546 968 (cap.
568 922 660 968 19.):
679 921 752 963 sed,
774 922 866 955 sicut
886 921 960 967 ipse
983 921 1068 955 dicit
1082 921 1117 954 in
1140 920 1199 955 lib.
1215 920 1257 955 de
1272 921 1416 955 PerseV.
1433 920 1518 966 (cap.
1533 922 1592 966 L),
1612 920 1760 956 «nullus

202 984 320 1023 potest
341 976 411 1009 dici
436 975 740 1022 perseverantiam
767 975 911 1015 habere,
939 974 1111 1020 quamdiu
1132 974 1230 1015 vivit,
1251 974 1320 1008 nisi
1348 982 1552 1020 perseveret
1580 985 1692 1020 usque
1713 973 1758 1008 ad

203 1037 359 1063 mortem
374 1041 414 1071 »3
438 1040 524 1074 ergo
544 1028 809 1074 perseverantia
830 1039 904 1061 non
929 1035 981 1062 est
1006 1027 1128 1061 virtus.

276 1094 305 1129 3.
320 1082 555 1116 PRAETEREA.
572 1080 810 1115 immobiliter
831 1081 1018 1127 persistere
1034 1081 1069 1114 in
1085 1091 1193 1126 opere
1203 1080 1341 1114 virtutis
1351 1080 1541 1126 requiritur
1555 1080 1598 1113 ad
1613 1091 1760 1114 omnem

202 1136 382 1177 virtutem,
408 1144 447 1169 ut
467 1143 563 1181 patet
584 1135 620 1168 in
648 1145 678 1168 2.
702 1134 817 1168 Ethic.
840 1134 927 1180 (cap.
947 1135 1018 1178 4.):
1046 1133 1107 1167 sed
1134 1133 1205 1167 hoc
1232 1133 1386 1179 pertinet
1412 1134 1455 1167 ad
1482 1133 1660 1167 rationem
1686 1144 1762 1179 per-

203 1189 540 1224 severantiae:dicit
559 1188 655 1222 enim
678 1187 820 1221 Tullius
838 1187 874 1221 in
896 1198 958 1221 sua
980 1187 1085 1221 Rhet.
1108 1187 1183 1231 (lib.
1205 1198 1236 1221 2.
1259 1186 1294 1221 da
1316 1187 1473 1231 Invenit),
1486 1187 1582 1232 quod
1611 1199 1629 1218 «
1647 1197 1763 1232 perse-

201 1243 361 1277 verantia
385 1251 437 1276 est
464 1242 498 1275 in
526 1242 665 1276 ratione
694 1241 786 1275 bene
814 1241 1039 1274 considerata
1068 1239 1214 1281 stabilis,
1237 1248 1271 1273 et
1299 1248 1471 1286 perpetua
1492 1240 1698 1286 permansio
1717 1251 1760 1283 >›;

203 1307 289 1342 ergo
311 1296 576 1341 perseverantia
603 1305 676 1328 non
700 1302 752 1328 est
778 1293 943 1338 specialis
971 1293 1095 1334 virtus,
1118 1293 1179 1326 sed
1207 1293 1366 1326 conditio
1394 1293 1513 1326 omnis
1540 1293 1690 1327 virtutis.

275 1349 348 1383 SED
372 1359 525 1383 CONTRA
546 1355 608 1389 est,
628 1347 723 1393 quod
739 1346 970 1380 Andronicus
993 1346 1091 1387 dicit,
1110 1345 1206 1391 quod
1231 1358 1249 1377 «
1264 1347 1529 1391 perseverantia
1549 1354 1601 1380 est
1620 1346 1762 1381 habitus

203 1413 341 1443 eorum,
363 1401 490 1447 quibus
512 1400 787 1434 immanendum
809 1407 872 1440 est,
895 1407 930 1433 et
951 1410 1025 1433 non
1051 1399 1340 1440 immanendum,
1363 1407 1398 1432 et
1422 1407 1633 1433 neutrorum
1647 1399 1761 1434 »tsed

201 1455 342 1489 habitus
366 1455 533 1488 ordinans
554 1465 621 1488 nos
644 1454 687 1487 ad
710 1454 800 1487 bene
826 1452 1032 1486 faciendum
1055 1451 1205 1498 aliquid,
1219 1451 1278 1486 vel
1300 1452 1551 1494 omittendum,
1567 1460 1620 1486 est
1632 1452 1760 1495 virtus;

202 1519 288 1555 ergo
310 1507 575 1554 perseverantia
597 1515 649 1541 est
669 1506 792 1540 virtus.

272 1561 500 1596 RESPONDEO
523 1560 727 1601 dicendum,
743 1558 851 1605 quod,
866 1558 1066 1593 secundum
1087 1557 1225 1592 Philos.
1241 1558 1277 1592 in
1293 1558 1452 1594 2.Ethic.
1469 1558 1630 1605 (cap.3.),
1649 1558 1760 1593 virtus

203 1623 255 1649 est
281 1615 375 1648 circa
398 1613 541 1648 difficile
568 1622 602 1647 et
622 1614 779 1654 bonum;
801 1612 938 1646 et.ideo
965 1611 1025 1645 ubi
1047 1611 1206 1645 occurrit
1227 1611 1393 1657 specialis
1416 1611 1506 1645 ratio
1532 1610 1762 1654 difficultatis,

201 1668 259 1702 vel
272 1668 369 1710 boni,
383 1668 431 1701 ibi
446 1676 498 1702 est
519 1666 683 1713 specialis
698 1666 828 1700 virtus:
851 1676 940 1711 opus
964 1673 1083 1699 autem
1105 1664 1246 1698 virtutis
1263 1672 1382 1710 potest
1403 1664 1536 1698 habere
1550 1664 1762 1707 bonitatem,

203 1730 237 1756 et
258 1720 504 1755 difficultatem
527 1732 571 1754 ex
591 1720 732 1754 duobus:
757 1731 819 1753 uno
835 1719 980 1764 quidem
1002 1718 1095 1752 modo
1119 1728 1161 1752 ex
1187 1718 1264 1763 ipsa
1286 1717 1404 1764 specie
1428 1725 1538 1759 actus,
1560 1728 1652 1763 quae
1673 1717 1764 1752 acci-

202 1775 294 1821 pitur
315 1774 514 1809 secundum
535 1773 715 1807 rationem
730 1772 863 1818 proprii
886 1772 1037 1817 objecti:
1060 1771 1126 1805 alio
1146 1770 1240 1804 modo
1261 1782 1302 1805 ex
1323 1771 1400 1816 ipsa
1423 1770 1652 1804 diuturnitate
1673 1779 1761 1805 tem-

202 1828 314 1874 poris:
341 1839 426 1861 nam
453 1827 524 1861 hoc
551 1827 670 1872 ipsum
692 1825 788 1871 quod
811 1832 863 1859 est
890 1825 949 1858 diu
972 1825 1134 1858 insistere
1155 1823 1263 1858 alicui
1285 1823 1432 1865 difficili,
1460 1823 1655 1870 specialem
1677 1822 1764 1857 diffi-

203 1881 373 1915 cultatem
394 1881 521 1922 habet3
545 1888 579 1914 et
603 1880 685 1914 ideo
707 1879 766 1912 diu
788 1878 978 1924 persistere
1004 1878 1040 1911 in
1063 1877 1183 1923 aliquo
1214 1877 1312 1911 bono
1334 1887 1446 1922 usque
1469 1877 1512 1910 ad
1535 1887 1763 1910 consumma-

201 1935 339 1969 tionem
361 1934 512 1980 pertinet
535 1933 578 1966 ad
599 1931 795 1978 specialem
823 1931 1011 1973 virtutem3
1033 1931 1126 1964 sicut
1148 1941 1235 1976 ergo
1257 1930 1507 1976 temperantia,
1530 1937 1564 1963 et
1589 1929 1762 1964 fortitudo

201 1995 283 2022 sunt
308 1986 481 2032 speciales
507 1986 667 2027 virtutes,
690 1996 734 2019 eo
753 1984 850 2031 quod
867 1984 977 2018 altera
993 1995 1116 2018 earum
1132 1984 1341 2018 moderatur
1363 1982 1621 2017 delectationes
1643 1990 1759 2017 tactus

203 2040 316 2086 (quod
339 2040 381 2074 de
397 2052 434 2074 se
449 2039 695 2073 difficultatem
717 2038 852 2081 habet),
876 2037 987 2071 altera
1001 2045 1124 2071 autem
1138 2037 1347 2071 moderatur
1360 2036 1522 2077 timores,
1538 2043 1573 2069 et
1594 2035 1762 2070 audacias

203 2093 298 2128 circa
324 2092 482 2138 pericula
509 2092 635 2126 mortis
663 2091 776 2137 (quod
799 2091 908 2125 etiam
931 2090 1131 2124 secundum
1155 2101 1191 2124 se
1215 2089 1358 2124 difficile
1386 2090 1467 2133 est),
1489 2089 1537 2122 ita
1559 2089 1668 2122 etiam
1688 2099 1762 2135 per-

202 2146 401 2181 severantia
424 2154 476 2180 est
498 2145 675 2190 quaedam
697 2144 860 2190 specialis
881 2143 1004 2185 virtus,
1028 2143 1070 2177 ad
1088 2154 1197 2189 quam
1223 2143 1376 2189 pertinet
1396 2142 1432 2175 in
1454 2142 1521 2184 his,
1539 2141 1597 2175 vel
1623 2142 1658 2175 in
1682 2141 1759 2176 aliis

201 2201 368 2235 virtuosis
391 2200 557 2245 operibus
579 2199 849 2232 diuturnitatem
876 2198 1062 2239 sustinere,
1089 2205 1195 2244 prout
1219 2208 1367 2231 necesse
1395 2205 1457 2231 est.

273 2254 333 2288 AD
354 2263 505 2288 PRmUM
529 2263 614 2298 ergo
642 2251 846 2293 dicendum,
869 2251 964 2297 quod
986 2250 1122 2284 Philos.
1147 2250 1276 2296 accipit
1297 2250 1345 2284 ibi
1365 2249 1682 2296 perseverantiam,
1709 2259 1761 2283 se-

203 2307 360 2342 cundum
383 2306 478 2353 quod
503 2305 628 2351 aliquis
644 2312 848 2350 perseverat
873 2304 908 2337 in
930 2303 997 2344 his,
1019 2303 1054 2336 in
1076 2303 1203 2349 quibus
1230 2302 1483 2336 difficillimum
1506 2310 1559 2336 est
1581 2302 1639 2336 diu
1662 2302 1762 2336 susti-

201 2372 305 2395 nere:
327 2371 401 2394 non
424 2367 474 2393 est
489 2367 607 2393 autem
623 2357 765 2392 difficile
781 2358 839 2391 diu
856 2357 1031 2391 sustinere
1045 2356 1153 2398 bona,
1169 2356 1230 2390 sed
1253 2355 1369 2389 mala:
1393 2355 1489 2389 mala
1516 2363 1648 2396 autem,
1670 2366 1761 2402 quae

202 2422 284 2448 sunt
304 2412 463 2459 pericula
484 2411 622 2453 mortis,
644 2419 682 2444 ut
702 2409 899 2456 plurimum
923 2420 997 2443 non
1020 2409 1078 2443 diu
1101 2409 1339 2450 sustinentur3
1359 2408 1441 2454 quia
1472 2416 1509 2442 ut
1539 2407 1758 2454 frequentius

203 2467 274 2502 cito
295 2474 496 2508 transeunt;
518 2465 612 2499 unde
630 2471 792 2510 respectu
814 2463 960 2497 illorum
981 2474 1057 2496 non
1077 2470 1128 2496 est
1143 2462 1336 2508 praecipua
1357 2461 1436 2496 laus
1450 2462 1736 2508 perseverantiae
1753 2474 1762 2496 z

202 2521 294 2555 inter
315 2519 384 2554 alia
406 2527 526 2553 autem
548 2517 644 2552 mala
665 2517 858 2563 praecipua
885 2524 966 2550 sunt
992 2515 1065 2558 illa,
1088 2527 1179 2562 quae
1207 2523 1439 2561 opponuntur
1461 2514 1762 2549 delectationibus

202 2582 336 2608 tactus:
359 2573 441 2619 quia
463 2571 669 2617 hujusmodi
695 2570 789 2603 mala
812 2570 1043 2603 attenduntur
1070 2569 1164 2602 circa
1186 2569 1390 2603 necessaria
1416 2568 1521 2610 vitae,
1549 2576 1633 2614 puta
1665 2568 1759 2601 circa

203 2626 383 2662 defectum
411 2626 587 2666 ciborum,
615 2632 649 2658 et
683 2623 836 2658 aliorum
864 2623 1088 2667 hujusmodi,
1123 2633 1214 2668 quae
1241 2621 1456 2668 quandoque
1481 2621 1674 2655 imminent
1700 2620 1758 2655 diu

202 2680 427 2715 sustinenda:
451 2690 525 2712 non
552 2686 604 2712 est
625 2686 745 2711 autem
767 2675 909 2710 difficile
932 2675 1022 2709 haec
1047 2675 1106 2709 diu
1130 2675 1303 2709 sustinere
1318 2674 1380 2716 illi,
1396 2674 1456 2720 qui
1479 2675 1574 2708 circa
1594 2674 1666 2708 hoc
1687 2684 1761 2708 non

201 2733 357 2768 multum
378 2733 548 2773 tristatur,
578 2742 643 2765 nec
672 2731 707 2764 in
738 2729 912 2776 oppositis
938 2729 1042 2762 bonis
1065 2728 1220 2762 multum
1251 2727 1465 2769 delectatur3
1489 2727 1579 2761 sicut
1608 2734 1704 2772 patet
1724 2727 1760 2761 in

200 2794 414 2832 temperato,
436 2786 471 2818 in
494 2796 565 2831 quo
591 2783 802 2829 hujusmodi
821 2782 1005 2828 passiones
1035 2792 1109 2815 non
1131 2789 1212 2815 sunt
1238 2781 1490 2815 vehementes:
1518 2779 1580 2814 sed
1602 2779 1762 2813 maxime

201 2840 273 2874 hoc
296 2838 439 2873 difficile
455 2846 508 2872 est
528 2838 564 2871 in
587 2849 642 2879 eo,
658 2837 716 2883 qui
740 2837 834 2870 circa
854 2835 925 2869 hoc
948 2835 1182 2868 vehementer
1198 2833 1360 2876 afficitur,
1383 2841 1505 2879 utpote
1527 2843 1602 2867 non
1623 2832 1761 2867 habens

1840 1931 1847 1978 5
