1859 3122
517 170 738 206 QUAESTIO
772 169 906 198 XXXII.
940 169 1183 199 ARTICULUS
1215 169 1273 198 VI.
1593 156 1677 210 267

118 251 210 285 unde
233 260 354 297 posset
381 251 582 293 sustentari,
609 259 644 286 et
665 251 727 285 filii
749 251 814 292 sui,
836 249 894 284 vel
916 250 975 284 alii
999 251 1041 284 ad
1065 262 1147 285 eum
1173 251 1401 297 pertinentes,
1424 249 1466 284 de
1488 249 1558 283 hoc
1582 249 1678 283 enirn

116 305 319 338 necessario
343 305 615 351 eleemosynam
638 305 732 346 dare,
755 312 807 338 est
822 304 899 345 sibi,
915 312 949 337 et
963 304 1034 338 suis
1050 306 1159 338 vitam
1176 304 1402 338 subtrahere:
1419 303 1479 337 sed
1498 303 1569 336 hoc
1586 303 1678 344 dico,

117 358 184 392 nisi
211 357 300 392 sorte
328 358 407 392 talis
436 370 539 392 casus
566 359 782 398 immineret,
810 357 869 391 ubi
896 358 1140 390 subtrahendo
1175 357 1240 391 sibi
1274 357 1372 390 daret
1395 356 1501 390 alicui
1523 367 1678 400 magnae

116 422 302 456 personae,
336 424 398 457 per
432 423 539 458 quam
576 411 749 452 Ecclesia,
776 410 833 444 vel
860 410 1075 456 Respublica
1103 418 1379 444 sustentaretur:
1409 410 1489 455 quia
1513 420 1576 455 pro
1598 409 1678 443 talis

115 476 289 509 personae
312 465 522 499 liberatione
545 465 712 511 seipsum,
735 471 769 498 et
791 475 875 497 suos
897 463 1123 497 laudabiliter
1143 463 1303 509 periculo
1320 464 1446 497 mortis
1465 472 1678 508 exponeret;

115 529 198 551 cum
222 518 358 552 bonum
382 529 578 552 commune
600 518 644 552 sit
665 517 811 563 proprio
835 516 1121 563 praeferendum.
1153 518 1230 551 Alio
1260 517 1353 550 niodo
1388 517 1516 550 dicitur
1545 516 1679 561 aliquid

114 582 190 604 esse
210 572 467 613 necessarium,
490 572 565 606 sine
589 582 659 617 quo
682 581 755 604 non
783 578 900 616 potest
927 571 1185 604 convenienter
1211 571 1283 604 vita
1304 571 1451 615 transigi
1479 571 1677 604 secundum

115 625 374 668 conditionem,
397 634 432 660 et
452 633 585 660 statum
608 625 773 671 propriae
796 635 984 669 personae,
1012 632 1046 658 et
1073 623 1224 657 aliarum
1252 635 1500 669 personarum,
1527 634 1678 668 quarum

115 689 200 712 cura
223 678 254 712 ei
276 679 471 721 incumbit3
498 678 707 724 hujusmodi
733 677 929 712 necessarii
950 677 1123 711 terminus
1145 688 1219 719 non
1241 685 1294 711 est
1314 677 1348 710 in
1370 676 1576 710 indivisibili
1598 688 1680 710 con-

113 731 274 765 stitutus:
299 732 360 766 sed
383 732 506 766 multis
528 731 667 773 additis,
689 742 763 764 non
782 739 900 777 potest
918 731 1107 776 dijudicari
1124 742 1200 764 esse
1216 729 1307 764 ultra
1325 730 1396 764 tale
1414 731 1678 772 necessarium3

113 792 148 818 et
170 784 292 819 multis
323 786 523 827 subtractis,
552 785 667 819 adhuc
695 793 858 818 remanet
885 784 978 818 unde
1005 784 1118 830 possit
1139 784 1396 818 convenienter
1418 783 1544 828 aliquis
1566 783 1677 817 vitam

115 838 313 883 transigere
330 839 529 873 secundum
544 838 726 884 proprium
748 845 897 872 statum:
914 838 956 872 de
972 837 1181 883 hujusmodi
1200 848 1286 883 ergo
1306 836 1578 882 eleemosynam
1594 836 1677 871 dare

113 899 165 926 est
186 891 342 935 bonum;
363 900 397 926 et
418 903 491 926 non
515 892 610 926 cadit
631 892 694 926 sub
716 900 922 938 praeceptO,
945 891 1006 925 sed
1029 891 1091 925 sub
1115 891 1286 925 consilio:
1314 890 1557 924 inordinatum
1586 898 1678 924 esset

112 953 245 987 autem,
269 947 295 979 si
320 945 447 992 aliquis
469 954 609 980 tantum
632 945 697 979 sibi
720 945 762 979 de
781 945 885 979 bonis
904 945 1056 990 propriis
1076 945 1313 986 subtraheret,
1332 952 1370 978 ut
1385 943 1461 977 aliis
1477 943 1677 989 largiretur,

111 998 208 1044 quod
225 999 268 1033 de
286 999 427 1033 residuo
442 1010 516 1033 non
531 1007 652 1045 posset
664 999 777 1032 vitam
792 998 989 1043 transigere
1006 998 1263 1032 convenienter
1277 998 1475 1032 secundum
1490 997 1677 1043 proprium

111 1059 257 1093 statum,
281 1060 315 1085 et
335 1053 483 1097 negotia
501 1052 745 1094 occurrentia;
764 1051 884 1085 nullus
902 1051 999 1085 enim
1017 1051 1315 1085 inconvenienter
1332 1051 1452 1085 vivere
1471 1050 1585 1084 debet.
1605 1050 1677 1084 Sed

111 1105 152 1138 ab
183 1105 255 1139 hoc
291 1107 359 1139 tria
388 1113 471 1140 sunt
504 1106 730 1151 excipienda:
762 1116 917 1151 quorum
941 1106 1093 1151 primum
1125 1113 1188 1146 est,
1218 1105 1362 1150 quando
1391 1104 1517 1150 aliquis
1543 1112 1676 1138 statum

111 1165 243 1200 mutat3
266 1167 351 1205 puta
374 1170 436 1205 per
457 1158 642 1204 religionis
661 1159 876 1204 ingressum,
890 1166 975 1192 tunc
991 1159 1087 1192 enim
1103 1158 1226 1192 omnia
1244 1169 1307 1192 sua
1325 1165 1470 1204 propter
1489 1157 1674 1191 Christum

109 1211 266 1257 largiens
289 1223 379 1257 opus
401 1211 631 1258 perfectionis
654 1212 750 1255 facit,
770 1223 806 1246 se
824 1212 860 1245 in
880 1211 951 1246 alio
971 1219 1063 1246 statu
1082 1211 1271 1258 ponendo:
1290 1211 1439 1253 serundo,
1459 1211 1602 1257 quando
1623 1222 1676 1253 ea,

110 1275 200 1310 quae
222 1265 289 1298 sibi
312 1265 497 1307 subtrahit,
521 1266 585 1299 etsi
607 1265 678 1299 sint
698 1265 902 1299 necessaria
924 1265 967 1299 ad
991 1265 1285 1299 convenientiam
1302 1265 1408 1306 vitae,
1426 1273 1549 1298 tamen
1564 1264 1607 1298 de
1629 1264 1676 1298 fa-

111 1317 170 1351 cili
191 1318 355 1352 resarciri
376 1327 538 1364 possunt,
559 1327 598 1352 ut
618 1330 692 1353 non
706 1327 874 1365 sequatur
890 1319 1089 1352 maximum
1102 1318 1381 1352 inconveniens:
1405 1319 1512 1359 turtio,
1529 1318 1673 1363 quando

110 1379 316 1405 occurreret
342 1380 501 1406 extrema
528 1373 722 1407 necessitas
750 1372 900 1418 alicujus
926 1373 1085 1419 privatae
1118 1383 1307 1418 personae,
1333 1371 1392 1406 vel
1419 1372 1526 1406 etiam
1555 1371 1674 1417 aliqua

110 1435 243 1470 magna
264 1425 458 1459 necessitas
480 1425 730 1472 Reipublicae:
745 1426 781 1459 in
795 1426 851 1460 his
866 1426 963 1460 enim
979 1426 1119 1460 casibus
1134 1425 1360 1459 laudabiliter
1374 1425 1674 1470 praetermitteret

114 1477 240 1523 aliquis
261 1477 309 1521 id,
330 1479 426 1524 quod
449 1479 492 1513 ad
515 1479 718 1513 decentiam
740 1479 795 1513 sui
812 1487 923 1513 status
943 1479 1120 1525 pertinere
1138 1479 1328 1520 videretur,
1347 1487 1385 1513 ut
1403 1478 1532 1523 majori
1552 1489 1673 1513 neces-

111 1530 207 1564 sitati
228 1531 442 1566 subveniret.

181 1583 224 1617 Et
244 1595 306 1630 per
326 1585 397 1619 hoc
418 1593 516 1631 patet
536 1585 580 1620 de
601 1585 697 1620 facili
718 1586 906 1632 responsio
926 1596 977 1620 AD
1000 1596 1175 1632 ossJECTA.

653 1727 998 1773 ARTICULUS
1031 1728 1131 1771 VH.
1602 1750 1661 1785 191

192 1833 345 1863 UTRUM
377 1833 527 1863 POSSIT
560 1834 670 1864 FIERI
702 1834 990 1865 ELEEMOSYNA
1023 1835 1080 1863 DE
1112 1834 1286 1876 INJUSTE
1320 1835 1582 1871 ACQUISITIS.

361 1921 411 1966 (4.
433 1922 522 1956 Dist.
544 1933 587 1967 15.
610 1933 640 1967 q.
662 1933 692 1956 2.
715 1927 779 1957 art.
802 1933 834 1966 4.
857 1927 886 1957 et
908 1921 1030 1967 Quodl.
1053 1934 1102 1957 12.
1126 1927 1190 1957 art.
1210 1934 1262 1969 30.
1285 1923 1408 1969 corp).

174 2008 234 2043 AD
257 2019 449 2044 SEPTIMUM
471 2010 521 2044 sic
543 2010 760 2056 proceditur.
787 2010 944 2052 Videtur,
967 2011 1063 2056 quod
1084 2011 1198 2057 possit
1219 2011 1453 2057 eleemosyna
1474 2011 1551 2045 fieri
1569 2011 1612 2045 de
1630 2010 1669 2044 il-

103 2061 198 2096 licite
221 2064 421 2109 acquisitis:
444 2064 572 2098 dicitur
594 2065 691 2098 enim
713 2065 800 2098 Luc.
828 2063 899 2098 16.:
935 2065 1050 2100 facita
1070 2067 1162 2099 vobis
1183 2067 1306 2100 amicos
1327 2065 1362 2099 de
1384 2077 1577 2099 mammona
1600 2066 1667 2099 ini—

104 2117 258 2161 quitatis:
281 2128 494 2151 mammona
516 2125 636 2151 autem
658 2117 837 2163 significat
858 2118 1018 2160 divitias3
1042 2129 1128 2164 ergo
1145 2119 1187 2152 de
1202 2119 1333 2152 divitiis
1348 2119 1468 2164 inique
1484 2119 1666 2165 acquisitis

103 2176 222 2215 potest
241 2170 308 2204 sibi
329 2169 456 2217 aliquis
478 2170 682 2216 spirituales
704 2171 843 2205 amicos
864 2171 995 2213 facere,
1018 2171 1269 2218 eleemosynas
1291 2171 1489 2218 largiendo.

174 2232 206 2256 2.
227 2223 462 2258 PRAETEREA.
487 2224 609 2259 Omne
630 2231 732 2270 turpe
753 2223 895 2258 lucrum
918 2233 981 2267 est,
1004 2225 1101 2271 quod
1122 2225 1263 2260 videtur
1289 2237 1366 2259 esse
1394 2225 1519 2260 illicite
1550 2225 1667 2271 acqui-

102 2275 228 2311 situm:
250 2276 311 2310 sed
332 2284 434 2323 turpe
456 2277 597 2311 lucrum
619 2285 682 2320 est,
705 2278 802 2323 quod
821 2278 864 2312 de
879 2278 1085 2313 meretricio
1101 2279 1315 2325 acquiritur;
1332 2279 1426 2312 unde
1441 2287 1476 2312 et
1490 2279 1533 2312 de
1548 2279 1666 2323 hujus-

103 2329 203 2363 modi
223 2329 451 2372 sacrificium,
473 2330 530 2365 vel
553 2330 688 2365 oblatio
704 2331 785 2365 Deo
801 2331 921 2365 offerri
935 2343 1009 2365 non
1025 2332 1141 2373 debet,
1156 2332 1356 2366 secundum
1371 2332 1458 2365 illud
1474 2332 1580 2365 Dent.
1598 2342 1664 2376 23.:

102 2383 179 2417 Non
200 2384 307 2428 offeres
332 2383 509 2418 mercedem
524 2385 706 2430 prostibuli
727 2386 762 2418 in
783 2385 878 2419 domo
900 2386 968 2420 Daz'
989 2387 1060 2419 tui:
1083 2385 1249 2420 similiter
1263 2386 1372 2419 etiam
1386 2385 1534 2431 turpiter
1548 2385 1666 2429 acqui-

101 2435 198 2478 ritur,
221 2437 318 2482 quod
340 2437 535 2483 acquiritur
556 2449 618 2483 per
640 2437 756 2480 aleas,
779 2438 872 2484 quia,
896 2447 934 2472 ut
954 2438 1091 2473 Philos.
1126 2439 1211 2472 dicit
1237 2439 1274 2472 in
1295 2448 1327 2481 4.
1350 2438 1465 2472 Ethic.
1488 2439 1575 2483 (cup.
1601 2437 1662 2481 1.),

100 2488 189 2522 tales
223 2490 265 2523 ab
301 2490 426 2524 amicis
452 2490 648 2533 lucrantur,
670 2491 797 2537 quibus
820 2499 962 2536 oportet
985 2492 1087 2526 dare:
1110 2492 1316 2538 turpissime
1336 2492 1443 2525 etiam
1472 2490 1665 2536 acquiritur

101 2541 234 2587 aliquid
252 2554 315 2588 per
332 2543 539 2585 simoniam,
561 2555 622 2589 per
644 2555 753 2590 quam
776 2544 903 2590 aliquis
927 2545 1074 2591 Spiritui
1097 2545 1232 2579 Sancto
1254 2545 1420 2589 injuriam
1442 2543 1542 2577 facit:
1565 2550 1599 2576 et
1616 2551 1665 2576 ta-

47 2606 49 2609 ·
100 2606 184 2629 men
217 2595 261 2629 de
294 2596 501 2641 hujusmodi
524 2596 756 2643 eleemosyna
778 2597 854 2631 fieri
874 2606 1009 2644 potest;
1032 2609 1118 2644 ergo
1141 2599 1184 2632 de
1211 2598 1307 2632 male
1338 2597 1519 2643 acquisitis
1546 2604 1665 2642 potest

101 2647 226 2694 aliquis
246 2648 518 2695 eleemosynam
538 2649 668 2684 facere.

47 2741 49 2747 A
174 2713 203 2747 3.
225 2701 461 2736 PRAETEREA.
484 2702 623 2748 Majora
646 2703 742 2737 mala
761 2712 843 2738 sunt
860 2704 976 2750 magis
991 2704 1148 2745 vitanda,
1164 2715 1273 2750 quam
1289 2703 1446 2737 minora:
1461 2702 1523 2736 sed
1543 2702 1661 2736 minus

98 2762 289 2800 peccatum
312 2763 365 2789 est
386 2755 544 2789 detentio
567 2756 618 2789 rei
640 2755 789 2799 alienae,
812 2768 919 2803 quam
943 2757 1196 2798 homicidium,
1218 2756 1314 2802 quod
1338 2755 1465 2801 aliquis
1498 2755 1661 2797 incurrit,

98 2806 167 2840 nisi
186 2806 247 2841 alii
268 2808 304 2841 in
327 2808 454 2842 ultima
474 2809 688 2842 necessitate
710 2810 909 2852 subveniat,
931 2818 968 2844 ut
989 2818 1086 2856 patet
1119 2821 1182 2855 per
1214 2809 1450 2842 Ambrosium
1481 2809 1661 2843 dicentem

101 2859 178 2904 (loc.
199 2862 252 2896 cit.
275 2866 339 2896 art.
358 2873 387 2908 5.
409 2862 478 2907 huj.
501 2862 565 2908 q.):
590 2875 608 2894 «
629 2862 743 2897 Pasce
765 2862 862 2898 fame
884 2863 1123 2905 morientem;
1153 2862 1327 2908 quoniam
1349 2863 1377 2896 si
1403 2873 1478 2896 non
1508 2862 1660 2908 paveris,
