<?xml version="1.0" encoding="UTF-8"?>
<!DOCTYPE html PUBLIC "-//W3C//DTD XHTML 1.0 Transitional//EN"
    "http://www.w3.org/TR/xhtml1/DTD/xhtml1-transitional.dtd">
<html xmlns="http://www.w3.org/1999/xhtml" xml:lang="en" lang="en">
 <head>
  <title>
</title>
<meta http-equiv="Content-Type" content="text/html;charset=utf-8" />
  <meta name='ocr-system' content='tesseract 3.04.00' />
  <meta name='ocr-capabilities' content='ocr_page ocr_carea ocr_par ocr_line ocrx_word'/>
</head>
<body>
  <div class='ocr_page' id='page_1' title='image "./divithomaeaquina03thomuoft_1219.png"; bbox 0 0 1859 3122; ppageno 0'>
   <div class='ocr_carea' id='block_1_1' title="bbox 473 180 1654 216">
    <p class='ocr_par' dir='ltr' id='par_1_1' title="bbox 473 180 1654 216">
     <span class='ocr_line' id='line_1_1' title="bbox 473 180 1654 216; baseline 0 -6"><span class='ocrx_word' id='word_1_1' title='bbox 473 180 693 216; x_wconf 80' lang='lat' dir='ltr'><strong>QUAESTIO</strong></span> <span class='ocrx_word' id='word_1_2' title='bbox 728 181 918 211; x_wconf 80' lang='lat' dir='ltr'>CLXXXV.</span> <span class='ocrx_word' id='word_1_3' title='bbox 954 181 1198 211; x_wconf 84' lang='lat' dir='ltr'>ARTICULUS</span> <span class='ocrx_word' id='word_1_4' title='bbox 1232 181 1288 211; x_wconf 85' lang='lat' dir='ltr'>lv.</span> <span class='ocrx_word' id='word_1_5' title='bbox 1549 181 1654 211; x_wconf 86' lang='lat'>1211</span> 
     </span>
    </p>
   </div>
   <div class='ocr_carea' id='block_1_2' title="bbox 97 261 1662 2867">
    <p class='ocr_par' dir='ltr' id='par_1_2' title="bbox 98 261 1662 1216">
     <span class='ocr_line' id='line_1_2' title="bbox 98 261 1658 308; baseline 0.001 -14"><span class='ocrx_word' id='word_1_6' title='bbox 98 261 196 295; x_wconf 86' lang='lat' dir='ltr'>tandi</span> <span class='ocrx_word' id='word_1_7' title='bbox 218 269 299 294; x_wconf 92' lang='lat' dir='ltr'>sunt</span> <span class='ocrx_word' id='word_1_8' title='bbox 321 261 417 302; x_wconf 77' lang='lat' dir='ltr'>mali,</span> <span class='ocrx_word' id='word_1_9' title='bbox 441 262 497 295; x_wconf 89' lang='lat' dir='ltr'>ubi</span> <span class='ocrx_word' id='word_1_10' title='bbox 522 262 749 296; x_wconf 80' lang='lat' dir='ltr'>inveniuntur</span> <span class='ocrx_word' id='word_1_11' title='bbox 772 262 892 308; x_wconf 78' lang='lat' dir='ltr'>aliqui,</span> <span class='ocrx_word' id='word_1_12' title='bbox 914 263 972 308; x_wconf 91' lang='lat' dir='ltr'>qui</span> <span class='ocrx_word' id='word_1_13' title='bbox 997 263 1208 307; x_wconf 81' lang='lat' dir='ltr'>adjuventur</span> <span class='ocrx_word' id='word_1_14' title='bbox 1229 262 1330 297; x_wconf 90' lang='lat' dir='ltr'>boni:</span> <span class='ocrx_word' id='word_1_15' title='bbox 1355 262 1413 296; x_wconf 87' lang='lat' dir='ltr'>ubi</span> <span class='ocrx_word' id='word_1_16' title='bbox 1436 270 1555 296; x_wconf 88' lang='lat' dir='ltr'>autem</span> <span class='ocrx_word' id='word_1_17' title='bbox 1583 273 1658 296; x_wconf 89' lang='lat' dir='ltr'>om-</span> 
     </span>
     <span class='ocr_line' id='line_1_3' title="bbox 98 314 1657 362; baseline 0.001 -15"><span class='ocrx_word' id='word_1_18' title='bbox 98 314 184 347; x_wconf 91' lang='lat' dir='ltr'>nino</span> <span class='ocrx_word' id='word_1_19' title='bbox 207 314 339 348; x_wconf 82' lang='lat' dir='ltr'>fructus</span> <span class='ocrx_word' id='word_1_20' title='bbox 367 315 409 348; x_wconf 84' lang='lat' dir='ltr'>de</span> <span class='ocrx_word' id='word_1_21' title='bbox 431 315 534 348; x_wconf 90' lang='lat' dir='ltr'>bonis</span> <span class='ocrx_word' id='word_1_22' title='bbox 556 317 665 357; x_wconf 80' lang='lat' dir='ltr'>deest,</span> <span class='ocrx_word' id='word_1_23' title='bbox 689 315 725 349; x_wconf 82' lang='lat' dir='ltr'>sit</span> <span class='ocrx_word' id='word_1_24' title='bbox 747 315 941 362; x_wconf 86' lang='lat' dir='ltr'>aliquando</span> <span class='ocrx_word' id='word_1_25' title='bbox 964 316 1007 350; x_wconf 87' lang='lat' dir='ltr'>de</span> <span class='ocrx_word' id='word_1_26' title='bbox 1031 316 1135 350; x_wconf 84' lang='lat' dir='ltr'>malis</span> <span class='ocrx_word' id='word_1_27' title='bbox 1158 316 1259 350; x_wconf 87' lang='lat' dir='ltr'>labor</span> <span class='ocrx_word' id='word_1_28' title='bbox 1281 327 1543 361; x_wconf 77' lang='lat' dir='ltr'>supervacuus3</span> <span class='ocrx_word' id='word_1_29' title='bbox 1563 315 1657 349; x_wconf 87' lang='lat' dir='ltr'>unde</span> 
     </span>
     <span class='ocr_line' id='line_1_4' title="bbox 98 368 1658 415; baseline 0.001 -14"><span class='ocrx_word' id='word_1_30' title='bbox 98 378 204 412; x_wconf 81' lang='lat' dir='ltr'>saepe</span> <span class='ocrx_word' id='word_1_31' title='bbox 227 368 342 413; x_wconf 82' lang='lat' dir='ltr'>agitur</span> <span class='ocrx_word' id='word_1_32' title='bbox 364 368 397 401; x_wconf 92' lang='lat' dir='ltr'>in</span> <span class='ocrx_word' id='word_1_33' title='bbox 422 369 543 402; x_wconf 86' lang='lat' dir='ltr'>animo</span> <span class='ocrx_word' id='word_1_34' title='bbox 566 368 819 413; x_wconf 78' lang='lat' dir='ltr'>perfectorum,</span> <span class='ocrx_word' id='word_1_35' title='bbox 838 369 934 415; x_wconf 85' lang='lat' dir='ltr'>quod</span> <span class='ocrx_word' id='word_1_36' title='bbox 951 381 1034 403; x_wconf 88' lang='lat' dir='ltr'>cum</span> <span class='ocrx_word' id='word_1_37' title='bbox 1050 368 1213 404; x_wconf 86' lang='lat' dir='ltr'>laborem</span> <span class='ocrx_word' id='word_1_38' title='bbox 1228 381 1332 404; x_wconf 86' lang='lat' dir='ltr'>suum</span> <span class='ocrx_word' id='word_1_39' title='bbox 1352 370 1427 404; x_wconf 91' lang='lat' dir='ltr'>sine</span> <span class='ocrx_word' id='word_1_40' title='bbox 1443 369 1560 403; x_wconf 84' lang='lat' dir='ltr'>fructu</span> <span class='ocrx_word' id='word_1_41' title='bbox 1580 380 1658 404; x_wconf 89' lang='lat' dir='ltr'>esse</span> 
     </span>
     <span class='ocr_line' id='line_1_5' title="bbox 98 421 1658 469; baseline 0.001 -15"><span class='ocrx_word' id='word_1_42' title='bbox 98 421 337 463; x_wconf 78' lang='lat' dir='ltr'>considerant,</span> <span class='ocrx_word' id='word_1_43' title='bbox 365 422 399 455; x_wconf 87' lang='lat' dir='ltr'>in</span> <span class='ocrx_word' id='word_1_44' title='bbox 423 421 544 455; x_wconf 83' lang='lat' dir='ltr'>locuni</span> <span class='ocrx_word' id='word_1_45' title='bbox 576 422 685 456; x_wconf 86' lang='lat' dir='ltr'>alium</span> <span class='ocrx_word' id='word_1_46' title='bbox 715 423 757 456; x_wconf 84' lang='lat' dir='ltr'>ad</span> <span class='ocrx_word' id='word_1_47' title='bbox 786 423 947 456; x_wconf 82' lang='lat' dir='ltr'>laborem</span> <span class='ocrx_word' id='word_1_48' title='bbox 976 434 1059 456; x_wconf 89' lang='lat' dir='ltr'>cum</span> <span class='ocrx_word' id='word_1_49' title='bbox 1086 422 1200 456; x_wconf 88' lang='lat' dir='ltr'>fructu</span> <span class='ocrx_word' id='word_1_50' title='bbox 1229 423 1384 469; x_wconf 83' lang='lat' dir='ltr'>migrant</span> <span class='ocrx_word' id='word_1_51' title='bbox 1399 435 1436 456; x_wconf 79' lang='lat' dir='ltr'>»z</span> <span class='ocrx_word' id='word_1_52' title='bbox 1467 423 1658 469; x_wconf 64' lang='lat' dir='ltr'>quandoque</span> 
     </span>
     <span class='ocr_line' id='line_1_6' title="bbox 99 475 1658 522; baseline 0.001 -14"><span class='ocrx_word' id='word_1_53' title='bbox 99 482 217 508; x_wconf 88' lang='lat' dir='ltr'>autem</span> <span class='ocrx_word' id='word_1_54' title='bbox 241 475 417 520; x_wconf 73' lang='lat' dir='ltr'>contingit</span> <span class='ocrx_word' id='word_1_55' title='bbox 439 487 479 509; x_wconf 80' lang='lat' dir='ltr'>ex</span> <span class='ocrx_word' id='word_1_56' title='bbox 502 483 599 521; x_wconf 89' lang='lat' dir='ltr'>parte</span> <span class='ocrx_word' id='word_1_57' title='bbox 623 475 793 518; x_wconf 89' lang='lat' dir='ltr'>aliorum;</span> <span class='ocrx_word' id='word_1_58' title='bbox 818 485 900 521; x_wconf 87' lang='lat' dir='ltr'>puta</span> <span class='ocrx_word' id='word_1_59' title='bbox 924 488 1006 510; x_wconf 83' lang='lat' dir='ltr'>cuin</span> <span class='ocrx_word' id='word_1_60' title='bbox 1022 476 1065 510; x_wconf 94' lang='lat' dir='ltr'>de</span> <span class='ocrx_word' id='word_1_61' title='bbox 1080 476 1301 522; x_wconf 83' lang='lat' dir='ltr'>praelatione</span> <span class='ocrx_word' id='word_1_62' title='bbox 1317 476 1466 522; x_wconf 88' lang='lat' dir='ltr'>alicujus</span> <span class='ocrx_word' id='word_1_63' title='bbox 1483 487 1658 522; x_wconf 84' lang='lat' dir='ltr'>personae</span> 
     </span>
     <span class='ocr_line' id='line_1_7' title="bbox 98 528 1659 576; baseline 0.002 -15"><span class='ocrx_word' id='word_1_64' title='bbox 98 528 308 562; x_wconf 85' lang='lat' dir='ltr'>scandalum</span> <span class='ocrx_word' id='word_1_65' title='bbox 330 528 535 562; x_wconf 88' lang='lat' dir='ltr'>suscitatur:</span> <span class='ocrx_word' id='word_1_66' title='bbox 559 540 656 571; x_wconf 87' lang='lat' dir='ltr'>narn,</span> <span class='ocrx_word' id='word_1_67' title='bbox 678 538 715 563; x_wconf 88' lang='lat' dir='ltr'>ut</span> <span class='ocrx_word' id='word_1_68' title='bbox 738 529 936 576; x_wconf 84' lang='lat' dir='ltr'>Apostolus</span> <span class='ocrx_word' id='word_1_69' title='bbox 958 529 1043 563; x_wconf 88' lang='lat' dir='ltr'>dicit</span> <span class='ocrx_word' id='word_1_70' title='bbox 1069 540 1095 563; x_wconf 92' lang='lat'>1.</span> <span class='ocrx_word' id='word_1_71' title='bbox 1120 530 1163 563; x_wconf 91' lang='lat' dir='ltr'>ad</span> <span class='ocrx_word' id='word_1_72' title='bbox 1187 529 1272 564; x_wconf 88' lang='lat' dir='ltr'>Cor.</span> <span class='ocrx_word' id='word_1_73' title='bbox 1296 530 1346 564; x_wconf 85' lang='lat'>8.:</span> <span class='ocrx_word' id='word_1_74' title='bbox 1369 530 1405 564; x_wconf 75' lang='lat' dir='ltr'>Si</span> <span class='ocrx_word' id='word_1_75' title='bbox 1430 542 1501 564; x_wconf 74' lang='lat' dir='ltr'>esca</span> <span class='ocrx_word' id='word_1_76' title='bbox 1526 530 1659 565; x_wconf 78' lang='lat' dir='ltr'>scanda-</span> 
     </span>
     <span class='ocr_line' id='line_1_8' title="bbox 98 582 1656 627; baseline 0.001 -12"><span class='ocrx_word' id='word_1_77' title='bbox 98 582 334 627; x_wconf 60' lang='lat' dir='ltr'>lizatjrutrem</span> <span class='ocrx_word' id='word_1_78' title='bbox 359 595 476 623; x_wconf 68' lang='lat' dir='ltr'>meum,</span> <span class='ocrx_word' id='word_1_79' title='bbox 500 595 563 616; x_wconf 78' lang='lat' dir='ltr'>non</span> <span class='ocrx_word' id='word_1_80' title='bbox 586 583 790 617; x_wconf 68' lang='lat' dir='ltr'>manducabo</span> <span class='ocrx_word' id='word_1_81' title='bbox 813 596 925 618; x_wconf 63' lang='lat' dir='ltr'>carnes</span> <span class='ocrx_word' id='word_1_82' title='bbox 944 585 976 617; x_wconf 86' lang='lat' dir='ltr'>in</span> <span class='ocrx_word' id='word_1_83' title='bbox 995 588 1178 617; x_wconf 63' lang='lat' dir='ltr'>aeternum:</span> <span class='ocrx_word' id='word_1_84' title='bbox 1201 584 1285 617; x_wconf 93' lang='lat' dir='ltr'>dum</span> <span class='ocrx_word' id='word_1_85' title='bbox 1304 592 1426 617; x_wconf 88' lang='lat' dir='ltr'>tamen</span> <span class='ocrx_word' id='word_1_86' title='bbox 1445 583 1656 617; x_wconf 87' lang='lat' dir='ltr'>scandalum</span> 
     </span>
     <span class='ocr_line' id='line_1_9' title="bbox 98 635 1659 683; baseline 0.001 -15"><span class='ocrx_word' id='word_1_87' title='bbox 98 646 171 669; x_wconf 90' lang='lat' dir='ltr'>non</span> <span class='ocrx_word' id='word_1_88' title='bbox 194 635 329 669; x_wconf 88' lang='lat' dir='ltr'>oriatur</span> <span class='ocrx_word' id='word_1_89' title='bbox 351 647 391 670; x_wconf 80' lang='lat' dir='ltr'>ex</span> <span class='ocrx_word' id='word_1_90' title='bbox 414 636 551 670; x_wconf 88' lang='lat' dir='ltr'>malitia</span> <span class='ocrx_word' id='word_1_91' title='bbox 579 636 782 682; x_wconf 81' lang='lat' dir='ltr'>aliquorum</span> <span class='ocrx_word' id='word_1_92' title='bbox 809 636 1010 671; x_wconf 83' lang='lat' dir='ltr'>volentium</span> <span class='ocrx_word' id='word_1_93' title='bbox 1036 636 1156 678; x_wconf 85' lang='lat' dir='ltr'>fidem,</span> <span class='ocrx_word' id='word_1_94' title='bbox 1185 645 1244 670; x_wconf 88' lang='lat' dir='ltr'>aut</span> <span class='ocrx_word' id='word_1_95' title='bbox 1270 637 1443 683; x_wconf 87' lang='lat' dir='ltr'>justitiam</span> <span class='ocrx_word' id='word_1_96' title='bbox 1472 636 1659 671; x_wconf 84' lang='lat' dir='ltr'>Ecclesiae</span> 
     </span>
     <span class='ocr_line' id='line_1_10' title="bbox 103 689 1660 736; baseline 0.001 -14"><span class='ocrx_word' id='word_1_97' title='bbox 103 689 335 723; x_wconf 77' lang='lat' dir='ltr'>conculcare:</span> <span class='ocrx_word' id='word_1_98' title='bbox 363 697 506 735; x_wconf 89' lang='lat' dir='ltr'>propter</span> <span class='ocrx_word' id='word_1_99' title='bbox 527 690 736 734; x_wconf 82' lang='lat' dir='ltr'>hujusmodi</span> <span class='ocrx_word' id='word_1_100' title='bbox 758 691 854 724; x_wconf 90' lang='lat' dir='ltr'>enim</span> <span class='ocrx_word' id='word_1_101' title='bbox 877 690 1088 724; x_wconf 88' lang='lat' dir='ltr'>scandalum</span> <span class='ocrx_word' id='word_1_102' title='bbox 1116 701 1189 724; x_wconf 87' lang='lat' dir='ltr'>non</span> <span class='ocrx_word' id='word_1_103' title='bbox 1212 699 1264 724; x_wconf 93' lang='lat' dir='ltr'>est</span> <span class='ocrx_word' id='word_1_104' title='bbox 1286 702 1369 724; x_wconf 91' lang='lat' dir='ltr'>cura</span> <span class='ocrx_word' id='word_1_105' title='bbox 1396 690 1585 736; x_wconf 89' lang='lat' dir='ltr'>pastoralis</span> <span class='ocrx_word' id='word_1_106' title='bbox 1613 691 1660 724; x_wconf 90' lang='lat' dir='ltr'>di-</span> 
     </span>
     <span class='ocr_line' id='line_1_11' title="bbox 102 741 1658 790; baseline 0.001 -15"><span class='ocrx_word' id='word_1_107' title='bbox 102 741 284 784; x_wconf 87' lang='lat' dir='ltr'>mittenda,</span> <span class='ocrx_word' id='word_1_108' title='bbox 306 743 506 776; x_wconf 88' lang='lat' dir='ltr'>secundum</span> <span class='ocrx_word' id='word_1_109' title='bbox 528 742 614 777; x_wconf 85' lang='lat' dir='ltr'>illud</span> <span class='ocrx_word' id='word_1_110' title='bbox 637 743 763 777; x_wconf 85' lang='lat' dir='ltr'>Matth.</span> <span class='ocrx_word' id='word_1_111' title='bbox 793 754 862 788; x_wconf 77' lang='lat'>15.:</span> <span class='ocrx_word' id='word_1_112' title='bbox 884 744 988 778; x_wconf 58' lang='lat' dir='ltr'>Sinite</span> <span class='ocrx_word' id='word_1_113' title='bbox 1011 743 1091 785; x_wconf 77' lang='lat' dir='ltr'>illos,</span> <span class='ocrx_word' id='word_1_114' title='bbox 1120 743 1258 778; x_wconf 90' lang='lat' dir='ltr'>scilicet</span> <span class='ocrx_word' id='word_1_115' title='bbox 1283 744 1343 790; x_wconf 89' lang='lat' dir='ltr'>qui</span> <span class='ocrx_word' id='word_1_116' title='bbox 1370 744 1658 778; x_wconf 87' lang='lat' dir='ltr'>scandalizaban-</span> 
     </span>
     <span class='ocr_line' id='line_1_12' title="bbox 101 795 1658 843; baseline 0.001 -14"><span class='ocrx_word' id='word_1_117' title='bbox 101 801 154 829; x_wconf 82' lang='lat' dir='ltr'>tur</span> <span class='ocrx_word' id='word_1_118' title='bbox 175 795 218 830; x_wconf 90' lang='lat' dir='ltr'>de</span> <span class='ocrx_word' id='word_1_119' title='bbox 240 796 387 830; x_wconf 87' lang='lat' dir='ltr'>veritate</span> <span class='ocrx_word' id='word_1_120' title='bbox 403 797 586 830; x_wconf 88' lang='lat' dir='ltr'>doctrinae</span> <span class='ocrx_word' id='word_1_121' title='bbox 605 796 755 831; x_wconf 82' lang='lat' dir='ltr'>Christi:</span> <span class='ocrx_word' id='word_1_122' title='bbox 779 799 866 831; x_wconf 66' lang='lat' dir='ltr'>caeci</span> <span class='ocrx_word' id='word_1_123' title='bbox 886 802 972 839; x_wconf 72' lang='lat' dir='ltr'>sunt,</span> <span class='ocrx_word' id='word_1_124' title='bbox 995 802 1022 832; x_wconf 79' lang='lat' dir='ltr'>et</span> <span class='ocrx_word' id='word_1_125' title='bbox 1044 797 1136 831; x_wconf 69' lang='lat' dir='ltr'>duces</span> <span class='ocrx_word' id='word_1_126' title='bbox 1154 809 1335 832; x_wconf 67' lang='lat' dir='ltr'>caecorum.</span> <span class='ocrx_word' id='word_1_127' title='bbox 1354 797 1510 843; x_wconf 86' lang='lat' dir='ltr'>Oportet</span> <span class='ocrx_word' id='word_1_128' title='bbox 1524 805 1658 839; x_wconf 89' lang='lat' dir='ltr'>tamen,</span> 
     </span>
     <span class='ocr_line' id='line_1_13' title="bbox 101 849 1660 896; baseline 0.001 -14"><span class='ocrx_word' id='word_1_129' title='bbox 101 849 194 894; x_wconf 88' lang='lat' dir='ltr'>quod</span> <span class='ocrx_word' id='word_1_130' title='bbox 216 849 307 883; x_wconf 87' lang='lat' dir='ltr'>sicut</span> <span class='ocrx_word' id='word_1_131' title='bbox 329 860 453 882; x_wconf 86' lang='lat' dir='ltr'>curam</span> <span class='ocrx_word' id='word_1_132' title='bbox 473 850 657 894; x_wconf 87' lang='lat' dir='ltr'>regiminis</span> <span class='ocrx_word' id='word_1_133' title='bbox 673 851 823 884; x_wconf 80' lang='lat' dir='ltr'>assumit</span> <span class='ocrx_word' id='word_1_134' title='bbox 838 850 965 896; x_wconf 88' lang='lat' dir='ltr'>aliquis</span> <span class='ocrx_word' id='word_1_135' title='bbox 984 862 1046 896; x_wconf 91' lang='lat' dir='ltr'>per</span> <span class='ocrx_word' id='word_1_136' title='bbox 1060 851 1326 896; x_wconf 87' lang='lat' dir='ltr'>providentiam</span> <span class='ocrx_word' id='word_1_137' title='bbox 1344 851 1537 896; x_wconf 89' lang='lat' dir='ltr'>superioris</span> <span class='ocrx_word' id='word_1_138' title='bbox 1556 851 1660 885; x_wconf 90' lang='lat' dir='ltr'>Prae-</span> 
     </span>
     <span class='ocr_line' id='line_1_14' title="bbox 101 900 1658 950; baseline 0.001 -14"><span class='ocrx_word' id='word_1_139' title='bbox 101 900 179 943; x_wconf 84' lang='lat' dir='ltr'>lati;</span> <span class='ocrx_word' id='word_1_140' title='bbox 200 903 249 936; x_wconf 93' lang='lat' dir='ltr'>ita</span> <span class='ocrx_word' id='word_1_141' title='bbox 271 903 380 937; x_wconf 88' lang='lat' dir='ltr'>etiam</span> <span class='ocrx_word' id='word_1_142' title='bbox 402 915 462 949; x_wconf 90' lang='lat' dir='ltr'>per</span> <span class='ocrx_word' id='word_1_143' title='bbox 485 904 559 948; x_wconf 90' lang='lat' dir='ltr'>ejus</span> <span class='ocrx_word' id='word_1_144' title='bbox 587 904 836 938; x_wconf 87' lang='lat' dir='ltr'>auctoritatem</span> <span class='ocrx_word' id='word_1_145' title='bbox 861 915 902 937; x_wconf 77' lang='lat' dir='ltr'>ex</span> <span class='ocrx_word' id='word_1_146' title='bbox 925 904 1040 937; x_wconf 89' lang='lat' dir='ltr'>causis</span> <span class='ocrx_word' id='word_1_147' title='bbox 1063 904 1252 949; x_wconf 87' lang='lat' dir='ltr'>praedictis</span> <span class='ocrx_word' id='word_1_148' title='bbox 1275 904 1413 938; x_wconf 89' lang='lat' dir='ltr'>deserat</span> <span class='ocrx_word' id='word_1_149' title='bbox 1435 912 1658 950; x_wconf 87' lang='lat' dir='ltr'>susceptam;</span> 
     </span>
     <span class='ocr_line' id='line_1_15' title="bbox 100 956 1662 1004; baseline 0.001 -15"><span class='ocrx_word' id='word_1_150' title='bbox 100 956 193 990; x_wconf 89' lang='lat' dir='ltr'>unde</span> <span class='ocrx_word' id='word_1_151' title='bbox 210 964 341 991; x_wconf 76' lang='lat' dir='ltr'>extrav,</span> <span class='ocrx_word' id='word_1_152' title='bbox 358 957 399 990; x_wconf 93' lang='lat' dir='ltr'>de</span> <span class='ocrx_word' id='word_1_153' title='bbox 415 956 570 991; x_wconf 90' lang='lat' dir='ltr'>Renunt.</span> <span class='ocrx_word' id='word_1_154' title='bbox 583 957 670 1003; x_wconf 68' lang='lat' dir='ltr'>(rap.</span> <span class='ocrx_word' id='word_1_155' title='bbox 684 970 693 992; x_wconf 87' lang='lat'>.·</span> <span class='ocrx_word' id='word_1_156' title='bbox 709 958 785 992; x_wconf 79' lang='lat' dir='ltr'>Nisi</span> <span class='ocrx_word' id='word_1_157' title='bbox 803 969 876 991; x_wconf 75' lang='lat' dir='ltr'>cum</span> <span class='ocrx_word' id='word_1_158' title='bbox 890 957 1034 1003; x_wconf 72' lang='lat' dir='ltr'>pridem)</span> <span class='ocrx_word' id='word_1_159' title='bbox 1050 958 1136 991; x_wconf 87' lang='lat' dir='ltr'>dicit</span> <span class='ocrx_word' id='word_1_160' title='bbox 1150 958 1334 992; x_wconf 89' lang='lat' dir='ltr'>Innocent.</span> <span class='ocrx_word' id='word_1_161' title='bbox 1357 958 1437 991; x_wconf 80' lang='lat' dir='ltr'>HL:</span> <span class='ocrx_word' id='word_1_162' title='bbox 1455 971 1473 989; x_wconf 75' lang='grc' dir='ltr'>α</span> <span class='ocrx_word' id='word_1_163' title='bbox 1489 957 1563 992; x_wconf 89' lang='lat' dir='ltr'>Etsi</span> <span class='ocrx_word' id='word_1_164' title='bbox 1578 969 1662 1004; x_wconf 90' lang='lat' dir='ltr'>pen-</span> 
     </span>
     <span class='ocr_line' id='line_1_16' title="bbox 100 1009 1661 1055; baseline 0.001 -12"><span class='ocrx_word' id='word_1_165' title='bbox 100 1020 164 1043; x_wconf 91' lang='lat' dir='ltr'>nas</span> <span class='ocrx_word' id='word_1_166' title='bbox 185 1009 330 1051; x_wconf 81' lang='lat' dir='ltr'>habeas,</span> <span class='ocrx_word' id='word_1_167' title='bbox 353 1010 480 1055; x_wconf 89' lang='lat' dir='ltr'>quibus</span> <span class='ocrx_word' id='word_1_168' title='bbox 501 1018 643 1055; x_wconf 87' lang='lat' dir='ltr'>satagas</span> <span class='ocrx_word' id='word_1_169' title='bbox 664 1010 699 1043; x_wconf 93' lang='lat' dir='ltr'>in</span> <span class='ocrx_word' id='word_1_170' title='bbox 722 1009 957 1044; x_wconf 88' lang='lat' dir='ltr'>solitudinem</span> <span class='ocrx_word' id='word_1_171' title='bbox 980 1010 1136 1052; x_wconf 85' lang='lat' dir='ltr'>avolare,</span> <span class='ocrx_word' id='word_1_172' title='bbox 1158 1011 1207 1044; x_wconf 91' lang='lat' dir='ltr'>ita</span> <span class='ocrx_word' id='word_1_173' title='bbox 1229 1019 1351 1044; x_wconf 88' lang='lat' dir='ltr'>tamen</span> <span class='ocrx_word' id='word_1_174' title='bbox 1371 1011 1560 1045; x_wconf 82' lang='lat' dir='ltr'>adstrictae</span> <span class='ocrx_word' id='word_1_175' title='bbox 1579 1019 1661 1045; x_wconf 91' lang='lat' dir='ltr'>sunt</span> 
     </span>
     <span class='ocr_line' id='line_1_17' title="bbox 99 1062 1661 1109; baseline 0.001 -13"><span class='ocrx_word' id='word_1_176' title='bbox 99 1062 245 1097; x_wconf 81' lang='lat' dir='ltr'>nexibus</span> <span class='ocrx_word' id='word_1_177' title='bbox 267 1071 555 1109; x_wconf 88' lang='lat' dir='ltr'>praeceptorum,</span> <span class='ocrx_word' id='word_1_178' title='bbox 578 1071 615 1097; x_wconf 90' lang='lat' dir='ltr'>ut</span> <span class='ocrx_word' id='word_1_179' title='bbox 636 1062 787 1096; x_wconf 90' lang='lat' dir='ltr'>liberum</span> <span class='ocrx_word' id='word_1_180' title='bbox 810 1074 884 1096; x_wconf 89' lang='lat' dir='ltr'>non</span> <span class='ocrx_word' id='word_1_181' title='bbox 902 1063 1036 1097; x_wconf 86' lang='lat' dir='ltr'>habeas</span> <span class='ocrx_word' id='word_1_182' title='bbox 1053 1064 1186 1109; x_wconf 83' lang='lat' dir='ltr'>absque</span> <span class='ocrx_word' id='word_1_183' title='bbox 1202 1071 1325 1098; x_wconf 88' lang='lat' dir='ltr'>nostra</span> <span class='ocrx_word' id='word_1_184' title='bbox 1344 1064 1582 1109; x_wconf 61' lang='lat' dir='ltr'>permissione</span> <span class='ocrx_word' id='word_1_185' title='bbox 1599 1075 1661 1097; x_wconf 89' lang='lat' dir='ltr'>vo-</span> 
     </span>
     <span class='ocr_line' id='line_1_18' title="bbox 98 1114 1658 1163; baseline 0.001 -14"><span class='ocrx_word' id='word_1_186' title='bbox 98 1114 211 1149; x_wconf 90' lang='lat' dir='ltr'>latum</span> <span class='ocrx_word' id='word_1_187' title='bbox 226 1128 264 1150; x_wconf 78' lang='lat'>»2</span> <span class='ocrx_word' id='word_1_188' title='bbox 287 1116 356 1150; x_wconf 91' lang='lat' dir='ltr'>soli</span> <span class='ocrx_word' id='word_1_189' title='bbox 379 1116 475 1150; x_wconf 90' lang='lat' dir='ltr'>enim</span> <span class='ocrx_word' id='word_1_190' title='bbox 496 1116 616 1162; x_wconf 87' lang='lat' dir='ltr'>Papae</span> <span class='ocrx_word' id='word_1_191' title='bbox 635 1115 718 1150; x_wconf 89' lang='lat' dir='ltr'>licet</span> <span class='ocrx_word' id='word_1_192' title='bbox 739 1116 944 1161; x_wconf 87' lang='lat' dir='ltr'>dispensare</span> <span class='ocrx_word' id='word_1_193' title='bbox 966 1116 1001 1150; x_wconf 92' lang='lat' dir='ltr'>in</span> <span class='ocrx_word' id='word_1_194' title='bbox 1022 1125 1110 1150; x_wconf 88' lang='lat' dir='ltr'>voto</span> <span class='ocrx_word' id='word_1_195' title='bbox 1132 1125 1320 1162; x_wconf 87' lang='lat' dir='ltr'>perpetuo,</span> <span class='ocrx_word' id='word_1_196' title='bbox 1347 1128 1419 1163; x_wconf 90' lang='lat' dir='ltr'>quo</span> <span class='ocrx_word' id='word_1_197' title='bbox 1446 1117 1524 1163; x_wconf 89' lang='lat' dir='ltr'>quis</span> <span class='ocrx_word' id='word_1_198' title='bbox 1550 1129 1588 1151; x_wconf 90' lang='lat' dir='ltr'>se</span> <span class='ocrx_word' id='word_1_199' title='bbox 1615 1117 1658 1151; x_wconf 91' lang='lat' dir='ltr'>ad</span> 
     </span>
     <span class='ocr_line' id='line_1_19' title="bbox 101 1169 1194 1216; baseline 0.001 -14"><span class='ocrx_word' id='word_1_200' title='bbox 101 1180 224 1203; x_wconf 91' lang='lat' dir='ltr'>curam</span> <span class='ocrx_word' id='word_1_201' title='bbox 246 1169 472 1203; x_wconf 90' lang='lat' dir='ltr'>subditorum</span> <span class='ocrx_word' id='word_1_202' title='bbox 495 1169 691 1211; x_wconf 86' lang='lat' dir='ltr'>adstrinxit,</span> <span class='ocrx_word' id='word_1_203' title='bbox 713 1169 964 1215; x_wconf 88' lang='lat' dir='ltr'>episcopatum</span> <span class='ocrx_word' id='word_1_204' title='bbox 985 1170 1194 1216; x_wconf 90' lang='lat' dir='ltr'>suscipiens.</span> 
     </span>
    </p>

    <p class='ocr_par' dir='ltr' id='par_1_3' title="bbox 97 1221 1660 1799">
     <span class='ocr_line' id='line_1_20' title="bbox 168 1221 1658 1269; baseline 0.001 -13"><span class='ocrx_word' id='word_1_205' title='bbox 168 1222 228 1256; x_wconf 86' lang='lat' dir='ltr'>AD</span> <span class='ocrx_word' id='word_1_206' title='bbox 249 1232 397 1257; x_wconf 76' lang='lat' dir='ltr'>PRIMUM</span> <span class='ocrx_word' id='word_1_207' title='bbox 416 1233 502 1268; x_wconf 90' lang='lat' dir='ltr'>ergo</span> <span class='ocrx_word' id='word_1_208' title='bbox 525 1222 731 1264; x_wconf 89' lang='lat' dir='ltr'>dicendum,</span> <span class='ocrx_word' id='word_1_209' title='bbox 751 1223 847 1268; x_wconf 90' lang='lat' dir='ltr'>quod</span> <span class='ocrx_word' id='word_1_210' title='bbox 869 1221 1042 1268; x_wconf 86' lang='lat' dir='ltr'>perfectio</span> <span class='ocrx_word' id='word_1_211' title='bbox 1057 1222 1324 1268; x_wconf 87' lang='lat' dir='ltr'>religiosorum,</span> <span class='ocrx_word' id='word_1_212' title='bbox 1347 1231 1381 1258; x_wconf 92' lang='lat' dir='ltr'>et</span> <span class='ocrx_word' id='word_1_213' title='bbox 1402 1223 1658 1269; x_wconf 89' lang='lat' dir='ltr'>episcoporum</span> 
     </span>
     <span class='ocr_line' id='line_1_21' title="bbox 99 1275 1660 1323; baseline 0.001 -14"><span class='ocrx_word' id='word_1_214' title='bbox 99 1275 298 1310; x_wconf 88' lang='lat' dir='ltr'>secundum</span> <span class='ocrx_word' id='word_1_215' title='bbox 319 1275 460 1309; x_wconf 89' lang='lat' dir='ltr'>diversa</span> <span class='ocrx_word' id='word_1_216' title='bbox 487 1276 694 1309; x_wconf 89' lang='lat' dir='ltr'>attenditur:</span> <span class='ocrx_word' id='word_1_217' title='bbox 723 1287 810 1309; x_wconf 90' lang='lat' dir='ltr'>nam</span> <span class='ocrx_word' id='word_1_218' title='bbox 844 1276 887 1309; x_wconf 88' lang='lat' dir='ltr'>ad</span> <span class='ocrx_word' id='word_1_219' title='bbox 914 1275 1174 1321; x_wconf 88' lang='lat' dir='ltr'>perfectionem</span> <span class='ocrx_word' id='word_1_220' title='bbox 1201 1276 1387 1322; x_wconf 85' lang='lat' dir='ltr'>religionis</span> <span class='ocrx_word' id='word_1_221' title='bbox 1413 1276 1566 1323; x_wconf 88' lang='lat' dir='ltr'>pertinet</span> <span class='ocrx_word' id='word_1_222' title='bbox 1591 1285 1660 1311; x_wconf 88' lang='lat' dir='ltr'>stu-</span> 
     </span>
     <span class='ocr_line' id='line_1_22' title="bbox 99 1328 1657 1376; baseline 0.001 -14"><span class='ocrx_word' id='word_1_223' title='bbox 99 1329 210 1370; x_wconf 91' lang='lat' dir='ltr'>dium,</span> <span class='ocrx_word' id='word_1_224' title='bbox 232 1328 328 1375; x_wconf 90' lang='lat' dir='ltr'>quod</span> <span class='ocrx_word' id='word_1_225' title='bbox 350 1329 428 1374; x_wconf 90' lang='lat' dir='ltr'>quis</span> <span class='ocrx_word' id='word_1_226' title='bbox 450 1329 594 1363; x_wconf 83' lang='lat' dir='ltr'>adhibet</span> <span class='ocrx_word' id='word_1_227' title='bbox 615 1329 658 1363; x_wconf 87' lang='lat' dir='ltr'>ad</span> <span class='ocrx_word' id='word_1_228' title='bbox 681 1329 864 1374; x_wconf 89' lang='lat' dir='ltr'>propriam</span> <span class='ocrx_word' id='word_1_229' title='bbox 885 1329 1056 1363; x_wconf 89' lang='lat' dir='ltr'>salutem:</span> <span class='ocrx_word' id='word_1_230' title='bbox 1086 1330 1128 1363; x_wconf 89' lang='lat' dir='ltr'>ad</span> <span class='ocrx_word' id='word_1_231' title='bbox 1154 1329 1415 1375; x_wconf 80' lang='lat' dir='ltr'>perfectionem</span> <span class='ocrx_word' id='word_1_232' title='bbox 1443 1338 1563 1363; x_wconf 87' lang='lat' dir='ltr'>autem</span> <span class='ocrx_word' id='word_1_233' title='bbox 1585 1330 1657 1376; x_wconf 89' lang='lat' dir='ltr'>epi-</span> 
     </span>
     <span class='ocr_line' id='line_1_23' title="bbox 98 1381 1658 1428; baseline 0.001 -13"><span class='ocrx_word' id='word_1_234' title='bbox 98 1381 254 1428; x_wconf 89' lang='lat' dir='ltr'>scopalis</span> <span class='ocrx_word' id='word_1_235' title='bbox 279 1390 391 1416; x_wconf 88' lang='lat' dir='ltr'>status</span> <span class='ocrx_word' id='word_1_236' title='bbox 416 1382 569 1428; x_wconf 88' lang='lat' dir='ltr'>pertinet</span> <span class='ocrx_word' id='word_1_237' title='bbox 595 1383 764 1416; x_wconf 89' lang='lat' dir='ltr'>adhibere</span> <span class='ocrx_word' id='word_1_238' title='bbox 791 1383 948 1416; x_wconf 88' lang='lat' dir='ltr'>studium</span> <span class='ocrx_word' id='word_1_239' title='bbox 976 1383 1020 1416; x_wconf 87' lang='lat' dir='ltr'>ad</span> <span class='ocrx_word' id='word_1_240' title='bbox 1046 1383 1295 1428; x_wconf 84' lang='lat' dir='ltr'>proximorum</span> <span class='ocrx_word' id='word_1_241' title='bbox 1322 1382 1495 1425; x_wconf 90' lang='lat' dir='ltr'>salutem;</span> <span class='ocrx_word' id='word_1_242' title='bbox 1518 1390 1551 1416; x_wconf 90' lang='lat' dir='ltr'>et</span> <span class='ocrx_word' id='word_1_243' title='bbox 1576 1383 1658 1417; x_wconf 91' lang='lat' dir='ltr'>ideo</span> 
     </span>
     <span class='ocr_line' id='line_1_24' title="bbox 99 1435 1659 1482; baseline -0.001 -12"><span class='ocrx_word' id='word_1_244' title='bbox 99 1436 270 1482; x_wconf 89' lang='lat' dir='ltr'>quamdiu</span> <span class='ocrx_word' id='word_1_245' title='bbox 293 1444 410 1482; x_wconf 91' lang='lat' dir='ltr'>potest</span> <span class='ocrx_word' id='word_1_246' title='bbox 431 1447 508 1470; x_wconf 89' lang='lat' dir='ltr'>esse</span> <span class='ocrx_word' id='word_1_247' title='bbox 531 1436 657 1482; x_wconf 88' lang='lat' dir='ltr'>aliquis</span> <span class='ocrx_word' id='word_1_248' title='bbox 679 1435 775 1470; x_wconf 89' lang='lat' dir='ltr'>utilis</span> <span class='ocrx_word' id='word_1_249' title='bbox 796 1436 1046 1482; x_wconf 81' lang='lat' dir='ltr'>proximorum</span> <span class='ocrx_word' id='word_1_250' title='bbox 1068 1436 1186 1477; x_wconf 84' lang='lat' dir='ltr'>saluti,</span> <span class='ocrx_word' id='word_1_251' title='bbox 1208 1436 1461 1477; x_wconf 89' lang='lat' dir='ltr'>retrocederet,</span> <span class='ocrx_word' id='word_1_252' title='bbox 1480 1436 1506 1470; x_wconf 89' lang='lat' dir='ltr'>si</span> <span class='ocrx_word' id='word_1_253' title='bbox 1527 1435 1570 1469; x_wconf 91' lang='lat' dir='ltr'>ad</span> <span class='ocrx_word' id='word_1_254' title='bbox 1590 1444 1659 1470; x_wconf 88' lang='lat' dir='ltr'>sta-</span> 
     </span>
     <span class='ocr_line' id='line_1_25' title="bbox 98 1488 1658 1535; baseline 0 -12"><span class='ocrx_word' id='word_1_255' title='bbox 98 1499 175 1524; x_wconf 87' lang='lat' dir='ltr'>tum</span> <span class='ocrx_word' id='word_1_256' title='bbox 197 1489 381 1535; x_wconf 86' lang='lat' dir='ltr'>religionis</span> <span class='ocrx_word' id='word_1_257' title='bbox 404 1489 513 1523; x_wconf 87' lang='lat' dir='ltr'>vellet</span> <span class='ocrx_word' id='word_1_258' title='bbox 533 1489 694 1530; x_wconf 88' lang='lat' dir='ltr'>transire,</span> <span class='ocrx_word' id='word_1_259' title='bbox 717 1497 755 1523; x_wconf 90' lang='lat' dir='ltr'>ut</span> <span class='ocrx_word' id='word_1_260' title='bbox 776 1489 895 1523; x_wconf 89' lang='lat' dir='ltr'>solum</span> <span class='ocrx_word' id='word_1_261' title='bbox 917 1500 1002 1523; x_wconf 87' lang='lat' dir='ltr'>suae</span> <span class='ocrx_word' id='word_1_262' title='bbox 1024 1489 1130 1523; x_wconf 83' lang='lat' dir='ltr'>saluti</span> <span class='ocrx_word' id='word_1_263' title='bbox 1148 1489 1335 1530; x_wconf 83' lang='lat' dir='ltr'>insisteret,</span> <span class='ocrx_word' id='word_1_264' title='bbox 1354 1489 1464 1535; x_wconf 89' lang='lat' dir='ltr'>quise</span> <span class='ocrx_word' id='word_1_265' title='bbox 1484 1488 1658 1534; x_wconf 86' lang='lat' dir='ltr'>obligavit</span> 
     </span>
     <span class='ocr_line' id='line_1_26' title="bbox 99 1541 1655 1588; baseline 0 -12"><span class='ocrx_word' id='word_1_266' title='bbox 99 1543 143 1576; x_wconf 90' lang='lat' dir='ltr'>ad</span> <span class='ocrx_word' id='word_1_267' title='bbox 164 1542 247 1584; x_wconf 90' lang='lat' dir='ltr'>hoc,</span> <span class='ocrx_word' id='word_1_268' title='bbox 270 1543 366 1588; x_wconf 88' lang='lat' dir='ltr'>quod</span> <span class='ocrx_word' id='word_1_269' title='bbox 388 1554 463 1576; x_wconf 90' lang='lat' dir='ltr'>non</span> <span class='ocrx_word' id='word_1_270' title='bbox 484 1542 603 1576; x_wconf 90' lang='lat' dir='ltr'>solum</span> <span class='ocrx_word' id='word_1_271' title='bbox 625 1554 728 1576; x_wconf 86' lang='lat' dir='ltr'>suam</span> <span class='ocrx_word' id='word_1_272' title='bbox 750 1541 915 1584; x_wconf 89' lang='lat' dir='ltr'>salutem,</span> <span class='ocrx_word' id='word_1_273' title='bbox 937 1542 999 1576; x_wconf 92' lang='lat' dir='ltr'>sed</span> <span class='ocrx_word' id='word_1_274' title='bbox 1014 1542 1123 1576; x_wconf 86' lang='lat' dir='ltr'>etiam</span> <span class='ocrx_word' id='word_1_275' title='bbox 1142 1542 1296 1576; x_wconf 87' lang='lat' dir='ltr'>aliorum</span> <span class='ocrx_word' id='word_1_276' title='bbox 1316 1550 1543 1588; x_wconf 89' lang='lat' dir='ltr'>procuraret;</span> <span class='ocrx_word' id='word_1_277' title='bbox 1561 1542 1655 1576; x_wconf 87' lang='lat' dir='ltr'>unde</span> 
     </span>
     <span class='ocr_line' id='line_1_27' title="bbox 99 1594 1655 1642; baseline 0 -13"><span class='ocrx_word' id='word_1_278' title='bbox 99 1596 330 1629; x_wconf 88' lang='lat' dir='ltr'>Innocentius</span> <span class='ocrx_word' id='word_1_279' title='bbox 351 1596 411 1629; x_wconf 86' lang='lat' dir='ltr'>III.</span> <span class='ocrx_word' id='word_1_280' title='bbox 435 1596 521 1629; x_wconf 89' lang='lat' dir='ltr'>dicit</span> <span class='ocrx_word' id='word_1_281' title='bbox 541 1596 577 1629; x_wconf 90' lang='lat' dir='ltr'>in</span> <span class='ocrx_word' id='word_1_282' title='bbox 598 1595 781 1630; x_wconf 87' lang='lat' dir='ltr'>Decretali</span> <span class='ocrx_word' id='word_1_283' title='bbox 803 1595 982 1641; x_wconf 83' lang='lat' dir='ltr'>praedicta</span> <span class='ocrx_word' id='word_1_284' title='bbox 1003 1596 1054 1640; x_wconf 80' lang='lat' dir='ltr'>(in</span> <span class='ocrx_word' id='word_1_285' title='bbox 1072 1602 1160 1642; x_wconf 79' lang='lat' dir='ltr'>corp.</span> <span class='ocrx_word' id='word_1_286' title='bbox 1176 1597 1268 1641; x_wconf 61' lang='lat' dir='ltr'>art),</span> <span class='ocrx_word' id='word_1_287' title='bbox 1297 1595 1393 1641; x_wconf 90' lang='lat' dir='ltr'>quod</span> <span class='ocrx_word' id='word_1_288' title='bbox 1414 1594 1587 1629; x_wconf 88' lang='lat' dir='ltr'>«facilius</span> <span class='ocrx_word' id='word_1_289' title='bbox 1604 1596 1655 1629; x_wconf 90' lang='lat' dir='ltr'>in-</span> 
     </span>
     <span class='ocr_line' id='line_1_28' title="bbox 98 1648 1654 1695; baseline 0 -13"><span class='ocrx_word' id='word_1_290' title='bbox 98 1649 276 1695; x_wconf 88' lang='lat' dir='ltr'>dulgetur,</span> <span class='ocrx_word' id='word_1_291' title='bbox 298 1657 337 1682; x_wconf 91' lang='lat' dir='ltr'>ut</span> <span class='ocrx_word' id='word_1_292' title='bbox 358 1649 560 1683; x_wconf 87' lang='lat' dir='ltr'>monachus</span> <span class='ocrx_word' id='word_1_293' title='bbox 583 1649 627 1682; x_wconf 88' lang='lat' dir='ltr'>ad</span> <span class='ocrx_word' id='word_1_294' title='bbox 648 1648 892 1694; x_wconf 88' lang='lat' dir='ltr'>praesulatum</span> <span class='ocrx_word' id='word_1_295' title='bbox 915 1649 1096 1691; x_wconf 87' lang='lat' dir='ltr'>ascendat,</span> <span class='ocrx_word' id='word_1_296' title='bbox 1119 1660 1228 1695; x_wconf 89' lang='lat' dir='ltr'>quarn</span> <span class='ocrx_word' id='word_1_297' title='bbox 1243 1648 1384 1695; x_wconf 89' lang='lat' dir='ltr'>praesul</span> <span class='ocrx_word' id='word_1_298' title='bbox 1399 1649 1442 1682; x_wconf 92' lang='lat' dir='ltr'>ad</span> <span class='ocrx_word' id='word_1_299' title='bbox 1461 1649 1654 1682; x_wconf 88' lang='lat' dir='ltr'>monacha-</span> 
     </span>
     <span class='ocr_line' id='line_1_29' title="bbox 97 1701 1654 1748; baseline -0.001 -11"><span class='ocrx_word' id='word_1_300' title='bbox 97 1711 175 1737; x_wconf 89' lang='lat' dir='ltr'>tum</span> <span class='ocrx_word' id='word_1_301' title='bbox 201 1702 448 1737; x_wconf 88' lang='lat' dir='ltr'>descendat»:</span> <span class='ocrx_word' id='word_1_302' title='bbox 471 1702 533 1736; x_wconf 88' lang='lat' dir='ltr'>sed</span> <span class='ocrx_word' id='word_1_303' title='bbox 555 1702 583 1736; x_wconf 92' lang='lat' dir='ltr'>si</span> <span class='ocrx_word' id='word_1_304' title='bbox 605 1702 759 1736; x_wconf 89' lang='lat' dir='ltr'>salutem</span> <span class='ocrx_word' id='word_1_305' title='bbox 786 1701 940 1736; x_wconf 87' lang='lat' dir='ltr'>aliorum</span> <span class='ocrx_word' id='word_1_306' title='bbox 966 1713 1159 1748; x_wconf 87' lang='lat' dir='ltr'>procurare</span> <span class='ocrx_word' id='word_1_307' title='bbox 1185 1713 1260 1736; x_wconf 91' lang='lat' dir='ltr'>non</span> <span class='ocrx_word' id='word_1_308' title='bbox 1286 1702 1408 1748; x_wconf 89' lang='lat' dir='ltr'>possit,</span> <span class='ocrx_word' id='word_1_309' title='bbox 1435 1702 1654 1736; x_wconf 88' lang='lat' dir='ltr'>conveniens</span> 
     </span>
     <span class='ocr_line' id='line_1_30' title="bbox 97 1755 649 1799; baseline -0.002 -9"><span class='ocrx_word' id='word_1_310' title='bbox 97 1764 161 1799; x_wconf 89' lang='lat' dir='ltr'>est,</span> <span class='ocrx_word' id='word_1_311' title='bbox 183 1764 222 1790; x_wconf 91' lang='lat' dir='ltr'>ut</span> <span class='ocrx_word' id='word_1_312' title='bbox 242 1767 327 1790; x_wconf 88' lang='lat' dir='ltr'>suae</span> <span class='ocrx_word' id='word_1_313' title='bbox 349 1755 455 1789; x_wconf 90' lang='lat' dir='ltr'>saluti</span> <span class='ocrx_word' id='word_1_314' title='bbox 476 1756 649 1789; x_wconf 90' lang='lat' dir='ltr'>intendat.</span> 
     </span>
    </p>

    <p class='ocr_par' dir='ltr' id='par_1_4' title="bbox 97 1808 1659 2653">
     <span class='ocr_line' id='line_1_31' title="bbox 168 1808 1655 1854; baseline -0.001 -11"><span class='ocrx_word' id='word_1_315' title='bbox 168 1809 228 1843; x_wconf 88' lang='lat' dir='ltr'>AD</span> <span class='ocrx_word' id='word_1_316' title='bbox 239 1819 445 1843; x_wconf 80' lang='lat' dir='ltr'>SECUNDUM</span> <span class='ocrx_word' id='word_1_317' title='bbox 460 1809 665 1851; x_wconf 88' lang='lat' dir='ltr'>dicendum,</span> <span class='ocrx_word' id='word_1_318' title='bbox 681 1808 776 1854; x_wconf 91' lang='lat' dir='ltr'>quod</span> <span class='ocrx_word' id='word_1_319' title='bbox 792 1816 938 1854; x_wconf 87' lang='lat' dir='ltr'>propter</span> <span class='ocrx_word' id='word_1_320' title='bbox 951 1808 1091 1842; x_wconf 90' lang='lat' dir='ltr'>nullum</span> <span class='ocrx_word' id='word_1_321' title='bbox 1107 1808 1407 1854; x_wconf 89' lang='lat' dir='ltr'>impedimentum</span> <span class='ocrx_word' id='word_1_322' title='bbox 1423 1808 1526 1843; x_wconf 90' lang='lat' dir='ltr'>debet</span> <span class='ocrx_word' id='word_1_323' title='bbox 1540 1808 1655 1842; x_wconf 90' lang='lat' dir='ltr'>homo</span> 
     </span>
     <span class='ocr_line' id='line_1_32' title="bbox 97 1861 1658 1909; baseline -0.001 -13"><span class='ocrx_word' id='word_1_324' title='bbox 97 1862 381 1909; x_wconf 88' lang='lat' dir='ltr'>praetermittere</span> <span class='ocrx_word' id='word_1_325' title='bbox 400 1862 557 1895; x_wconf 88' lang='lat' dir='ltr'>studium</span> <span class='ocrx_word' id='word_1_326' title='bbox 576 1873 661 1896; x_wconf 89' lang='lat' dir='ltr'>suae</span> <span class='ocrx_word' id='word_1_327' title='bbox 676 1861 810 1903; x_wconf 89' lang='lat' dir='ltr'>salutis,</span> <span class='ocrx_word' id='word_1_328' title='bbox 833 1862 930 1907; x_wconf 92' lang='lat' dir='ltr'>quod</span> <span class='ocrx_word' id='word_1_329' title='bbox 952 1862 1103 1908; x_wconf 88' lang='lat' dir='ltr'>pertinet</span> <span class='ocrx_word' id='word_1_330' title='bbox 1118 1863 1161 1895; x_wconf 88' lang='lat' dir='ltr'>ad</span> <span class='ocrx_word' id='word_1_331' title='bbox 1174 1861 1359 1908; x_wconf 87' lang='lat' dir='ltr'>religionis</span> <span class='ocrx_word' id='word_1_332' title='bbox 1374 1870 1523 1896; x_wconf 88' lang='lat' dir='ltr'>statum:</span> <span class='ocrx_word' id='word_1_333' title='bbox 1539 1870 1658 1908; x_wconf 85' lang='lat' dir='ltr'>potest</span> 
     </span>
     <span class='ocr_line' id='line_1_33' title="bbox 98 1914 1658 1961; baseline -0.001 -11"><span class='ocrx_word' id='word_1_334' title='bbox 98 1924 219 1950; x_wconf 89' lang='lat' dir='ltr'>autem</span> <span class='ocrx_word' id='word_1_335' title='bbox 241 1927 317 1950; x_wconf 81' lang='lat' dir='ltr'>esse</span> <span class='ocrx_word' id='word_1_336' title='bbox 339 1914 485 1961; x_wconf 86' lang='lat' dir='ltr'>aliquod</span> <span class='ocrx_word' id='word_1_337' title='bbox 506 1915 808 1961; x_wconf 86' lang='lat' dir='ltr'>impedimentum</span> <span class='ocrx_word' id='word_1_338' title='bbox 831 1915 1080 1961; x_wconf 85' lang='lat' dir='ltr'>procurandae</span> <span class='ocrx_word' id='word_1_339' title='bbox 1102 1915 1226 1949; x_wconf 88' lang='lat' dir='ltr'>salutis</span> <span class='ocrx_word' id='word_1_340' title='bbox 1249 1914 1407 1957; x_wconf 81' lang='lat' dir='ltr'>alienae3</span> <span class='ocrx_word' id='word_1_341' title='bbox 1430 1923 1464 1949; x_wconf 92' lang='lat' dir='ltr'>et</span> <span class='ocrx_word' id='word_1_342' title='bbox 1477 1915 1559 1949; x_wconf 87' lang='lat' dir='ltr'>ideo</span> <span class='ocrx_word' id='word_1_343' title='bbox 1582 1926 1658 1948; x_wconf 92' lang='lat' dir='ltr'>mo-</span> 
     </span>
     <span class='ocr_line' id='line_1_34' title="bbox 97 1967 1658 2015; baseline -0.002 -11"><span class='ocrx_word' id='word_1_344' title='bbox 97 1970 235 2004; x_wconf 89' lang='lat' dir='ltr'>nachus</span> <span class='ocrx_word' id='word_1_345' title='bbox 256 1977 374 2015; x_wconf 91' lang='lat' dir='ltr'>potest</span> <span class='ocrx_word' id='word_1_346' title='bbox 396 1969 439 2002; x_wconf 90' lang='lat' dir='ltr'>ad</span> <span class='ocrx_word' id='word_1_347' title='bbox 461 1977 594 2002; x_wconf 87' lang='lat' dir='ltr'>statum</span> <span class='ocrx_word' id='word_1_348' title='bbox 616 1969 844 2015; x_wconf 89' lang='lat' dir='ltr'>episcopatus</span> <span class='ocrx_word' id='word_1_349' title='bbox 867 1969 1012 2010; x_wconf 88' lang='lat' dir='ltr'>assumi,</span> <span class='ocrx_word' id='word_1_350' title='bbox 1034 1969 1071 2001; x_wconf 90' lang='lat' dir='ltr'>in</span> <span class='ocrx_word' id='word_1_351' title='bbox 1085 1979 1156 2014; x_wconf 89' lang='lat' dir='ltr'>quo</span> <span class='ocrx_word' id='word_1_352' title='bbox 1173 1968 1281 2002; x_wconf 83' lang='lat' dir='ltr'>etiam</span> <span class='ocrx_word' id='word_1_353' title='bbox 1296 1979 1381 2002; x_wconf 87' lang='lat' dir='ltr'>suae</span> <span class='ocrx_word' id='word_1_354' title='bbox 1395 1967 1518 2002; x_wconf 87' lang='lat' dir='ltr'>salutis</span> <span class='ocrx_word' id='word_1_355' title='bbox 1534 1979 1658 2002; x_wconf 90' lang='lat' dir='ltr'>curam</span> 
     </span>
     <span class='ocr_line' id='line_1_35' title="bbox 99 2021 1659 2069; baseline -0.001 -12"><span class='ocrx_word' id='word_1_356' title='bbox 99 2034 205 2069; x_wconf 90' lang='lat' dir='ltr'>agere</span> <span class='ocrx_word' id='word_1_357' title='bbox 226 2030 363 2069; x_wconf 87' lang='lat' dir='ltr'>potest:</span> <span class='ocrx_word' id='word_1_358' title='bbox 385 2030 502 2068; x_wconf 89' lang='lat' dir='ltr'>potest</span> <span class='ocrx_word' id='word_1_359' title='bbox 529 2022 637 2055; x_wconf 88' lang='lat' dir='ltr'>etiam</span> <span class='ocrx_word' id='word_1_360' title='bbox 664 2022 866 2067; x_wconf 87' lang='lat' dir='ltr'>episcopus,</span> <span class='ocrx_word' id='word_1_361' title='bbox 894 2023 922 2056; x_wconf 89' lang='lat' dir='ltr'>si</span> <span class='ocrx_word' id='word_1_362' title='bbox 948 2022 1249 2067; x_wconf 89' lang='lat' dir='ltr'>impedimentum</span> <span class='ocrx_word' id='word_1_363' title='bbox 1276 2021 1414 2055; x_wconf 85' lang='lat' dir='ltr'>alienae</span> <span class='ocrx_word' id='word_1_364' title='bbox 1435 2021 1559 2055; x_wconf 86' lang='lat' dir='ltr'>salutis</span> <span class='ocrx_word' id='word_1_365' title='bbox 1580 2032 1659 2067; x_wconf 90' lang='lat' dir='ltr'>pro-</span> 
     </span>
     <span class='ocr_line' id='line_1_36' title="bbox 99 2075 1659 2121; baseline -0.001 -11"><span class='ocrx_word' id='word_1_366' title='bbox 99 2076 278 2111; x_wconf 86' lang='lat' dir='ltr'>curandae</span> <span class='ocrx_word' id='word_1_367' title='bbox 299 2075 523 2117; x_wconf 87' lang='lat' dir='ltr'>interveniat,</span> <span class='ocrx_word' id='word_1_368' title='bbox 547 2075 589 2108; x_wconf 90' lang='lat' dir='ltr'>ad</span> <span class='ocrx_word' id='word_1_369' title='bbox 609 2075 823 2121; x_wconf 88' lang='lat' dir='ltr'>religionem</span> <span class='ocrx_word' id='word_1_370' title='bbox 838 2076 999 2117; x_wconf 85' lang='lat' dir='ltr'>transire,</span> <span class='ocrx_word' id='word_1_371' title='bbox 1016 2083 1060 2116; x_wconf 90' lang='lat' dir='ltr'>et,</span> <span class='ocrx_word' id='word_1_372' title='bbox 1076 2075 1336 2120; x_wconf 89' lang='lat' dir='ltr'>impedimento</span> <span class='ocrx_word' id='word_1_373' title='bbox 1353 2083 1526 2116; x_wconf 84' lang='lat' dir='ltr'>cessante,</span> <span class='ocrx_word' id='word_1_374' title='bbox 1541 2082 1659 2119; x_wconf 89' lang='lat' dir='ltr'>potest</span> 
     </span>
     <span class='ocr_line' id='line_1_37' title="bbox 97 2127 1659 2174; baseline -0.002 -10"><span class='ocrx_word' id='word_1_375' title='bbox 97 2131 225 2164; x_wconf 87' lang='lat' dir='ltr'>iterato</span> <span class='ocrx_word' id='word_1_376' title='bbox 249 2130 292 2163; x_wconf 88' lang='lat' dir='ltr'>ad</span> <span class='ocrx_word' id='word_1_377' title='bbox 315 2129 564 2174; x_wconf 85' lang='lat' dir='ltr'>episcopatum</span> <span class='ocrx_word' id='word_1_378' title='bbox 587 2129 740 2170; x_wconf 81' lang='lat' dir='ltr'>assumi3</span> <span class='ocrx_word' id='word_1_379' title='bbox 763 2136 847 2174; x_wconf 84' lang='lat' dir='ltr'>puta</span> <span class='ocrx_word' id='word_1_380' title='bbox 873 2140 936 2174; x_wconf 92' lang='lat' dir='ltr'>per</span> <span class='ocrx_word' id='word_1_381' title='bbox 962 2129 1226 2162; x_wconf 86' lang='lat' dir='ltr'>correctionem</span> <span class='ocrx_word' id='word_1_382' title='bbox 1249 2128 1485 2170; x_wconf 88' lang='lat' dir='ltr'>subditorum,</span> <span class='ocrx_word' id='word_1_383' title='bbox 1511 2127 1570 2161; x_wconf 86' lang='lat' dir='ltr'>vel</span> <span class='ocrx_word' id='word_1_384' title='bbox 1596 2139 1659 2173; x_wconf 85' lang='lat' dir='ltr'>per</span> 
     </span>
     <span class='ocr_line' id='line_1_38' title="bbox 98 2180 1659 2227; baseline -0.002 -10"><span class='ocrx_word' id='word_1_385' title='bbox 98 2183 324 2218; x_wconf 86' lang='lat' dir='ltr'>sedationem</span> <span class='ocrx_word' id='word_1_386' title='bbox 346 2181 517 2223; x_wconf 85' lang='lat' dir='ltr'>scandali,</span> <span class='ocrx_word' id='word_1_387' title='bbox 539 2181 597 2215; x_wconf 82' lang='lat' dir='ltr'>vel</span> <span class='ocrx_word' id='word_1_388' title='bbox 619 2192 682 2227; x_wconf 89' lang='lat' dir='ltr'>per</span> <span class='ocrx_word' id='word_1_389' title='bbox 703 2181 927 2215; x_wconf 85' lang='lat' dir='ltr'>curationem</span> <span class='ocrx_word' id='word_1_390' title='bbox 942 2181 1170 2223; x_wconf 80' lang='lat' dir='ltr'>infirmitatis,</span> <span class='ocrx_word' id='word_1_391' title='bbox 1186 2189 1256 2222; x_wconf 90' lang='lat' dir='ltr'>aut,</span> <span class='ocrx_word' id='word_1_392' title='bbox 1272 2180 1418 2227; x_wconf 89' lang='lat' dir='ltr'>depulsa</span> <span class='ocrx_word' id='word_1_393' title='bbox 1440 2181 1659 2226; x_wconf 85' lang='lat' dir='ltr'>ignorantia,</span> 
     </span>
     <span class='ocr_line' id='line_1_39' title="bbox 98 2234 1659 2283; baseline -0.002 -13"><span class='ocrx_word' id='word_1_394' title='bbox 98 2248 161 2283; x_wconf 92' lang='lat' dir='ltr'>per</span> <span class='ocrx_word' id='word_1_395' title='bbox 181 2235 457 2270; x_wconf 87' lang='lat' dir='ltr'>instructionem</span> <span class='ocrx_word' id='word_1_396' title='bbox 478 2234 729 2276; x_wconf 88' lang='lat' dir='ltr'>sufficientem,</span> <span class='ocrx_word' id='word_1_397' title='bbox 750 2234 807 2268; x_wconf 90' lang='lat' dir='ltr'>vel</span> <span class='ocrx_word' id='word_1_398' title='bbox 830 2234 938 2268; x_wconf 87' lang='lat' dir='ltr'>etiam</span> <span class='ocrx_word' id='word_1_399' title='bbox 960 2235 988 2268; x_wconf 93' lang='lat' dir='ltr'>si</span> <span class='ocrx_word' id='word_1_400' title='bbox 1007 2235 1206 2268; x_wconf 86' lang='lat' dir='ltr'>simoniace</span> <span class='ocrx_word' id='word_1_401' title='bbox 1221 2234 1266 2268; x_wconf 92' lang='lat' dir='ltr'>sit</span> <span class='ocrx_word' id='word_1_402' title='bbox 1282 2241 1483 2280; x_wconf 86' lang='lat' dir='ltr'>promotus,</span> <span class='ocrx_word' id='word_1_403' title='bbox 1499 2245 1543 2267; x_wconf 91' lang='lat' dir='ltr'>eo</span> <span class='ocrx_word' id='word_1_404' title='bbox 1557 2234 1659 2278; x_wconf 85' lang='lat' dir='ltr'>igno-</span> 
     </span>
     <span class='ocr_line' id='line_1_40' title="bbox 97 2286 1657 2333; baseline -0.003 -10"><span class='ocrx_word' id='word_1_405' title='bbox 97 2298 211 2331; x_wconf 88' lang='lat' dir='ltr'>rante,</span> <span class='ocrx_word' id='word_1_406' title='bbox 232 2289 261 2323; x_wconf 87' lang='lat' dir='ltr'>si</span> <span class='ocrx_word' id='word_1_407' title='bbox 282 2299 319 2322; x_wconf 90' lang='lat' dir='ltr'>se</span> <span class='ocrx_word' id='word_1_408' title='bbox 342 2288 385 2321; x_wconf 88' lang='lat' dir='ltr'>ad</span> <span class='ocrx_word' id='word_1_409' title='bbox 408 2287 611 2333; x_wconf 84' lang='lat' dir='ltr'>regularem</span> <span class='ocrx_word' id='word_1_410' title='bbox 632 2287 756 2329; x_wconf 82' lang='lat' dir='ltr'>vitam,</span> <span class='ocrx_word' id='word_1_411' title='bbox 779 2287 988 2333; x_wconf 86' lang='lat' dir='ltr'>episcopatu</span> <span class='ocrx_word' id='word_1_412' title='bbox 1011 2287 1172 2329; x_wconf 89' lang='lat' dir='ltr'>dimisso,</span> <span class='ocrx_word' id='word_1_413' title='bbox 1194 2286 1424 2328; x_wconf 84' lang='lat' dir='ltr'>transtulerit,</span> <span class='ocrx_word' id='word_1_414' title='bbox 1445 2286 1577 2332; x_wconf 90' lang='lat' dir='ltr'>poterit</span> <span class='ocrx_word' id='word_1_415' title='bbox 1596 2286 1657 2319; x_wconf 91' lang='lat' dir='ltr'>ite-</span> 
     </span>
     <span class='ocr_line' id='line_1_41' title="bbox 98 2338 1655 2387; baseline -0.003 -10"><span class='ocrx_word' id='word_1_416' title='bbox 98 2351 176 2377; x_wconf 89' lang='lat' dir='ltr'>rato</span> <span class='ocrx_word' id='word_1_417' title='bbox 199 2343 243 2376; x_wconf 90' lang='lat' dir='ltr'>ad</span> <span class='ocrx_word' id='word_1_418' title='bbox 267 2341 377 2375; x_wconf 90' lang='lat' dir='ltr'>alium</span> <span class='ocrx_word' id='word_1_419' title='bbox 399 2341 649 2387; x_wconf 86' lang='lat' dir='ltr'>episcopatum</span> <span class='ocrx_word' id='word_1_420' title='bbox 671 2341 897 2386; x_wconf 79' lang='lat' dir='ltr'>promoveri:</span> <span class='ocrx_word' id='word_1_421' title='bbox 921 2341 950 2374; x_wconf 91' lang='lat' dir='ltr'>si</span> <span class='ocrx_word' id='word_1_422' title='bbox 971 2351 1057 2374; x_wconf 87' lang='lat' dir='ltr'>vero</span> <span class='ocrx_word' id='word_1_423' title='bbox 1081 2340 1207 2386; x_wconf 87' lang='lat' dir='ltr'>aliquis</span> <span class='ocrx_word' id='word_1_424' title='bbox 1229 2348 1373 2386; x_wconf 91' lang='lat' dir='ltr'>propter</span> <span class='ocrx_word' id='word_1_425' title='bbox 1388 2338 1532 2385; x_wconf 88' lang='lat' dir='ltr'>culpam</span> <span class='ocrx_word' id='word_1_426' title='bbox 1550 2339 1595 2373; x_wconf 87' lang='lat' dir='ltr'>sit</span> <span class='ocrx_word' id='word_1_427' title='bbox 1613 2339 1655 2372; x_wconf 91' lang='lat' dir='ltr'>ab</span> 
     </span>
     <span class='ocr_line' id='line_1_42' title="bbox 99 2393 1655 2443; baseline -0.003 -13"><span class='ocrx_word' id='word_1_428' title='bbox 99 2397 309 2443; x_wconf 86' lang='lat' dir='ltr'>episcopatu</span> <span class='ocrx_word' id='word_1_429' title='bbox 333 2395 528 2440; x_wconf 87' lang='lat' dir='ltr'>depositus,</span> <span class='ocrx_word' id='word_1_430' title='bbox 550 2402 584 2428; x_wconf 90' lang='lat' dir='ltr'>et</span> <span class='ocrx_word' id='word_1_431' title='bbox 604 2395 640 2427; x_wconf 89' lang='lat' dir='ltr'>in</span> <span class='ocrx_word' id='word_1_432' title='bbox 663 2394 924 2427; x_wconf 87' lang='lat' dir='ltr'>monasterium</span> <span class='ocrx_word' id='word_1_433' title='bbox 947 2394 1109 2427; x_wconf 85' lang='lat' dir='ltr'>detrusus</span> <span class='ocrx_word' id='word_1_434' title='bbox 1132 2394 1176 2426; x_wconf 90' lang='lat' dir='ltr'>ad</span> <span class='ocrx_word' id='word_1_435' title='bbox 1198 2393 1458 2439; x_wconf 87' lang='lat' dir='ltr'>poenitentiam</span> <span class='ocrx_word' id='word_1_436' title='bbox 1484 2403 1655 2437; x_wconf 89' lang='lat' dir='ltr'>peragen-</span> 
     </span>
     <span class='ocr_line' id='line_1_43' title="bbox 99 2445 1656 2494; baseline -0.003 -11"><span class='ocrx_word' id='word_1_437' title='bbox 99 2451 195 2491; x_wconf 89' lang='lat' dir='ltr'>dam,</span> <span class='ocrx_word' id='word_1_438' title='bbox 216 2460 290 2482; x_wconf 90' lang='lat' dir='ltr'>non</span> <span class='ocrx_word' id='word_1_439' title='bbox 312 2456 430 2494; x_wconf 88' lang='lat' dir='ltr'>potest</span> <span class='ocrx_word' id='word_1_440' title='bbox 450 2448 577 2481; x_wconf 86' lang='lat' dir='ltr'>iterato</span> <span class='ocrx_word' id='word_1_441' title='bbox 600 2447 643 2480; x_wconf 90' lang='lat' dir='ltr'>ad</span> <span class='ocrx_word' id='word_1_442' title='bbox 666 2447 914 2492; x_wconf 87' lang='lat' dir='ltr'>episcopatum</span> <span class='ocrx_word' id='word_1_443' title='bbox 936 2446 1115 2487; x_wconf 79' lang='lat' dir='ltr'>revocari3</span> <span class='ocrx_word' id='word_1_444' title='bbox 1137 2446 1231 2479; x_wconf 89' lang='lat' dir='ltr'>unde</span> <span class='ocrx_word' id='word_1_445' title='bbox 1253 2446 1381 2479; x_wconf 83' lang='lat' dir='ltr'>dicitur</span> <span class='ocrx_word' id='word_1_446' title='bbox 1397 2456 1428 2490; x_wconf 85' lang='lat'>7.</span> <span class='ocrx_word' id='word_1_447' title='bbox 1444 2457 1476 2490; x_wconf 89' lang='lat' dir='ltr'>q.</span> <span class='ocrx_word' id='word_1_448' title='bbox 1497 2445 1628 2491; x_wconf 78' lang='lat' dir='ltr'>1.(cap.</span> <span class='ocrx_word' id='word_1_449' title='bbox 1647 2457 1656 2479; x_wconf 89' lang='lat'><em>:</em></span> 
     </span>
     <span class='ocr_line' id='line_1_44' title="bbox 100 2497 1657 2547; baseline -0.004 -9"><span class='ocrx_word' id='word_1_450' title='bbox 100 2504 175 2538; x_wconf 77' lang='lat' dir='ltr'>Hoc</span> <span class='ocrx_word' id='word_1_451' title='bbox 195 2501 440 2547; x_wconf 68' lang='lat' dir='ltr'>nequaquam):</span> <span class='ocrx_word' id='word_1_452' title='bbox 465 2514 482 2532; x_wconf 81' lang='lat'>«</span> <span class='ocrx_word' id='word_1_453' title='bbox 497 2500 677 2545; x_wconf 83' lang='lat' dir='ltr'>Praecipit</span> <span class='ocrx_word' id='word_1_454' title='bbox 697 2508 821 2534; x_wconf 87' lang='lat' dir='ltr'>sancta</span> <span class='ocrx_word' id='word_1_455' title='bbox 843 2500 1022 2545; x_wconf 80' lang='lat' dir='ltr'>Synodus,</span> <span class='ocrx_word' id='word_1_456' title='bbox 1045 2507 1082 2533; x_wconf 89' lang='lat' dir='ltr'>ut</span> <span class='ocrx_word' id='word_1_457' title='bbox 1097 2499 1315 2545; x_wconf 89' lang='lat' dir='ltr'>quicumque</span> <span class='ocrx_word' id='word_1_458' title='bbox 1331 2498 1373 2532; x_wconf 91' lang='lat' dir='ltr'>de</span> <span class='ocrx_word' id='word_1_459' title='bbox 1389 2497 1589 2543; x_wconf 86' lang='lat' dir='ltr'>pontificali</span> <span class='ocrx_word' id='word_1_460' title='bbox 1607 2498 1657 2532; x_wconf 86' lang='lat' dir='ltr'>di-</span> 
     </span>
     <span class='ocr_line' id='line_1_45' title="bbox 103 2552 1657 2602; baseline -0.005 -12"><span class='ocrx_word' id='word_1_461' title='bbox 103 2556 237 2602; x_wconf 85' lang='lat' dir='ltr'>gnitate</span> <span class='ocrx_word' id='word_1_462' title='bbox 260 2555 303 2588; x_wconf 91' lang='lat' dir='ltr'>ad</span> <span class='ocrx_word' id='word_1_463' title='bbox 322 2554 589 2588; x_wconf 88' lang='lat' dir='ltr'>monachorum</span> <span class='ocrx_word' id='word_1_464' title='bbox 602 2555 726 2596; x_wconf 88' lang='lat' dir='ltr'>vitam,</span> <span class='ocrx_word' id='word_1_465' title='bbox 741 2561 775 2587; x_wconf 90' lang='lat' dir='ltr'>et</span> <span class='ocrx_word' id='word_1_466' title='bbox 787 2553 1029 2599; x_wconf 88' lang='lat' dir='ltr'>poenitentiae</span> <span class='ocrx_word' id='word_1_467' title='bbox 1043 2552 1265 2586; x_wconf 89' lang='lat' dir='ltr'>descenderit</span> <span class='ocrx_word' id='word_1_468' title='bbox 1279 2552 1414 2593; x_wconf 87' lang='lat' dir='ltr'>locum,</span> <span class='ocrx_word' id='word_1_469' title='bbox 1428 2561 1657 2597; x_wconf 89' lang='lat' dir='ltr'>nequaquam</span> 
     </span>
     <span class='ocr_line' id='line_1_46' title="bbox 100 2608 646 2653; baseline -0.005 -9"><span class='ocrx_word' id='word_1_470' title='bbox 100 2610 144 2644; x_wconf 85' lang='lat' dir='ltr'>ad</span> <span class='ocrx_word' id='word_1_471' title='bbox 169 2608 423 2643; x_wconf 89' lang='lat' dir='ltr'>Pontificatum</span> <span class='ocrx_word' id='word_1_472' title='bbox 442 2614 646 2653; x_wconf 84' lang='lat' dir='ltr'>resurgat».</span> 
     </span>
    </p>

    <p class='ocr_par' dir='ltr' id='par_1_5' title="bbox 97 2656 1658 2867">
     <span class='ocr_line' id='line_1_47' title="bbox 170 2656 1658 2705; baseline -0.005 -9"><span class='ocrx_word' id='word_1_473' title='bbox 170 2663 230 2696; x_wconf 89' lang='lat' dir='ltr'>AD</span> <span class='ocrx_word' id='word_1_474' title='bbox 253 2671 424 2696; x_wconf 78' lang='lat' dir='ltr'>TERTIUM</span> <span class='ocrx_word' id='word_1_475' title='bbox 446 2660 650 2701; x_wconf 87' lang='lat' dir='ltr'>dicendum,</span> <span class='ocrx_word' id='word_1_476' title='bbox 673 2660 769 2705; x_wconf 89' lang='lat' dir='ltr'>quod</span> <span class='ocrx_word' id='word_1_477' title='bbox 791 2660 900 2694; x_wconf 89' lang='lat' dir='ltr'>etiam</span> <span class='ocrx_word' id='word_1_478' title='bbox 922 2659 958 2693; x_wconf 88' lang='lat' dir='ltr'>in</span> <span class='ocrx_word' id='word_1_479' title='bbox 980 2659 1083 2692; x_wconf 91' lang='lat' dir='ltr'>rebus</span> <span class='ocrx_word' id='word_1_480' title='bbox 1106 2656 1326 2692; x_wconf 87' lang='lat' dir='ltr'>naturalibus</span> <span class='ocrx_word' id='word_1_481' title='bbox 1350 2665 1496 2702; x_wconf 90' lang='lat' dir='ltr'>propter</span> <span class='ocrx_word' id='word_1_482' title='bbox 1510 2656 1658 2701; x_wconf 88' lang='lat' dir='ltr'>impedi-</span> 
     </span>
     <span class='ocr_line' id='line_1_48' title="bbox 100 2709 1657 2759; baseline -0.005 -9"><span class='ocrx_word' id='word_1_483' title='bbox 100 2723 266 2750; x_wconf 90' lang='lat' dir='ltr'>mentum</span> <span class='ocrx_word' id='word_1_484' title='bbox 288 2714 542 2759; x_wconf 86' lang='lat' dir='ltr'>superveniens</span> <span class='ocrx_word' id='word_1_485' title='bbox 566 2713 725 2758; x_wconf 88' lang='lat' dir='ltr'>potentia</span> <span class='ocrx_word' id='word_1_486' title='bbox 745 2721 910 2747; x_wconf 87' lang='lat' dir='ltr'>remanet</span> <span class='ocrx_word' id='word_1_487' title='bbox 932 2712 1064 2757; x_wconf 89' lang='lat' dir='ltr'>absque</span> <span class='ocrx_word' id='word_1_488' title='bbox 1087 2720 1184 2754; x_wconf 79' lang='lat' dir='ltr'>actu3</span> <span class='ocrx_word' id='word_1_489' title='bbox 1207 2711 1299 2744; x_wconf 92' lang='lat' dir='ltr'>sicut</span> <span class='ocrx_word' id='word_1_490' title='bbox 1316 2718 1462 2755; x_wconf 88' lang='lat' dir='ltr'>propter</span> <span class='ocrx_word' id='word_1_491' title='bbox 1475 2709 1657 2743; x_wconf 89' lang='lat' dir='ltr'>infirmita-</span> 
     </span>
     <span class='ocr_line' id='line_1_49' title="bbox 97 2762 1652 2807; baseline -0.005 -4"><span class='ocrx_word' id='word_1_492' title='bbox 97 2777 172 2803; x_wconf 89' lang='lat' dir='ltr'>tem</span> <span class='ocrx_word' id='word_1_493' title='bbox 194 2767 291 2802; x_wconf 89' lang='lat' dir='ltr'>oculi</span> <span class='ocrx_word' id='word_1_494' title='bbox 311 2775 427 2801; x_wconf 88' lang='lat' dir='ltr'>cessat</span> <span class='ocrx_word' id='word_1_495' title='bbox 444 2774 541 2800; x_wconf 87' lang='lat' dir='ltr'>aetus</span> <span class='ocrx_word' id='word_1_496' title='bbox 562 2766 729 2807; x_wconf 87' lang='lat' dir='ltr'>visionis;</span> <span class='ocrx_word' id='word_1_497' title='bbox 751 2774 786 2800; x_wconf 91' lang='lat' dir='ltr'>et</span> <span class='ocrx_word' id='word_1_498' title='bbox 806 2767 854 2800; x_wconf 85' lang='lat' dir='ltr'>ita</span> <span class='ocrx_word' id='word_1_499' title='bbox 876 2766 984 2799; x_wconf 89' lang='lat' dir='ltr'>etiam</span> <span class='ocrx_word' id='word_1_500' title='bbox 1004 2775 1078 2798; x_wconf 88' lang='lat' dir='ltr'>non</span> <span class='ocrx_word' id='word_1_501' title='bbox 1098 2772 1151 2798; x_wconf 91' lang='lat' dir='ltr'>est</span> <span class='ocrx_word' id='word_1_502' title='bbox 1165 2763 1435 2805; x_wconf 85' lang='lat' dir='ltr'>inconveniens,</span> <span class='ocrx_word' id='word_1_503' title='bbox 1454 2762 1485 2796; x_wconf 90' lang='lat' dir='ltr'>si</span> <span class='ocrx_word' id='word_1_504' title='bbox 1505 2769 1652 2807; x_wconf 88' lang='lat' dir='ltr'>propter</span> 
     </span>
     <span class='ocr_line' id='line_1_50' title="bbox 104 2815 1571 2867; baseline -0.005 -12"><span class='ocrx_word' id='word_1_505' title='bbox 104 2821 405 2867; x_wconf 87' lang='lat' dir='ltr'>impedimentum</span> <span class='ocrx_word' id='word_1_506' title='bbox 426 2819 681 2865; x_wconf 87' lang='lat' dir='ltr'>superveniens</span> <span class='ocrx_word' id='word_1_507' title='bbox 703 2826 861 2864; x_wconf 87' lang='lat' dir='ltr'>potestas</span> <span class='ocrx_word' id='word_1_508' title='bbox 883 2817 1096 2863; x_wconf 89' lang='lat' dir='ltr'>episcopalis</span> <span class='ocrx_word' id='word_1_509' title='bbox 1117 2824 1302 2851; x_wconf 86' lang='lat' dir='ltr'>remaneat</span> <span class='ocrx_word' id='word_1_510' title='bbox 1324 2815 1456 2861; x_wconf 90' lang='lat' dir='ltr'>absque</span> <span class='ocrx_word' id='word_1_511' title='bbox 1479 2823 1571 2848; x_wconf 90' lang='lat' dir='ltr'>actu.</span> 
     </span>
    </p>
   </div>
  </div>
 </body>
</html>
