1859 3122
452 184 670 220 QUAESTIO
704 183 822 212 LXIII.
856 182 1101 212 ARTICULUS
1134 182 1194 211 111.
1518 171 1601 224 469

114 278 142 312 3.
165 266 401 300 PRAETEREA.
430 265 545 311 Super
567 264 652 299 illud
671 264 746 309 Jac.
770 274 820 298 2.:
846 264 954 298 Nolito
977 265 1011 297 in
1037 270 1258 310 personarum
1285 263 1469 309 acceptioue
1492 263 1612 297 habero

31 320 146 366 fidem,
162 328 228 354 etc.
243 319 328 353 dicit
342 317 463 353 Gloss.
475 320 628 364 August.
644 318 732 363 (ord.
748 319 838 364 epist,
858 317 930 363 167.
947 317 987 351 ol.
1003 329 1057 363 29.
1073 317 1115 351 acl
1133 317 1315 361 Hieron.):
1335 316 1403 350 «Si
1424 316 1495 349 hoc
1512 315 1608 361 quod

36 373 191 419 Jacobus
214 373 317 406 dicit:
340 373 375 407 Si
397 373 565 406 ‘introierit
587 373 620 405 in
637 376 798 406 conventu
823 375 930 405 vostro
946 372 1002 404 >vir
1028 371 1146 404 liabens
1172 370 1334 404 tinnulam
1361 381 1510 411 aureum,
1539 377 1606 403 etc.

40 426 260 472 intelligatur
282 427 323 459 de
346 425 564 471 quotidianis
596 425 835 466 consessibus,
857 424 935 470 quis
958 424 1015 457 hic
1038 435 1112 457 non
1146 431 1284 469 peccat,
1316 425 1343 457 si
1378 431 1500 457 tamen
1532 433 1613 468 pec-

43 479 124 514 cat?
147 491 186 512 »x
211 480 271 513 sed
293 479 385 512 haec
409 487 461 513 est
483 478 645 524 acceptio
669 488 919 524 personarum,
941 477 1068 510 divites
1085 484 1230 523 propter
1253 476 1394 510 divitias
1410 477 1613 510 honorare:

42 533 129 566 dicit
150 532 247 567 enim
271 533 380 577 Greg.
403 532 439 565 in
461 531 618 578 quadam
636 530 764 564 homil.
781 531 890 575 (28.).·
916 543 933 561 ‹<
957 530 1133 576 Superbia
1154 538 1278 564 nostra
1301 530 1510 571 retunditur,
1530 529 1612 575 quia

42 587 77 620 in
100 586 309 620 hominibus
331 596 406 619 non
427 593 605 626 naturam,
627 595 697 630 qua
720 583 763 617 ad
785 583 986 628 imaginem
1003 583 1073 617 Dei
1092 583 1177 617 facti
1195 591 1288 624 sunt,
1307 583 1369 617 sed
1391 583 1532 617 divitias
1551 583 1614 616 ho-

41 650 216 674 noramus
238 651 276 671 »x
305 647 340 673 et
361 639 411 672 sic
435 650 518 672 cum
541 637 684 672 divitiae
706 648 780 670 non
803 637 873 671 sint
887 636 1006 670 debita
1022 648 1130 670 causa
1149 637 1313 678 honoris,
1336 636 1527 682 pertinebit
1542 636 1612 669 hoc

43 693 87 727 ad
109 703 346 739 personarum
369 691 637 738 acceptionem;
661 701 748 735 ergo
770 701 1008 736 personarum
1039 690 1202 736 acceptio
1230 701 1305 724 non
1340 698 1392 724 est
1423 697 1613 735 peccatum

45 748 139 780 circa
161 745 421 779 exhibitionem
442 744 604 779 honoris.

117 799 191 833 SED
215 809 370 833 CONTRA
398 806 461 839 est,
484 797 579 843 quod
602 796 731 830 dicitur
753 797 787 830 in
812 795 914 830 Glos.
939 796 1063 839 (interl.
1089 802 1158 842 sup.
1185 795 1288 830 illud:
1318 796 1426 830 Nolito
1450 797 1481 829 1'12
1500 802 1610 842 perso-

45 864 168 886 narum
189 853 384 897 acceptione,
404 852 476 896 etc.)
496 850 570 895 Jac.
594 860 642 883 2.:
668 850 877 894 Quicumque
898 848 1035 884 divitem
1059 854 1194 895 propter
1215 849 1349 883 divitias
1371 849 1522 890 honerat,
1541 855 1615 894 pcr-

45 911 118 941 cat:
146 913 180 939 et
202 906 278 951 pari
304 906 453 946 ratione,
480 904 510 938 si
537 903 664 949 aliquis
691 903 892 936 honoretur
918 910 1064 948 propter
1091 903 1178 936 alias
1201 913 1338 944 causas,
1361 913 1452 948 quae
1475 913 1549 935 non
1570 901 1618 934 fa-

47 960 147 993 ciunt
168 959 319 1005 dignum
337 958 501 1000 honore3
530 957 626 1002 quod
650 956 803 1001 pertinet
825 956 867 989 ad
891 955 1144 1001 acceptionem
1166 967 1427 1001 personarum3
1451 966 1537 1000 ergo
1561 966 1617 988 ac-

48 1013 166 1059 ceptio
188 1022 426 1058 personarum
447 1011 483 1044 in
506 1010 726 1045 exhibitione
748 1009 898 1043 honoris
921 1017 974 1043 est
995 1017 1198 1055 peccatum.

118 1066 348 1100 RESPONDEO
371 1064 577 1105 dicendum,
600 1063 696 1109 quod
719 1063 840 1096 honor
862 1070 914 1096 est
936 1062 1120 1108 quoddam
1147 1062 1399 1097 testimonium
1422 1062 1464 1095 de
1487 1062 1616 1095 virtute

49 1119 137 1164 ejus,
160 1119 220 1164 qui
240 1118 460 1159 honoratur3
484 1125 518 1151 et
539 1116 621 1150 ideo
644 1115 723 1150 sola
744 1116 856 1149 virtus
880 1123 932 1149 est
954 1115 1072 1149 debita
1094 1127 1203 1149 causa
1229 1115 1402 1149 honoris:
1432 1115 1619 1148 sciendum

50 1181 186 1214 tamen,
209 1171 305 1217 quod
329 1171 457 1216 aliquis
484 1177 603 1216 potest
628 1169 802 1203 honorari
823 1180 897 1202 non
920 1168 1040 1202 solum
1062 1177 1207 1214 propter
1227 1170 1397 1202 virtutem
1424 1168 1621 1214 propriam,

48 1226 111 1260 sed
135 1226 245 1260 etiam
267 1233 413 1271 propter
430 1224 600 1258 virtutem
623 1222 787 1264 alterius,
816 1224 908 1256 sicut
933 1223 1124 1268 principes,
1148 1230 1183 1256 et
1208 1221 1358 1268 praelati
1383 1222 1620 1262 honorantur,

52 1279 195 1313 etiamsi
229 1278 299 1312 sint
324 1277 422 1319 mali,
449 1277 663 1323 inquantum
698 1283 827 1321 gerunt
859 1287 1053 1321 personam
1079 1276 1161 1317 Dei,
1189 1284 1224 1309 et
1251 1275 1536 1316 communitatis,
1564 1274 1620 1308 cui

49 1331 316 1378 praeficiuntur,
329 1330 527 1364 secundum
540 1329 628 1363 illud
639 1329 809 1363 Proverb.
822 1327 877 1362 26.
890 1342 896 1363 ε
911 1329 1003 1363 Sicut
1025 1330 1081 1374 qui
1099 1330 1250 1364 immittit
1268 1329 1389 1375 Iapides
1411 1330 1445 1362 vin
1460 1340 1616 1362 ‹zcerwcm

51 1386 229 1427 Mercurii,
248 1386 295 1418 ita
316 1386 372 1429 qni
391 1385 508 1418 tribuit
524 1384 694 1429 ‘insipienti
712 1383 889 1418 honoram:
912 1383 996 1428 quia
1011 1383 1107 1416 enim
1124 1382 1286 1416 Gentiles
1305 1382 1620 1416 ratiocinationem

53 1438 292 1472 attribuebant
313 1437 507 1478 Mercurio,
522 1448 661 1471 acer-vus
674 1437 839 1470 Mercurii
854 1436 982 1469 dicitur
997 1436 1144 1470 cumulus
1158 1437 1329 1470 ratiocinii
1342 1448 1354 1476 ;
1377 1435 1413 1469 in
1437 1446 1507 1480 quo
1530 1446 1621 1468 mer-

54 1500 155 1526 cator
188 1491 405 1536 quandoque
439 1490 547 1524 mittit
580 1501 693 1523 unum
719 1488 883 1535 lapillum
910 1488 993 1522 loco
1023 1498 1169 1522 centum
1192 1500 1415 1522 marcarum:
1440 1489 1488 1522 ita
1511 1488 1618 1522 etiam

51 1544 254 1577 honoratur
275 1543 460 1588 insipiens,
489 1544 549 1588 qui
579 1542 725 1588 ponitur
751 1542 835 1576 loco
858 1542 939 1584 Dei,
967 1550 1001 1576 et
1027 1541 1110 1576 loco
1137 1542 1247 1576 totius
1270 1542 1559 1576 communitatis:
1587 1550 1622 1575 ‘et

53 1597 182 1631 eadem
211 1597 350 1630 ratione
376 1604 554 1642 parentes,
582 1604 616 1629 et
643 1595 782 1629 domini
808 1603 890 1629 sunt
915 1595 1120 1629 honorandi
1141 1603 1287 1641 propter
1307 1595 1621 1641 participationem

55 1650 197 1683 divinae
221 1650 415 1695 dignitatis,
438 1649 498 1695 qui
521 1657 573 1683 est
595 1649 761 1682 omnium
783 1657 895 1694 pater,
918 1656 953 1682 et
974 1648 1161 1682 dominus:
1189 1659 1292 1682 senes
1315 1656 1435 1682 autem
1458 1656 1539 1682 sunt
1559 1648 1622 1681 ho-

52 1703 207 1737 norandi
228 1711 373 1749 propter
395 1703 539 1748 signum
561 1702 712 1743 virtutis,
736 1702 831 1747 quod
855 1710 907 1736 est
928 1710 1113 1744 senectus;
1141 1702 1225 1736 licet
1249 1702 1320 1736 hoc
1347 1702 1491 1747 signum
1514 1713 1622 1747 quan-

54 1757 172 1802 doque
195 1756 354 1798 deficiat3
376 1756 482 1797 unde,
506 1764 543 1789 ut
565 1756 694 1789 dicitur
717 1755 798 1801 Sap.
821 1766 877 1797 4.:
900 1756 1048 1789 §allartus
1065 1755 1261 1789 venerabilis
1282 1761 1336 1797 est,
1359 1767 1423 1789 non
1450 1755 1621 1796 diuturno,

54 1821 152 1855 neque
179 1821 344 1844 annornm
372 1821 506 1843 numero
534 1813 746 1854 computum:
772 1808 861 1842 Cani
881 1814 991 1842 autem
1011 1813 1084 1842 sunt
1104 1821 1208 1842 sensus
1234 1809 1385 1849 hominis,
1412 1814 1441 1843 εἰ
1462 1813 1548 1842 πίας
1573 1821 1621 1842 f:—

55 1864 188 1897 nectutis
206 1865 277 1897 vita
299 1863 536 1896 irntnarztlata:
559 1861 686 1895 divites
706 1870 826 1895 autem
848 1861 1053 1895 honorandi
1075 1870 1157 1896 sunt
1174 1870 1320 1908 propter
1334 1862 1416 1903 hoc,
1433 1862 1528 1908 quod
1549 1873 1621 1894 ma-

55 1917 173 1961 JOrem
206 1915 331 1949 locum
358 1915 394 1948 in
426 1915 746 1949 communitatibus
775 1915 954 1948 obtinent:
976 1916 1003 1949 si
1024 1920 1132 1949 autem
1149 1915 1253 1949 solum
1277 1917 1397 1950 intuitu
1423 1915 1620 1949 divitiarum

56 1969 268 2011 honorentur,
291 1970 352 2003 erit
369 1973 543 2015 peccatum
567 1969 763 2014 acceptifflzz's
781 1974 1013 2014 personarum.

126 2022 171 2056 Et
191 2033 254 2068 per
274 2022 345 2056 hoc
368 2029 467 2067 patet
487 2021 675 2067 responsio
697 2031 748 2055 AD
777 2031 952 2066 OBJECTA.

609 2179 955 2224 ARTICULUS
997 2181 1073 2223 IV.

164 2293 318 2323 UTRUM
344 2294 388 2324 IN
416 2294 600 2336 JUDICIIS
634 2295 871 2324 PECCATUM
898 2295 1183 2326 ACCEPTIONIS
1217 2295 1507 2325 PERSONARUM

654 2359 808 2388 LOCUM
842 2360 1028 2389 HABEAT.

1552 2205 1613 2239 355

130 2452 189 2485 AD
212 2462 400 2490 QUARTUM
426 2452 476 2486 sic
499 2453 715 2498 proceditur.
738 2452 900 2494 Videtur,
923 2453 1019 2499 quod
1037 2454 1073 2487 in
1090 2453 1232 2499 judiciis
1253 2453 1377 2488 locum
1399 2464 1472 2486 non
1491 2453 1623 2486 habeat

64 2513 254 2550 peccatum
277 2506 496 2551 acceptionis
518 2517 774 2551 personarum;
798 2507 962 2552 acceptio
984 2508 1082 2541 enim
1101 2518 1338 2553 personarum
1361 2506 1554 2552 opponitur
1576 2505 1623 2539 di-

63 2557 268 2592 stributivae
301 2559 468 2603 justitiae,
495 2566 533 2592 ut
560 2559 695 2593 dictum
726 2567 779 2593 est
808 2557 887 2602 (arf.
914 2570 943 2594 Ι.
962 2560 1030 2606 huj.
1053 2561 1098 2605 q.)
1112 2573 1122 2595 :
1149 2561 1211 2594 sed
1240 2559 1371 2605 judicia
1399 2559 1555 2592 maxime
1576 2558 1624 2591 vi-

62 2610 187 2644 dentur
206 2611 249 2644 ad
271 2611 443 2656 justitiam
462 2612 763 2646 commutativam
782 2613 980 2658 pertinere;
1002 2624 1088 2658 ergo
1108 2623 1343 2658 personarum
1367 2612 1528 2657 acceptio
1550 2622 1624 2644 non

62 2662 170 2697 habet
190 2663 314 2697 locum
335 2664 487 2709 judiciis.

134 2726 165 2749 2.
187 2716 422 2751 PRAETEREA.
456 2717 602 2752 Poenae
635 2719 835 2752 secundum
866 2718 1012 2764 aliquod
1046 2719 1219 2764 judicium
1240 2718 1470 2763 infliguntur:
1499 2717 1560 2752 sed
1586 2717 1622 2750 in

62 2768 188 2814 poenis
211 2770 434 2815 accipiuntur
453 2781 629 2815 personae
649 2771 781 2816 absque
803 2780 973 2816 peccat03
997 2772 1079 2816 quia
1101 2771 1243 2816 gravius
1266 2771 1470 2816 puniuntur,
1493 2771 1553 2816 qui
1574 2771 1623 2803 in-

63 2819 181 2855 ferunt
204 2821 372 2866 injuriam
389 2823 425 2856 in
443 2834 614 2868 personas
640 2824 854 2869 principum,
874 2835 983 2869 quam
1006 2826 1066 2869 qui
1092 2825 1127 2857 in
1147 2835 1318 2870 personas
1341 2823 1515 2866 aliorum3
1537 2835 1623 2869 ergo

64 2884 299 2918 personarum
322 2876 484 2920 acceptio
505 2887 580 2909 non
601 2876 710 2910 habet
730 2876 854 2912 locum
875 2876 911 2910 in
932 2876 1085 2921 judiciis.

207 2954 236 2982 S.
256 2954 378 2981 Tnomffl
398 2956 503 2982 Summa
528 2955 688 2991 Theologica.
709 2956 774 2983 Vol.
795 2956 848 2983 111.
1449 2967 1478 2991 31
