1859 3122
441 179 662 216 QUAESTIO
697 181 875 210 LXXXIII.
910 181 1152 211 ARTICULUS
1186 182 1212 211 Ι.
1528 182 1610 224 579

130 261 430 302 Quartodecimo.
453 261 585 296 Utrum
607 262 723 297 oratio
746 262 874 296 debeat
895 273 972 296 esse
995 262 1171 298 diuturna.

129 314 426 355 Quintodccimo.
454 315 585 349 Utrum
608 316 724 350 oratio
746 316 791 350 sit
811 315 1007 350 meritoria.

127 367 399 402 Decimosexto.
424 368 555 402 Utrum
576 377 787 414 peccatores
809 368 948 409 orando
971 368 1105 415 aliquid
1127 369 1320 416 impetrent
1341 380 1360 403 a
1387 369 1479 404 Deo.

126 420 453 468 Decimoseptirno.
474 422 530 456 De
552 422 739 468 speciebus
766 422 951 457 orationis.

628 581 972 626 ARTICULUS
1001 582 1034 624 1.
1544 593 1612 639 438

251 701 404 731 UTRUM
430 701 594 732 ORATIO
623 701 690 731 SIT
717 701 859 731 ACTUS
887 701 1176 731 APPETITIVAE
1202 701 1418 731 VIRTUTIS.

319 800 369 844 (4.
392 800 478 834 Dist.
502 812 543 846 15.
567 811 596 846 q.
618 811 651 845 4.
671 805 733 835 art.
756 813 783 835 ι.
805 812 835 846 q.
861 810 890 834 Ι.
912 805 941 835 et
961 812 991 846 q.
1013 812 1045 835 2.
1067 806 1155 846 corp.
1178 805 1206 834 et
1227 799 1269 834 ad
1289 799 1349 844 2.).

125 900 186 935 AD
208 911 356 935 PRIMUM
376 901 426 935 sic
449 901 665 947 proceditur.
691 901 848 943 Videtur,
870 901 967 947 quod
989 901 1105 935 oratio
1127 901 1172 935 sit
1193 908 1293 934 actus
1316 900 1531 946 appetitivae
1548 900 1614 934 vir-

55 953 157 988 tutis:
180 954 353 988 orationis
376 954 472 988 enim
487 962 540 988 est
561 955 738 989 exaudiri:
762 955 823 989 sed
846 955 1063 989 desiderium
1086 962 1148 996 est,
1172 954 1267 1000 quod
1283 953 1468 987 exauditur
1483 965 1502 987 a
1520 954 1614 995 Deo,

57 1007 257 1041 secundum
278 1006 365 1041 illud
387 1008 443 1042 Ps.
466 1019 516 1054 9.:
539 1008 750 1042 Desiderium
768 1014 955 1055 pauperum
981 1007 1153 1042 exaudivit
1172 1009 1361 1047 Dominus;
1382 1018 1468 1052 ergo
1497 1007 1613 1041 oratio

56 1068 110 1094 est
130 1060 366 1094 desiderium:
389 1061 451 1094 sed
473 1061 688 1095 desiderium
712 1068 764 1095 est
791 1069 891 1095 actus
918 1061 1134 1107 appetitivae
1148 1060 1312 1102 virtutis;
1336 1071 1421 1105 ergo
1438 1068 1472 1093 et
1485 1060 1613 1094 oratio.

126 1123 157 1146 2.
179 1113 414 1148 PRAETEREA.
429 1114 580 1160 Dionys.
597 1114 727 1148 dicitin
742 1125 770 1159 3.
791 1126 866 1160 cap.
882 1114 925 1148 de
939 1115 1020 1148 Div.
1035 1114 1145 1148 Nom.
1161 1114 1250 1158 (lact.
1265 1114 1308 1157 I.)
1320 1126 1330 1148 ,·
1349 1126 1366 1145 «
1381 1114 1476 1147 Ante
1491 1114 1616 1147 omnia

55 1165 98 1199 ab
121 1166 286 1201 oratione
308 1167 466 1212 incipere
489 1175 542 1201 est
566 1167 664 1209 utile,
686 1168 779 1201 sicut
798 1167 880 1201 Deo
902 1179 969 1201 nos
991 1168 1089 1213 ipsos
1116 1167 1310 1208 tradentes,
1333 1174 1368 1200 et
1393 1168 1556 1201 unientes
1574 1178 1614 1200 »ς

56 1219 119 1253 sed
149 1219 236 1254 unio
267 1220 311 1253 ad
341 1219 459 1254 Deum
484 1232 547 1266 per
569 1232 733 1254 amorem
754 1220 803 1262 fit,
826 1221 886 1266 qui
907 1221 1060 1267 pertinet
1082 1221 1126 1254 ad
1146 1222 1222 1254 vim
1248 1220 1500 1266 appetitivam;
1527 1231 1614 1266 ergo

58 1273 174 1306 oratio
197 1273 240 1306 ad
261 1273 334 1306 vim
358 1273 590 1318 appetitivam
609 1274 773 1319 pertinet.

131 1336 159 1371 3.
182 1325 418 1360 PRAETEREA.
445 1326 581 1360 Philos.
603 1327 640 1360 in
666 1338 694 1373 3.
718 1327 760 1361 de
783 1327 852 1361 An.
882 1327 961 1370 (tex.
991 1326 1061 1371 21.)
1083 1327 1187 1372 ponit
1207 1326 1289 1360 duas
1310 1326 1539 1372 operationes
1567 1326 1617 1360 in-

57 1378 259 1412 tellectivae
280 1379 408 1424 partis:
431 1391 583 1425 quarum
598 1381 715 1426 prima
734 1388 785 1414 est
806 1380 1062 1415 indivisibilium
1088 1381 1323 1426 intelligentia,-
1338 1391 1402 1426 per
1416 1391 1525 1426 quarn
1551 1380 1616 1414 sci-

58 1431 142 1466 licet
168 1432 471 1478 apprehendimus
498 1433 542 1467 de
564 1445 786 1479 unoquoque
808 1434 892 1479 quid
914 1441 983 1468 est:
1002 1433 1142 1468 secunda
1167 1445 1253 1468 vera
1283 1442 1337 1468 est
1357 1435 1559 1480 compositio,
1586 1439 1614 1468 et

57 1484 198 1525 divisim·
221 1496 284 1531 per
305 1497 414 1531 quam
444 1485 583 1520 scilicet
610 1487 890 1532 apprehenditur
919 1486 1052 1533 aliquid
1075 1498 1152 1520 esse
1181 1486 1239 1520 vel
1260 1498 1334 1521 non
1362 1498 1457 1521 esse:
1486 1487 1613 1532 quibus

55 1539 152 1573 tertia
177 1538 316 1572 additur
336 1540 547 1581 ratiocinari,
570 1540 801 1585 procedendo
824 1539 962 1574 sciiicet
983 1540 1026 1574 de
1047 1540 1141 1574 notis
1171 1540 1214 1573 ad
1241 1541 1380 1585 ignota:
1409 1540 1469 1574 sed
1497 1540 1612 1574 oratio

56 1591 100 1625 ad
121 1590 259 1625 nullam
285 1592 435 1626 istarum
455 1593 708 1637 operationum
734 1593 934 1635 reducitur3
957 1604 1044 1638 ergo
1070 1604 1145 1626 non
1168 1600 1221 1626 est
1247 1601 1346 1627 actus
1372 1592 1613 1628 intellectivae

54 1644 205 1686 virtutis,
227 1645 288 1679 sed
316 1645 540 1691 appetitivae.

127 1698 201 1732 SED
217 1709 372 1733 CONTRA
394 1706 457 1740 est,
481 1699 577 1744 quod
598 1699 680 1734 Isid.
704 1699 790 1733 dicit
809 1700 846 1733 in
860 1699 921 1733 lib.
940 1710 991 1734 10.
1010 1699 1168 1745 Etymol.
1193 1699 1313 1743 (adlit.
1339 1700 1384 1745 0)
1405 1700 1501 1746 quod
1517 1711 1614 1734 orare

57 1751 140 1786 idem
161 1757 204 1786 est
232 1764 270 1786 ac
299 1752 425 1786 dicare:
452 1753 514 1786 sed
542 1753 651 1787 dictio
680 1755 833 1799 pertinet
862 1754 906 1788 ad
935 1753 1178 1797 intellectum3
1206 1765 1292 1800 ergo
1320 1755 1436 1788 oratio
1458 1765 1532 1788 non
1563 1762 1616 1788 est

58 1813 158 1839 actus
181 1805 395 1851 appetitivae
416 1806 567 1848 virtutis,
589 1806 650 1840 sed
672 1806 924 1841 intellectivae.

127 1858 358 1893 RESPONDEO
373 1858 578 1900 dicendum,
601 1860 697 1905 quod
713 1860 912 1894 secundum
928 1860 1092 1895 Cassiod.
1108 1861 1221 1907 (super
1233 1860 1315 1894 illud
1330 1861 1380 1895 Ps.
1392 1861 1443 1906 38.
1457 1874 1466 1895 :
1481 1860 1616 1895 Exaudi

57 1913 240 1946 orationem
261 1913 384 1957 meam)
408 1914 523 1946 oratio
546 1913 686 1954 dicitur,
713 1915 813 1958 quasi
835 1915 900 1948 oris
921 1915 1028 1948 ratio:
1054 1914 1146 1948 ratio
1173 1921 1294 1947 autem
1321 1913 1554 1960 speculativa,
1582 1922 1617 1948 et

56 1965 214 2011 practica
243 1965 279 1998 in
308 1964 380 1999 hoc
410 1964 589 2007 differunt,
619 1966 715 2011 quod
744 1966 835 2000 ratio
873 1966 1095 2012 speculativa
1129 1975 1182 2000 est
1209 1967 1470 2012 apprehensiva
1495 1967 1615 2001 solum

58 2030 198 2053 rerum:
220 2018 311 2052 ratio
332 2029 419 2052 vero
440 2019 598 2064 practica
621 2027 673 2054 est
690 2030 764 2053 non
782 2019 903 2053 solum
919 2020 1191 2065 apprehensiva,
1206 2021 1267 2054 sed
1290 2020 1399 2054 etiam
1414 2021 1614 2054 causativa:

57 2079 110 2106 est
139 2081 261 2105 autem
290 2070 424 2116 aliquid
454 2072 597 2106 alterius
629 2083 737 2106 causa
763 2073 956 2119 dupliciter:
985 2085 1049 2106 uno
1077 2073 1224 2118 quidem
1250 2073 1343 2107 modo
1371 2073 1527 2118 perfecte
1556 2085 1616 2108 ne-

0 2166 1 2175 *
59 2126 263 2159 cessitatem
291 2124 516 2167 inducendo;
545 2133 579 2159 et
607 2125 679 2160 hoc
709 2126 896 2171 contingit,
924 2126 1068 2172 quando
1097 2125 1244 2160 effectus
1271 2125 1429 2160 totaliter
1455 2127 1616 2161 subditur

0 2179 1 2183 ’
57 2178 224 2223 potestati
247 2188 395 2210 causae:
418 2177 483 2211 alio
510 2189 596 2212 vero
618 2178 713 2212 modo
740 2178 948 2224 imperfecte
970 2178 1090 2213 solum
1108 2179 1346 2224 disponendo,
1379 2180 1523 2225 quando
1551 2180 1616 2213 sci-

58 2231 142 2264 licet
164 2229 311 2264 effectus
333 2241 407 2263 non
429 2230 589 2265 subditur
609 2233 777 2276 potestati
800 2243 930 2266 causae
952 2231 1126 2274 totaliter3
1149 2233 1198 2266 sic
1222 2243 1309 2277 ergo
1333 2240 1367 2266 et
1395 2233 1486 2266 ratio
1513 2232 1615 2279 dupli-

60 2285 141 2318 citer
162 2291 216 2317 est
238 2294 347 2316 causa
369 2282 591 2328 aliquoru1n3
618 2297 683 2318 uno
710 2285 856 2330 quidem
877 2285 986 2327 modo,
1013 2285 1106 2318 sicut
1130 2285 1385 2319 necessitatem
1407 2286 1614 2331 imponens:

57 2337 129 2371 hoc
151 2336 263 2370 modo
287 2335 330 2369 ad
358 2336 534 2370 rationem
560 2337 713 2382 pertinet
733 2349 807 2372 non
834 2337 954 2372 solum
980 2338 1158 2383 imperare
1183 2337 1412 2372 inferioribus
1434 2339 1615 2384 potentiis,

59 2399 93 2425 et
114 2390 286 2425 membris
306 2390 478 2435 corporis,
494 2390 555 2424 sed
571 2391 680 2425 etiam
702 2391 909 2425 hominibus
932 2392 1120 2437 subjectis;
1147 2392 1244 2437 quod
1272 2391 1417 2437 quidem
1444 2391 1482 2425 fit
1507 2392 1617 2437 impe-

58 2445 190 2478 rando:
213 2444 278 2478 alio
304 2444 412 2486 modo,
436 2445 528 2478 sicut
548 2445 733 2488 inducens,
756 2454 790 2480 et
817 2445 1089 2492 quodammodo
1113 2446 1321 2492 disponens:
1345 2454 1380 2479 et
1406 2446 1476 2479 hoc
1503 2445 1615 2479 modo

58 2498 149 2531 ratio
171 2499 258 2543 petit
280 2497 412 2542 aliquid
426 2497 502 2531 fieri
517 2498 559 2531 ab
581 2498 648 2540 his,
671 2499 732 2544 qui
746 2499 778 2533 ei
792 2510 865 2533 non
887 2500 1134 2544 subjiciuntur,
1156 2499 1230 2533 sive
1252 2500 1321 2533 sint
1340 2498 1518 2544 aequales,
1540 2498 1615 2532 sive

58 2552 129 2584 sint
149 2550 362 2595 superiores.
387 2550 590 2596 Utrumque
613 2559 733 2586 autern
754 2552 898 2594 horum,
920 2552 1059 2586 scilicet
1072 2553 1262 2597 imperare,
1277 2560 1312 2586 et
1325 2559 1447 2596 petere
1466 2551 1541 2584 sive
1560 2551 1617 2584 de-

59 2604 208 2649 precari,
231 2603 499 2637 ordinationem
521 2605 716 2649 quamdam
737 2605 927 2651 importat;
949 2613 1056 2651 prout
1077 2605 1215 2639 scilicet
1241 2605 1355 2638 homo
1383 2604 1540 2649 disponit
1558 2603 1618 2637 ali-

60 2657 142 2702 quid
157 2668 220 2702 per
239 2657 332 2690 aliud
349 2668 425 2690 esse
440 2656 660 2698 faciendum3
677 2658 769 2691 unde
788 2659 966 2703 pertinent
981 2659 1024 2692 ad
1041 2659 1230 2699 rationem,
1251 2658 1350 2700 cujus
1365 2665 1416 2690 est
1431 2657 1614 2690 ordinare:

61 2717 206 2755 propter
228 2710 323 2754 quod
346 2709 481 2743 Philos.
504 2710 589 2743 dicit
610 2710 645 2743 in
665 2721 692 2743 1.
707 2711 823 2744 Ethic.
844 2711 932 2757 (rap.
955 2712 1044 2755 ult),
1068 2711 1165 2756 quod
1185 2711 1226 2743 ad
1249 2711 1385 2755 optima
1405 2709 1616 2754 deprecatur

60 2763 170 2796 ratio:
193 2762 243 2795 sic
267 2770 386 2796 autern
409 2773 502 2795 nunc
525 2762 707 2808 loquimur
728 2764 771 2797 de
798 2764 974 2805 oratione,
1001 2772 1107 2809 prout
1133 2762 1311 2807 significat
1337 2762 1533 2807 quamdam
1560 2762 1616 2796 de-

61 2815 320 2861 precationem,
341 2815 399 2849 vel
419 2815 650 2860 petitionem;
665 2817 863 2850 secundum
878 2817 974 2862 quod
989 2816 1181 2861 Augustin.
1204 2815 1289 2848 dicit
1309 2815 1345 2848 in
1360 2814 1420 2847 lib.
1439 2815 1482 2848 de
1503 2815 1613 2849 Verb.

60 2868 169 2902 Dom.
187 2868 296 2911 (serm.
310 2869 354 2914 5.)
380 2869 475 2913 quod
499 2869 614 2902 oratio
638 2869 761 2914 petitio
786 2870 963 2915 quaedam
986 2877 1049 2909 est,
1077 2877 1111 2902 et
1132 2869 1301 2902 Damasc.
1325 2867 1410 2901 dicit
1435 2867 1472 2900 in
1503 2879 1531 2913 3.
1553 2867 1612 2901 lib.
