1859 3122
525 174 742 211 QUAESTIO
775 174 874 204 Lxx.
907 174 1150 204 Anrrcutus
1183 174 1227 204 11.
1582 175 1661 217 513

181 267 212 291 2.
235 257 470 292 PRAETEREA.
496 256 766 291 Testimonium
789 255 832 290 ad
854 256 924 290 hoc
948 256 1044 302 quod
1072 257 1114 290 sit
1142 255 1322 297 credibile,
1349 255 1455 290 debet
1481 266 1558 289 esse
1585 266 1668 289 con-

111 322 211 345 cors:
239 311 300 345 sed
328 310 540 357 plerumque
567 311 734 352 duorum,
761 310 818 344 vel
844 310 951 344 trium
980 310 1229 344 testimonium
1255 310 1290 344 in
1318 309 1438 356 aliquo
1466 309 1667 351 discordat3

112 375 198 410 ergo
221 375 294 398 non
318 372 370 398 cst
391 363 515 398 efficax
539 364 582 398 ad
605 364 791 398 veritatem
814 364 849 397 in
872 364 1005 408 judicio
1028 363 1264 409 probandam.

186 429 213 463 3.
229 417 464 452 PRAETEREA.
481 427 511 451 2.
529 430 559 463 q.
575 427 607 459 4.
625 418 715 464 (rap.
731 419 776 462 2.)
790 417 933 450 dicitur:
955 430 972 448 «
987 416 1134 450 Praesul
1148 428 1221 450 non
1236 417 1436 458 damnetur,
1451 417 1519 450 nisi
1532 425 1668 463 septua-

111 471 208 517 ginta
223 471 362 505 duobus
373 472 539 505 testibus:
556 471 744 517 Presbyter
759 478 878 504 autem
895 470 1097 504 Cardinalis
1114 471 1208 504 urbis
1228 470 1381 512 Romae,
1403 470 1471 504 nisi
1485 471 1669 515 sexaginta

112 533 264 571 quatuor
281 524 340 569 [al.
352 525 573 571 quadraginta
588 525 746 570 quatuor]
765 524 912 558 testibus
926 535 998 557 non
1015 523 1252 557 damnabitur:
1269 524 1454 558 Diaconus
1467 523 1670 558 Cardinalis

112 579 206 612 urbis
222 578 373 620 Romae,
396 579 462 612 nisi
486 580 521 612 in
542 578 668 623 viginti
690 586 827 623 septem
852 577 911 621 [al.
935 578 1073 621 triginta
1094 577 1163 621 sex]
1187 577 1335 610 testibus
1357 588 1430 610 non
1454 578 1671 611 condemna-

112 633 227 666 bitur:
252 632 515 674 Subdiaconus,
537 631 725 677 Acolytus,
741 631 938 672 Exorcista,
961 631 1102 672 Lector,
1121 630 1313 672 Ostiarius,
1335 631 1404 664 nisi
1426 643 1508 664 cum
1529 639 1667 677 septem

112 686 259 720 testibus
281 697 355 719 non
377 685 675 719 condemnabitur
690 695 721 716 »:
745 684 805 718 sed
829 684 943 729 magis
960 692 1013 718 est
1035 683 1279 729 periculosum
1296 693 1484 728 peccatum
1501 686 1587 729 ejus,
1610 683 1670 729 qui

113 740 147 773 in
168 739 296 784 majori
317 739 488 784 dignitate
511 738 723 772 constitutus
746 745 816 779 est;
839 745 874 771 et
891 737 939 770 ita
962 737 1080 771 minus
1103 745 1155 770 est
1175 736 1422 779 tolerandum3
1445 749 1531 783 ergo
1547 749 1613 771 nec
1634 738 1669 771 in

113 793 268 827 aliorum
290 792 593 827 condemnatione
614 790 744 825 sufficit
765 790 931 832 duorum,
953 790 1011 824 vel
1036 790 1145 824 trium
1171 790 1432 824 testimonium.

185 847 259 881 SED
282 857 435 881 CONTRA
459 854 522 887 est,
544 845 640 891 quod
662 844 790 878 dicitur
812 844 919 878 Deut.
946 855 1017 889 17.:
1039 844 1080 878 In
1102 856 1157 878 ore
1175 843 1330 886 duorum,
1345 845 1396 879 vel
1418 846 1520 879 trium
1542 846 1669 880 testium

111 901 240 946 peribit,
264 901 319 945 qui
347 900 578 945 intu‘ficiutnr:
607 906 641 933 et
667 897 727 932 inf.
766 908 836 944 19.:
867 898 907 932 Ιιι
935 909 988 932 ore
1017 897 1172 940 duorum,
1200 897 1253 932 vel
1286 898 1388 932 trium
1419 899 1546 933 testium
1571 899 1670 934 stabit

115 965 207 988 omna
227 955 376 988 verbnm.

186 1007 414 1041 Rssspoxnfio
423 1005 627 1047 dicendum,
642 1005 739 1051 quod
754 1004 952 1040 secundum
963 1004 1100 1039 Philos.
1115 1004 1151 1038 in
1170 1015 1198 1038 1.
1210 1004 1326 1038 Ethic.
1341 1005 1432 1051 (cap.
1444 1016 1472 1051 3.
1484 1010 1513 1039 et
1524 1011 1595 1051 cap.
1612 1006 1671 1051 7.),

116 1060 291 1095 certitudo
313 1071 387 1094 non
414 1068 466 1094 est
487 1059 651 1094 similiter
673 1059 877 1105 quaerenda
898 1058 935 1092 in
958 1058 1059 1092 omni
1080 1058 1247 1092 materia:
1270 1058 1306 1091 in
1329 1058 1466 1092 actibus
1489 1059 1585 1092 enim
1607 1059 1671 1092 hu-

117 1115 244 1155 manis,
258 1125 363 1159 super
386 1113 512 1160 quibus
532 1113 795 1147 constituuntur
816 1112 959 1158 judicia,
975 1119 1008 1146 et
1027 1112 1215 1158 exiguntur
1232 1112 1451 1154 testimonia,
1466 1123 1540 1146 non
1556 1120 1674 1157 potest

115 1168 241 1202 haberi
254 1167 429 1202 certitudo
449 1167 727 1208 demostrativa3
750 1177 793 1200 eo
809 1166 905 1212 quod
925 1173 1007 1200 sunt
1022 1166 1117 1200 circa
1139 1165 1397 1212 contingentia,
1421 1173 1455 1199 et
1468 1165 1673 1207 variabilia3

117 1230 151 1256 ct
171 1221 252 1255 ideo
274 1220 404 1255 sufficit
424 1220 619 1267 probabilis
643 1220 830 1262 certitudo,
857 1231 948 1266 quae
975 1228 1013 1254 ut
1038 1220 1074 1253 in
1108 1219 1267 1266 pluribus
1294 1220 1484 1254 veritatem
1512 1220 1674 1266 attingat,

117 1275 181 1309 etsi
207 1275 243 1308 in
270 1274 498 1320 paucioribus
521 1285 541 1307 a
562 1274 710 1308 veritate
734 1274 897 1308 deficiat:
923 1281 976 1307 est
998 1282 1119 1307 autem
1140 1272 1337 1323 probabile,
1360 1275 1455 1319 quod
1479 1274 1594 1319 magis
1620 1285 1676 1307 ve-

116 1330 256 1363 ritatem
280 1329 463 1362 contineat
483 1328 619 1361 dictum
647 1327 858 1370 multorum,
885 1339 994 1373 quam
1017 1327 1154 1362 dictum
1176 1327 1299 1361 unius:
1324 1335 1358 1361 et
1381 1327 1463 1362 ideo
1487 1339 1570 1361 cum
1593 1339 1673 1361 reus

117 1385 160 1418 s³t
181 1394 271 1416 unus
294 1383 354 1428 qui
374 1390 493 1427 negat,
516 1381 577 1416 sed
597 1381 701 1416 multi
722 1389 829 1416 testes
853 1389 1012 1415 asserant
1033 1381 1131 1415 idem
1154 1392 1237 1414 curn
1260 1389 1394 1423 actore,
1417 1381 1676 1415 rationabiliter

118 1436 319 1470 institutum
341 1443 394 1470 est
415 1436 457 1469 de
484 1436 559 1480 jure
582 1435 714 1476 divino,
739 1443 772 1469 et
793 1435 967 1476 humano,
990 1435 1086 1480 quocl
1108 1435 1205 1468 dicto
1232 1435 1378 1468 testium
1399 1443 1528 1470 stetur:
1557 1434 1674 1468 omnis

119 1498 239 1524 autem
258 1488 449 1523 multitudo
469 1489 505 1522 in
523 1488 633 1522 tribus
653 1488 981 1534 comprehenditur,
1004 1488 1156 1522 scilicet:
1179 1488 1367 1534 principio,
1385 1488 1517 1529 medio,
1534 1496 1567 1521 et
1586 1487 1674 1530 fine3

119 1543 224 1584 unde,
247 1542 446 1576 secundum
469 1541 606 1575 Philos.
629 1541 665 1575 in
688 1542 805 1587 primo
833 1542 875 1575 de
904 1541 1022 1575 Coelo
1049 1543 1125 1585 (tax.
1153 1543 1200 1586 2.)
1215 1552 1224 1574 :
1252 1554 1269 1572 α
1290 1541 1412 1576 Omne
1435 1549 1468 1575 et
1494 1549 1611 1575 totum
1638 1541 1674 1574 in

118 1597 229 1630 tribus
252 1595 419 1641 ponimus
438 1608 476 1629 »t
499 1595 674 1629 ternarius
697 1595 842 1640 quidem
866 1595 1093 1628 constituitur
1115 1595 1361 1636 asserentium,
1382 1606 1464 1628 cum
1483 1595 1554 1628 duo
1569 1603 1675 1629 testes

120 1649 339 1683 conveniunt
361 1660 443 1682 cum
466 1657 605 1690 actore3
629 1656 662 1681 et
683 1648 765 1682 ideo
788 1648 976 1693 requiritur
998 1648 1156 1682 binarius
1178 1648 1334 1690 testium,
1353 1647 1411 1682 vel
1433 1648 1476 1681 ad
1499 1649 1676 1693 majorem

120 1703 371 1737 certitudinem
394 1710 431 1735 ut
449 1702 492 1736 sit
510 1701 698 1742 ternarius,
717 1701 778 1746 qui
797 1709 848 1735 est
867 1701 1058 1734 multitudo
1078 1701 1237 1747 perfecta
1254 1702 1289 1734 in
1302 1702 1386 1746 ipsis
1401 1701 1548 1735 testibus
1561 1714 1568 1743 3
1583 1701 1676 1735 unde

120 1765 154 1790 et
175 1756 293 1790 Eccle.
315 1766 347 1798 4.
370 1755 516 1789 dicitur:
539 1755 721 1789 Fzmiculns
748 1755 867 1800 triplex
893 1754 1019 1800 difficile
1042 1757 1228 1801 rumpitur:
1251 1755 1403 1800 August.
1429 1764 1547 1789 autern
1572 1767 1678 1801 super

118 1809 205 1843 illud
222 1809 324 1854 Joan.
348 1809 396 1842 8.:
419 1809 576 1842 Duorum
598 1808 768 1841 hominum
791 1809 1011 1842 testimoniium
1030 1820 1145 1842 varum
1168 1814 1223 1850 cst,
1247 1809 1332 1842 dicit
1356 1808 1470 1852 (tract.
1491 1809 1561 1853 36.)
1581 1809 1677 1854 quod

126 1876 143 1894 «
162 1863 198 1896 in
219 1863 291 1896 hoc
315 1871 368 1896 est
391 1861 549 1896 Trinitas
564 1861 763 1896 secundum
783 1861 996 1907 mysterium
1013 1862 1280 1904 commendata,
1299 1862 1335 1895 in
1351 1873 1420 1908 qua
1439 1870 1492 1896 est
1508 1869 1679 1908 perpetua

120 1915 268 1950 firmitas
286 1916 444 1950 veritatis
463 1929 494 1949 n.

192 1969 252 2003 An
280 1980 429 2004 PRIMUM
452 1980 538 2014 ergo
566 1967 770 2010 dicendum,
798 1968 894 2014 quod
917 1977 1208 2015 quantacumque
1235 1969 1429 2003 multitudo
1450 1969 1596 2003 testium
1624 1970 1679 2003 de-

121 2023 385 2064 terminaretur,
412 2030 534 2068 posset
560 2021 776 2067 quandoque
803 2022 1053 2056 testimonium
1081 2033 1157 2056 esse
1183 2022 1368 2068 iniquum3
1396 2034 1479 2057 cum
1505 2023 1678 2068 scriptum

121 2076 166 2110 sit
187 2076 298 2110 Exod.
322 2086 399 2121 23.:
423 2076 472 2110 Ne
491 2077 638 2121 sequaris
659 2077 791 2110 turbam
813 2075 855 2109 ιιιῖ
873 2075 1068 2121 faciendum
1089 2076 1236 2111 malum:
1258 2088 1325 2110 nec
1348 2084 1482 2118 tamen,
1502 2076 1584 2122 quia
1602 2087 1676 2110 non

122 2137 240 2176 potest
260 2129 296 2162 in
316 2129 446 2163 talibus
468 2128 661 2163 infallibilis
696 2128 872 2163 certitudo
894 2129 1029 2171 haberi,
1064 2129 1168 2163 debet
1194 2129 1330 2175 negligi
1365 2130 1552 2172 certitudo,
1586 2141 1677 2175 quae

126 2182 357 2228 probabiliter
370 2183 495 2216 haberi
508 2190 624 2228 potest
639 2193 701 2228 per
720 2182 822 2224 duos,
844 2182 901 2216 vel
919 2194 981 2228 per
999 2190 1070 2216 tres
1088 2190 1207 2225 testes,
1222 2191 1261 2217 ut
1274 2183 1410 2217 dictum
1426 2191 1478 2217 est
1492 2183 1540 2227 (in
1556 2183 1676 2229 corp).

194 2236 253 2269 AD
276 2246 480 2270 SECUNDUM
495 2235 699 2277 dicendum,
714 2235 810 2281 quod
824 2235 1004 2269 discordia
1018 2237 1163 2269 testium
1177 2236 1214 2269 in
1230 2236 1406 2282 aliquibus
1421 2236 1676 2282 principalibus

128 2289 415 2330 circumstantiis,
438 2300 529 2334 quae
551 2289 691 2322 variant
711 2289 947 2322 substantiam
968 2288 1063 2330 facti,
1085 2298 1169 2335 puta
1190 2290 1226 2323 in
1248 2298 1423 2335 tempore,
1445 2289 1502 2323 vel
1524 2290 1559 2322 in
1581 2289 1677 2330 loco,

124 2341 181 2375 vel
202 2341 238 2374 in
260 2342 435 2387 personis,
457 2342 500 2375 de
527 2342 652 2387 quibus
680 2341 922 2388 principaliter
949 2343 1076 2387 agitur,
1099 2342 1213 2376 aufert
1240 2342 1438 2376 efficaciam
1465 2342 1677 2376 testimonii:

125 2395 207 2440 quia
230 2396 258 2428 si
284 2395 491 2428 discordant
510 2395 546 2428 in
573 2395 712 2437 talibus,
734 2396 899 2429 videntur
921 2395 1117 2440 singulares
1140 2407 1216 2430 esse
1238 2396 1274 2429 in
1296 2396 1368 2430 suis
1391 2395 1616 2437 testimoniis,
1645 2403 1678 2429 et

126 2448 168 2481 de
191 2448 339 2481 diversis
362 2448 462 2482 sactis
485 2447 601 2493 loqui:
625 2457 709 2494 puta
732 2449 760 2482 si
782 2460 872 2482 unus
895 2449 990 2482 dicat
1012 2449 1080 2483 hoc
1097 2449 1233 2483 factum
1255 2461 1331 2483 esse
1346 2449 1407 2482 tali
1429 2457 1603 2494 tempore,
1623 2448 1678 2482 vel

127 2500 221 2544 loco,
245 2501 333 2534 alius
358 2501 428 2534 alio
451 2509 627 2546 tempore,
650 2501 707 2535 vel
727 2501 823 2542 loco,
846 2513 918 2535 non
941 2502 1104 2535 videntur
1127 2503 1170 2536 de
1194 2502 1322 2536 eodeni
1346 2502 1440 2535 facto
1462 2501 1577 2546 loqui:
1605 2513 1678 2535 non

125 2562 246 2588 tamen
268 2555 531 2599 praejudicatur
553 2555 773 2596 testimonio,
796 2555 825 2588 si
848 2566 937 2588 unus
965 2555 1059 2589 dicat
1085 2568 1122 2589 se
1149 2567 1222 2589 non
1245 2555 1436 2595 recordari,
1460 2563 1494 2588 et
1517 2554 1606 2587 alius
1630 2566 1680 2588 as-

127 2615 219 2640 serat
234 2607 511 2641 determinatum
526 2616 680 2653 tempus,
699 2608 754 2641 vel
774 2607 916 2641 locum:
937 2616 970 2642 et
985 2609 1013 2642 si
1028 2609 1063 2642 in
1082 2609 1210 2642 talibus
1230 2608 1380 2642 omnino
1398 2607 1679 2641 discordaverint

127 2667 232 2693 testes
258 2661 401 2701 actoris,
424 2669 457 2694 et
479 2661 541 2702 rei,
564 2661 592 2694 si
619 2661 688 2694 sint
710 2660 876 2706 aequales
901 2673 1065 2703 numero,
1089 2671 1123 2695 et
1144 2673 1246 2707 pares
1268 2661 1451 2705 dignitate,
1474 2667 1585 2694 statur
1612 2673 1676 2706 pro

129 2724 208 2747 reo:
227 2714 310 2759 quia
324 2713 463 2748 facilior
478 2714 581 2748 debet
597 2726 673 2748 esse
692 2714 797 2758 judex
812 2715 854 2748 ad
870 2715 1142 2755 absolvendum,
1159 2725 1267 2760 quam
1284 2714 1325 2746 ad
1342 2714 1677 2747 condemnandum:

128 2766 196 2799 nisi
216 2766 306 2800 forte
332 2767 369 2800 in
394 2768 508 2801 causis
531 2767 804 2810 favorabilibus3
826 2768 918 2802 sicut
939 2776 991 2802 est
1013 2779 1120 2802 causa
1142 2767 1324 2808 libertatis,
1347 2775 1381 2800 et
1401 2767 1627 2811 hujusmodi:
1650 2768 1678 2801 si

129 2830 214 2852 vero
236 2827 343 2853 testes
367 2820 528 2865 ejusdem
550 2821 658 2865 partis
680 2821 921 2862 dissenserint,
944 2821 1048 2854 debet
1069 2821 1175 2865 judex
1196 2831 1238 2854 ex
1264 2828 1366 2853 motu
1393 2820 1447 2854 sui
1474 2821 1584 2854 animi
1606 2833 1679 2866 per-

132 2871 248 2916 cipere
270 2872 327 2905 cui
348 2873 439 2918 parti
459 2873 504 2906 sit
524 2873 702 2915 standum,
724 2873 782 2907 vel
803 2885 844 2907 ex
862 2885 1014 2907 numero
1033 2873 1189 2914 testium,
1208 2872 1266 2906 vel
1285 2884 1327 2907 ex
1346 2873 1517 2918 dignitate
1540 2885 1677 2915 eorum,
