1905 3137
542 156 762 193 QUAESTIO
795 156 851 186 1v.
885 156 1127 187 ARTICULUS
1159 156 1199 185 v.
1583 145 1632 198 63

152 237 212 272 AD
238 248 444 273 SECUNDUM
467 238 672 281 dicendum,
700 239 796 284 quod
823 238 922 280 fides,
949 238 992 273 de
1020 250 1089 284 qua
1115 238 1251 273 Philos.
1278 237 1448 284 loquitur,
1475 237 1638 271 innititur

81 291 211 325 rationi
233 292 414 326 humanae
436 303 509 326 non
532 304 573 326 ex
594 293 808 327 necessitate
828 291 1071 334 concludenti,
1094 292 1150 326 cui
1177 299 1296 337 potest
1321 291 1466 326 subesse
1493 290 1636 332 falsum,

80 352 114 378 et
136 345 216 379 ideo
232 346 312 380 talis
329 346 414 380 fides
436 357 510 380 non
529 354 581 380 est
594 346 722 380 virtus:
746 346 806 380 sed
829 345 927 388 fides,
946 346 988 379 de
1011 357 1081 391 qua
1100 345 1294 391 loquimur,
1317 345 1479 378 innititur
1496 344 1637 378 veritati

79 397 232 440 divinae,
255 410 346 445 quae
365 407 419 433 est
439 399 654 441 infallibili53
677 407 711 433 et
732 399 780 433 ita
794 410 867 433 non
890 407 1008 444 potest
1027 399 1058 432 ei
1073 399 1218 433 subesse
1237 397 1387 441 falsum3
1410 406 1444 432 et
1462 398 1543 432 ideo
1558 397 1638 433 talis

79 450 165 485 fides
187 460 305 498 potest
323 464 399 487 esse
425 453 547 486 virtus.

150 505 208 539 AD
237 516 407 540 TERTIUM
446 506 649 547 dicendum,
678 506 773 552 quod
802 505 888 539 fides
917 505 1083 547 formata,
1114 514 1147 539 et
1182 505 1345 539 informis
1372 516 1445 539 non
1472 503 1639 539 differunt

79 559 210 604 specie,
232 560 323 593 sicut
338 560 371 593 in
395 559 542 593 diversis
565 559 729 605 specibus
749 559 956 593 existentes:
981 558 1148 592 differunt
1170 567 1291 593 autem
1313 559 1406 592 sicut
1423 557 1634 604 perfectum,

79 619 113 645 et
134 612 387 658 imperfectum
417 614 452 647 in
480 614 607 647 eadem
638 613 775 659 specie3
799 613 892 646 unde
923 612 1010 647 fides
1040 611 1216 654 informis,
1237 623 1319 646 cum
1347 612 1391 646 sit
1416 611 1637 658 imperfecta,

78 676 150 698 non
166 666 334 711 pertingit
356 666 398 700 ad
422 666 618 712 perfectam
640 667 819 700 rationem
840 666 992 708 virtutis,
1014 677 1100 700 nam
1121 666 1232 700 virtus
1255 673 1307 699 est
1333 664 1504 712 perfectio
1533 676 1639 711 quae-

79 718 173 761 dam,
196 727 233 754 ut
251 720 380 754 dicitur
400 720 436 753 in
457 730 488 765 7.
512 720 655 766 Physic.
679 720 757 764 (tex.
780 731 830 765 17.
851 724 882 754 ct
906 719 987 764 13).

149 773 208 806 AD
228 783 415 812 QUARTUM
430 773 636 815 dicendum,
652 773 748 819 quod
771 772 917 818 quidam
936 780 1087 818 ponunt,
1109 772 1205 818 quod
1220 772 1320 814 fides,
1337 783 1428 818 quae
1444 782 1637 806 connume-

76 833 175 860 ratur
195 826 286 860 inter
305 827 437 871 gratias
459 827 568 873 gratis
588 827 700 868 datas,
723 834 777 861 est
793 826 880 860 fides
899 826 1083 862 informis:
1106 826 1167 860 sed
1189 826 1260 860 hoc
1282 837 1356 860 non
1380 826 1637 860 convenienter

77 879 223 914 dicitur:
243 880 326 926 quia
341 880 476 926 gratiae
491 880 600 925 gratis
623 880 738 921 datae,
757 891 848 926 quae
867 880 915 913 ibi
934 888 1203 921 enumerantur,
1225 891 1299 914 non
1318 887 1400 914 sunt
1422 890 1636 914 communes

78 933 245 968 omnibus
264 933 435 968 membris
457 933 658 975 Ecclesiae3
677 933 771 968 unde
794 934 920 979 Apost.
948 933 997 967 ibi
1015 934 1116 968 dicit:
1134 934 1324 967 Divisioues
1336 934 1526 979 gratiarum
1540 938 1635 973 sunt,-

77 996 112 1024 et
133 987 278 1022 iterum:
301 987 374 1022 Alii
391 987 488 1022 datur
506 987 575 1029 hoc,
595 987 655 1021 alii
673 987 772 1021 datur
794 987 895 1021 illud:
918 986 1006 1021 fides
1029 995 1150 1021 autem
1172 986 1336 1021 informis
1359 994 1412 1021 est
1430 986 1637 1020 communis

77 1041 243 1077 omnibus
265 1040 438 1075 membris
460 1040 663 1075 Ecclesiae:
685 1040 768 1086 quia
790 1039 992 1075 informitas
1013 1052 1087 1074 non
1110 1048 1161 1074 est
1185 1040 1228 1074 de
1249 1040 1448 1074 substantia
1475 1041 1562 1085 ejus,
1588 1051 1639 1074 se-

77 1095 234 1130 cundum
257 1094 353 1140 quod
380 1102 432 1128 est
458 1094 596 1127 donum
618 1094 832 1139 gratuitum;
851 1093 946 1127 unde
973 1093 1167 1127 dicendum
1195 1101 1259 1135 est,
1287 1093 1383 1139 quod
1410 1093 1563 1127 sumitur
1590 1093 1638 1126 ibi

76 1160 140 1196 pro
156 1148 272 1194 aliqua
288 1147 369 1181 fidei
384 1147 612 1181 excellentia:
628 1147 719 1181 sicut
732 1158 796 1193 pro
812 1147 1092 1192 constantiuficlai,
1108 1155 1145 1180 ut
1159 1147 1243 1180 dicit
1263 1147 1364 1181 Glos.
1379 1146 1504 1191 (interl.
1525 1145 1635 1191 ibid),

76 1201 133 1236 vel
154 1213 218 1248 pro
240 1200 498 1246 sarmomfidei:
522 1200 609 1234 fides
632 1209 753 1234 autem
774 1200 919 1246 ponitur
940 1200 1086 1242 fructus,
1109 1201 1308 1235 secundum
1331 1200 1427 1245 quod
1450 1200 1559 1233 habet
1581 1200 1639 1234 ali-

77 1267 185 1302 quam
199 1254 477 1289 delectationem
492 1254 527 1287 in
543 1265 608 1288 suo
624 1262 705 1288 actu
720 1254 858 1288 ratione
876 1254 1116 1296 certitudini33
1139 1254 1232 1287 unde
1255 1253 1298 1287 ad
1313 1253 1393 1288 Gal.
1414 1264 1454 1297 5.,
1474 1253 1533 1287 ubi
1556 1264 1639 1287 enu-

78 1317 258 1343 merantur
279 1307 424 1350 fructus,
448 1307 636 1354 exponitur
657 1307 757 1349 fides,
779 1307 815 1342 de
833 1308 1054 1342 invisibilibus
1075 1307 1244 1342 certitudo.

629 1451 973 1497 ARTICULUS
1006 1452 1082 1494 VI.
1595 1462 1638 1495 28

492 1559 644 1590 UTRUM
676 1560 798 1589 Fines
832 1560 898 1589 SIT
931 1560 1020 1590 UNA
1052 1560 1222 1590 VIRTUS.

622 1647 663 1694 (3.
685 1648 775 1682 Dist.
798 1659 850 1682 22.
873 1659 902 1694 q.
926 1659 956 1682 2.
979 1652 1042 1682 (zi-t.
1065 1647 1098 1682 6.

234 1706 262 1735 et
286 1701 372 1735 Veri.
395 1712 423 1746 q.
446 1712 496 1745 14.
519 1706 582 1736 art.
603 1712 652 1736 12.
675 1706 702 1736 ct
723 1702 817 1737 Rom.
836 1712 863 1747 5.
887 1701 956 1736 lert.
974 1713 1002 1747 5.
1026 1701 1058 1736 6.
1080 1706 1108 1736 et
1129 1713 1158 1736 2.
1181 1701 1313 1746 Cor.·4.
1329 1701 1399 1736 lect.
1422 1701 1477 1746 1.).

148 1789 207 1822 AD
235 1799 386 1823 SEXTUM
414 1789 463 1823 sic
491 1790 707 1835 proceditur.
734 1789 896 1832 Videtur,
927 1791 1023 1836 quod
1045 1802 1119 1824 non
1141 1790 1186 1824 sit
1207 1802 1277 1824 una
1295 1790 1402 1825 fides:
1426 1790 1517 1824 sicut
1539 1790 1635 1824 enim

76 1841 164 1876 fides
186 1849 238 1876 est
260 1843 396 1876 donum
418 1843 499 1885 Dei,
521 1852 559 1877 ut
581 1843 709 1878 dicitur
731 1843 774 1877 ad
796 1843 927 1888 Ephes.
954 1854 994 1888 5.,
1016 1844 1064 1877 ita
1087 1844 1195 1878 etiam
1223 1844 1410 1890 sapientia,
1432 1852 1467 1878 et
1488 1844 1638 1878 scientia

77 1896 168 1929 inter
190 1895 286 1929 dona
306 1895 375 1930 Dei
398 1903 664 1942 computantur,
686 1905 724 1930 ut
745 1904 841 1942 patet
862 1897 928 1931 Isa.
956 1908 1027 1931 11.:
1050 1897 1111 1931 sed
1138 1897 1324 1944 sapientia,
1347 1905 1381 1931 et
1402 1897 1551 1931 scientia
1574 1897 1639 1931 dif-

76 1947 193 1982 ferunt
213 1960 277 1995 per
296 1949 367 1983 hoc
390 1949 487 1995 quod
509 1950 683 1996 sapientia
702 1958 755 1984 est
776 1950 819 1984 de
842 1951 1007 1993 aeternis,
1029 1951 1178 1985 scientia
1199 1962 1286 1985 vero
1306 1951 1349 1985 de
1367 1951 1638 1996 temporalibus,

77 2009 114 2036 ut
134 2010 231 2048 patet
251 2014 314 2048 per
335 2003 488 2049 August.
516 2014 566 2049 13.
590 2003 633 2037 de
657 2003 756 2037 Trin.
781 2003 866 2050 (cap.
894 2004 986 2050 19.);
1009 2015 1091 2038 cum
1114 2016 1200 2049 ergo
1223 2004 1310 2038 fides
1333 2004 1377 2038 sit
1403 2004 1446 2038 de
1469 2005 1633 2044 aeternis,

77 2063 112 2090 et
132 2055 175 2089 de
197 2056 412 2102 quibusdam
444 2056 715 2103 temporalibus,
742 2056 882 2091 videtur
911 2057 1007 2103 quod
1037 2068 1111 2091 non
1139 2057 1183 2091 sit
1209 2069 1279 2091 una
1306 2057 1405 2099 fides,
1432 2057 1493 2092 sed
1520 2057 1639 2092 distin-

78 2117 207 2154 guatur
227 2109 263 2143 in
285 2118 414 2155 partes.

148 2172 179 2196 2.
197 2160 433 2198 PRAETER'EA.
457 2162 650 2197 Confessio
673 2171 725 2197 est
747 2171 846 2198 actus
868 2163 961 2205 fidei,
985 2171 1023 2197 ut
1045 2175 1151 2209 supra
1173 2164 1310 2198 dictum
1327 2172 1380 2198 est
1395 2163 1480 2210 (q.3.
1496 2164 1635 2209 urt.1.).·

77 2215 137 2249 sed
158 2226 232 2249 non
255 2223 308 2250 est
328 2227 398 2250 una
420 2223 454 2250 et
476 2216 604 2250 eadem
626 2216 806 2251 confessio
828 2216 911 2251 fidei
933 2217 1026 2263 apud
1049 2228 1195 2251 omnes:
1218 2229 1303 2251 nam
1323 2218 1420 2264 quod
1438 2229 1505 2252 nos
1529 2217 1638 2251 confi-

76 2276 194 2302 temur
225 2268 372 2310 factum,
407 2269 543 2315 antiqui
564 2270 687 2304 Patres
721 2270 984 2304 confitebantur
1016 2270 1188 2313 futurum,
1214 2279 1252 2305 ut
1273 2279 1370 2317 patet
1390 2272 1457 2306 Isa.
1482 2282 1531 2316 7.:
1554 2273 1637 2306 Εεεε

84 2322 183 2368 Virgo
206 2324 386 2369 concipiet‚·
412 2334 499 2368 ergo
521 2334 595 2357 non
618 2332 671 2358 est
691 2335 762 2357 una
783 2324 881 2358 fides.

151 2386 180 2421 3.
202 2375 437 2410 PRAETEREA.
460 2376 564 2410 Fides
587 2384 639 2411 est
661 2379 866 2411 communis
889 2378 1056 2412 omnibus
1078 2377 1241 2412 fidelibus
1264 2378 1417 2413 Christi:
1440 2379 1501 2413 sed
1523 2390 1635 2412 unum

77 2428 242 2463 accidens
263 2439 337 2462 non
356 2437 472 2475 potest
488 2440 565 2463 esse
583 2429 619 2463 in
639 2430 786 2464 diversis
808 2431 993 2476 subjectis;
1017 2442 1102 2477 ergo
1125 2443 1199 2465 non
1221 2439 1338 2478 potest
1359 2443 1435 2466 esse
1455 2443 1525 2465 una
1547 2432 1634 2466 fides

78 2492 254 2515 ommum.

148 2534 221 2568 SED
257 2545 411 2570 CONTRA
445 2543 506 2580 est,
541 2536 638 2582 quod
672 2536 756 2571 dicit
789 2537 988 2583 Apostolus
1020 2538 1062 2572 ad
1090 2537 1221 2584 Ephes.
1249 2548 1302 2581 4:
1339 2539 1430 2573 Unus
1456 2539 1634 2581 Dominus,

77 2600 144 2623 una
163 2587 256 2634 fidas.

146 2641 374 2676 RESPONDEO
397 2642 601 2685 dicendum,
624 2644 718 2689 quod
742 2644 841 2686 fides,
864 2645 892 2678 si
913 2654 1074 2679 sumatur
1092 2656 1157 2690 pro
1179 2645 1314 2687 habitu,
1329 2645 1503 2691 dupliciter
1518 2654 1636 2692 potest

79 2695 318 2730 considerari:
340 2707 404 2729 uno
434 2696 528 2730 modo
556 2707 597 2730 ex
623 2705 722 2742 parte
750 2698 899 2743 objecti3
922 2703 950 2732 et
974 2700 1018 2732 sic
1045 2703 1088 2732 cst
1117 2710 1184 2732 unu
1207 2698 1302 2741 fidas:
1325 2698 1506 2743 objectum
1540 2700 1636 2733 enim

78 2746 230 2782 formale
250 2747 332 2782 fidei
355 2756 407 2782 est
426 2749 556 2783 veritas
575 2750 702 2795 prima,
725 2751 782 2784 cui
804 2751 911 2785 etiam
931 2751 1152 2785 inhaerendo
1172 2751 1362 2792 credimus,
1382 2763 1632 2799 quaecumque

79 2800 142 2834 sub
164 2800 233 2834 fide
255 2801 502 2835 continentur:
526 2803 591 2836 alio
618 2803 712 2837 modo
735 2815 778 2837 ex
803 2811 902 2849 parte
930 2804 1098 2848 subjecti3
1118 2812 1153 2837 et
1174 2804 1223 2838 sic
1251 2803 1338 2838 fides
1365 2804 1635 2848 diversificatur,

79 2853 277 2888 secundum
298 2854 394 2899 quod
416 2862 468 2888 est
488 2855 711 2890 diversorum
729 2869 735 2890 :
760 2856 989 2890 manifestum
1013 2865 1065 2891 est
1087 2864 1220 2898 autem,
1242 2857 1337 2903 quod
1360 2857 1458 2901 fides,
1482 2859 1572 2893 sicut
1599 2868 1633 2893 et
