1905 3137
238 140 292 194 58
685 149 903 186 QUAESTIO
937 151 994 181 1v.
1026 151 1269 182 ARTICULUS
1302 151 1329 181 1.

238 233 323 267 dicit
344 243 374 278 7.
399 243 474 278 cap.
497 232 540 265 de
561 231 643 265 Div.
665 231 775 266 Nom.
798 232 884 277 (lact.
902 233 949 279 5.)
968 233 1063 279 quod
1085 233 1172 268 fides
1188 241 1239 268 est
1253 244 1403 267 manens
1426 234 1646 268 credentium
1667 234 1789 269 funda-

238 294 412 327 mentum,
434 284 619 319 collocans
642 296 704 319 eos
724 285 760 319 in
781 287 941 329 veritate,
964 294 998 320 et
1018 287 1053 320 in
1075 287 1159 333 ipsis
1181 287 1367 321 veritatem
1390 287 1594 330 ostendens,
1614 287 1711 322 idem
1737 296 1790 322 est

239 340 271 373 ei
291 339 387 385 quod
409 339 557 372 dicitur:
579 340 757 373 substantia
779 352 889 373 rarum
910 340 1161 387 sperandarmn.

307 393 367 426 AD
394 402 542 426 PRIMUM
569 402 655 437 ergo
683 392 887 436 dicendum,
910 393 1005 439 quod
1026 395 1207 428 substantia
1233 405 1306 427 non
1329 393 1481 428 sumitur
1506 394 1565 428 hic
1591 393 1788 428 secundum

237 445 333 491 quod
356 453 408 478 est
428 455 541 489 genus
568 445 880 490 generalissimum
909 454 1032 480 contra
1063 446 1132 480 alia
1159 458 1291 492 genera
1313 447 1480 488 divisum,
1502 447 1564 481 sed
1585 446 1786 481 secundum

238 498 333 544 quod
355 498 391 531 in
412 497 572 543 quolibet
593 509 723 543 genere
742 499 920 534 invenitur
939 500 1116 545 quaedam
1136 500 1332 534 similitudo
1352 501 1587 542 substantiae;
1602 508 1709 545 prout
1725 500 1790 534 sci-

238 552 321 586 licet
341 552 498 597 primum
523 552 559 585 in
587 552 746 598 quolibet
774 564 906 599 genere
936 554 1123 588 continens
1151 554 1187 588 in
1217 565 1254 588 se
1285 554 1354 588 alia
1385 555 1526 596 virtute,
1557 554 1686 589 dicitur
1713 565 1790 588 esse

238 605 434 640 substantia
451 604 608 640 illorum.

308 658 367 692 AD
393 669 598 693 SECUNDUM
624 659 828 702 dicendum,
850 660 946 706 quod
969 671 1052 694 cum
1078 660 1164 694 fides
1197 661 1373 707 pertineat
1403 660 1446 694 ad
1476 660 1714 703 intellectum,
1735 671 1790 695 se—

240 711 397 746 cundum
419 712 514 758 quod
536 713 731 759 imperatur
753 725 772 747 a
793 714 991 756 voluntate,
1015 722 1157 760 oportet
1172 714 1268 760 quod
1288 714 1471 748 ordinetur
1492 715 1584 749 sicut
1602 715 1645 748 ad
1667 714 1790 756 finem,

240 766 283 799 ad
305 765 446 810 obJecta
466 765 609 800 illarum
630 768 813 809 virtutum,
836 768 962 813 quibus
984 767 1164 813 perficitur
1185 767 1370 810 voluntas,
1393 768 1484 802 inter
1505 780 1593 814 quas
1620 776 1673 802 est
1699 779 1791 814 spes,

240 827 277 853 ut
290 818 380 852 infra
394 819 527 864 patebit
543 819 587 865 (q.
601 821 648 855 18.
666 825 729 854 art.
744 820 789 865 I.)
801 832 814 861 ;
836 829 870 854 et
884 820 964 854 ideo
980 821 1015 853 in
1031 820 1238 854 definitione
1254 820 1337 855 fidei
1350 821 1494 867 ponitur
1508 822 1690 867 objectum
1705 821 1791 868 spei.

310 872 369 906 AD
393 882 562 907 TERTIUM
584 873 788 915 dicendum,
811 873 906 919 quod
929 873 1074 907 dilectio
1101 881 1220 920 potest
1245 885 1322 908 esse
1345 882 1378 908 et
1399 874 1572 916 visorum,
1595 882 1629 908 et
1649 886 1724 908 non
1744 874 1792 908 vi-

240 936 374 967 sorum,
398 934 432 960 et
452 927 707 972 praesentium,
735 935 769 961 et
791 927 1013 969 absentium3
1036 935 1070 961 et
1091 927 1172 961 ideo
1195 938 1250 961 res
1272 927 1454 972 diligenda
1475 939 1549 961 non
1576 929 1624 962 ita
1649 928 1792 974 proprie

240 979 426 1025 adaptatur
447 979 541 1021 fidei,
568 980 659 1014 sicut
680 991 735 1014 res
758 980 950 1026 speranda3
975 991 1056 1014 cum
1079 992 1158 1026 spes
1185 992 1328 1027 semper
1354 981 1398 1015 sit
1425 981 1638 1023 absentium,
1660 988 1694 1016 et
1718 992 1792 1016 non

236 1033 407 1066 visorum.

310 1086 370 1120 AD
392 1096 578 1125 QUARTUM
601 1087 805 1129 dicendum,
828 1087 924 1133 quod
945 1088 1136 1129 substantia,
1161 1095 1195 1121 et
1216 1093 1457 1133 argumentum,
1477 1087 1679 1122 secundum
1697 1088 1793 1134 quod

241 1140 275 1173 in
298 1139 504 1174 definitione
526 1139 608 1174 fidei
630 1148 822 1186 ponuntur,
844 1152 918 1174 non
940 1140 1138 1186 important
1160 1140 1300 1175 diversa
1327 1152 1459 1186 genera
1485 1140 1580 1183 fidei,
1601 1152 1718 1188 neque
1746 1141 1794 1175 di-

241 1204 362 1227 versos
384 1201 494 1235 actus,
516 1194 577 1227 sed
599 1193 756 1228 diversas
777 1193 1003 1228 habitudines
1026 1194 1129 1228 unius
1156 1202 1256 1228 actus
1283 1194 1326 1228 ad
1353 1194 1493 1229 diversa
1516 1195 1668 1241 obJecta,
1690 1202 1729 1229 ut
1751 1206 1793 1229 ex

241 1247 343 1281 dictis
364 1255 460 1293 patet
480 1247 530 1291 (in
548 1254 638 1294 corp.
658 1249 753 1292 art).
1692 1274 1694 1276 -

311 1301 371 1335 AD
398 1311 577 1340 QUINTUM
607 1301 812 1343 dicendum,
841 1302 937 1347 quod
968 1309 1234 1347 argumentum,
1265 1301 1361 1347 quod
1391 1301 1543 1336 sumitur
1571 1313 1613 1335 ex
1640 1301 1793 1348 propriis

242 1354 421 1400 principiis
443 1355 504 1396 rei,
527 1354 611 1388 facit
632 1366 709 1389 rem
732 1366 808 1389 esse
828 1363 1078 1401 apparentem:
1102 1355 1163 1389 sed
1184 1363 1451 1400 argumentum,
1471 1355 1567 1401 quod
1581 1354 1734 1389 sumitur
1753 1366 1794 1389 ex

244 1408 455 1442 auctoritate
477 1408 607 1449 divina,
622 1419 696 1442 non
717 1407 802 1442 facit
820 1420 895 1442 rem
914 1409 949 1442 in
969 1420 1005 1443 se
1025 1419 1102 1443 esse
1122 1416 1370 1455 apparentem:
1393 1416 1427 1442 et
1447 1408 1518 1442 tale
1541 1415 1793 1454 argumentum

243 1461 386 1506 ponitur
408 1461 442 1495 in
466 1461 672 1496 definitione
694 1461 785 1495 fidei.

809 1585 1153 1630 ARTicutus
1186 1586 1241 1628 n.
1752 1607 1796 1640 24

391 1694 542 1725 UTRUM
569 1694 691 1724 FIDES
721 1694 787 1723 SIT
815 1694 858 1725 IN
887 1694 1165 1725 INTELLECTU
1194 1694 1322 1724 SICUT
1351 1694 1394 1725 IN
1421 1694 1645 1736 SUBJECTO.

313 1784 373 1817 AD
389 1793 593 1817 SECUNDUM
612 1783 661 1816 sic
678 1782 892 1828 proceditur.
913 1781 1074 1824 Videtur,
1093 1782 1189 1828 quod
1207 1781 1293 1816 fides
1307 1793 1381 1815 non
1396 1782 1439 1816 sit
1454 1781 1489 1815 in
1504 1781 1688 1816 intellectu
1704 1781 1796 1815 sicut

244 1838 280 1871 in
301 1837 481 1881 subjecto:
505 1836 590 1870 dicit
611 1836 708 1869 enim
723 1835 875 1881 August.
892 1835 927 1868 in
946 1835 1007 1870 lib.
1022 1835 1065 1869 de
1081 1835 1262 1869 Praedest.
1282 1835 1401 1869 Sanct.
1419 1834 1505 1881 (rap.
1518 1835 1576 1880 5),
1593 1834 1689 1880 quod
1704 1833 1792 1868 fides

244 1890 279 1923 in
299 1889 521 1924 credentium
539 1888 725 1923 voluntate
745 1889 922 1922 consistit:
942 1888 1004 1922 sed
1018 1887 1184 1922 voluntas
1204 1895 1257 1922 est
1275 1887 1343 1922 alia
1358 1888 1518 1934 potentia
1533 1888 1574 1921 ab
1593 1886 1795 1929 intellectu3

246 1954 331 1990 ergo
354 1942 441 1977 fides
462 1953 536 1976 non
559 1950 610 1976 est
632 1942 666 1975 in
689 1941 872 1975 intellectu
895 1941 986 1976 sicut
1003 1941 1037 1974 in
1057 1941 1229 1986 subjecto.

314 2006 345 2030 2.
367 1996 603 2031 PRAETEREA.
626 1996 804 2029 Assensus
823 1994 905 2028 fidei
927 1994 970 2028 ad
992 1994 1088 2028 aliud
1110 1995 1329 2029 credendum
1357 1995 1522 2040 provenit
1544 2006 1585 2029 ex
1606 1995 1793 2029 voluntate

244 2049 325 2084 Deo
349 2049 557 2091 obediente3
579 2057 655 2083 tota
679 2059 765 2094 ergo
781 2048 857 2082 laus
873 2047 954 2081 fidei
969 2059 1009 2081 ex
1026 2048 1229 2082 obedientia
1243 2059 1319 2082 esse
1333 2049 1490 2083 videtur:
1513 2049 1574 2082 sed
1594 2048 1796 2083 obedientia

245 2111 297 2137 est
317 2103 353 2137 in
373 2102 577 2144 voluntate,
600 2113 685 2147 ergo
709 2110 743 2136 et
764 2102 868 2144 fides3
890 2113 963 2135 non
987 2113 1073 2147 ergo
1096 2109 1147 2136 est
1169 2103 1202 2135 in
1226 2101 1419 2136 intellectu.

320 2168 348 2203 3.
370 2156 604 2191 PRAETEREA.
632 2155 838 2189 Intellectus
866 2163 918 2189 est
943 2155 1001 2188 xel
1030 2154 1283 2200 specula,tivus
1313 2154 1370 2188 vel
1397 2156 1594 2201 practicus:
1625 2156 1687 2190 sed
1709 2136 1796 2190 fides

246 2221 319 2244 non
342 2217 395 2244 est
415 2211 450 2243 in
472 2209 656 2243 intellectu
679 2208 913 2254 speculativo,
936 2219 1019 2241 cum
1041 2207 1130 2241 nihil
1151 2207 1246 2242 dicat
1268 2208 1310 2242 de
1333 2208 1501 2250 evitabili,
1521 2216 1555 2242 et
1571 2208 1741 2254 fugiendo
1760 2216 1798 2243 ut

247 2263 373 2297 dicitur
394 2263 429 2296 in
455 2274 482 2308 3.
506 2262 548 2296 de
575 2263 644 2296 An.
669 2262 745 2306 (tex.
771 2273 824 2307 34.
846 2266 874 2296 et
894 2262 989 2306 46.);
1023 2272 1096 2294 non
1124 2268 1174 2294 est
1202 2272 1288 2306 ergo
1316 2261 1531 2306 principium
1554 2262 1795 2307 operationis:

247 2316 332 2351 fides
355 2324 475 2350 autem
503 2324 565 2358 est,
592 2327 673 2361 qnae
690 2322 749 2361 per
775 2315 976 2350 dilectionem
999 2320 1167 2361 operatur,
1191 2322 1229 2348 ut
1255 2315 1383 2348 dicitur
1410 2314 1452 2348 ad
1481 2315 1597 2349 Galat.
1629 2325 1676 2360 5.:
1704 2315 1798 2349 simi-

245 2369 325 2404 liter
346 2370 453 2404 etiam
475 2381 540 2403 nec
563 2370 598 2403 in
621 2369 806 2402 intellectu
829 2368 1000 2414 practico,
1023 2369 1122 2412 cujus
1145 2367 1328 2412 objectum
1358 2376 1409 2401 est
1432 2379 1557 2401 verum
1580 2369 1795 2414 contingens

244 2422 412 2465 factibile,
433 2422 490 2456 vel
512 2422 659 2467 agibile:
684 2422 865 2467 objectum
888 2421 983 2455 enim
1011 2420 1093 2454 fidei
1115 2429 1167 2454 est
1193 2432 1318 2454 verum
1341 2429 1539 2463 aeternum,
1562 2429 1599 2455 ut
1621 2433 1662 2456 ex
1689 2433 1796 2467 supra

247 2477 348 2510 dictis
370 2484 467 2522 patet
488 2477 532 2522 (q.
554 2486 583 2509 Ι.
606 2481 670 2510 art.
696 2476 756 2517 z.);
781 2486 853 2508 uon
876 2485 962 2519 ergo
985 2474 1071 2508 fides
1090 2482 1143 2508 est
1163 2473 1197 2507 in
1221 2473 1404 2508 intellectu
1427 2474 1518 2508 sicut
1539 2475 1574 2508 in
1597 2475 1770 2520 subiecto.

318 2530 391 2565 SED
419 2540 572 2565 CONTRA
595 2537 657 2570 est,
680 2528 775 2575 quod
797 2528 879 2562 fidei
901 2528 1060 2562 succedit
1081 2527 1172 2561 visio
1194 2527 1341 2573 patriae,
1363 2528 1562 2561 secundum
1586 2527 1672 2562 illud
1698 2539 1725 2562 1.
1749 2528 1792 2562 ad

248 2583 350 2618 Cor.:
380 2583 530 2618 Videmus
549 2595 636 2617 nunc
652 2589 713 2628 per
733 2581 897 2628 speculum
917 2582 950 2614 ῐη
971 2582 1166 2626 aenigmate,
1190 2585 1264 2615 tunc
1283 2586 1390 2615 autem
1407 2581 1498 2626 facie
1516 2581 1715 2627 adfaciem:
1735 2581 1796 2616 sed

247 2637 337 2671 visio
359 2645 412 2671 est
433 2637 468 2670 in
491 2635 694 2677 intellectu3
717 2645 803 2680 ergo
826 2643 860 2668 et
882 2633 979 2668 fides.

320 2690 548 2724 RESPONDEo
583 2688 788 2729 dicendum,
810 2687 905 2733 quod
925 2697 1008 2720 cum
1030 2685 1116 2720 fides
1138 2686 1181 2720 sit
1203 2686 1379 2732 quaedam
1401 2686 1523 2729 virtus,
1543 2694 1684 2732 oportet
1701 2686 1797 2733 quod

249 2751 347 2778 actus
370 2744 443 2788 ejus
465 2744 509 2777 sit
529 2742 726 2789 perfectus:
750 2741 793 2775 ad
816 2739 1075 2787 perfectionem
1098 2748 1218 2774 autem
1243 2747 1353 2781 actus,
1376 2739 1493 2785 quiex
1512 2740 1650 2774 duobus
1673 2740 1797 2774 activis

249 2796 430 2843 principiis
453 2796 624 2842 procedit,
639 2795 828 2841 requiritur
842 2793 937 2840 quod
957 2801 1147 2839 utrumque
1167 2793 1368 2827 activorum
1387 2793 1645 2839 principiorum
1661 2793 1705 2828 sit
1723 2804 1797 2840 per-

249 2849 400 2884 fectum:
423 2860 496 2883 non
519 2849 614 2884 enim
635 2849 725 2884 bene
747 2855 864 2894 potest
885 2846 1010 2888 secari,
1032 2846 1100 2880 nisi
1122 2855 1156 2880 et
1182 2857 1306 2881 secans
1333 2846 1465 2880 habeat
1491 2853 1616 2888 artem,
1643 2854 1678 2881 et
1699 2857 1795 2881 serra
