<?xml version="1.0" encoding="UTF-8"?>
<!DOCTYPE html PUBLIC "-//W3C//DTD XHTML 1.0 Transitional//EN"
    "http://www.w3.org/TR/xhtml1/DTD/xhtml1-transitional.dtd">
<html xmlns="http://www.w3.org/1999/xhtml" xml:lang="en" lang="en">
 <head>
  <title>
</title>
<meta http-equiv="Content-Type" content="text/html;charset=utf-8" />
  <meta name='ocr-system' content='tesseract 3.04.00' />
  <meta name='ocr-capabilities' content='ocr_page ocr_carea ocr_par ocr_line ocrx_word'/>
</head>
<body>
  <div class='ocr_page' id='page_1' title='image "./divithomaeaquina03thomuoft_1000.png"; bbox 0 0 1859 3122; ppageno 0'>
   <div class='ocr_carea' id='block_1_1' title="bbox 175 171 1317 215">
    <p class='ocr_par' dir='ltr' id='par_1_1' title="bbox 175 171 1317 215">
     <span class='ocr_line' id='line_1_1' title="bbox 175 171 1317 215; baseline 0 -13"><span class='ocrx_word' id='word_1_1' title='bbox 175 173 257 215; x_wconf 82' lang='lat'>992</span> <span class='ocrx_word' id='word_1_2' title='bbox 600 171 817 207; x_wconf 88' lang='lat' dir='ltr'><strong>QUAESTIO</strong></span> <span class='ocrx_word' id='word_1_3' title='bbox 851 172 966 201; x_wconf 90' lang='lat' dir='ltr'><strong>CLIII.</strong></span> <span class='ocrx_word' id='word_1_4' title='bbox 1000 171 1244 202; x_wconf 88' lang='lat' dir='ltr'><strong>ARTICULUS</strong></span> <span class='ocrx_word' id='word_1_5' title='bbox 1277 173 1317 202; x_wconf 87' lang='lat' dir='ltr'>V.</span> 
     </span>
    </p>
   </div>
   <div class='ocr_carea' id='block_1_2' title="bbox 173 252 1745 2917">
    <p class='ocr_par' dir='ltr' id='par_1_2' title="bbox 173 252 1742 1461">
     <span class='ocr_line' id='line_1_2' title="bbox 173 252 1734 300; baseline 0 -12"><span class='ocrx_word' id='word_1_6' title='bbox 173 253 372 300; x_wconf 74' lang='lat' dir='ltr'>cupiscentia</span> <span class='ocrx_word' id='word_1_7' title='bbox 397 253 554 292; x_wconf 70' lang='lat' dir='ltr'>snbvertit</span> <span class='ocrx_word' id='word_1_8' title='bbox 579 263 636 286; x_wconf 82' lang='lat' dir='ltr'>cor</span> <span class='ocrx_word' id='word_1_9' title='bbox 662 257 768 293; x_wconf 66' lang='lat' dir='ltr'>tutum</span> <span class='ocrx_word' id='word_1_10' title='bbox 792 260 827 286; x_wconf 93' lang='lat' dir='ltr'>et</span> <span class='ocrx_word' id='word_1_11' title='bbox 848 260 1023 298; x_wconf 89' lang='lat' dir='ltr'>quantum</span> <span class='ocrx_word' id='word_1_12' title='bbox 1045 252 1088 286; x_wconf 89' lang='lat' dir='ltr'>ad</span> <span class='ocrx_word' id='word_1_13' title='bbox 1110 253 1181 287; x_wconf 91' lang='lat' dir='ltr'>hoc</span> <span class='ocrx_word' id='word_1_14' title='bbox 1203 253 1349 299; x_wconf 88' lang='lat' dir='ltr'>ponitur</span> <span class='ocrx_word' id='word_1_15' title='bbox 1369 253 1507 288; x_wconf 79' lang='lat' dir='ltr'>caecitas</span> <span class='ocrx_word' id='word_1_16' title='bbox 1532 253 1648 288; x_wconf 83' lang='lat' dir='ltr'>mentis</span> <span class='ocrx_word' id='word_1_17' title='bbox 1656 265 1670 294; x_wconf 81' lang='lat'>,·</span> <span class='ocrx_word' id='word_1_18' title='bbox 1690 264 1734 288; x_wconf 80' lang='lat' dir='ltr'>se-</span> 
     </span>
     <span class='ocr_line' id='line_1_3' title="bbox 173 305 1733 352; baseline 0 -12"><span class='ocrx_word' id='word_1_19' title='bbox 173 306 297 340; x_wconf 75' lang='lat' dir='ltr'>cundus</span> <span class='ocrx_word' id='word_1_20' title='bbox 318 312 417 339; x_wconf 88' lang='lat' dir='ltr'>actus</span> <span class='ocrx_word' id='word_1_21' title='bbox 439 312 491 339; x_wconf 90' lang='lat' dir='ltr'>est</span> <span class='ocrx_word' id='word_1_22' title='bbox 513 305 706 339; x_wconf 89' lang='lat' dir='ltr'>consilium</span> <span class='ocrx_word' id='word_1_23' title='bbox 728 305 771 339; x_wconf 91' lang='lat' dir='ltr'>de</span> <span class='ocrx_word' id='word_1_24' title='bbox 791 305 859 347; x_wconf 89' lang='lat' dir='ltr'>his,</span> <span class='ocrx_word' id='word_1_25' title='bbox 882 317 972 352; x_wconf 90' lang='lat' dir='ltr'>quae</span> <span class='ocrx_word' id='word_1_26' title='bbox 1005 314 1088 340; x_wconf 90' lang='lat' dir='ltr'>sunt</span> <span class='ocrx_word' id='word_1_27' title='bbox 1121 307 1260 352; x_wconf 85' lang='lat' dir='ltr'>agenda</span> <span class='ocrx_word' id='word_1_28' title='bbox 1292 314 1439 352; x_wconf 88' lang='lat' dir='ltr'>propter</span> <span class='ocrx_word' id='word_1_29' title='bbox 1459 306 1587 349; x_wconf 83' lang='lat' dir='ltr'>finem3</span> <span class='ocrx_word' id='word_1_30' title='bbox 1610 314 1645 341; x_wconf 91' lang='lat' dir='ltr'>et</span> <span class='ocrx_word' id='word_1_31' title='bbox 1673 306 1733 340; x_wconf 91' lang='lat' dir='ltr'>hic</span> 
     </span>
     <span class='ocr_line' id='line_1_4' title="bbox 176 358 1737 404; baseline 0.001 -11"><span class='ocrx_word' id='word_1_32' title='bbox 176 359 284 393; x_wconf 90' lang='lat' dir='ltr'>etiam</span> <span class='ocrx_word' id='word_1_33' title='bbox 307 358 501 404; x_wconf 81' lang='lat' dir='ltr'>impeditur</span> <span class='ocrx_word' id='word_1_34' title='bbox 514 370 577 404; x_wconf 91' lang='lat' dir='ltr'>per</span> <span class='ocrx_word' id='word_1_35' title='bbox 592 359 924 404; x_wconf 79' lang='lat' dir='ltr'>concupiscentiam</span> <span class='ocrx_word' id='word_1_36' title='bbox 946 359 1124 402; x_wconf 72' lang='lat' dir='ltr'>luxuriae,</span> <span class='ocrx_word' id='word_1_37' title='bbox 1146 360 1240 394; x_wconf 92' lang='lat' dir='ltr'>unde</span> <span class='ocrx_word' id='word_1_38' title='bbox 1257 358 1448 394; x_wconf 80' lang='lat' dir='ltr'><strong>Terentius</strong></span> <span class='ocrx_word' id='word_1_39' title='bbox 1467 360 1552 394; x_wconf 91' lang='lat' dir='ltr'>dicit</span> <span class='ocrx_word' id='word_1_40' title='bbox 1568 360 1605 394; x_wconf 90' lang='lat' dir='ltr'>in</span> <span class='ocrx_word' id='word_1_41' title='bbox 1618 360 1737 394; x_wconf 90' lang='lat' dir='ltr'>Eunu-</span> 
     </span>
     <span class='ocr_line' id='line_1_5' title="bbox 175 411 1734 459; baseline 0.002 -14"><span class='ocrx_word' id='word_1_42' title='bbox 175 412 244 445; x_wconf 88' lang='lat' dir='ltr'>cho</span> <span class='ocrx_word' id='word_1_43' title='bbox 270 412 359 455; x_wconf 73' lang='lat' dir='ltr'>(Act.</span> <span class='ocrx_word' id='word_1_44' title='bbox 381 424 408 446; x_wconf 80' lang='lat' dir='ltr'>r.</span> <span class='ocrx_word' id='word_1_45' title='bbox 429 412 533 446; x_wconf 69' lang='lat' dir='ltr'>§cena</span> <span class='ocrx_word' id='word_1_46' title='bbox 553 413 610 457; x_wconf 76' lang='lat' dir='ltr'>L),</span> <span class='ocrx_word' id='word_1_47' title='bbox 633 411 785 458; x_wconf 88' lang='lat' dir='ltr'>loquens</span> <span class='ocrx_word' id='word_1_48' title='bbox 808 413 850 446; x_wconf 87' lang='lat' dir='ltr'>de</span> <span class='ocrx_word' id='word_1_49' title='bbox 877 424 1001 447; x_wconf 90' lang='lat' dir='ltr'>amore</span> <span class='ocrx_word' id='word_1_50' title='bbox 1022 412 1236 448; x_wconf 88' lang='lat' dir='ltr'>libidinoso:</span> <span class='ocrx_word' id='word_1_51' title='bbox 1262 426 1279 445; x_wconf 89' lang='lat'>«</span> <span class='ocrx_word' id='word_1_52' title='bbox 1300 414 1405 454; x_wconf 87' lang='lat' dir='ltr'>Quae</span> <span class='ocrx_word' id='word_1_53' title='bbox 1426 424 1481 448; x_wconf 88' lang='lat' dir='ltr'>res</span> <span class='ocrx_word' id='word_1_54' title='bbox 1500 413 1536 447; x_wconf 92' lang='lat' dir='ltr'>in</span> <span class='ocrx_word' id='word_1_55' title='bbox 1555 425 1593 448; x_wconf 88' lang='lat' dir='ltr'>se</span> <span class='ocrx_word' id='word_1_56' title='bbox 1617 424 1734 459; x_wconf 91' lang='lat' dir='ltr'>neque</span> 
     </span>
     <span class='ocr_line' id='line_1_6' title="bbox 175 464 1736 513; baseline 0.001 -15"><span class='ocrx_word' id='word_1_57' title='bbox 175 464 380 506; x_wconf 90' lang='lat' dir='ltr'>consilium,</span> <span class='ocrx_word' id='word_1_58' title='bbox 402 476 519 510; x_wconf 89' lang='lat' dir='ltr'>neque</span> <span class='ocrx_word' id='word_1_59' title='bbox 542 465 693 499; x_wconf 91' lang='lat' dir='ltr'>modum</span> <span class='ocrx_word' id='word_1_60' title='bbox 715 465 830 500; x_wconf 89' lang='lat' dir='ltr'>ullum</span> <span class='ocrx_word' id='word_1_61' title='bbox 851 466 971 508; x_wconf 87' lang='lat' dir='ltr'>habet,</span> <span class='ocrx_word' id='word_1_62' title='bbox 994 477 1075 499; x_wconf 88' lang='lat' dir='ltr'>eam</span> <span class='ocrx_word' id='word_1_63' title='bbox 1098 466 1250 500; x_wconf 91' lang='lat' dir='ltr'>consilio</span> <span class='ocrx_word' id='word_1_64' title='bbox 1273 477 1398 512; x_wconf 85' lang='lat' dir='ltr'>regere</span> <span class='ocrx_word' id='word_1_65' title='bbox 1419 478 1493 501; x_wconf 88' lang='lat' dir='ltr'>non</span> <span class='ocrx_word' id='word_1_66' title='bbox 1512 474 1614 513; x_wconf 90' lang='lat' dir='ltr'>potes</span> <span class='ocrx_word' id='word_1_67' title='bbox 1637 479 1678 509; x_wconf 70' lang='grc' dir='ltr'>»ς</span> <span class='ocrx_word' id='word_1_68' title='bbox 1701 473 1736 500; x_wconf 88' lang='lat' dir='ltr'>et</span> 
     </span>
     <span class='ocr_line' id='line_1_7' title="bbox 175 518 1734 566; baseline 0.001 -15"><span class='ocrx_word' id='word_1_69' title='bbox 175 526 349 563; x_wconf 87' lang='lat' dir='ltr'>quantum</span> <span class='ocrx_word' id='word_1_70' title='bbox 372 518 414 551; x_wconf 91' lang='lat' dir='ltr'>ad</span> <span class='ocrx_word' id='word_1_71' title='bbox 436 518 507 552; x_wconf 91' lang='lat' dir='ltr'>hoc</span> <span class='ocrx_word' id='word_1_72' title='bbox 530 519 675 563; x_wconf 90' lang='lat' dir='ltr'>ponitur</span> <span class='ocrx_word' id='word_1_73' title='bbox 695 521 943 566; x_wconf 56' lang='lat' dir='ltr'>praecipitatio,</span> <span class='ocrx_word' id='word_1_74' title='bbox 971 531 1061 565; x_wconf 87' lang='lat' dir='ltr'>quae</span> <span class='ocrx_word' id='word_1_75' title='bbox 1083 520 1254 565; x_wconf 78' lang='lat' dir='ltr'>importat</span> <span class='ocrx_word' id='word_1_76' title='bbox 1275 519 1559 554; x_wconf 84' lang='lat' dir='ltr'>subtractionem</span> <span class='ocrx_word' id='word_1_77' title='bbox 1581 518 1734 560; x_wconf 86' lang='lat' dir='ltr'>consilii,</span> 
     </span>
     <span class='ocr_line' id='line_1_8' title="bbox 176 571 1737 618; baseline 0.001 -14"><span class='ocrx_word' id='word_1_78' title='bbox 176 579 213 604; x_wconf 91' lang='lat' dir='ltr'>ut</span> <span class='ocrx_word' id='word_1_79' title='bbox 234 582 338 617; x_wconf 86' lang='lat' dir='ltr'>supra</span> <span class='ocrx_word' id='word_1_80' title='bbox 360 571 524 605; x_wconf 87' lang='lat' dir='ltr'>habitum</span> <span class='ocrx_word' id='word_1_81' title='bbox 547 580 600 606; x_wconf 91' lang='lat' dir='ltr'>est</span> <span class='ocrx_word' id='word_1_82' title='bbox 621 573 667 618; x_wconf 78' lang='lat' dir='ltr'>(q.</span> <span class='ocrx_word' id='word_1_83' title='bbox 687 585 732 618; x_wconf 78' lang='lat'>53.</span> <span class='ocrx_word' id='word_1_84' title='bbox 755 578 818 607; x_wconf 70' lang='lat' dir='ltr'>art.</span> <span class='ocrx_word' id='word_1_85' title='bbox 838 574 897 618; x_wconf 84' lang='lat'><em>3.);</em></span> <span class='ocrx_word' id='word_1_86' title='bbox 921 575 1032 607; x_wconf 61' lang='lat' dir='ltr'>tertius</span> <span class='ocrx_word' id='word_1_87' title='bbox 1054 581 1153 607; x_wconf 88' lang='lat' dir='ltr'>actus</span> <span class='ocrx_word' id='word_1_88' title='bbox 1177 581 1230 607; x_wconf 92' lang='lat' dir='ltr'>est</span> <span class='ocrx_word' id='word_1_89' title='bbox 1250 572 1424 618; x_wconf 85' lang='lat' dir='ltr'>judicium</span> <span class='ocrx_word' id='word_1_90' title='bbox 1446 572 1489 607; x_wconf 90' lang='lat' dir='ltr'>de</span> <span class='ocrx_word' id='word_1_91' title='bbox 1511 573 1678 618; x_wconf 83' lang='lat' dir='ltr'>agendis:</span> <span class='ocrx_word' id='word_1_92' title='bbox 1702 580 1737 606; x_wconf 87' lang='lat' dir='ltr'>et</span> 
     </span>
     <span class='ocr_line' id='line_1_9' title="bbox 174 624 1737 671; baseline 0.001 -14"><span class='ocrx_word' id='word_1_93' title='bbox 174 624 233 657; x_wconf 83' lang='lat' dir='ltr'>hic</span> <span class='ocrx_word' id='word_1_94' title='bbox 256 624 365 658; x_wconf 88' lang='lat' dir='ltr'>etiam</span> <span class='ocrx_word' id='word_1_95' title='bbox 387 625 580 670; x_wconf 77' lang='lat' dir='ltr'>impeditur</span> <span class='ocrx_word' id='word_1_96' title='bbox 606 637 668 671; x_wconf 84' lang='lat' dir='ltr'>pei·</span> <span class='ocrx_word' id='word_1_97' title='bbox 689 625 886 659; x_wconf 79' lang='lat' dir='ltr'>luxuriam:</span> <span class='ocrx_word' id='word_1_98' title='bbox 910 626 1038 660; x_wconf 90' lang='lat' dir='ltr'>dicitur</span> <span class='ocrx_word' id='word_1_99' title='bbox 1061 627 1155 659; x_wconf 87' lang='lat' dir='ltr'>enim</span> <span class='ocrx_word' id='word_1_100' title='bbox 1171 626 1265 659; x_wconf 86' lang='lat' dir='ltr'>Dan.</span> <span class='ocrx_word' id='word_1_101' title='bbox 1289 637 1338 671; x_wconf 80' lang='lat'>13.</span> <span class='ocrx_word' id='word_1_102' title='bbox 1356 625 1399 659; x_wconf 92' lang='lat' dir='ltr'>de</span> <span class='ocrx_word' id='word_1_103' title='bbox 1421 626 1564 660; x_wconf 86' lang='lat' dir='ltr'>senibus</span> <span class='ocrx_word' id='word_1_104' title='bbox 1582 625 1737 660; x_wconf 83' lang='lat' dir='ltr'>luxurio-</span> 
     </span>
     <span class='ocr_line' id='line_1_10' title="bbox 176 677 1738 725; baseline 0.002 -15"><span class='ocrx_word' id='word_1_105' title='bbox 176 677 240 711; x_wconf 83' lang='lat' dir='ltr'>ris:</span> <span class='ocrx_word' id='word_1_106' title='bbox 261 678 465 712; x_wconf 54' lang='lat' dir='ltr'>Arm-terunt</span> <span class='ocrx_word' id='word_1_107' title='bbox 485 690 609 712; x_wconf 72' lang='lat' dir='ltr'>sensum</span> <span class='ocrx_word' id='word_1_108' title='bbox 631 691 740 720; x_wconf 75' lang='lat' dir='ltr'>snum,</span> <span class='ocrx_word' id='word_1_109' title='bbox 757 684 791 712; x_wconf 78' lang='lat' dir='ltr'>ut</span> <span class='ocrx_word' id='word_1_110' title='bbox 813 691 877 713; x_wconf 74' lang='lat' dir='ltr'>non</span> <span class='ocrx_word' id='word_1_111' title='bbox 899 679 1154 714; x_wconf 67' lang='lat' dir='ltr'>recordarentur</span> <span class='ocrx_word' id='word_1_112' title='bbox 1164 679 1368 725; x_wconf 75' lang='lat' dir='ltr'>judiciorum</span> <span class='ocrx_word' id='word_1_113' title='bbox 1379 681 1558 725; x_wconf 56' lang='lat' dir='ltr'>justorum·</span> <span class='ocrx_word' id='word_1_114' title='bbox 1575 687 1609 713; x_wconf 90' lang='lat' dir='ltr'>et</span> <span class='ocrx_word' id='word_1_115' title='bbox 1630 689 1738 725; x_wconf 90' lang='lat' dir='ltr'>quan-</span> 
     </span>
     <span class='ocr_line' id='line_1_11' title="bbox 175 731 1737 778; baseline 0.001 -14"><span class='ocrx_word' id='word_1_116' title='bbox 175 739 252 764; x_wconf 89' lang='lat' dir='ltr'>tum</span> <span class='ocrx_word' id='word_1_117' title='bbox 275 731 317 764; x_wconf 87' lang='lat' dir='ltr'>ad</span> <span class='ocrx_word' id='word_1_118' title='bbox 340 731 410 765; x_wconf 86' lang='lat' dir='ltr'>hoc</span> <span class='ocrx_word' id='word_1_119' title='bbox 434 732 578 777; x_wconf 89' lang='lat' dir='ltr'>ponitur</span> <span class='ocrx_word' id='word_1_120' title='bbox 600 732 875 773; x_wconf 45' lang='lat' dir='ltr'>inconsiderati&amp;</span> <span class='ocrx_word' id='word_1_121' title='bbox 899 739 1036 778; x_wconf 75' lang='lat' dir='ltr'>quartus</span> <span class='ocrx_word' id='word_1_122' title='bbox 1063 741 1184 767; x_wconf 89' lang='lat' dir='ltr'>autem</span> <span class='ocrx_word' id='word_1_123' title='bbox 1211 741 1311 766; x_wconf 89' lang='lat' dir='ltr'>actus</span> <span class='ocrx_word' id='word_1_124' title='bbox 1341 740 1395 766; x_wconf 86' lang='lat' dir='ltr'>est</span> <span class='ocrx_word' id='word_1_125' title='bbox 1423 740 1656 778; x_wconf 90' lang='lat' dir='ltr'>praeceptum</span> <span class='ocrx_word' id='word_1_126' title='bbox 1682 743 1737 765; x_wconf 81' lang='lat' dir='ltr'>ra-</span> 
     </span>
     <span class='ocr_line' id='line_1_12' title="bbox 175 784 1736 832; baseline 0.002 -15"><span class='ocrx_word' id='word_1_127' title='bbox 175 785 283 818; x_wconf 85' lang='lat' dir='ltr'>tionis</span> <span class='ocrx_word' id='word_1_128' title='bbox 302 784 345 818; x_wconf 91' lang='lat' dir='ltr'>de</span> <span class='ocrx_word' id='word_1_129' title='bbox 362 785 516 830; x_wconf 85' lang='lat' dir='ltr'>agendo,</span> <span class='ocrx_word' id='word_1_130' title='bbox 532 785 592 830; x_wconf 91' lang='lat' dir='ltr'>qui</span> <span class='ocrx_word' id='word_1_131' title='bbox 608 785 717 819; x_wconf 85' lang='lat' dir='ltr'>etiam</span> <span class='ocrx_word' id='word_1_132' title='bbox 735 785 929 831; x_wconf 84' lang='lat' dir='ltr'>impeditur</span> <span class='ocrx_word' id='word_1_133' title='bbox 946 797 1009 831; x_wconf 93' lang='lat' dir='ltr'>per</span> <span class='ocrx_word' id='word_1_134' title='bbox 1026 785 1217 828; x_wconf 82' lang='lat' dir='ltr'>luxuriam,</span> <span class='ocrx_word' id='word_1_135' title='bbox 1231 786 1445 832; x_wconf 85' lang='lat' dir='ltr'>inquantum</span> <span class='ocrx_word' id='word_1_136' title='bbox 1463 785 1602 820; x_wconf 87' lang='lat' dir='ltr'>scilicet</span> <span class='ocrx_word' id='word_1_137' title='bbox 1621 786 1736 820; x_wconf 87' lang='lat' dir='ltr'>homo</span> 
     </span>
     <span class='ocr_line' id='line_1_13' title="bbox 176 837 1738 885; baseline 0.002 -15"><span class='ocrx_word' id='word_1_138' title='bbox 176 837 370 882; x_wconf 84' lang='lat' dir='ltr'>impeditur</span> <span class='ocrx_word' id='word_1_139' title='bbox 392 849 434 872; x_wconf 81' lang='lat' dir='ltr'>ex</span> <span class='ocrx_word' id='word_1_140' title='bbox 455 838 592 884; x_wconf 89' lang='lat' dir='ltr'>impetu</span> <span class='ocrx_word' id='word_1_141' title='bbox 617 839 942 885; x_wconf 82' lang='lat' dir='ltr'>concupiscentiae,</span> <span class='ocrx_word' id='word_1_142' title='bbox 962 851 1006 873; x_wconf 91' lang='lat' dir='ltr'>ne</span> <span class='ocrx_word' id='word_1_143' title='bbox 1026 847 1221 885; x_wconf 81' lang='lat' dir='ltr'>exequatur</span> <span class='ocrx_word' id='word_1_144' title='bbox 1241 839 1288 882; x_wconf 92' lang='lat' dir='ltr'>id,</span> <span class='ocrx_word' id='word_1_145' title='bbox 1310 839 1406 885; x_wconf 89' lang='lat' dir='ltr'>quod</span> <span class='ocrx_word' id='word_1_146' title='bbox 1429 839 1586 874; x_wconf 88' lang='lat' dir='ltr'>decrevit</span> <span class='ocrx_word' id='word_1_147' title='bbox 1599 850 1677 873; x_wconf 89' lang='lat' dir='ltr'>esse</span> <span class='ocrx_word' id='word_1_148' title='bbox 1690 838 1738 873; x_wconf 87' lang='lat' dir='ltr'>fa-</span> 
     </span>
     <span class='ocr_line' id='line_1_14' title="bbox 177 891 1737 939; baseline 0.001 -15"><span class='ocrx_word' id='word_1_149' title='bbox 177 891 365 934; x_wconf 81' lang='lat' dir='ltr'>ciendum3</span> <span class='ocrx_word' id='word_1_150' title='bbox 389 899 423 926; x_wconf 91' lang='lat' dir='ltr'>et</span> <span class='ocrx_word' id='word_1_151' title='bbox 449 900 623 938; x_wconf 87' lang='lat' dir='ltr'>quantum</span> <span class='ocrx_word' id='word_1_152' title='bbox 651 892 694 926; x_wconf 91' lang='lat' dir='ltr'>ad</span> <span class='ocrx_word' id='word_1_153' title='bbox 720 892 791 926; x_wconf 90' lang='lat' dir='ltr'>hoc</span> <span class='ocrx_word' id='word_1_154' title='bbox 818 893 964 939; x_wconf 86' lang='lat' dir='ltr'>ponitur</span> <span class='ocrx_word' id='word_1_155' title='bbox 989 894 1231 933; x_wconf 73' lang='lat' dir='ltr'>inccmstantia;</span> <span class='ocrx_word' id='word_1_156' title='bbox 1254 893 1348 926; x_wconf 88' lang='lat' dir='ltr'>unde</span> <span class='ocrx_word' id='word_1_157' title='bbox 1371 892 1564 927; x_wconf 87' lang='lat' dir='ltr'>Terentius</span> <span class='ocrx_word' id='word_1_158' title='bbox 1591 892 1676 927; x_wconf 91' lang='lat' dir='ltr'>dicit</span> <span class='ocrx_word' id='word_1_159' title='bbox 1700 892 1737 926; x_wconf 89' lang='lat' dir='ltr'>in</span> 
     </span>
     <span class='ocr_line' id='line_1_15' title="bbox 177 944 1736 992; baseline 0.001 -14"><span class='ocrx_word' id='word_1_160' title='bbox 177 944 355 978; x_wconf 86' lang='lat' dir='ltr'>Eunucho</span> <span class='ocrx_word' id='word_1_161' title='bbox 380 945 456 989; x_wconf 75' lang='lat' dir='ltr'>(loc.</span> <span class='ocrx_word' id='word_1_162' title='bbox 480 947 550 991; x_wconf 82' lang='lat' dir='ltr'>cit.)</span> <span class='ocrx_word' id='word_1_163' title='bbox 575 946 618 979; x_wconf 90' lang='lat' dir='ltr'>de</span> <span class='ocrx_word' id='word_1_164' title='bbox 640 945 811 992; x_wconf 89' lang='lat' dir='ltr'>quodam,</span> <span class='ocrx_word' id='word_1_165' title='bbox 831 946 891 992; x_wconf 89' lang='lat' dir='ltr'>qui</span> <span class='ocrx_word' id='word_1_166' title='bbox 909 946 1050 980; x_wconf 87' lang='lat' dir='ltr'>dicebat</span> <span class='ocrx_word' id='word_1_167' title='bbox 1071 957 1107 980; x_wconf 91' lang='lat' dir='ltr'>se</span> <span class='ocrx_word' id='word_1_168' title='bbox 1130 957 1357 981; x_wconf 88' lang='lat' dir='ltr'>recessurum</span> <span class='ocrx_word' id='word_1_169' title='bbox 1376 945 1418 979; x_wconf 91' lang='lat' dir='ltr'>ab</span> <span class='ocrx_word' id='word_1_170' title='bbox 1438 945 1575 980; x_wconf 86' lang='lat' dir='ltr'>amica:</span> <span class='ocrx_word' id='word_1_171' title='bbox 1601 958 1619 978; x_wconf 86' lang='lat'>«</span> <span class='ocrx_word' id='word_1_172' title='bbox 1637 945 1736 980; x_wconf 88' lang='lat' dir='ltr'>Haec</span> 
     </span>
     <span class='ocr_line' id='line_1_16' title="bbox 176 997 1740 1046; baseline 0.001 -15"><span class='ocrx_word' id='word_1_173' title='bbox 176 998 284 1032; x_wconf 79' lang='lat' dir='ltr'>verba</span> <span class='ocrx_word' id='word_1_174' title='bbox 304 1010 375 1032; x_wconf 89' lang='lat' dir='ltr'>una</span> <span class='ocrx_word' id='word_1_175' title='bbox 393 997 481 1032; x_wconf 87' lang='lat' dir='ltr'>falsa</span> <span class='ocrx_word' id='word_1_176' title='bbox 500 998 702 1044; x_wconf 82' lang='lat' dir='ltr'>lacrymula</span> <span class='ocrx_word' id='word_1_177' title='bbox 723 1000 920 1045; x_wconf 78' lang='lat' dir='ltr'>restinguet</span> <span class='ocrx_word' id='word_1_178' title='bbox 934 1013 951 1032; x_wconf 83' lang='lat'>›&gt;</span> <span class='ocrx_word' id='word_1_179' title='bbox 967 1013 974 1034; x_wconf 81' lang='lat'>2</span> <span class='ocrx_word' id='word_1_180' title='bbox 991 1012 1033 1034; x_wconf 75' lang='lat' dir='ltr'>ex</span> <span class='ocrx_word' id='word_1_181' title='bbox 1046 1008 1146 1046; x_wconf 91' lang='lat' dir='ltr'>parte</span> <span class='ocrx_word' id='word_1_182' title='bbox 1162 1007 1282 1034; x_wconf 91' lang='lat' dir='ltr'>autem</span> <span class='ocrx_word' id='word_1_183' title='bbox 1296 999 1492 1034; x_wconf 78' lang='lat' dir='ltr'>voluntatis</span> <span class='ocrx_word' id='word_1_184' title='bbox 1507 999 1740 1045; x_wconf 88' lang='lat' dir='ltr'>consequitur</span> 
     </span>
     <span class='ocr_line' id='line_1_17' title="bbox 176 1051 1735 1100; baseline 0.001 -15"><span class='ocrx_word' id='word_1_185' title='bbox 176 1051 293 1099; x_wconf 76' lang='lat' dir='ltr'>duplex</span> <span class='ocrx_word' id='word_1_186' title='bbox 320 1060 419 1086; x_wconf 89' lang='lat' dir='ltr'>actus</span> <span class='ocrx_word' id='word_1_187' title='bbox 441 1052 684 1096; x_wconf 87' lang='lat' dir='ltr'>inordinatus;</span> <span class='ocrx_word' id='word_1_188' title='bbox 708 1065 862 1099; x_wconf 86' lang='lat' dir='ltr'>quorum</span> <span class='ocrx_word' id='word_1_189' title='bbox 877 1066 959 1088; x_wconf 76' lang='lat' dir='ltr'>unus</span> <span class='ocrx_word' id='word_1_190' title='bbox 973 1061 1026 1088; x_wconf 90' lang='lat' dir='ltr'>est</span> <span class='ocrx_word' id='word_1_191' title='bbox 1044 1053 1219 1100; x_wconf 89' lang='lat' dir='ltr'>appetitus</span> <span class='ocrx_word' id='word_1_192' title='bbox 1238 1053 1336 1096; x_wconf 73' lang='lat' dir='ltr'>finis,</span> <span class='ocrx_word' id='word_1_193' title='bbox 1356 1061 1390 1087; x_wconf 92' lang='lat' dir='ltr'>et</span> <span class='ocrx_word' id='word_1_194' title='bbox 1408 1060 1582 1099; x_wconf 88' lang='lat' dir='ltr'>quantum</span> <span class='ocrx_word' id='word_1_195' title='bbox 1601 1053 1645 1087; x_wconf 89' lang='lat' dir='ltr'>ad</span> <span class='ocrx_word' id='word_1_196' title='bbox 1663 1052 1735 1087; x_wconf 80' lang='lat' dir='ltr'>hoc</span> 
     </span>
     <span class='ocr_line' id='line_1_18' title="bbox 176 1105 1741 1153; baseline 0.001 -14"><span class='ocrx_word' id='word_1_197' title='bbox 176 1105 322 1151; x_wconf 89' lang='lat' dir='ltr'>ponitur</span> <span class='ocrx_word' id='word_1_198' title='bbox 343 1117 440 1140; x_wconf 83' lang='lat' dir='ltr'>amor</span> <span class='ocrx_word' id='word_1_199' title='bbox 456 1107 519 1149; x_wconf 79' lang='lat' dir='ltr'>sui,</span> <span class='ocrx_word' id='word_1_200' title='bbox 543 1114 717 1152; x_wconf 89' lang='lat' dir='ltr'>quantum</span> <span class='ocrx_word' id='word_1_201' title='bbox 740 1107 878 1142; x_wconf 89' lang='lat' dir='ltr'>scilicet</span> <span class='ocrx_word' id='word_1_202' title='bbox 899 1107 942 1141; x_wconf 90' lang='lat' dir='ltr'>ad</span> <span class='ocrx_word' id='word_1_203' title='bbox 965 1107 1258 1149; x_wconf 83' lang='lat' dir='ltr'>delectationem,</span> <span class='ocrx_word' id='word_1_204' title='bbox 1281 1118 1390 1153; x_wconf 90' lang='lat' dir='ltr'>quam</span> <span class='ocrx_word' id='word_1_205' title='bbox 1411 1106 1614 1140; x_wconf 90' lang='lat' dir='ltr'>inordinate</span> <span class='ocrx_word' id='word_1_206' title='bbox 1637 1116 1741 1153; x_wconf 91' lang='lat' dir='ltr'>appe-</span> 
     </span>
     <span class='ocr_line' id='line_1_19' title="bbox 176 1158 1741 1207; baseline 0.001 -14"><span class='ocrx_word' id='word_1_207' title='bbox 176 1159 235 1201; x_wconf 89' lang='lat' dir='ltr'>tit;</span> <span class='ocrx_word' id='word_1_208' title='bbox 258 1167 292 1193; x_wconf 93' lang='lat' dir='ltr'>et</span> <span class='ocrx_word' id='word_1_209' title='bbox 312 1171 376 1205; x_wconf 92' lang='lat' dir='ltr'>per</span> <span class='ocrx_word' id='word_1_210' title='bbox 398 1159 605 1206; x_wconf 88' lang='lat' dir='ltr'>oppositum</span> <span class='ocrx_word' id='word_1_211' title='bbox 627 1160 772 1206; x_wconf 91' lang='lat' dir='ltr'>ponitur</span> <span class='ocrx_word' id='word_1_212' title='bbox 793 1161 993 1203; x_wconf 63' lang='lat' dir='ltr'>odiumDai,</span> <span class='ocrx_word' id='word_1_213' title='bbox 1012 1161 1226 1207; x_wconf 83' lang='lat' dir='ltr'>inquantum</span> <span class='ocrx_word' id='word_1_214' title='bbox 1243 1160 1381 1194; x_wconf 89' lang='lat' dir='ltr'>scilicet</span> <span class='ocrx_word' id='word_1_215' title='bbox 1401 1159 1568 1206; x_wconf 89' lang='lat' dir='ltr'>prohibet</span> <span class='ocrx_word' id='word_1_216' title='bbox 1589 1158 1741 1194; x_wconf 87' lang='lat' dir='ltr'>delecta-</span> 
     </span>
     <span class='ocr_line' id='line_1_20' title="bbox 177 1212 1740 1260; baseline 0.001 -14"><span class='ocrx_word' id='word_1_217' title='bbox 177 1213 316 1247; x_wconf 90' lang='lat' dir='ltr'>tionem</span> <span class='ocrx_word' id='word_1_218' title='bbox 339 1213 589 1259; x_wconf 80' lang='lat' dir='ltr'>concupitam3</span> <span class='ocrx_word' id='word_1_219' title='bbox 612 1214 696 1248; x_wconf 80' lang='lat' dir='ltr'>alius</span> <span class='ocrx_word' id='word_1_220' title='bbox 715 1223 836 1248; x_wconf 89' lang='lat' dir='ltr'>autem</span> <span class='ocrx_word' id='word_1_221' title='bbox 855 1222 907 1248; x_wconf 92' lang='lat' dir='ltr'>est</span> <span class='ocrx_word' id='word_1_222' title='bbox 925 1214 1100 1260; x_wconf 89' lang='lat' dir='ltr'>appetitus</span> <span class='ocrx_word' id='word_1_223' title='bbox 1123 1225 1250 1248; x_wconf 90' lang='lat' dir='ltr'>eorum</span> <span class='ocrx_word' id='word_1_224' title='bbox 1272 1224 1363 1259; x_wconf 90' lang='lat' dir='ltr'>quae</span> <span class='ocrx_word' id='word_1_225' title='bbox 1385 1221 1468 1248; x_wconf 90' lang='lat' dir='ltr'>sunt</span> <span class='ocrx_word' id='word_1_226' title='bbox 1489 1213 1533 1247; x_wconf 90' lang='lat' dir='ltr'>ad</span> <span class='ocrx_word' id='word_1_227' title='bbox 1553 1212 1683 1255; x_wconf 84' lang='lat' dir='ltr'>finem3</span> <span class='ocrx_word' id='word_1_228' title='bbox 1706 1220 1740 1248; x_wconf 91' lang='lat' dir='ltr'>et</span> 
     </span>
     <span class='ocr_line' id='line_1_21' title="bbox 179 1265 1742 1314; baseline 0 -14"><span class='ocrx_word' id='word_1_229' title='bbox 179 1274 353 1312; x_wconf 88' lang='lat' dir='ltr'>quantum</span> <span class='ocrx_word' id='word_1_230' title='bbox 382 1266 425 1300; x_wconf 88' lang='lat' dir='ltr'>ad</span> <span class='ocrx_word' id='word_1_231' title='bbox 446 1266 518 1301; x_wconf 90' lang='lat' dir='ltr'>hoc</span> <span class='ocrx_word' id='word_1_232' title='bbox 540 1267 685 1312; x_wconf 89' lang='lat' dir='ltr'>ponitur</span> <span class='ocrx_word' id='word_1_233' title='bbox 706 1268 836 1313; x_wconf 73' lang='lat' dir='ltr'>affectus</span> <span class='ocrx_word' id='word_1_234' title='bbox 850 1269 1029 1314; x_wconf 75' lang='lat' dir='ltr'>praesentis</span> <span class='ocrx_word' id='word_1_235' title='bbox 1049 1267 1180 1309; x_wconf 70' lang='lat' dir='ltr'>saeculi,</span> <span class='ocrx_word' id='word_1_236' title='bbox 1204 1267 1239 1300; x_wconf 91' lang='lat' dir='ltr'>in</span> <span class='ocrx_word' id='word_1_237' title='bbox 1261 1278 1333 1313; x_wconf 89' lang='lat' dir='ltr'>quo</span> <span class='ocrx_word' id='word_1_238' title='bbox 1356 1266 1494 1301; x_wconf 89' lang='lat' dir='ltr'>scilicet</span> <span class='ocrx_word' id='word_1_239' title='bbox 1516 1266 1644 1313; x_wconf 87' lang='lat' dir='ltr'>aliquis</span> <span class='ocrx_word' id='word_1_240' title='bbox 1665 1265 1742 1300; x_wconf 89' lang='lat' dir='ltr'>vult</span> 
     </span>
     <span class='ocr_line' id='line_1_22' title="bbox 178 1319 1741 1368; baseline 0.001 -15"><span class='ocrx_word' id='word_1_241' title='bbox 178 1319 246 1353; x_wconf 91' lang='lat' dir='ltr'>frui</span> <span class='ocrx_word' id='word_1_242' title='bbox 267 1319 464 1366; x_wconf 76' lang='lat' dir='ltr'>voluptate,</span> <span class='ocrx_word' id='word_1_243' title='bbox 488 1328 521 1354; x_wconf 94' lang='lat' dir='ltr'>et</span> <span class='ocrx_word' id='word_1_244' title='bbox 541 1332 604 1366; x_wconf 90' lang='lat' dir='ltr'>per</span> <span class='ocrx_word' id='word_1_245' title='bbox 637 1321 844 1367; x_wconf 89' lang='lat' dir='ltr'>oppositum</span> <span class='ocrx_word' id='word_1_246' title='bbox 873 1322 1018 1368; x_wconf 87' lang='lat' dir='ltr'>ponitur</span> <span class='ocrx_word' id='word_1_247' title='bbox 1049 1321 1228 1367; x_wconf 61' lang='lat' dir='ltr'>desperatio</span> <span class='ocrx_word' id='word_1_248' title='bbox 1247 1321 1361 1366; x_wconf 78' lang='lat' dir='ltr'>futuri</span> <span class='ocrx_word' id='word_1_249' title='bbox 1391 1320 1526 1363; x_wconf 81' lang='lat' dir='ltr'>saeculi,</span> <span class='ocrx_word' id='word_1_250' title='bbox 1549 1320 1632 1366; x_wconf 90' lang='lat' dir='ltr'>quia</span> <span class='ocrx_word' id='word_1_251' title='bbox 1654 1319 1741 1354; x_wconf 91' lang='lat' dir='ltr'>dum</span> 
     </span>
     <span class='ocr_line' id='line_1_23' title="bbox 179 1372 1741 1420; baseline 0.001 -14"><span class='ocrx_word' id='word_1_252' title='bbox 179 1373 286 1407; x_wconf 88' lang='lat' dir='ltr'>nimis</span> <span class='ocrx_word' id='word_1_253' title='bbox 310 1373 486 1407; x_wconf 86' lang='lat' dir='ltr'>detinetur</span> <span class='ocrx_word' id='word_1_254' title='bbox 508 1373 710 1408; x_wconf 86' lang='lat' dir='ltr'>carnalibus</span> <span class='ocrx_word' id='word_1_255' title='bbox 733 1374 1043 1416; x_wconf 88' lang='lat' dir='ltr'>delectationibus,</span> <span class='ocrx_word' id='word_1_256' title='bbox 1057 1385 1131 1408; x_wconf 87' lang='lat' dir='ltr'>non</span> <span class='ocrx_word' id='word_1_257' title='bbox 1147 1381 1247 1408; x_wconf 83' lang='lat' dir='ltr'>curat</span> <span class='ocrx_word' id='word_1_258' title='bbox 1260 1374 1446 1420; x_wconf 88' lang='lat' dir='ltr'>pervenire</span> <span class='ocrx_word' id='word_1_259' title='bbox 1466 1373 1509 1408; x_wconf 85' lang='lat' dir='ltr'>ad</span> <span class='ocrx_word' id='word_1_260' title='bbox 1527 1372 1741 1420; x_wconf 85' lang='lat' dir='ltr'>spirituales,</span> 
     </span>
     <span class='ocr_line' id='line_1_24' title="bbox 181 1425 490 1461; baseline 0 -1"><span class='ocrx_word' id='word_1_261' title='bbox 181 1426 242 1461; x_wconf 90' lang='lat' dir='ltr'>sed</span> <span class='ocrx_word' id='word_1_262' title='bbox 264 1425 398 1460; x_wconf 81' lang='lat' dir='ltr'>fastidit</span> <span class='ocrx_word' id='word_1_263' title='bbox 419 1438 490 1461; x_wconf 86' lang='lat' dir='ltr'>eas.</span> 
     </span>
    </p>

    <p class='ocr_par' dir='ltr' id='par_1_3' title="bbox 179 1479 1743 1688">
     <span class='ocr_line' id='line_1_25' title="bbox 251 1479 1735 1528; baseline 0 -14"><span class='ocrx_word' id='word_1_264' title='bbox 251 1480 309 1514; x_wconf 87' lang='lat' dir='ltr'>AD</span> <span class='ocrx_word' id='word_1_265' title='bbox 332 1491 480 1515; x_wconf 80' lang='lat' dir='ltr'>PRIMUM</span> <span class='ocrx_word' id='word_1_266' title='bbox 503 1492 590 1527; x_wconf 86' lang='lat' dir='ltr'>ergo</span> <span class='ocrx_word' id='word_1_267' title='bbox 613 1481 818 1524; x_wconf 86' lang='lat' dir='ltr'>dicendum,</span> <span class='ocrx_word' id='word_1_268' title='bbox 835 1481 942 1528; x_wconf 90' lang='lat' dir='ltr'>quod,</span> <span class='ocrx_word' id='word_1_269' title='bbox 965 1481 1058 1516; x_wconf 91' lang='lat' dir='ltr'>sicut</span> <span class='ocrx_word' id='word_1_270' title='bbox 1078 1480 1216 1515; x_wconf 86' lang='lat' dir='ltr'>Philos.</span> <span class='ocrx_word' id='word_1_271' title='bbox 1239 1480 1324 1515; x_wconf 89' lang='lat' dir='ltr'>dicit</span> <span class='ocrx_word' id='word_1_272' title='bbox 1344 1480 1380 1514; x_wconf 92' lang='lat' dir='ltr'>in</span> <span class='ocrx_word' id='word_1_273' title='bbox 1395 1479 1426 1514; x_wconf 83' lang='lat'>6.</span> <span class='ocrx_word' id='word_1_274' title='bbox 1445 1479 1560 1515; x_wconf 88' lang='lat' dir='ltr'>Ethic.</span> <span class='ocrx_word' id='word_1_275' title='bbox 1578 1479 1735 1526; x_wconf 78' lang='lat' dir='ltr'>(cap.5.),</span> 
     </span>
     <span class='ocr_line' id='line_1_26' title="bbox 181 1533 1743 1581; baseline 0 -14"><span class='ocrx_word' id='word_1_276' title='bbox 181 1534 457 1580; x_wconf 85' lang='lat' dir='ltr'>intemperantia</span> <span class='ocrx_word' id='word_1_277' title='bbox 491 1535 649 1568; x_wconf 82' lang='lat' dir='ltr'>maxime</span> <span class='ocrx_word' id='word_1_278' title='bbox 684 1535 882 1581; x_wconf 87' lang='lat' dir='ltr'>corrumpit</span> <span class='ocrx_word' id='word_1_279' title='bbox 915 1535 1162 1581; x_wconf 88' lang='lat' dir='ltr'>prudentiam;</span> <span class='ocrx_word' id='word_1_280' title='bbox 1185 1542 1220 1568; x_wconf 88' lang='lat' dir='ltr'>et</span> <span class='ocrx_word' id='word_1_281' title='bbox 1248 1533 1330 1568; x_wconf 92' lang='lat' dir='ltr'>ideo</span> <span class='ocrx_word' id='word_1_282' title='bbox 1352 1533 1439 1568; x_wconf 87' lang='lat' dir='ltr'>vitia</span> <span class='ocrx_word' id='word_1_283' title='bbox 1472 1533 1639 1580; x_wconf 89' lang='lat' dir='ltr'>opposita</span> <span class='ocrx_word' id='word_1_284' title='bbox 1664 1545 1743 1580; x_wconf 93' lang='lat' dir='ltr'>pru-</span> 
     </span>
     <span class='ocr_line' id='line_1_27' title="bbox 181 1586 1742 1635; baseline 0 -14"><span class='ocrx_word' id='word_1_285' title='bbox 181 1587 324 1622; x_wconf 87' lang='lat' dir='ltr'>dentiae</span> <span class='ocrx_word' id='word_1_286' title='bbox 358 1588 515 1622; x_wconf 77' lang='lat' dir='ltr'>maxime</span> <span class='ocrx_word' id='word_1_287' title='bbox 550 1588 713 1623; x_wconf 90' lang='lat' dir='ltr'>oriuntur</span> <span class='ocrx_word' id='word_1_288' title='bbox 747 1600 789 1623; x_wconf 77' lang='lat' dir='ltr'>ex</span> <span class='ocrx_word' id='word_1_289' title='bbox 821 1588 971 1631; x_wconf 78' lang='lat' dir='ltr'>luxuria,</span> <span class='ocrx_word' id='word_1_290' title='bbox 1006 1599 1097 1635; x_wconf 88' lang='lat' dir='ltr'>quae</span> <span class='ocrx_word' id='word_1_291' title='bbox 1131 1595 1186 1622; x_wconf 90' lang='lat' dir='ltr'>est</span> <span class='ocrx_word' id='word_1_292' title='bbox 1216 1586 1411 1633; x_wconf 86' lang='lat' dir='ltr'>praecipua</span> <span class='ocrx_word' id='word_1_293' title='bbox 1442 1586 1742 1634; x_wconf 85' lang='lat' dir='ltr'>intemperantiae</span> 
     </span>
     <span class='ocr_line' id='line_1_28' title="bbox 179 1641 328 1688; baseline 0 -13"><span class='ocrx_word' id='word_1_294' title='bbox 179 1641 328 1688; x_wconf 87' lang='lat' dir='ltr'>species.</span> 
     </span>
    </p>

    <p class='ocr_par' dir='ltr' id='par_1_4' title="bbox 173 1693 1745 2224">
     <span class='ocr_line' id='line_1_29' title="bbox 251 1693 1742 1743; baseline -0.001 -13"><span class='ocrx_word' id='word_1_295' title='bbox 251 1695 310 1729; x_wconf 89' lang='lat' dir='ltr'>AD</span> <span class='ocrx_word' id='word_1_296' title='bbox 330 1706 535 1730; x_wconf 61' lang='lat' dir='ltr'>schNDUM</span> <span class='ocrx_word' id='word_1_297' title='bbox 557 1696 761 1738; x_wconf 84' lang='lat' dir='ltr'>dicendum,</span> <span class='ocrx_word' id='word_1_298' title='bbox 778 1696 875 1743; x_wconf 89' lang='lat' dir='ltr'>quod</span> <span class='ocrx_word' id='word_1_299' title='bbox 898 1695 1099 1730; x_wconf 86' lang='lat' dir='ltr'>constantia</span> <span class='ocrx_word' id='word_1_300' title='bbox 1113 1695 1150 1729; x_wconf 88' lang='lat' dir='ltr'>in</span> <span class='ocrx_word' id='word_1_301' title='bbox 1168 1694 1298 1736; x_wconf 81' lang='lat' dir='ltr'>arduis,</span> <span class='ocrx_word' id='word_1_302' title='bbox 1314 1702 1348 1729; x_wconf 91' lang='lat' dir='ltr'>et</span> <span class='ocrx_word' id='word_1_303' title='bbox 1361 1693 1577 1728; x_wconf 85' lang='lat' dir='ltr'>terribilibus</span> <span class='ocrx_word' id='word_1_304' title='bbox 1598 1693 1742 1741; x_wconf 84' lang='lat' dir='ltr'>ponitur</span> 
     </span>
     <span class='ocr_line' id='line_1_30' title="bbox 180 1746 1743 1795; baseline -0.001 -13"><span class='ocrx_word' id='word_1_305' title='bbox 180 1760 260 1795; x_wconf 88' lang='lat' dir='ltr'>pars</span> <span class='ocrx_word' id='word_1_306' title='bbox 283 1748 519 1784; x_wconf 89' lang='lat' dir='ltr'>fortitudinis:</span> <span class='ocrx_word' id='word_1_307' title='bbox 542 1750 603 1784; x_wconf 89' lang='lat' dir='ltr'>sed</span> <span class='ocrx_word' id='word_1_308' title='bbox 627 1751 867 1784; x_wconf 87' lang='lat' dir='ltr'>constantiam</span> <span class='ocrx_word' id='word_1_309' title='bbox 888 1749 1023 1784; x_wconf 88' lang='lat' dir='ltr'>habere</span> <span class='ocrx_word' id='word_1_310' title='bbox 1045 1750 1080 1783; x_wconf 91' lang='lat' dir='ltr'>in</span> <span class='ocrx_word' id='word_1_311' title='bbox 1104 1748 1315 1782; x_wconf 86' lang='lat' dir='ltr'>abstinendo</span> <span class='ocrx_word' id='word_1_312' title='bbox 1336 1759 1354 1781; x_wconf 91' lang='lat' dir='ltr'>a</span> <span class='ocrx_word' id='word_1_313' title='bbox 1373 1746 1645 1782; x_wconf 89' lang='lat' dir='ltr'>delectabilibus</span> <span class='ocrx_word' id='word_1_314' title='bbox 1667 1758 1743 1793; x_wconf 91' lang='lat' dir='ltr'>per-</span> 
     </span>
     <span class='ocr_line' id='line_1_31' title="bbox 179 1801 1742 1850; baseline -0.002 -13"><span class='ocrx_word' id='word_1_315' title='bbox 179 1802 269 1837; x_wconf 87' lang='lat' dir='ltr'>tinet</span> <span class='ocrx_word' id='word_1_316' title='bbox 291 1802 334 1836; x_wconf 89' lang='lat' dir='ltr'>ad</span> <span class='ocrx_word' id='word_1_317' title='bbox 357 1803 630 1845; x_wconf 85' lang='lat' dir='ltr'>continentiam,</span> <span class='ocrx_word' id='word_1_318' title='bbox 653 1815 744 1849; x_wconf 90' lang='lat' dir='ltr'>quae</span> <span class='ocrx_word' id='word_1_319' title='bbox 774 1803 920 1850; x_wconf 90' lang='lat' dir='ltr'>ponitur</span> <span class='ocrx_word' id='word_1_320' title='bbox 948 1814 1029 1849; x_wconf 86' lang='lat' dir='ltr'>pars</span> <span class='ocrx_word' id='word_1_321' title='bbox 1059 1803 1331 1848; x_wconf 81' lang='lat' dir='ltr'>temperantiae,</span> <span class='ocrx_word' id='word_1_322' title='bbox 1354 1802 1446 1835; x_wconf 91' lang='lat' dir='ltr'>sicut</span> <span class='ocrx_word' id='word_1_323' title='bbox 1474 1812 1580 1847; x_wconf 89' lang='lat' dir='ltr'>supra</span> <span class='ocrx_word' id='word_1_324' title='bbox 1606 1801 1742 1835; x_wconf 90' lang='lat' dir='ltr'>dictum</span> 
     </span>
     <span class='ocr_line' id='line_1_32' title="bbox 181 1853 1742 1903; baseline -0.001 -13"><span class='ocrx_word' id='word_1_325' title='bbox 181 1864 233 1890; x_wconf 88' lang='lat' dir='ltr'>est</span> <span class='ocrx_word' id='word_1_326' title='bbox 257 1855 301 1902; x_wconf 79' lang='lat' dir='ltr'>(q.</span> <span class='ocrx_word' id='word_1_327' title='bbox 324 1856 424 1902; x_wconf 73' lang='lat'><em>143.);</em></span> <span class='ocrx_word' id='word_1_328' title='bbox 449 1864 482 1890; x_wconf 93' lang='lat' dir='ltr'>et</span> <span class='ocrx_word' id='word_1_329' title='bbox 503 1857 585 1891; x_wconf 89' lang='lat' dir='ltr'>ideo</span> <span class='ocrx_word' id='word_1_330' title='bbox 609 1857 862 1899; x_wconf 85' lang='lat' dir='ltr'>inconstantia,</span> <span class='ocrx_word' id='word_1_331' title='bbox 891 1868 981 1903; x_wconf 88' lang='lat' dir='ltr'>quae</span> <span class='ocrx_word' id='word_1_332' title='bbox 1010 1857 1043 1891; x_wconf 93' lang='lat' dir='ltr'>ei</span> <span class='ocrx_word' id='word_1_333' title='bbox 1071 1855 1276 1902; x_wconf 91' lang='lat' dir='ltr'>opponitur,</span> <span class='ocrx_word' id='word_1_334' title='bbox 1303 1855 1449 1901; x_wconf 89' lang='lat' dir='ltr'>ponitur</span> <span class='ocrx_word' id='word_1_335' title='bbox 1469 1854 1542 1888; x_wconf 87' lang='lat' dir='ltr'>filia</span> <span class='ocrx_word' id='word_1_336' title='bbox 1563 1853 1742 1889; x_wconf 80' lang='lat' dir='ltr'>luxuriae:</span> 
     </span>
     <span class='ocr_line' id='line_1_33' title="bbox 182 1907 1745 1955; baseline -0.001 -12"><span class='ocrx_word' id='word_1_337' title='bbox 182 1917 216 1943; x_wconf 88' lang='lat' dir='ltr'>et</span> <span class='ocrx_word' id='word_1_338' title='bbox 236 1917 358 1944; x_wconf 90' lang='lat' dir='ltr'>tamen</span> <span class='ocrx_word' id='word_1_339' title='bbox 382 1909 490 1943; x_wconf 89' lang='lat' dir='ltr'>etiam</span> <span class='ocrx_word' id='word_1_340' title='bbox 517 1910 632 1955; x_wconf 87' lang='lat' dir='ltr'>prima</span> <span class='ocrx_word' id='word_1_341' title='bbox 659 1910 901 1944; x_wconf 84' lang='lat' dir='ltr'>inconstantia</span> <span class='ocrx_word' id='word_1_342' title='bbox 920 1921 962 1944; x_wconf 79' lang='lat' dir='ltr'>ex</span> <span class='ocrx_word' id='word_1_343' title='bbox 988 1909 1128 1944; x_wconf 79' lang='lat' dir='ltr'>luxuria</span> <span class='ocrx_word' id='word_1_344' title='bbox 1158 1917 1335 1950; x_wconf 86' lang='lat' dir='ltr'>causatur,</span> <span class='ocrx_word' id='word_1_345' title='bbox 1362 1908 1577 1954; x_wconf 87' lang='lat' dir='ltr'>inquantum</span> <span class='ocrx_word' id='word_1_346' title='bbox 1604 1907 1745 1942; x_wconf 91' lang='lat' dir='ltr'>emollit</span> 
     </span>
     <span class='ocr_line' id='line_1_34' title="bbox 182 1961 1736 2006; baseline -0.001 -9"><span class='ocrx_word' id='word_1_347' title='bbox 182 1974 246 1997; x_wconf 88' lang='lat' dir='ltr'>cor</span> <span class='ocrx_word' id='word_1_348' title='bbox 266 1964 437 2006; x_wconf 87' lang='lat' dir='ltr'>hominis,</span> <span class='ocrx_word' id='word_1_349' title='bbox 460 1972 494 1998; x_wconf 94' lang='lat' dir='ltr'>et</span> <span class='ocrx_word' id='word_1_350' title='bbox 515 1963 789 1999; x_wconf 86' lang='lat' dir='ltr'>effoeminatum</span> <span class='ocrx_word' id='word_1_351' title='bbox 811 1964 944 1999; x_wconf 86' lang='lat' dir='ltr'>reddit:</span> <span class='ocrx_word' id='word_1_352' title='bbox 967 1964 1166 1998; x_wconf 89' lang='lat' dir='ltr'>secundum</span> <span class='ocrx_word' id='word_1_353' title='bbox 1200 1962 1287 1996; x_wconf 91' lang='lat' dir='ltr'>illud</span> <span class='ocrx_word' id='word_1_354' title='bbox 1312 1961 1431 1997; x_wconf 88' lang='lat' dir='ltr'>Oseae</span> <span class='ocrx_word' id='word_1_355' title='bbox 1452 1971 1504 2004; x_wconf 70' lang='lat'>4:</span> <span class='ocrx_word' id='word_1_356' title='bbox 1527 1962 1736 2002; x_wconf 83' lang='lat' dir='ltr'>Fornicatio,</span> 
     </span>
     <span class='ocr_line' id='line_1_35' title="bbox 181 2014 1743 2064; baseline -0.001 -14"><span class='ocrx_word' id='word_1_357' title='bbox 181 2022 209 2051; x_wconf 73' lang='lat' dir='ltr'>et</span> <span class='ocrx_word' id='word_1_358' title='bbox 222 2018 350 2059; x_wconf 68' lang='lat' dir='ltr'>vinum,</span> <span class='ocrx_word' id='word_1_359' title='bbox 367 2022 395 2052; x_wconf 76' lang='lat' dir='ltr'>et</span> <span class='ocrx_word' id='word_1_360' title='bbox 410 2018 547 2052; x_wconf 72' lang='lat' dir='ltr'>ebrietas</span> <span class='ocrx_word' id='word_1_361' title='bbox 561 2018 718 2064; x_wconf 69' lang='lat' dir='ltr'>auferunt</span> <span class='ocrx_word' id='word_1_362' title='bbox 732 2030 801 2058; x_wconf 58' lang='lat' dir='ltr'>com·</span> <span class='ocrx_word' id='word_1_363' title='bbox 818 2026 852 2052; x_wconf 89' lang='lat' dir='ltr'>et</span> <span class='ocrx_word' id='word_1_364' title='bbox 865 2017 1038 2063; x_wconf 75' lang='lat' dir='ltr'>Vegetius</span> <span class='ocrx_word' id='word_1_365' title='bbox 1061 2017 1147 2050; x_wconf 88' lang='lat' dir='ltr'>dicit</span> <span class='ocrx_word' id='word_1_366' title='bbox 1165 2016 1200 2049; x_wconf 87' lang='lat' dir='ltr'>in</span> <span class='ocrx_word' id='word_1_367' title='bbox 1223 2015 1282 2049; x_wconf 90' lang='lat' dir='ltr'>lib.</span> <span class='ocrx_word' id='word_1_368' title='bbox 1302 2026 1329 2049; x_wconf 90' lang='lat'>1.</span> <span class='ocrx_word' id='word_1_369' title='bbox 1346 2015 1388 2049; x_wconf 91' lang='lat' dir='ltr'>de</span> <span class='ocrx_word' id='word_1_370' title='bbox 1404 2016 1456 2049; x_wconf 90' lang='lat' dir='ltr'>Re</span> <span class='ocrx_word' id='word_1_371' title='bbox 1471 2014 1546 2050; x_wconf 91' lang='lat' dir='ltr'>Mil.</span> <span class='ocrx_word' id='word_1_372' title='bbox 1563 2017 1654 2062; x_wconf 82' lang='lat' dir='ltr'>(cap.</span> <span class='ocrx_word' id='word_1_373' title='bbox 1664 2027 1693 2062; x_wconf 84' lang='lat'>3.</span> <span class='ocrx_word' id='word_1_374' title='bbox 1708 2016 1743 2049; x_wconf 80' lang='lat' dir='ltr'>in</span> 
     </span>
     <span class='ocr_line' id='line_1_36' title="bbox 173 2068 1742 2117; baseline -0.001 -13"><span class='ocrx_word' id='word_1_375' title='bbox 173 2072 268 2117; x_wconf 73' lang='lat' dir='ltr'>fin),</span> <span class='ocrx_word' id='word_1_376' title='bbox 291 2071 387 2117; x_wconf 89' lang='lat' dir='ltr'>quod</span> <span class='ocrx_word' id='word_1_377' title='bbox 406 2071 556 2105; x_wconf 83' lang='lat' dir='ltr'>«minus</span> <span class='ocrx_word' id='word_1_378' title='bbox 573 2079 730 2105; x_wconf 90' lang='lat' dir='ltr'>mortem</span> <span class='ocrx_word' id='word_1_379' title='bbox 746 2071 883 2113; x_wconf 86' lang='lat' dir='ltr'>metuit,</span> <span class='ocrx_word' id='word_1_380' title='bbox 899 2071 959 2117; x_wconf 91' lang='lat' dir='ltr'>qui</span> <span class='ocrx_word' id='word_1_381' title='bbox 981 2071 1099 2104; x_wconf 87' lang='lat' dir='ltr'>minus</span> <span class='ocrx_word' id='word_1_382' title='bbox 1121 2069 1332 2103; x_wconf 90' lang='lat' dir='ltr'>deliciarum</span> <span class='ocrx_word' id='word_1_383' title='bbox 1353 2068 1448 2102; x_wconf 90' lang='lat' dir='ltr'>norit</span> <span class='ocrx_word' id='word_1_384' title='bbox 1469 2069 1505 2102; x_wconf 87' lang='lat' dir='ltr'>in</span> <span class='ocrx_word' id='word_1_385' title='bbox 1526 2068 1599 2102; x_wconf 89' lang='lat' dir='ltr'>vita</span> <span class='ocrx_word' id='word_1_386' title='bbox 1614 2079 1654 2102; x_wconf 75' lang='lat' dir='ltr'>»z</span> <span class='ocrx_word' id='word_1_387' title='bbox 1675 2079 1742 2102; x_wconf 92' lang='lat' dir='ltr'>nec</span> 
     </span>
     <span class='ocr_line' id='line_1_37' title="bbox 183 2121 1741 2170; baseline -0.002 -12"><span class='ocrx_word' id='word_1_388' title='bbox 183 2132 336 2170; x_wconf 87' lang='lat' dir='ltr'>oportet,</span> <span class='ocrx_word' id='word_1_389' title='bbox 352 2124 443 2158; x_wconf 91' lang='lat' dir='ltr'>sicut</span> <span class='ocrx_word' id='word_1_390' title='bbox 457 2135 562 2170; x_wconf 86' lang='lat' dir='ltr'>saepe</span> <span class='ocrx_word' id='word_1_391' title='bbox 585 2125 721 2158; x_wconf 91' lang='lat' dir='ltr'>dictum</span> <span class='ocrx_word' id='word_1_392' title='bbox 736 2133 789 2158; x_wconf 91' lang='lat' dir='ltr'>est</span> <span class='ocrx_word' id='word_1_393' title='bbox 807 2125 850 2170; x_wconf 78' lang='lat' dir='ltr'>(q.</span> <span class='ocrx_word' id='word_1_394' title='bbox 863 2136 905 2170; x_wconf 75' lang='lat'>35.</span> <span class='ocrx_word' id='word_1_395' title='bbox 922 2129 984 2159; x_wconf 75' lang='lat' dir='ltr'>art.</span> <span class='ocrx_word' id='word_1_396' title='bbox 1001 2135 1033 2168; x_wconf 72' lang='lat'>4.</span> <span class='ocrx_word' id='word_1_397' title='bbox 1050 2123 1091 2158; x_wconf 74' lang='lat' dir='ltr'>ad</span> <span class='ocrx_word' id='word_1_398' title='bbox 1105 2135 1135 2158; x_wconf 88' lang='lat'>2.</span> <span class='ocrx_word' id='word_1_399' title='bbox 1157 2128 1187 2158; x_wconf 78' lang='lat' dir='ltr'>et</span> <span class='ocrx_word' id='word_1_400' title='bbox 1201 2134 1230 2168; x_wconf 75' lang='lat' dir='ltr'>q.</span> <span class='ocrx_word' id='word_1_401' title='bbox 1252 2123 1320 2157; x_wconf 78' lang='lat'><strong><em>118.</em></strong></span> <span class='ocrx_word' id='word_1_402' title='bbox 1340 2127 1405 2157; x_wconf 83' lang='lat' dir='ltr'>art.</span> <span class='ocrx_word' id='word_1_403' title='bbox 1424 2122 1455 2157; x_wconf 89' lang='grc'>8.</span> <span class='ocrx_word' id='word_1_404' title='bbox 1479 2121 1520 2156; x_wconf 88' lang='lat' dir='ltr'>ad</span> <span class='ocrx_word' id='word_1_405' title='bbox 1537 2132 1566 2155; x_wconf 87' lang='lat'>1.</span> <span class='ocrx_word' id='word_1_406' title='bbox 1581 2126 1610 2156; x_wconf 82' lang='lat' dir='ltr'>et</span> <span class='ocrx_word' id='word_1_407' title='bbox 1622 2133 1651 2168; x_wconf 86' lang='lat' dir='ltr'>q.</span> <span class='ocrx_word' id='word_1_408' title='bbox 1667 2122 1741 2166; x_wconf 74' lang='lat'><em>148.</em></span> 
     </span>
     <span class='ocr_line' id='line_1_38' title="bbox 183 2175 1568 2224; baseline -0.002 -13"><span class='ocrx_word' id='word_1_409' title='bbox 183 2182 246 2213; x_wconf 70' lang='grc' dir='ltr'><em>ιιι-ἰ.</em></span> <span class='ocrx_word' id='word_1_410' title='bbox 264 2178 328 2222; x_wconf 79' lang='grc'><strong><em>6.),</em></strong></span> <span class='ocrx_word' id='word_1_411' title='bbox 351 2178 446 2223; x_wconf 86' lang='lat' dir='ltr'>quod</span> <span class='ocrx_word' id='word_1_412' title='bbox 470 2177 564 2211; x_wconf 86' lang='lat' dir='ltr'>filiae</span> <span class='ocrx_word' id='word_1_413' title='bbox 586 2177 662 2211; x_wconf 80' lang='lat' dir='ltr'>vitii</span> <span class='ocrx_word' id='word_1_414' title='bbox 685 2177 846 2224; x_wconf 83' lang='lat' dir='ltr'>capitalis</span> <span class='ocrx_word' id='word_1_415' title='bbox 869 2189 952 2211; x_wconf 90' lang='lat' dir='ltr'>cum</span> <span class='ocrx_word' id='word_1_416' title='bbox 976 2189 1019 2212; x_wconf 93' lang='lat' dir='ltr'>eo</span> <span class='ocrx_word' id='word_1_417' title='bbox 1042 2177 1078 2210; x_wconf 90' lang='lat' dir='ltr'>in</span> <span class='ocrx_word' id='word_1_418' title='bbox 1100 2176 1250 2210; x_wconf 89' lang='lat' dir='ltr'>materia</span> <span class='ocrx_word' id='word_1_419' title='bbox 1278 2175 1506 2209; x_wconf 86' lang='lat' dir='ltr'>conveniant.</span> <span class='ocrx_word' id='word_1_420' title='bbox 1566 2211 1568 2213; x_wconf 49' lang='grc'><strong>,</strong></span> 
     </span>
    </p>

    <p class='ocr_par' dir='ltr' id='par_1_5' title="bbox 184 2227 1744 2425">
     <span class='ocr_line' id='line_1_39' title="bbox 254 2227 1744 2277; baseline -0.002 -13"><span class='ocrx_word' id='word_1_421' title='bbox 254 2231 314 2265; x_wconf 79' lang='lat' dir='ltr'>AD</span> <span class='ocrx_word' id='word_1_422' title='bbox 347 2241 518 2265; x_wconf 70' lang='lat' dir='ltr'>TERTIUM</span> <span class='ocrx_word' id='word_1_423' title='bbox 541 2230 745 2273; x_wconf 89' lang='lat' dir='ltr'>dicendum,</span> <span class='ocrx_word' id='word_1_424' title='bbox 768 2231 864 2277; x_wconf 86' lang='lat' dir='ltr'>quod</span> <span class='ocrx_word' id='word_1_425' title='bbox 887 2242 990 2265; x_wconf 89' lang='lat' dir='ltr'>amor</span> <span class='ocrx_word' id='word_1_426' title='bbox 1012 2231 1066 2264; x_wconf 86' lang='lat' dir='ltr'>sui</span> <span class='ocrx_word' id='word_1_427' title='bbox 1088 2238 1261 2276; x_wconf 87' lang='lat' dir='ltr'>quantum</span> <span class='ocrx_word' id='word_1_428' title='bbox 1284 2229 1327 2262; x_wconf 85' lang='lat' dir='ltr'>ad</span> <span class='ocrx_word' id='word_1_429' title='bbox 1355 2238 1604 2274; x_wconf 89' lang='lat' dir='ltr'>quaecumque</span> <span class='ocrx_word' id='word_1_430' title='bbox 1637 2227 1744 2270; x_wconf 87' lang='lat' dir='ltr'>bona,</span> 
     </span>
     <span class='ocr_line' id='line_1_40' title="bbox 184 2281 1743 2330; baseline -0.003 -12"><span class='ocrx_word' id='word_1_431' title='bbox 184 2295 275 2330; x_wconf 84' lang='lat' dir='ltr'>quae</span> <span class='ocrx_word' id='word_1_432' title='bbox 298 2284 365 2318; x_wconf 88' lang='lat' dir='ltr'>sibi</span> <span class='ocrx_word' id='word_1_433' title='bbox 387 2284 514 2330; x_wconf 87' lang='lat' dir='ltr'>aliquis</span> <span class='ocrx_word' id='word_1_434' title='bbox 529 2284 674 2330; x_wconf 87' lang='lat' dir='ltr'>appetit,</span> <span class='ocrx_word' id='word_1_435' title='bbox 689 2292 740 2318; x_wconf 89' lang='lat' dir='ltr'>est</span> <span class='ocrx_word' id='word_1_436' title='bbox 760 2295 956 2318; x_wconf 88' lang='lat' dir='ltr'>commune</span> <span class='ocrx_word' id='word_1_437' title='bbox 978 2283 1194 2330; x_wconf 89' lang='lat' dir='ltr'>principium</span> <span class='ocrx_word' id='word_1_438' title='bbox 1214 2290 1465 2329; x_wconf 84' lang='lat' dir='ltr'>peccatorum:</span> <span class='ocrx_word' id='word_1_439' title='bbox 1485 2281 1547 2315; x_wconf 89' lang='lat' dir='ltr'>sed</span> <span class='ocrx_word' id='word_1_440' title='bbox 1569 2288 1743 2327; x_wconf 87' lang='lat' dir='ltr'>quantum</span> 
     </span>
     <span class='ocr_line' id='line_1_41' title="bbox 185 2334 1743 2384; baseline -0.002 -13"><span class='ocrx_word' id='word_1_441' title='bbox 185 2338 227 2371; x_wconf 88' lang='lat' dir='ltr'>ad</span> <span class='ocrx_word' id='word_1_442' title='bbox 250 2338 321 2371; x_wconf 92' lang='lat' dir='ltr'>hoc</span> <span class='ocrx_word' id='word_1_443' title='bbox 345 2337 557 2384; x_wconf 72' lang='lat' dir='ltr'>specialiter,</span> <span class='ocrx_word' id='word_1_444' title='bbox 574 2338 669 2384; x_wconf 86' lang='lat' dir='ltr'>quod</span> <span class='ocrx_word' id='word_1_445' title='bbox 686 2337 811 2383; x_wconf 76' lang='lat' dir='ltr'>aliquis</span> <span class='ocrx_word' id='word_1_446' title='bbox 836 2338 969 2384; x_wconf 85' lang='lat' dir='ltr'>appetit</span> <span class='ocrx_word' id='word_1_447' title='bbox 991 2337 1057 2372; x_wconf 88' lang='lat' dir='ltr'>sibi</span> <span class='ocrx_word' id='word_1_448' title='bbox 1079 2335 1304 2371; x_wconf 87' lang='lat' dir='ltr'>delectabilia</span> <span class='ocrx_word' id='word_1_449' title='bbox 1326 2335 1454 2378; x_wconf 87' lang='lat' dir='ltr'>carnis,</span> <span class='ocrx_word' id='word_1_450' title='bbox 1476 2334 1621 2381; x_wconf 88' lang='lat' dir='ltr'>ponitur</span> <span class='ocrx_word' id='word_1_451' title='bbox 1639 2344 1743 2368; x_wconf 88' lang='lat' dir='ltr'>amor</span> 
     </span>
     <span class='ocr_line' id='line_1_42' title="bbox 185 2390 526 2425; baseline 0 -1"><span class='ocrx_word' id='word_1_452' title='bbox 185 2391 238 2425; x_wconf 91' lang='lat' dir='ltr'>sui</span> <span class='ocrx_word' id='word_1_453' title='bbox 261 2390 333 2425; x_wconf 82' lang='lat' dir='ltr'>filia</span> <span class='ocrx_word' id='word_1_454' title='bbox 355 2391 526 2425; x_wconf 74' lang='lat' dir='ltr'>luxuriae.</span> 
     </span>
    </p>

    <p class='ocr_par' dir='ltr' id='par_1_6' title="bbox 184 2440 1745 2917">
     <span class='ocr_line' id='line_1_43' title="bbox 256 2440 1745 2490; baseline -0.003 -12"><span class='ocrx_word' id='word_1_455' title='bbox 256 2445 315 2478; x_wconf 86' lang='lat' dir='ltr'>AD</span> <span class='ocrx_word' id='word_1_456' title='bbox 339 2455 525 2483; x_wconf 82' lang='lat' dir='ltr'><strong>QUARTUM</strong></span> <span class='ocrx_word' id='word_1_457' title='bbox 549 2444 753 2485; x_wconf 86' lang='lat' dir='ltr'>dicendum,</span> <span class='ocrx_word' id='word_1_458' title='bbox 777 2444 873 2490; x_wconf 86' lang='lat' dir='ltr'>quod</span> <span class='ocrx_word' id='word_1_459' title='bbox 895 2444 967 2485; x_wconf 84' lang='lat' dir='ltr'>illa,</span> <span class='ocrx_word' id='word_1_460' title='bbox 984 2455 1074 2490; x_wconf 85' lang='lat' dir='ltr'>quae</span> <span class='ocrx_word' id='word_1_461' title='bbox 1090 2443 1246 2477; x_wconf 85' lang='lat' dir='ltr'>Isidorus</span> <span class='ocrx_word' id='word_1_462' title='bbox 1261 2442 1373 2489; x_wconf 83' lang='lat' dir='ltr'>ponit,</span> <span class='ocrx_word' id='word_1_463' title='bbox 1387 2449 1470 2476; x_wconf 91' lang='lat' dir='ltr'>sunt</span> <span class='ocrx_word' id='word_1_464' title='bbox 1487 2441 1634 2488; x_wconf 86' lang='lat' dir='ltr'>quidam</span> <span class='ocrx_word' id='word_1_465' title='bbox 1652 2440 1745 2474; x_wconf 90' lang='lat' dir='ltr'>inor-</span> 
     </span>
     <span class='ocr_line' id='line_1_44' title="bbox 186 2495 1745 2543; baseline -0.002 -12"><span class='ocrx_word' id='word_1_466' title='bbox 186 2498 297 2531; x_wconf 87' lang='lat' dir='ltr'>dinati</span> <span class='ocrx_word' id='word_1_467' title='bbox 319 2506 418 2532; x_wconf 90' lang='lat' dir='ltr'>actus</span> <span class='ocrx_word' id='word_1_468' title='bbox 443 2498 648 2540; x_wconf 81' lang='lat' dir='ltr'>exteriores,</span> <span class='ocrx_word' id='word_1_469' title='bbox 671 2505 705 2532; x_wconf 87' lang='lat' dir='ltr'>et</span> <span class='ocrx_word' id='word_1_470' title='bbox 733 2498 924 2543; x_wconf 85' lang='lat' dir='ltr'>praecipue</span> <span class='ocrx_word' id='word_1_471' title='bbox 951 2498 993 2531; x_wconf 83' lang='lat' dir='ltr'>ad</span> <span class='ocrx_word' id='word_1_472' title='bbox 1021 2497 1246 2531; x_wconf 87' lang='lat' dir='ltr'>locutionem</span> <span class='ocrx_word' id='word_1_473' title='bbox 1276 2496 1512 2543; x_wconf 78' lang='lat' dir='ltr'>pertinente33</span> <span class='ocrx_word' id='word_1_474' title='bbox 1539 2495 1576 2529; x_wconf 90' lang='lat' dir='ltr'>in</span> <span class='ocrx_word' id='word_1_475' title='bbox 1595 2506 1664 2541; x_wconf 89' lang='lat' dir='ltr'>qua</span> <span class='ocrx_word' id='word_1_476' title='bbox 1691 2502 1745 2529; x_wconf 89' lang='lat' dir='ltr'>est</span> 
     </span>
     <span class='ocr_line' id='line_1_45' title="bbox 186 2548 1743 2598; baseline -0.002 -13"><span class='ocrx_word' id='word_1_477' title='bbox 186 2552 318 2597; x_wconf 83' lang='lat' dir='ltr'>aliquid</span> <span class='ocrx_word' id='word_1_478' title='bbox 346 2552 591 2586; x_wconf 87' lang='lat' dir='ltr'>inordinatum</span> <span class='ocrx_word' id='word_1_479' title='bbox 625 2551 908 2598; x_wconf 63' lang='lat' dir='ltr'>quadrupliciter:</span> <span class='ocrx_word' id='word_1_480' title='bbox 936 2564 999 2585; x_wconf 74' lang='lat' dir='ltr'>imo</span> <span class='ocrx_word' id='word_1_481' title='bbox 1023 2551 1116 2585; x_wconf 73' lang='lat' dir='ltr'>modo</span> <span class='ocrx_word' id='word_1_482' title='bbox 1139 2558 1285 2596; x_wconf 88' lang='lat' dir='ltr'>propter</span> <span class='ocrx_word' id='word_1_483' title='bbox 1315 2549 1524 2591; x_wconf 80' lang='lat' dir='ltr'>materiam3</span> <span class='ocrx_word' id='word_1_484' title='bbox 1547 2556 1581 2583; x_wconf 91' lang='lat' dir='ltr'>et</span> <span class='ocrx_word' id='word_1_485' title='bbox 1602 2548 1652 2582; x_wconf 91' lang='lat' dir='ltr'>sic</span> <span class='ocrx_word' id='word_1_486' title='bbox 1682 2559 1743 2594; x_wconf 86' lang='lat' dir='ltr'>po-</span> 
     </span>
     <span class='ocr_line' id='line_1_46' title="bbox 184 2601 1743 2651; baseline -0.002 -13"><span class='ocrx_word' id='word_1_487' title='bbox 184 2613 318 2639; x_wconf 88' lang='lat' dir='ltr'>nuntur</span> <span class='ocrx_word' id='word_1_488' title='bbox 351 2606 573 2651; x_wconf 55' lang='lat' dir='ltr'>tztnjiiloquicm</span> <span class='ocrx_word' id='word_1_489' title='bbox 607 2605 689 2651; x_wconf 89' lang='lat' dir='ltr'>quia</span> <span class='ocrx_word' id='word_1_490' title='bbox 724 2605 820 2638; x_wconf 89' lang='lat' dir='ltr'>enim</span> <span class='ocrx_word' id='word_1_491' title='bbox 843 2617 880 2639; x_wconf 54' lang='lat' dir='ltr'>tax·</span> <span class='ocrx_word' id='word_1_492' title='bbox 914 2605 1115 2639; x_wconf 61' lang='lat' dir='ltr'>abundantia</span> <span class='ocrx_word' id='word_1_493' title='bbox 1143 2604 1249 2639; x_wconf 59' lang='lat' dir='ltr'>cordis·</span> <span class='ocrx_word' id='word_1_494' title='bbox 1282 2616 1314 2638; x_wconf 85' lang='lat'>05</span> <span class='ocrx_word' id='word_1_495' title='bbox 1347 2604 1504 2649; x_wconf 78' lang='lat' dir='ltr'>loquitur,</span> <span class='ocrx_word' id='word_1_496' title='bbox 1531 2610 1570 2637; x_wconf 85' lang='lat' dir='ltr'>ut</span> <span class='ocrx_word' id='word_1_497' title='bbox 1602 2601 1743 2644; x_wconf 86' lang='lat' dir='ltr'>dicitur,</span> 
     </span>
     <span class='ocr_line' id='line_1_47' title="bbox 187 2654 1745 2704; baseline -0.002 -12"><span class='ocrx_word' id='word_1_498' title='bbox 187 2659 313 2692; x_wconf 88' lang='lat' dir='ltr'>Matth.</span> <span class='ocrx_word' id='word_1_499' title='bbox 341 2669 404 2700; x_wconf 86' lang='lat'>12.,</span> <span class='ocrx_word' id='word_1_500' title='bbox 427 2658 610 2700; x_wconf 76' lang='lat' dir='ltr'>luxuriosi,</span> <span class='ocrx_word' id='word_1_501' title='bbox 626 2669 781 2704; x_wconf 89' lang='lat' dir='ltr'>quorum</span> <span class='ocrx_word' id='word_1_502' title='bbox 804 2669 866 2692; x_wconf 91' lang='lat' dir='ltr'>cor</span> <span class='ocrx_word' id='word_1_503' title='bbox 885 2666 937 2692; x_wconf 88' lang='lat' dir='ltr'>est</span> <span class='ocrx_word' id='word_1_504' title='bbox 954 2658 1113 2704; x_wconf 87' lang='lat' dir='ltr'>turpibus</span> <span class='ocrx_word' id='word_1_505' title='bbox 1136 2657 1437 2703; x_wconf 89' lang='lat' dir='ltr'>concupiscentiis</span> <span class='ocrx_word' id='word_1_506' title='bbox 1458 2655 1618 2702; x_wconf 86' lang='lat' dir='ltr'>plenum,</span> <span class='ocrx_word' id='word_1_507' title='bbox 1637 2655 1680 2689; x_wconf 94' lang='lat' dir='ltr'>de</span> <span class='ocrx_word' id='word_1_508' title='bbox 1697 2654 1745 2689; x_wconf 90' lang='lat' dir='ltr'>fa-</span> 
     </span>
     <span class='ocr_line' id='line_1_48' title="bbox 187 2708 1744 2758; baseline -0.002 -13"><span class='ocrx_word' id='word_1_509' title='bbox 187 2712 246 2746; x_wconf 89' lang='lat' dir='ltr'>cili</span> <span class='ocrx_word' id='word_1_510' title='bbox 269 2712 312 2745; x_wconf 88' lang='lat' dir='ltr'>ad</span> <span class='ocrx_word' id='word_1_511' title='bbox 334 2714 450 2758; x_wconf 88' lang='lat' dir='ltr'>turpia</span> <span class='ocrx_word' id='word_1_512' title='bbox 472 2712 581 2746; x_wconf 81' lang='lat' dir='ltr'>verba</span> <span class='ocrx_word' id='word_1_513' title='bbox 602 2719 858 2758; x_wconf 89' lang='lat' dir='ltr'>prorumpunt:</span> <span class='ocrx_word' id='word_1_514' title='bbox 881 2711 1017 2745; x_wconf 61' lang='lat' dir='ltr'>§armaio</span> <span class='ocrx_word' id='word_1_515' title='bbox 1033 2723 1073 2745; x_wconf 76' lang='lat' dir='ltr'>ex</span> <span class='ocrx_word' id='word_1_516' title='bbox 1097 2720 1194 2756; x_wconf 85' lang='lat' dir='ltr'>parte</span> <span class='ocrx_word' id='word_1_517' title='bbox 1211 2722 1359 2752; x_wconf 79' lang='lat' dir='ltr'>causae3</span> <span class='ocrx_word' id='word_1_518' title='bbox 1382 2710 1463 2756; x_wconf 89' lang='lat' dir='ltr'>quia</span> <span class='ocrx_word' id='word_1_519' title='bbox 1486 2710 1582 2744; x_wconf 84' lang='lat' dir='ltr'>enim</span> <span class='ocrx_word' id='word_1_520' title='bbox 1605 2708 1744 2742; x_wconf 78' lang='lat' dir='ltr'>luxuria</span> 
     </span>
     <span class='ocr_line' id='line_1_49' title="bbox 186 2761 1744 2811; baseline -0.002 -13"><span class='ocrx_word' id='word_1_521' title='bbox 186 2765 567 2806; x_wconf 84' lang='lat' dir='ltr'>inconsiderationem,</span> <span class='ocrx_word' id='word_1_522' title='bbox 591 2772 624 2799; x_wconf 87' lang='lat' dir='ltr'>et</span> <span class='ocrx_word' id='word_1_523' title='bbox 651 2764 984 2811; x_wconf 85' lang='lat' dir='ltr'>praecipitationem</span> <span class='ocrx_word' id='word_1_524' title='bbox 1013 2773 1146 2806; x_wconf 87' lang='lat' dir='ltr'>causat,</span> <span class='ocrx_word' id='word_1_525' title='bbox 1170 2775 1394 2809; x_wconf 88' lang='lat' dir='ltr'>consequens</span> <span class='ocrx_word' id='word_1_526' title='bbox 1429 2771 1481 2798; x_wconf 89' lang='lat' dir='ltr'>est</span> <span class='ocrx_word' id='word_1_527' title='bbox 1514 2762 1610 2808; x_wconf 88' lang='lat' dir='ltr'>quod</span> <span class='ocrx_word' id='word_1_528' title='bbox 1635 2761 1744 2796; x_wconf 83' lang='lat' dir='ltr'>faciat</span> 
     </span>
     <span class='ocr_line' id='line_1_50' title="bbox 187 2815 1743 2864; baseline -0.001 -12"><span class='ocrx_word' id='word_1_529' title='bbox 187 2829 421 2864; x_wconf 85' lang='lat' dir='ltr'>prorumpere</span> <span class='ocrx_word' id='word_1_530' title='bbox 444 2818 478 2852; x_wconf 87' lang='lat' dir='ltr'>in</span> <span class='ocrx_word' id='word_1_531' title='bbox 500 2818 609 2852; x_wconf 79' lang='lat' dir='ltr'>verba</span> <span class='ocrx_word' id='word_1_532' title='bbox 630 2817 765 2860; x_wconf 85' lang='lat' dir='ltr'>leviter,</span> <span class='ocrx_word' id='word_1_533' title='bbox 789 2826 823 2852; x_wconf 91' lang='lat' dir='ltr'>et</span> <span class='ocrx_word' id='word_1_534' title='bbox 843 2817 1106 2851; x_wconf 85' lang='lat' dir='ltr'>inconsiderate</span> <span class='ocrx_word' id='word_1_535' title='bbox 1134 2817 1238 2859; x_wconf 86' lang='lat' dir='ltr'>dicta,</span> <span class='ocrx_word' id='word_1_536' title='bbox 1267 2828 1357 2863; x_wconf 89' lang='lat' dir='ltr'>quae</span> <span class='ocrx_word' id='word_1_537' title='bbox 1380 2817 1545 2851; x_wconf 91' lang='lat' dir='ltr'>dicuntur</span> <span class='ocrx_word' id='word_1_538' title='bbox 1564 2815 1743 2850; x_wconf 82' lang='lat' dir='ltr'>scurrilia:</span> 
     </span>
     <span class='ocr_line' id='line_1_51' title="bbox 188 2868 1742 2917; baseline -0.002 -12"><span class='ocrx_word' id='word_1_539' title='bbox 188 2873 283 2906; x_wconf 60' lang='lat' dir='ltr'>tertio</span> <span class='ocrx_word' id='word_1_540' title='bbox 306 2879 479 2917; x_wconf 86' lang='lat' dir='ltr'>quantum</span> <span class='ocrx_word' id='word_1_541' title='bbox 504 2871 546 2905; x_wconf 86' lang='lat' dir='ltr'>ad</span> <span class='ocrx_word' id='word_1_542' title='bbox 569 2870 698 2913; x_wconf 79' lang='lat' dir='ltr'>finem3</span> <span class='ocrx_word' id='word_1_543' title='bbox 721 2871 802 2917; x_wconf 89' lang='lat' dir='ltr'>quia</span> <span class='ocrx_word' id='word_1_544' title='bbox 825 2871 921 2905; x_wconf 87' lang='lat' dir='ltr'>enirn</span> <span class='ocrx_word' id='word_1_545' title='bbox 943 2871 1146 2905; x_wconf 81' lang='lat' dir='ltr'>luxuriosus</span> <span class='ocrx_word' id='word_1_546' title='bbox 1168 2870 1445 2905; x_wconf 87' lang='lat' dir='ltr'>delectationem</span> <span class='ocrx_word' id='word_1_547' title='bbox 1468 2869 1616 2915; x_wconf 89' lang='lat' dir='ltr'>quaerit,</span> <span class='ocrx_word' id='word_1_548' title='bbox 1634 2868 1742 2903; x_wconf 88' lang='lat' dir='ltr'>verba</span> 
     </span>
    </p>
   </div>
   <div class='ocr_carea' id='block_1_3' title="bbox 1783 0 1859 3119">
    <p class='ocr_par' dir='ltr' id='par_1_7' title="bbox 1783 0 1859 3119">
     <span class='ocr_line' id='line_1_52' title="bbox 1783 0 1859 3119; baseline 0 0"><span class='ocrx_word' id='word_1_549' title='bbox 1783 0 1859 3119; x_wconf 95' lang='lat' dir='ltr'> </span> 
     </span>
    </p>
   </div>
  </div>
 </body>
</html>
