1859 3122
165 195 274 237 1130
544 191 764 226 QUAESTIO
799 190 973 219 CXXLIV.
1006 188 1250 218 ARTICULUS
1282 188 1326 217 11.

158 277 288 322 potior,
303 283 402 309 tanto
426 274 614 320 prophetia
637 281 689 307 est
710 273 870 318 dignior:
893 271 1127 306 manifestum
1142 278 1194 305 est
1212 277 1346 311 autem,
1362 269 1457 315 quod
1473 269 1715 303 manifestatio

157 330 298 362 divinae
320 327 491 368 veritatis,
515 337 605 372 quae
623 326 662 360 fit
679 337 742 372 per
762 325 898 359 nudam
914 324 1262 370 contemplationem
1280 323 1390 369 ipsius
1408 323 1579 365 veritatis,
1597 323 1716 368 potior

157 390 220 423 est,
243 393 351 426 quam
373 380 433 413 illa
456 391 546 425 quae
568 379 607 413 fit
627 379 690 413 sub
713 378 947 413 similitudine
969 377 1215 424 corporalium
1241 388 1381 418 rerum3
1399 376 1515 422 magis
1542 376 1639 410 enim
1661 386 1718 421 ap-

157 435 371 481 propinquat
403 433 445 466 ad
476 433 655 466 visionem
689 434 836 478 patriae,
863 432 1064 465 secundum
1096 441 1204 476 quam
1234 430 1270 463 in
1301 430 1455 463 essentia
1485 429 1556 463 Dei
1583 429 1717 464 veritas

158 487 390 533 conspicitur;
414 494 448 520 et
468 485 550 519 inde
574 493 637 527 est,
664 485 761 531 quod
784 485 990 531 prophetia,
1013 495 1076 530 per
1098 495 1205 530 quam
1226 483 1345 528 aliqua
1366 481 1645 528 supernaturalis
1662 493 1718 516 ve-

155 541 239 574 ritas
263 539 492 585 conspicitur,
514 539 714 573 secundum
736 537 1018 572 intellectualem
1040 538 1230 578 visionem,
1258 543 1310 570 est
1337 535 1492 581 dignior,
1514 546 1624 581 quam
1644 534 1717 577 illa,

155 594 191 626 in
219 604 288 639 qua
313 593 442 626 veritas
478 591 757 638 supernaturalis
791 590 1040 625 manifestatur
1074 602 1136 636 per
1162 589 1437 624 similitudinem
1471 588 1718 634 corporalium

155 657 288 687 rerum,
310 645 510 679 secundum
532 645 787 691 imaginariam
808 644 1007 686 visionem3
1035 652 1068 678 et
1091 655 1133 677 ex
1153 643 1225 677 hoc
1253 642 1363 676 etiam
1389 641 1589 676 ostenditur
1614 652 1717 675 mens

156 700 360 745 Prophetae
383 699 591 732 sublimior:
615 698 707 732 sicut
727 698 764 732 in
788 698 951 732 doctrina
978 697 1139 731 humana
1162 696 1305 730 auditor
1325 695 1525 729 ostenditur
1547 706 1624 729 esse
1646 706 1720 729 me-

154 753 254 786 lioris
275 752 490 793 intellectus,
512 751 573 797 qui
594 752 783 786 veritatem
804 750 1069 796 intelligibilem
1093 761 1112 783 a
1133 749 1309 794 magistro
1335 748 1431 782 nude
1458 747 1638 794 prolatam
1660 759 1715 782 ca-

155 817 239 852 pere
262 813 391 851 potest,
415 817 524 851 quam
545 805 605 839 ille
628 805 689 851 qui
713 804 851 850 indiget
878 803 1103 838 sensibilibus
1130 802 1304 849 exemplis
1333 802 1375 835 ad
1403 801 1475 835 hoc
1501 801 1715 844 manuduci;

156 860 250 893 unde
272 859 307 892 in
330 859 691 893 commendationem
712 858 923 904 prophetiae
944 856 1063 890 David
1086 856 1213 890 dicitur
1232 865 1262 889 2.
1278 855 1367 901 Reg.
1387 865 1460 900 23.:
1484 854 1574 889 Mihi
1595 855 1720 889 locutus

156 918 198 948 cst
222 913 317 956 fortis
339 913 463 953 Isratzh
495 920 529 946 et
558 920 683 958 postea
712 911 846 946 subdit:
875 911 967 946 Sicut
988 911 1046 944 lux
1067 921 1210 944 aurorae
1239 910 1362 944 oriente
1390 908 1453 943 sole
1478 919 1573 942 mane
1602 909 1720 954 absque

155 967 295 1000 nubibus
317 967 443 1000 rutilat.

227 1020 286 1054 AD
313 1030 465 1054 PRIMUM
493 1030 580 1065 ergo
608 1019 814 1060 dicendum,
841 1017 938 1064 quod
966 1016 1109 1063 quando
1137 1016 1256 1061 aliqua
1283 1013 1563 1060 supernaturalis
1588 1013 1720 1049 veritas

159 1073 351 1107 revelanda
383 1081 435 1107 est
462 1084 524 1118 per
558 1071 809 1106 similitudines
841 1070 1061 1116 corporales,
1091 1078 1176 1103 tunc
1207 1069 1324 1114 magis
1352 1076 1404 1102 est
1434 1067 1630 1113 Propheta,
1659 1067 1721 1113 qui

157 1134 348 1172 utrumque
370 1126 489 1167 habet,
509 1125 647 1159 scilicet
667 1124 790 1158 lumen
812 1123 1068 1164 intellectuale,
1086 1130 1121 1157 et
1134 1121 1389 1167 imaginariam
1403 1121 1595 1162 visionem,
1610 1131 1720 1167 quam

156 1179 218 1213 ille
241 1180 301 1226 qui
321 1179 430 1213 habet
452 1178 605 1212 alterum
627 1186 789 1219 tantum;
810 1177 892 1223 quia
915 1176 1108 1223 perfectior
1130 1183 1183 1210 est
1204 1175 1410 1221 prophetia3
1430 1182 1464 1208 et
1482 1182 1657 1220 quantum
1677 1174 1721 1208 ad

158 1234 230 1267 hoc
253 1233 412 1278 loquitur
433 1232 676 1277 Augustinus:
701 1231 762 1265 sed
784 1230 845 1264 illa
867 1230 1069 1276 prophetia,
1091 1229 1127 1262 in
1149 1240 1219 1275 qua
1240 1227 1419 1262 revelatur
1439 1228 1535 1262 nude
1556 1227 1723 1273 intelligi-

159 1286 239 1320 bilis
260 1286 404 1327 veritas,
427 1294 479 1319 est
501 1285 669 1318 omnibus
691 1285 821 1330 potior.

230 1339 290 1373 AD
313 1349 519 1373 SECUNDUM
538 1338 744 1379 dicendum,
767 1336 864 1383 quod
887 1336 982 1370 aliud
1005 1344 1058 1370 est
1078 1335 1251 1380 judicium
1271 1335 1314 1369 de
1335 1335 1391 1369 his
1410 1345 1501 1381 quae
1519 1342 1666 1381 propter
1683 1345 1720 1369 se

161 1400 391 1439 quaeruntur,
411 1400 445 1425 et
459 1392 502 1425 de
516 1391 572 1425 his
587 1402 678 1436 quae
694 1398 913 1436 quaeruntur
931 1397 1076 1435 propter
1091 1388 1205 1423 aliud:
1227 1388 1263 1421 in
1283 1388 1340 1422 his
1355 1388 1451 1422 enim
1467 1398 1559 1434 quae
1577 1395 1721 1433 propter

158 1457 195 1481 se
218 1453 447 1491 quaeruntur,
463 1452 598 1490 quanto
620 1445 732 1478 virtus
754 1443 893 1489 agentis
916 1442 959 1476 ad
981 1442 1095 1488 plura,
1111 1450 1145 1475 et
1165 1441 1362 1475 remotiora
1381 1452 1418 1475 se
1437 1440 1604 1482 extendit,
1619 1448 1720 1474 tanto

158 1500 279 1545 potior
300 1507 370 1533 est:
393 1499 485 1532 sicut
506 1498 669 1531 medicus
691 1505 875 1543 reputatur
893 1495 1034 1537 melior,
1058 1495 1119 1541 qui
1139 1494 1259 1540 plures
1281 1501 1410 1540 potest,
1433 1502 1468 1528 et
1488 1493 1605 1539 magis
1627 1505 1647 1527 a
1668 1505 1721 1528 sa-

157 1553 267 1587 nitate
290 1552 461 1586 distantes
483 1562 628 1585 sanare:
647 1551 684 1584 in
706 1551 761 1584 his
784 1558 916 1591 autern,
935 1560 1026 1595 quae
1040 1560 1115 1582 non
1130 1556 1349 1594 quaeruntur
1366 1547 1435 1581 nisi
1452 1554 1598 1593 propter
1613 1546 1720 1589 aliud,

158 1614 293 1652 quanto
322 1617 431 1651 agens
457 1613 576 1651 potest
603 1616 644 1638 ex
671 1604 912 1649 paucioribus,
940 1611 974 1636 et
998 1601 1314 1648 propinquioribus
1341 1601 1384 1634 ad
1411 1611 1517 1634 suum
1542 1600 1721 1634 intentum

159 1660 356 1705 pervenire,
377 1667 478 1693 tanto
500 1658 641 1691 videtur
662 1669 741 1691 esse
765 1656 912 1702 majoris
933 1655 1090 1689 virtutis:
1114 1655 1206 1688 sicut
1226 1654 1344 1700 magis
1363 1653 1529 1687 laudatur
1547 1653 1721 1694 medicus,

161 1713 221 1758 qui
243 1724 305 1758 per
326 1712 509 1758 pauciora,
533 1719 567 1745 et
589 1711 726 1744 leniora
748 1717 867 1756 potest
888 1720 1014 1743 sanare
1028 1707 1228 1742 infirmum:
1251 1707 1342 1741 visio
1366 1714 1486 1740 autem
1507 1706 1722 1752 imaginaria

161 1768 195 1800 in
223 1766 433 1811 cognitione
459 1764 672 1810 prophetica
698 1775 772 1797 non
799 1763 990 1808 requiritur
1015 1769 1160 1807 propter
1186 1772 1236 1802 se,
1262 1760 1324 1794 sed
1350 1768 1496 1806 propter
1522 1758 1724 1794 manifesta-

159 1820 297 1853 tionem
318 1818 552 1864 intelligibilis
573 1817 749 1859 veritatis,
770 1825 805 1851 et
821 1816 903 1850 ideo
922 1822 1022 1850 tanto
1039 1816 1158 1861 potior
1173 1822 1225 1848 est
1238 1813 1439 1860 prophetia,
1453 1820 1587 1859 quanto
1603 1813 1723 1847 minus

161 1884 202 1907 ea
223 1873 371 1918 indiget.

231 1927 290 1960 AD
319 1936 490 1961 TERTIUM
505 1924 710 1966 dicendum,
733 1924 827 1970 quod
851 1922 943 1957 nihil
964 1922 1132 1969 prohibet
1159 1921 1292 1967 aliquid
1315 1931 1391 1955 esse
1413 1919 1624 1966 simpliciter
1649 1931 1723 1954 me-

159 1980 238 2020 lius,
254 1980 350 2026 quod
364 1988 486 2013 tamen
505 1979 624 2012 minus
637 1978 782 2024 proprie
800 1977 927 2023 recipit
942 1976 1092 2021 alicujus
1107 1975 1431 2021 praedicationem:
1453 1974 1546 2008 sicut
1560 1974 1721 2019 cognitio

159 2034 294 2080 patriae
317 2041 369 2066 est
389 2033 558 2073 nobilior,
580 2043 688 2078 quam
713 2031 872 2076 cognitio
895 2031 995 2072 viae3
1018 2040 1110 2075 quae
1132 2037 1255 2062 tamen
1282 2027 1399 2073 magis
1425 2029 1568 2073 proprie
1594 2027 1722 2061 dicitur

160 2087 259 2128 fides,
281 2094 470 2132 propterea
492 2086 588 2131 quod
610 2096 746 2118 nomen
766 2084 852 2118 fidei
876 2085 1050 2129 importat
1075 2081 1389 2128 imperfectionem
1417 2080 1653 2126 cognitionis:
1681 2080 1723 2115 si-

160 2141 293 2174 militer
315 2149 435 2173 autem
456 2139 644 2186 prophetia
667 2139 838 2184 importat
860 2138 1056 2183 quamdam
1077 2136 1344 2176 obscuritatem,
1365 2143 1399 2169 et
1416 2136 1659 2168 remotionem
1678 2135 1721 2168 ab

160 2194 377 2239 intelligibili
402 2193 569 2234 veritate3
599 2200 633 2226 et
658 2192 740 2225 ideo
767 2191 884 2236 magis
909 2190 1052 2237 proprie
1080 2190 1246 2223 dicuntur
1272 2188 1488 2234 Prophetae,
1516 2188 1575 2233 qui
1600 2188 1724 2222 vident

160 2259 222 2293 per
244 2247 497 2292 imaginariam
518 2246 716 2287 visionem,
739 2244 903 2290 quamvis
925 2244 986 2277 illa
1008 2243 1198 2289 prophetia
1220 2242 1266 2276 sit
1285 2241 1454 2282 nobilior,
1472 2252 1564 2286 quae
1586 2249 1640 2275 est
1659 2252 1723 2287 per

159 2300 443 2335 intellectualem
461 2299 664 2340 visionem3
687 2298 888 2331 dummodo
907 2305 1029 2330 tamen
1052 2297 1095 2330 sit
1117 2296 1244 2330 eadem
1265 2295 1396 2328 veritas
1418 2294 1607 2340 utrobique
1626 2305 1723 2327 reve-

161 2354 251 2388 lata:
274 2355 302 2388 si
324 2365 410 2388 vero
438 2353 562 2387 lumen
589 2351 831 2386 intellectuale
854 2351 960 2384 alicui
983 2350 1150 2384 divinitus
1176 2348 1393 2390 infundatur,
1419 2359 1493 2381 non
1521 2348 1563 2381 ad
1590 2358 1723 2393 cogno-

161 2408 335 2441 scendum
359 2407 476 2452 aliqua
499 2404 793 2452 supernaturalia,
822 2404 882 2438 sed
914 2404 956 2437 ad
984 2403 1217 2449 judicandum
1245 2403 1443 2436 secundum
1471 2401 1721 2435 certitudinem

161 2461 320 2495 veritatis
347 2461 488 2494 divinae
516 2471 569 2500 ea,
597 2470 688 2505 quae
714 2458 874 2492 humana
903 2457 1041 2490 ratione
1070 2456 1244 2499 cognosci
1272 2462 1433 2501 possunt,
1460 2454 1510 2488 sic
1537 2453 1619 2488 talis
1645 2465 1724 2500 pro-

162 2515 281 2560 phetia
303 2513 555 2547 intellectualis
579 2520 631 2546 est
651 2511 741 2545 infra
762 2510 874 2551 illam,
898 2522 988 2556 quae
1009 2519 1062 2544 est
1081 2521 1163 2544 cum
1182 2509 1397 2555 imaginaria
1410 2507 1550 2542 visione
1569 2507 1722 2541 ducente

161 2569 196 2601 in
219 2566 525 2613 supernaturalem
552 2566 760 2599 veritatem:
788 2564 993 2609 cujusmodi
1020 2563 1249 2608 prophetiam
1276 2562 1477 2596 habuerunt
1504 2571 1631 2595 omnes
1656 2560 1720 2602 illi,

162 2622 221 2666 qui
242 2629 477 2654 numerantur
492 2620 525 2653 in
542 2620 667 2653 ordine
682 2618 963 2664 Prophetarum,
987 2617 1044 2662 qui
1069 2617 1177 2650 ctiam
1193 2628 1234 2650 ex
1250 2616 1320 2649 hoc
1340 2614 1543 2660 specialiter
1557 2614 1722 2647 dicuntur

161 2675 375 2720 Prophetae,
399 2674 481 2719 quia
508 2673 720 2719 prophetico
748 2670 869 2704 officio
900 2669 1158 2711 fungebanturg
1190 2669 1283 2702 unde
1316 2680 1358 2702 ex
1388 2678 1543 2713 persona
1569 2667 1722 2700 Domini

160 2728 408 2772 loquebantur,
433 2727 591 2760 dicentes
615 2726 657 2758 ad
681 2724 874 2770 populum:
900 2724 990 2756 Hirr
1013 2723 1090 2755 ‹lii-st
1120 2723 1303 2761 Dominum
1328 2721 1424 2766 quod
1446 2731 1519 2754 non
1541 2719 1722 2753 faciebant

159 2781 223 2821 illi,
246 2781 305 2825 qui
328 2780 578 2825 hagiographa
603 2779 910 2824 consci·ipserunt;
930 2787 1083 2821 quorum
1104 2776 1223 2820 plures
1243 2775 1482 2820 loquebantur
1502 2772 1721 2818 frequentius

159 2834 201 2866 de
224 2834 291 2873 his,
315 2845 405 2878 quae
430 2834 587 2865 humana
611 2832 749 2865 ratione
778 2829 951 2874 cognosci
974 2837 1134 2874 possunt,
1162 2839 1235 2861 non
1264 2828 1364 2872 quasi
1392 2838 1434 2860 ex
1460 2836 1613 2871 persona
1641 2826 1720 2867 Dei,

157 2887 219 2919 sed
244 2898 283 2920 ex
307 2897 459 2931 persona
483 2886 637 2931 propria,
661 2895 743 2918 cum
767 2883 944 2928 adjutorio
967 2891 1089 2916 tamen
1113 2881 1223 2914 divini
1245 2880 1402 2914 luminis.
