1859 3122
544 144 763 181 QUAESTIO
797 144 854 174 ct.
888 142 1133 173 ARTICULUS
1167 142 1227 171 111.
1575 139 1654 182 721

101 231 210 266 etiam
229 230 342 277 pietas
363 235 417 262 est
438 227 617 274 quaedam
639 225 850 272 protestatio
881 224 1077 266 charitatis,
1104 234 1212 270 quam
1239 223 1318 269 quis
1344 222 1453 256 habet
1475 220 1518 255 ad
1540 231 1664 267 paren-

101 294 165 327 tes,
187 293 222 319 et
244 284 287 318 ad
310 282 473 329 patriam.

172 338 232 372 An
254 346 460 372 SECUNDUM
483 334 688 375 dicendum,
711 333 807 380 quod
829 333 929 367 Deus
957 331 1066 378 longe
1093 330 1339 365 excellentiori
1361 329 1473 363 modo
1496 336 1549 362 est
1574 327 1666 374 prin-

103 391 237 438 cipium
259 389 401 424 essendi
423 397 457 422 et
479 388 761 433 gubernationis,
783 394 1026 432 quampater,
1047 385 1105 419 vel
1127 385 1259 430 patria;
1288 392 1322 418 et
1351 383 1434 417 ideo
1464 381 1533 416 alia
1554 382 1665 416 virtus

103 453 155 479 cst
180 444 321 489 religio,
341 453 431 488 quae
455 442 593 475 cultum
615 441 696 474 Deo
719 440 874 481 exhibet,
898 450 917 472 a
939 439 1081 484 pietate,
1103 449 1194 484 quae
1218 437 1360 471 exhibet
1383 435 1519 470 cultum
1542 446 1664 482 paren-

104 498 275 539 rentibus,
298 504 332 530 et
354 495 507 541 patriae:
536 495 596 528 sed
624 505 665 527 ea
688 504 779 539 quae
802 501 884 527 sunt
906 500 1163 532 creaturarum,
1190 502 1252 536 per
1279 490 1475 536 quamdam
1503 500 1666 534 superex-

104 551 322 591 cellentiam,
347 557 381 583 et
404 548 653 582 causalitatem
667 546 928 581 transferuntur
946 547 981 579 in
996 546 1128 587 Deum,
1150 552 1187 578 ut
1205 544 1373 590 Dionin.
1391 543 1476 577 dicit
1491 543 1526 576 in
1549 542 1607 575 lib.
1623 542 1666 576 de

103 605 185 639 Div.
207 603 317 638 Nom.
340 603 429 648 (cap.
452 614 478 636 Ι.
506 602 575 636 lact.
595 601 658 647 3.);
684 600 776 634 unde
803 611 864 646 per
887 598 1142 633 excellentiam
1170 598 1283 644 pietas
1315 596 1430 631 cultus
1453 596 1523 630 Dei
1553 595 1668 629 nomi-

104 665 219 699 natur,
241 657 333 691 sicut
355 664 389 690 et
410 656 509 689 Deus
531 653 748 689 excellenter
771 653 918 687 dicitur:
942 653 1041 686 Pater
1062 656 1178 686 noster.

176 711 235 745 AD
263 720 434 744 TERTIUM
457 707 663 749 dicendum,
691 707 786 752 quod
809 707 922 752 pietas
953 717 989 739 se
1025 705 1183 738 extendit
1205 704 1248 737 ad
1278 703 1444 750 patriam,
1466 702 1665 736 secundum

106 764 202 811 quod
225 771 278 797 est
298 763 402 797 nobis
425 761 608 808 quoddam
632 760 772 794 essendi
794 759 1030 805 principium:
1053 758 1114 791 sed
1137 757 1270 802 justitia
1292 756 1418 801 legalis
1441 756 1585 801 respicit
1606 756 1668 789 bo-

106 829 193 852 num
216 817 362 864 patriae,
390 815 589 849 secundum
611 813 707 859 quod
731 820 783 846 est
809 812 946 846 bonum
970 822 1187 853 commune,
1218 818 1252 844 et
1279 810 1360 844 ideo
1387 809 1520 855 justitia
1542 808 1668 855 legalis

108 871 224 917 magis
245 870 354 904 habet
375 868 471 915 quod
494 868 538 902 sit
558 867 669 901 virtus
692 865 881 912 generalis,
904 876 1013 910 quam
1035 864 1159 910 pietas.

663 988 1008 1034 ARTICULUS
1043 988 1118 1030 IV.
1606 999 1669 1044 „3

235 1101 386 1131 UTRUM
414 1098 666 1129 OCCASIONE
693 1097 942 1126 RELIGIONIS
971 1097 1068 1125 SINT
1096 1095 1523 1126 PRAETERMITTENDA

521 1164 721 1194 PIETATIS
749 1163 925 1192 OFFICIA
952 1163 996 1192 IN
1019 1162 1254 1192 PARENTES.

181 1253 240 1287 AD
262 1262 451 1292 QUARTUM
473 1252 522 1285 sic
546 1250 763 1298 proceditur.
782 1250 945 1292 Videtur,
961 1249 1057 1296 quod
1081 1250 1273 1283 occasione
1289 1248 1474 1294 religionis
1490 1248 1557 1282 sint
1576 1259 1674 1293 prae-

109 1306 339 1341 termittenda
368 1305 509 1352 pietatis
544 1304 663 1338 officia
696 1304 732 1337 in
758 1312 942 1350 parentes:
973 1303 1059 1337 dicit
1088 1303 1185 1336 enim
1206 1303 1401 1343 Dominus,
1424 1302 1512 1336 Luc.
1540 1311 1612 1344 14.:
1638 1302 1675 1336 δί

111 1361 181 1406 quis
204 1361 295 1394 venit
316 1359 358 1393 ad
380 1371 440 1400 me,
467 1363 495 1393 et
520 1370 584 1392 non
610 1357 677 1392 odit
697 1362 829 1403 patrem
856 1369 964 1398 sumn,
992 1361 1023 1391 et
1040 1361 1195 1398 matrem,
1226 1361 1257 1390 et
1284 1367 1433 1398 uxorwz,
1470 1360 1498 1389 ct
1515 1356 1617 1401 filios,
1645 1361 1675 1390 et

107 1415 243 1459 fratres,
261 1418 289 1447 εἰ
306 1424 442 1454 sorores,
465 1411 568 1446 adhuc
595 1416 704 1446 autem
722 1416 751 1445 et
777 1412 926 1444 animam
952 1422 1058 1451 suam,
1080 1421 1143 1443 non
1162 1415 1267 1456 potest
1287 1421 1375 1443 meus
1393 1421 1451 1443 esse
1473 1408 1668 1455 discipulus,

113 1467 207 1501 unde
230 1476 264 1500 et
285 1466 321 1499 in
336 1465 481 1499 laudem
499 1464 637 1510 Jacobi,
653 1472 687 1498 et
704 1464 864 1509 Joannis,
881 1463 1007 1498 Matth.
1023 1474 1055 1506 4.
1073 1463 1211 1504 dicitur,
1234 1463 1330 1509 quod
1352 1463 1474 1497 relictis
1495 1463 1628 1504 retibus,
1647 1467 1675 1495 εἰ

110 1524 217 1567 patre,
253 1520 354 1553 secuti
391 1523 467 1552 sunt
502 1518 690 1557 Christum,-
720 1525 754 1551 et
786 1517 822 1550 in
848 1517 994 1550 laudem
1028 1516 1239 1550 Levitarum
1267 1515 1395 1549 dicitur
1420 1516 1568 1549 Deuter.
1602 1526 1674 1560 33.:

116 1574 186 1618 Qui
199 1573 423 1618 diret-itpatri
439 1583 508 1613 suo,
527 1576 555 1605 εἰ
577 1572 679 1604 matri
699 1582 796 1604 suae:
825 1571 941 1604 Nescio
963 1581 1042 1610 ως,-
1059 1569 1269 1615 etfratrz'bus
1286 1570 1372 1603 suis:
1394 1569 1514 1614 Ignoro
1533 1568 1606 1602 illos
1615 1580 1627 1608 ;
1647 1573 1677 1602 ct

114 1625 401 1671 nescieruntfilios
421 1636 505 1666 suos,
521 1625 554 1658 hi
572 1623 789 1658 custodierunt
811 1624 975 1668 eloquium
1003 1628 1115 1657 tuum:
1139 1623 1199 1656 sed
1222 1622 1424 1667 ignorando
1443 1629 1620 1667 parentes,
1643 1629 1678 1655 et

115 1679 206 1713 alios
225 1678 529 1723 consanguineos,
543 1676 602 1710 vel
617 1677 726 1711 etiam
741 1676 898 1710 odiendo
915 1687 988 1717 eos,
1003 1687 1150 1710 necesse
1166 1683 1220 1709 est
1233 1675 1329 1721 quod
1349 1675 1678 1721 praetermittantur

115 1732 255 1778 pietatis
278 1731 414 1773 officia,
434 1742 521 1777 ergo
540 1739 685 1776 propter
705 1729 919 1775 religionem
943 1729 1062 1763 officia
1084 1729 1224 1775 pietatis
1247 1737 1329 1763 sunt
1349 1728 1678 1775 praetermittenda,

187 1795 219 1819 2.
242 1785 478 1819 PRAETEREA.
502 1783 630 1818 Matth.
653 1785 684 1817 8.
714 1791 748 1817 et
769 1783 856 1817 Luc.
879 1794 912 1829 9.
934 1783 1074 1824 dicitur,
1097 1783 1192 1828 quod
1214 1782 1397 1816 Dominus
1427 1782 1560 1816 dicenti
1593 1781 1677 1816 sibi:

118 1840 275 1874 Permitte
297 1851 346 1872 me
361 1839 514 1884 primum
537 1838 597 1878 ire,
619 1841 649 1871 et
665 1836 798 1883 sepelire
810 1841 942 1882 patrem
968 1848 1087 1877 meum,
1116 1836 1317 1882 respondit:
1339 1836 1415 1870 Sina
1433 1841 1467 1870 ut
1486 1837 1608 1870 mortui
1628 1847 1679 1869 se-

116 1893 246 1940 peliant
263 1897 412 1927 mortuos
432 1903 522 1926 suos:
551 1891 601 1925 Tu
620 1895 727 1925 autem
745 1890 839 1931 vade,
854 1895 885 1924 ct
906 1891 1069 1924 mutantia
1084 1902 1220 1935 regnum
1243 1890 1310 1924 Dei
1319 1901 1330 1929 ;
1354 1889 1451 1935 quod
1466 1889 1618 1935 pertinet
1637 1888 1680 1922 ad

119 1945 354 1991 religionem:
377 1944 561 1990 sepultura
587 1952 708 1978 autem
723 1943 831 1988 patris
847 1943 1000 1989 pertinet
1018 1943 1061 1977 ad
1079 1943 1220 1989 pietatis
1235 1941 1415 1985 officium3
1439 1954 1526 1988 ergo
1541 1942 1681 1989 pietatis

119 1998 281 2034 officium
303 2006 356 2032 est
376 1997 735 2044 praetermittendum
753 2005 900 2042 propter
920 1996 1146 2042 religionem.

193 2063 221 2098 3.
243 2051 480 2086 PRAETEREA.
507 2051 607 2084 Deus
629 2061 692 2096 per
714 2049 965 2084 excellentiam
991 2050 1120 2084 dicitur
1140 2050 1239 2084 Pater
1264 2055 1394 2084 noster:
1417 2049 1478 2084 sed
1506 2050 1598 2084 sicut
1618 2061 1681 2096 per

119 2105 260 2152 pietatis
282 2104 454 2150 obsequia
477 2103 631 2138 colimus
650 2110 826 2149 parenteS,
857 2103 906 2137 ita
928 2115 992 2149 per
1011 2102 1229 2149 religionem
1256 2102 1410 2137 colimus
1432 2103 1570 2145 Deum3
1593 2114 1680 2148 ergo

120 2157 439 2206 praetermittenda
461 2166 543 2191 sunt
564 2157 704 2203 pietatis
727 2157 899 2202 obsequia
921 2164 1066 2203 propter
1086 2156 1272 2202 religionis
1295 2156 1444 2190 cultum.

191 2222 224 2255 4.
246 2212 482 2246 PRAETEREA.
504 2210 681 2256 Religiosi
701 2218 867 2244 tenentur
888 2221 930 2243 ex
951 2218 1050 2252 voto,
1066 2211 1163 2256 quod
1175 2210 1377 2256 transgredi
1391 2221 1465 2244 non
1480 2209 1574 2251 licet,
1597 2221 1682 2244 suae

121 2265 306 2311 religionis
329 2265 574 2298 observantias
595 2263 757 2310 implere,
772 2263 972 2297 secundum
987 2275 1074 2309 quas
1097 2264 1170 2309 suis
1192 2263 1396 2309 parentibus
1410 2263 1598 2297 subvenire
1620 2263 1684 2296 im-

121 2319 311 2364 pediuntur
327 2330 334 2359 ;
360 2325 438 2351 tum
459 2324 603 2362 propter
616 2324 877 2362 paupertatem,
893 2316 975 2362 quia
990 2317 1135 2362 proprio
1155 2324 1294 2358 carent;
1315 2324 1392 2350 tum
1407 2316 1517 2350 etiam
1538 2324 1684 2361 propter

122 2371 378 2412 obedientiam,
401 2370 484 2416 quia
505 2370 581 2404 sine
602 2369 748 2404 licentia
769 2380 918 2404 suorum
937 2369 1182 2415 praelatorum
1204 2370 1254 2403 eis
1277 2369 1470 2404 claustrum
1494 2370 1588 2403 exire
1608 2380 1683 2403 non

121 2425 226 2466 licet;
248 2435 334 2469 ergo
350 2431 496 2470 propter
510 2422 723 2468 religionem
739 2424 1054 2468 praetermittenda
1070 2431 1150 2457 sunt
1169 2423 1310 2468 pietatis
1325 2422 1444 2456 officia
1457 2423 1493 2455 in
1507 2430 1683 2468 parentes.

194 2478 268 2512 SED
291 2487 446 2512 CONTRA
469 2485 532 2518 est,
554 2476 652 2522 quod
672 2476 864 2518 Dominus,
887 2476 1013 2510 Matth.
1037 2487 1100 2521 15„
1115 2476 1296 2521 redarguit
1316 2475 1543 2518 Pharisaeos,
1558 2475 1618 2521 qui
1632 2475 1685 2509 in-

121 2532 213 2565 tuitu
236 2530 421 2576 religionis
441 2529 623 2563 honorem
645 2529 848 2575 parentibus
871 2529 1030 2563 debitum
1052 2529 1260 2563 subtrahere
1283 2529 1471 2562 docebant.

195 2584 424 2618 REsponmzo
447 2582 653 2623 dicendum,
675 2582 771 2628 quod
801 2582 941 2628 religio,
963 2590 998 2616 et
1018 2583 1131 2628 pietas
1159 2590 1241 2616 sunt
1270 2581 1360 2616 duae
1389 2582 1556 2616 virtutes:
1586 2580 1686 2615 nulla

126 2646 248 2672 autem
273 2637 384 2671 virtus
411 2635 472 2670 alii
491 2635 613 2669 virtuti
634 2635 881 2677 contrariatur,
904 2644 964 2670 aut
985 2643 1180 2681 repugnat3
1203 2635 1297 2680 quia,
1322 2635 1522 2668 secundum
1549 2634 1684 2669 Philos.

126 2690 163 2724 in
187 2690 348 2724 Praedic.
373 2690 460 2735 (cap.
480 2689 516 2723 de
541 2689 691 2735 Oppos.),
714 2688 851 2722 bonum
874 2700 949 2722 non
971 2697 1024 2722 est
1044 2689 1142 2722 bono
1166 2688 1403 2729 contrarium3
1418 2688 1512 2722 unde
1533 2699 1607 2722 non
1626 2700 1688 2734 po-

126 2751 197 2778 test
217 2754 305 2784 esse,
328 2742 424 2788 quod
439 2742 562 2788 pietas,
585 2749 620 2775 et
640 2741 767 2787 religio
784 2753 822 2776 se
844 2750 971 2776 mutuo
987 2742 1197 2787 impediant,
1220 2749 1258 2775 ut
1278 2749 1423 2787 propter
1445 2749 1565 2775 actum
1581 2742 1686 2776 unius

129 2804 228 2830 actus
249 2795 393 2830 alterius
420 2794 645 2829 excludatur:
670 2794 857 2840 cujuslibet
878 2803 999 2829 autem
1021 2795 1159 2829 virtutis
1183 2802 1293 2836 actus,
1316 2802 1354 2828 ut
1376 2806 1418 2828 ex
1448 2806 1553 2841 supra
1582 2795 1686 2829 dictis

130 2857 226 2894 patet
248 2849 336 2892 (1-2.
358 2860 388 2896 q.
407 2859 437 2894 7.
460 2853 524 2882 art.
543 2859 574 2883 2.
594 2852 623 2882 et
648 2859 677 2893 q.
703 2848 754 2883 18.
777 2853 841 2882 art.
861 2848 921 2894 3),
938 2848 1064 2882 debitis
1087 2847 1363 2882 circumstantiis
1385 2847 1576 2890 limitatur3
1598 2859 1686 2895 quas
