1859 3122
538 176 759 214 QUAEsT1o
793 176 879 208 xm.
914 176 1158 207 Ain-murus
1191 178 1218 206 1.
1578 167 1661 221 657

98 258 268 295 affectum
290 258 482 301 laudantis,
505 266 540 294 et
562 259 606 294 ad
628 258 903 305 provocandum
928 257 1018 293 alios
1035 258 1078 293 ad
1092 257 1164 294 Dei
1181 257 1339 301 laudem,
1354 258 1446 293 sicut
1460 258 1596 293 dictum
1612 266 1665 293 est

100 315 150 359 (in
172 320 264 360 corp.
286 313 380 358 art).

170 366 231 402 Ao
259 376 430 402 TERTIUM
457 366 663 409 dicendum,
693 366 790 413 quod
822 366 944 401 Deum
971 377 1044 400 non
1071 366 1261 401 laudamus
1295 374 1441 413 propter
1473 366 1664 402 utilitatem

98 431 218 463 suam,
239 419 302 455 sed
324 428 470 467 propter
493 420 682 455 utilitatem
705 429 879 463 nostram,
900 429 938 455 ut
959 420 1095 455 dictum
1119 429 1171 455 est
1195 421 1244 465 (in
1266 427 1356 468 corp.
1380 420 1474 466 art).

658 563 1002 608 ARTICULUS
1038 564 1094 607 Π.
1595 577 1664 626 496

250 672 404 708 UTRUM
432 672 475 702 IN
502 672 664 702 DIVINIS
688 672 904 702 LAUDIBUS
927 673 1024 702 SINT
1054 673 1226 703 CANTUS
1254 672 1515 704 ASSUMENDI.

653 759 768 805 (Locis
793 765 856 794 art.
885 773 911 795 Ι.
940 761 1107 807 inductis).

171 849 231 884 AD
258 860 466 885 SECUNDUM
488 849 538 884 sic
560 849 776 896 proceditur.
799 849 962 892 Videtur,
990 850 1087 896 quod
1115 857 1242 884 cantus
1267 861 1343 884 non
1364 850 1435 885 sint
1458 851 1667 886 assumendi

100 904 135 938 in
157 902 303 938 laudem
326 903 504 937 divinam:
528 903 613 937 dicit
634 903 729 937 enim
753 903 954 948 Apostolus
970 904 1013 937 ad
1038 902 1186 938 Coloss.
1213 915 1261 950 3.:
1281 904 1453 947 Docentes,
1476 910 1504 940 et
1525 917 1668 940 commo-

101 962 219 998 nentes,
248 958 455 1004 nosmetipsos
480 958 515 991 in
536 956 686 1003 psalmis,
715 961 743 991 et
768 958 803 990 in
829 957 969 1003 hymnis,
992 962 1021 992 et
1055 958 1192 992 canticis
1213 958 1461 1003 spiritualibus:
1489 959 1550 993 sed
1576 958 1668 993 nihil

100 1010 273 1045 debemus
305 1021 486 1045 assumere
512 1010 548 1043 in
575 1009 738 1044 divinum
767 1009 906 1044 cultum
939 1018 1080 1057 praeter
1112 1021 1166 1052 ea,
1193 1022 1286 1057 quae
1315 1011 1419 1045 nobis
1454 1013 1667 1046 auctoritate

102 1063 306 1110 Scripturae
324 1063 529 1106 traduntur3
549 1074 635 1109 ergo
657 1063 808 1106 videtur,
831 1063 929 1110 quod
950 1075 1024 1098 non
1046 1063 1218 1098 debemus
1233 1065 1284 1099 uti
1302 1065 1338 1098 in
1357 1064 1486 1100 divinis
1504 1065 1670 1099 laudibus

102 1117 252 1151 canticis
273 1115 532 1163 corporalibus,
554 1116 616 1151 sed
635 1116 756 1151 solum
777 1117 1030 1163 spiritualibus.

174 1179 206 1204 2.
228 1170 463 1205 PRAETEREA.
486 1169 635 1205 Hieron.
657 1181 764 1216 super
785 1170 872 1204 illud
895 1170 939 1204 ad
961 1170 1092 1217 Ephes.
1118 1181 1164 1216 5.:
1190 1170 1379 1215 Cantantes,
1399 1177 1427 1207 et
1441 1172 1615 1219 psallentes
1635 1173 1671 1207 in

102 1223 253 1258 cordibus
269 1224 382 1258 vestris
408 1223 555 1257 Domino
578 1223 623 1268 (et
644 1223 781 1258 habetur
802 1230 894 1270 cap..·
918 1223 1106 1265 Cantantes,
1130 1225 1219 1259 Dist.
1243 1226 1312 1271 92.)
1338 1225 1440 1260 dicit:
1471 1239 1489 1258 «
1511 1226 1672 1261 Audiant

85 1277 193 1328 „haec
216 1275 487 1319 adolescentuli,
503 1276 650 1311 audiant
663 1277 712 1319 hi,
727 1277 855 1323 quibus
876 1277 912 1311 in
929 1277 1114 1312 Ecclesiae
1135 1286 1187 1313 est
1204 1278 1382 1324 psallendi
1404 1278 1565 1313 officium
1589 1280 1671 1314 Deo

102 1342 178 1365 non
191 1341 294 1372 voce,
310 1330 371 1365 sed
387 1330 496 1364 corde
512 1330 750 1366 cantandum:
769 1342 835 1365 nec
851 1331 886 1365 in
902 1331 1163 1377 tragoedorum
1182 1332 1335 1366 modum
1350 1341 1482 1378 guttur,
1498 1341 1532 1367 et
1549 1332 1672 1367 fauces

104 1384 345 1419 medicamine
372 1383 552 1418 liniendae
579 1392 672 1426 sunt,
699 1392 737 1418 ut
763 1384 799 1418 in
826 1384 989 1419 Ecclesia
1015 1385 1210 1420 theatrales
1237 1386 1379 1420 moduli
1406 1386 1606 1429 audiantur,
1635 1394 1671 1421 et

105 1437 245 1472 cantica
266 1450 308 1481 >›;
329 1448 404 1472 non
426 1448 514 1484 ergo
536 1437 572 1471 in
593 1437 718 1472 laudes
740 1438 810 1473 Dei
832 1446 914 1473 sunt
936 1447 1061 1473 cantus
1085 1439 1304 1474 assumendi.

178 1502 207 1538 3.
234 1491 470 1526 PRAETEREA.
498 1491 664 1525 Laudare
698 1492 820 1526 Deum
855 1494 1027 1527 convenit
1061 1493 1190 1538 parvis,
1219 1501 1253 1527 et
1279 1493 1433 1539 magnis,
1470 1493 1671 1528 secundum

105 1544 193 1579 illud
219 1544 372 1591 Apocal.
400 1555 471 1592 19.:
499 1545 647 1580 Laudem
675 1545 772 1580 dicite
798 1546 870 1580 Deo
898 1551 1007 1581 nostro
1036 1557 1144 1581 omnes
1177 1548 1284 1581 sancti
1305 1549 1385 1592 ejus,
1412 1552 1442 1582 et
1467 1548 1524 1593 qui
1550 1549 1672 1582 timetis

105 1600 229 1641 Deum,
245 1599 372 1645 pusilli,
393 1603 421 1633 et
438 1600 568 1644 magni:
591 1599 653 1633 sed
675 1600 843 1644 majores,
863 1599 924 1646 qui
945 1608 1028 1634 sunt
1049 1599 1085 1633 in
1107 1599 1282 1642 Ecclesia,
1301 1611 1375 1634 non
1394 1600 1498 1635 decet
1515 1609 1673 1643 cantare,

106 1652 193 1686 dicit
213 1652 311 1686 enim
334 1652 533 1698 Gregorius
555 1652 607 1697 (in
629 1653 767 1697 Registr.
793 1653 849 1687 lib.
871 1664 904 1697 4.
925 1654 1016 1699 epist.
1036 1664 1093 1698 44.
1112 1665 1132 1688 a
1148 1655 1291 1700 priua),
1315 1662 1349 1688 et
1369 1654 1522 1689 habetur
1547 1655 1583 1688 in
1604 1654 1675 1689 De-

106 1705 212 1740 cretis
231 1706 322 1739 Dist.
338 1715 394 1752 92.
414 1716 509 1752 cap.:
527 1705 568 1740 In
587 1710 701 1740 sancta
724 1707 875 1741 Romana
890 1707 1035 1741 Ecclesia
1047 1717 1056 1738 :
1084 1719 1101 1738 «
1116 1707 1302 1741 Praesenti
1317 1707 1463 1742 decreto
1480 1708 1673 1749 constitue,

105 1767 144 1793 ut
163 1759 200 1793 in
221 1759 306 1793 sede
327 1759 395 1792 hac
419 1759 511 1793 sacri
532 1758 653 1793 altaris
675 1758 829 1794 ministri
847 1767 991 1794 cantare
1013 1770 1087 1794 non
1110 1759 1264 1794 debeant
1281 1773 1320 1803 »3
1339 1771 1426 1807 ergo
1450 1769 1577 1796 cantus
1598 1773 1673 1795 non

73 1809 78 1813 ’
107 1812 330 1847 conveniunt
350 1812 478 1847 divinis
500 1811 675 1846 laudibus.

176 1875 209 1908 4.
232 1865 467 1900 PRAETEREA.
490 1866 531 1899 In
552 1867 663 1900 veteri
684 1865 765 1911 lege
787 1865 1000 1900 laudabatur
1020 1866 1120 1900 Deus
1142 1866 1179 1900 in
1200 1867 1348 1902 musicis
1362 1867 1622 1911 instrumentis,
1641 1877 1677 1902 et

106 1919 275 1953 humanis
298 1919 472 1961 cantibus,
494 1919 695 1953 secundum
716 1918 804 1953 illud
821 1919 915 1954 Psal.
942 1930 1011 1966 32.:
1038 1920 1250 1966 Confitmnini
1263 1922 1412 1956 Domino
1430 1923 1465 1956 in
1481 1922 1624 1965 cithara,
1639 1923 1674 1956 in

106 1973 261 2019 psalterio
288 1972 394 2007 decem
421 1972 622 2007 chordarum
644 1973 776 2019 psallite
802 1973 873 2008 illi:
902 1978 1030 2008 cantate
1051 1975 1079 2008 ai
1101 1976 1267 2009 canticum
1289 1987 1436 2010 novum:
1463 1976 1525 2009 sed
1551 1975 1678 2010 instru-

109 2034 230 2060 menta
256 2026 406 2068 musica,
433 2026 526 2060 sicut
552 2026 719 2068 citharas,
743 2034 777 2060 et
798 2025 978 2072 psalteria,
1005 2038 1079 2061 non
1107 2028 1257 2062 assumit
1282 2027 1448 2062 Ecclesia
1475 2029 1510 2062 in
1538 2028 1676 2063 divinas

109 2079 245 2121 laudes,
266 2090 312 2113 ne
333 2079 496 2113 videatur
515 2079 715 2125 judaizare3
739 2090 825 2125 ergo
848 2080 925 2126 pari
946 2080 1086 2114 ratione
1104 2091 1171 2115 nec
1192 2088 1318 2115 cantus
1337 2081 1373 2115 in
1396 2081 1534 2116 divinas
1552 2081 1676 2116 laudes

111 2140 194 2167 sunt
215 2132 434 2166 assumendi.

187 2195 214 2230 5.
230 2185 466 2220 PRAETEREA.
486 2185 725 2232 Principalior
740 2194 792 2220 est
802 2185 880 2220 laus
895 2186 1038 2228 mentis,
1054 2198 1164 2233 quam
1178 2187 1256 2222 laus
1272 2187 1362 2230 oris;
1378 2187 1439 2222 sed
1454 2187 1532 2222 laus
1546 2188 1678 2222 mentis

111 2238 305 2285 impeditur
326 2250 388 2285 per
410 2245 553 2273 cantus:
575 2247 654 2273 tum
676 2239 758 2286 quia
777 2240 1000 2274 cantantium
1022 2240 1173 2274 intentio
1197 2241 1414 2275 abstrahitur
1435 2253 1454 2275 a
1477 2242 1679 2276 considera-

112 2293 211 2326 tione
239 2302 366 2325 eorum
393 2303 485 2337 quae
513 2299 668 2335 cantant,
696 2292 783 2326 dum
810 2294 903 2327 circa
932 2301 1078 2328 cantum
1105 2294 1266 2328 student:
1294 2302 1372 2328 tum
1399 2295 1508 2328 etiam
1531 2295 1614 2340 quia
1634 2305 1677 2329 ea

114 2356 205 2391 quae
233 2353 433 2386 cantantur,
460 2345 579 2379 minus
602 2345 643 2379 ab
667 2345 744 2380 aliis
766 2345 919 2392 intelligi
941 2355 1102 2392 possunt,
1126 2359 1234 2393 quarn
1257 2347 1287 2382 si
1313 2348 1388 2382 sine
1412 2355 1519 2382 cantu
1546 2347 1678 2394 profer-

116 2406 254 2440 rentur3
277 2409 364 2444 ergo
387 2406 512 2432 cantus
534 2410 608 2432 non
629 2407 710 2433 sunt
731 2400 766 2433 in
789 2399 918 2434 divinis
937 2399 1100 2434 laudibus
1123 2401 1342 2435 assumendi.

185 2451 259 2485 SED
276 2461 431 2486 CONTRA
453 2459 517 2493 est,
540 2452 637 2497 quod
656 2452 786 2486 Beatus
802 2453 1019 2487 Ambrosius
1034 2453 1069 2487 in
1083 2453 1248 2488 Ecclesia
1269 2453 1535 2488 Mediolanensi
1551 2462 1677 2489 cantus

114 2505 276 2546 instituit,
298 2512 336 2538 ut
358 2505 582 2550 Augustinus
604 2504 712 2539 refert
732 2505 791 2539 lib.
813 2517 845 2552 9.
870 2506 1035 2540 Confess.
1059 2509 1147 2553 (rap.
1171 2507 1231 2553 7.).

186 2558 416 2592 RESPONDEO
439 2557 644 2600 dicendum,
664 2559 772 2604 quod,
787 2559 879 2593 sicut
901 2559 1036 2593 dictum
1059 2568 1112 2594 est
1134 2560 1212 2604 (art.
1229 2561 1375 2606 praec),
1390 2559 1467 2594 laus
1482 2559 1619 2594 vocalis
1635 2560 1678 2594 ad

115 2612 185 2645 hoc
208 2611 412 2645 necessaria
435 2619 498 2652 est,
520 2621 558 2645 ut
580 2611 727 2646 affectus
753 2612 913 2646 hominis
940 2622 1158 2658 provocetur
1184 2614 1219 2647 in
1247 2614 1379 2655 Deum,
1407 2621 1440 2646 et
1465 2613 1547 2646 ideo
1571 2625 1675 2659 quae-

116 2676 270 2710 cumque
293 2665 336 2698 ad
358 2665 429 2699 hoc
456 2664 556 2698 utilia
578 2676 654 2698 esse
676 2674 836 2710 possunt,
859 2667 894 2699 in
917 2667 1054 2700 divinas
1081 2666 1205 2700 laudes
1229 2674 1470 2711 congruenter
1493 2678 1679 2700 assumun-

116 2727 191 2752 tur:
227 2718 459 2753 manifestum
489 2726 541 2752 est
573 2727 705 2760 autem,
736 2720 831 2764 quod
865 2721 1063 2754 secundum
1100 2720 1258 2754 diversas
1292 2719 1469 2753 melodias
1492 2731 1678 2762 sonorum,

118 2772 228 2805 animi
254 2772 448 2805 hominum
475 2772 717 2805 diversimode
744 2773 1001 2818 disponuntur;
1023 2781 1060 2807 ut
1082 2780 1179 2819 patet
1200 2784 1263 2818 per
1284 2772 1420 2806 Philos.
1446 2772 1484 2806 in
1511 2773 1542 2806 8.
1570 2773 1676 2808 Polit.

120 2825 205 2871 (cap.
223 2836 252 2870 5.
271 2825 303 2859 6.
326 2830 353 2859 et
372 2826 417 2871 7.)
442 2831 475 2858 et
497 2836 560 2870 per
581 2825 749 2858 Boetium
770 2825 807 2858 in
828 2825 918 2872 prol.
941 2826 1102 2860 musicae
1126 2825 1193 2869 (sau
1219 2826 1275 2860 lib.
1302 2838 1328 2860 1.
1356 2831 1427 2872 cap.
1449 2827 1516 2871 1.);
1541 2834 1575 2860 et
1596 2826 1678 2861 ideo

119 2877 306 2912 salubriter
326 2877 393 2912 fuit
412 2877 626 2920 institutum,
645 2885 683 2912 ut
699 2877 736 2912 in
755 2878 893 2913 divinas
914 2878 1038 2913 laudes
1061 2887 1186 2912 cantus
1208 2887 1487 2921 assumerentur,
1509 2887 1547 2914 ut
1568 2879 1679 2913 animi
