1859 3122
195 179 307 222 1174
596 173 817 209 QUAESTIO
852 171 1027 202 CLXXXI.
1060 170 1305 201 ARTICULUS
1338 170 1366 200 1.

262 259 320 293 AD
339 266 511 292 TERTIUM
539 255 744 296 dicendum,
771 253 867 300 quod
897 253 990 287 sicut
1009 253 1121 287 virtus
1143 263 1235 299 quae
1265 252 1450 286 ordinatur
1474 252 1511 286 in
1532 252 1643 286 finem
1665 252 1751 287 alte-

191 313 264 347 rius
284 310 438 351 virtutis,
459 310 585 343 transit
607 307 881 354 quodammodo
903 307 939 340 in
961 307 1125 352 speciem
1147 307 1240 351 ejus:
1255 306 1304 340 ita
1327 305 1436 340 etiarn
1457 305 1601 352 quando
1623 305 1752 352 aliquis

190 366 299 400 utitur
331 364 386 397 his
420 374 511 408 quae
534 369 615 396 sunt
647 362 741 395 vitae
777 361 928 401 activae,
951 359 1072 394 solum
1101 367 1208 405 prout
1244 359 1439 405 disponunt
1466 359 1509 393 ad
1532 358 1752 406 contempla—

189 420 339 459 tionem,
380 415 736 462 comprehenduntur
756 414 819 448 sub
856 414 929 448 vita
958 413 1259 459 contemplativa,
1291 413 1327 446 in
1348 413 1404 447 his
1431 420 1552 447 autem
1578 413 1639 459 qui
1672 424 1754 459 ope-

191 473 287 506 ribus
309 471 482 504 virtutum
505 468 699 502 moralium
718 467 920 509 intendunt,
930 475 1116 512 tamquam
1135 466 1336 501 secundum
1358 477 1395 500 se
1415 466 1532 508 bonis,
1546 477 1620 500 non
1631 474 1753 501 autem

190 534 376 571 tamquam
399 522 671 568 disponentibus
695 522 738 555 ad
755 521 868 554 vitam
888 520 1221 566 contemplativam,
1235 520 1382 554 virtutes
1398 519 1554 554 morales
1575 520 1754 566 pertinent

191 579 234 613 ad
252 579 364 612 vitam
387 577 563 610 activam:
585 575 751 621 quamvis
774 575 884 609 etiarn
905 574 974 608 dici
998 574 1122 619 possit,
1149 574 1246 620 quod
1266 573 1340 607 vita
1362 573 1478 607 activa
1500 573 1686 619 dispositio
1708 573 1753 608 sit

193 633 236 667 ad
257 631 370 665 vitam
392 629 723 675 contemplativam.

757 769 1101 814 ARTICULUS
1133 769 1189 811 Π.
1684 779 1752 825 857

374 880 525 910 UTRUM
558 878 809 909 PRUDENTIA
840 877 1085 907 PERTINEAT
1118 865 1176 905 AD
1209 876 1347 905 VITAM
1379 875 1588 905 ACTIVAM.

462 968 578 1014 (supr.
598 980 627 1014 q.
655 968 710 1003 80.
733 973 796 1002 art.
828 979 859 1002 2.
888 972 979 1012 corp.
1002 971 1031 1000 et
1048 972 1157 1012 praes.
1185 977 1214 1010 q.
1242 969 1307 999 art.
1333 976 1360 999 Ι.
1388 969 1479 1010 corp.

705 1026 733 1056 et
759 1027 867 1068 opusc.
894 1031 944 1066 17.
971 1026 1043 1066 cap.
1072 1030 1101 1065 7.
1124 1018 1166 1053 ad
1187 1018 1245 1065 7).

264 1113 323 1147 AD
346 1123 553 1147 SECUNDUM
575 1112 626 1146 sic
647 1111 865 1158 proceditur.
892 1109 1055 1151 Videtur,
1081 1109 1177 1155 quod
1200 1107 1387 1155 prudentia
1408 1118 1483 1141 non
1508 1106 1685 1152 pertineat
1711 1106 1755 1141 ad

189 1167 302 1201 vitam
318 1166 493 1200 activam:
513 1166 605 1200 sicut
626 1165 723 1199 enim
738 1165 808 1198 vita
832 1163 1114 1209 contemplativa
1129 1163 1281 1209 pertinet
1300 1161 1343 1195 ad
1354 1162 1432 1195 vim
1454 1160 1692 1206 cognitivam3
1706 1160 1755 1194 ita

192 1221 309 1255 activa
331 1220 375 1254 ad
396 1220 470 1253 vim
502 1219 754 1265 appetitivam:
782 1218 970 1264 prudentia
993 1225 1113 1251 autem
1140 1227 1215 1249 non
1237 1215 1390 1261 pertinet
1419 1214 1461 1248 ad
1483 1214 1558 1248 vim
1585 1214 1753 1260 appetiti-

191 1286 288 1316 vam,
307 1274 368 1308 sed
384 1273 500 1318 magis
517 1273 560 1307 ad
575 1272 816 1317 cognitivam3
839 1282 926 1316 ergo
942 1270 1130 1315 prudentia
1144 1280 1217 1303 non
1232 1269 1384 1314 pertinet
1403 1268 1445 1302 ad
1460 1267 1571 1302 vitam
1587 1268 1753 1301 activam.

262 1337 293 1361 2.
316 1327 553 1362 PRAETEREA.
577 1325 730 1371 Gregor.
754 1325 840 1359 dicit
861 1335 967 1370 super
988 1323 1121 1357 Ezech.
1144 1323 1250 1367 (bom.
1271 1333 1322 1366 14.
1342 1333 1361 1355 α
1378 1321 1492 1366 med),
1517 1321 1613 1367 quod
1643 1322 1755 1355 activa

190 1383 273 1422 vita,
300 1380 378 1414 dum
400 1385 581 1426 occupatur
606 1380 641 1412 in
669 1385 772 1424 opere,
801 1379 909 1411 minus
934 1377 1041 1411 videt:
1069 1376 1163 1410 unde
1191 1375 1414 1421 significatur
1435 1385 1498 1420 per
1520 1374 1636 1415 Liam,
1663 1385 1754 1420 quae

187 1434 304 1480 lippos
327 1433 454 1468 oculos
473 1433 644 1466 habebat:
664 1431 853 1478 prudentia
868 1438 989 1464 autern
1004 1430 1150 1475 requirit
1166 1428 1295 1463 oculos
1309 1428 1438 1470 claros,
1453 1435 1492 1462 ut
1505 1435 1603 1462 recte
1620 1427 1755 1472 judicet

194 1488 308 1522 homo
340 1487 382 1521 de
413 1486 581 1532 agendis;
613 1496 700 1531 ergo
729 1485 881 1526 videtur,
912 1483 1008 1530 quod
1037 1483 1225 1529 prudentia
1253 1493 1329 1516 non
1363 1481 1541 1528 pertineat
1570 1481 1614 1515 ad
1641 1481 1755 1515 vitam

192 1541 360 1575 activam.

264 1606 292 1640 3.
309 1594 544 1628 PRAETEREA.
561 1592 756 1627 Prudentia
770 1591 890 1625 media
905 1598 958 1624 est
972 1590 1064 1624 inter
1077 1592 1226 1624 virtutes
1241 1588 1410 1631 morales,
1426 1596 1460 1622 et
1474 1587 1754 1622 intellectuales:

192 1648 253 1681 sed
265 1647 355 1682 sicut
365 1647 513 1681 virtutes
525 1645 682 1680 morales
697 1645 875 1692 pertinent
889 1644 932 1678 ad
947 1644 1058 1678 vitam
1076 1643 1244 1685 activam,
1258 1651 1296 1676 ut
1307 1643 1442 1676 dictum
1454 1649 1507 1676 est
1518 1642 1598 1686 (art.
1609 1641 1753 1688 praec),

188 1701 237 1735 ita
257 1700 519 1735 intellectuales
542 1700 586 1734 ad
609 1698 953 1745 contemplativam3
977 1708 1063 1743 ergo
1085 1697 1236 1737 videtur,
1259 1696 1355 1742 quod
1377 1695 1566 1742 prudentia
1584 1706 1658 1729 non
1680 1705 1756 1741 per-

187 1755 299 1788 tineat
325 1765 442 1800 neque
465 1754 507 1787 ad
530 1754 643 1787 vitam
667 1753 835 1793 activam,
862 1762 980 1797 neque
1008 1750 1051 1784 ad
1080 1749 1414 1795 contemplativam,
1442 1749 1504 1783 sed
1527 1748 1571 1782 ad
1593 1748 1754 1782 medium

187 1808 329 1842 vivendi
353 1819 477 1853 genus,
500 1807 596 1853 quod
619 1807 772 1852 August.
796 1805 898 1851 ponit
924 1815 975 1851 19.
999 1804 1042 1838 de
1067 1804 1144 1838 Civ.
1167 1803 1237 1837 Dei
1258 1804 1344 1849 (cap.
1368 1814 1398 1837 2.
1421 1808 1451 1837 et
1471 1803 1550 1848 19.).

260 1861 335 1896 SED
359 1871 514 1896 CONTRA
531 1869 594 1902 est,
610 1860 706 1906 quod
728 1858 864 1893 Philos.
884 1859 921 1892 in
943 1869 994 1892 10.
1010 1857 1125 1891 Ethic.
1145 1857 1234 1903 (cap.
1253 1857 1315 1901 8.),
1332 1856 1559 1902 prudentiam
1577 1854 1754 1901 pertinere

188 1914 274 1948 dicit
295 1914 339 1948 ad
361 1914 573 1948 felicitatem
597 1913 766 1954 activam,
789 1912 832 1946 ad
855 1923 965 1958 quarn
987 1911 1166 1956 pertinent
1186 1910 1334 1943 virtutes
1357 1909 1525 1943 morales.

258 1968 488 2002 RESPONDEO
512 1967 717 2007 dicendum,
734 1966 842 2011 quod,
857 1965 949 1999 sicut
970 1975 1075 2010 supra
1099 1964 1235 1997 dictum
1252 1970 1304 1997 est
1318 1963 1399 2007 (art.
1416 1969 1530 2009 praec.
1547 1962 1589 1996 ad
1602 1974 1630 2008 3.
1646 1966 1675 1996 et
1687 1973 1753 1996 1-2.

188 2034 217 2067 t]-
237 2022 285 2056 18.
309 2026 371 2055 art.
393 2022 454 2066 7.),
474 2021 508 2054 id
532 2020 629 2066 quod
652 2020 838 2053 ordinatur
861 2018 903 2052 ad
927 2017 1022 2051 aliud
1041 2017 1133 2051 sicut
1156 2017 1199 2050 ad
1222 2016 1342 2058 finem,
1370 2016 1562 2062 praecipue
1580 2015 1616 2049 in
1635 2026 1753 2050 mora-

186 2075 291 2116 libus,
312 2074 464 2108 trahitur
486 2074 530 2107 ad
552 2073 713 2119 speciem
736 2073 822 2117 ejus,
847 2071 889 2105 ad
912 2071 1008 2117 quod
1028 2070 1228 2104 ordinatur:
1253 2070 1344 2103 sicut
1364 2069 1416 2103 illa
1430 2071 1485 2115 qui
1504 2069 1704 2110 moechatur,
1720 2073 1755 2103 ut

178 2129 327 2174 furetur,
359 2129 464 2173 magis
493 2127 616 2161 dicitur
648 2127 717 2169 fur,
742 2138 841 2171 qnam
872 2125 1031 2165 moechus,
1065 2123 1266 2157 secundum
1299 2122 1435 2156 Philos.
1466 2122 1502 2156 in
1537 2133 1564 2167 5.
1594 2122 1752 2156 Ethicor.

189 2181 277 2227 (cas).
299 2181 367 2225 2.):
388 2179 621 2214 manifestum
644 2187 696 2213 est
718 2187 851 2226 autem,
874 2178 971 2223 quod
994 2177 1155 2221 cognitio
1175 2176 1386 2222 prudentiae
1406 2176 1592 2210 ordinatur
1611 2175 1654 2209 ad
1673 2186 1755 2222 ope-

187 2235 344 2268 rationes
365 2234 538 2268 virtutum
560 2232 767 2274 moralium,
790 2232 882 2266 sicut
904 2231 948 2264 ad
970 2230 1099 2264 finem:
1130 2238 1183 2264 est
1210 2230 1308 2263 enirn
1335 2235 1424 2264 recta
1450 2231 1536 2263 ratio
1564 2229 1752 2274 agibffium,

187 2288 278 2322 sicut
304 2287 433 2321 dicitur
458 2287 494 2320 in
521 2284 553 2320 6.
581 2286 697 2320 Ethic.
727 2285 814 2331 (cap.
840 2285 911 2330 5.);
941 2284 1035 2317 unde
1067 2291 1101 2317 et
1131 2283 1219 2317 fines
1240 2283 1414 2317 virtutum
1443 2282 1639 2316 moralium
1672 2290 1755 2316 sunt

188 2341 363 2387 principia
385 2340 606 2386 prudentiae,
629 2340 720 2373 sicut
740 2339 777 2372 in
797 2338 927 2372 eodem
949 2337 1008 2370 lib.
1033 2333 1169 2370 Pliilos.
1192 2336 1296 2378 dicit3
1318 2336 1411 2370 sicut
1433 2347 1520 2382 ergo
1543 2335 1679 2369 dictum
1701 2343 1755 2369 est

190 2394 270 2437 (art.
287 2400 400 2440 praec.
422 2393 463 2427 ad
483 2395 544 2439 3.)‚
568 2392 665 2438 quod
687 2392 835 2426 virtutes
864 2389 1020 2424 morales
1049 2391 1084 2423 in
1115 2401 1158 2423 eo
1190 2389 1250 2435 qui
1277 2389 1418 2423 ordinat
1448 2400 1508 2423 eas
1530 2389 1573 2423 ad
1595 2389 1753 2434 quietem

190 2446 520 2492 contemplationis,
547 2446 726 2492 pertinent
748 2444 790 2478 ad
813 2445 924 2478 vitam
948 2442 1288 2489 contemplativam3
1310 2443 1358 2476 ita
1380 2444 1522 2488 cognitio
1545 2442 1753 2488 prudentiae,

190 2511 281 2545 quae
303 2500 346 2534 de
369 2511 405 2534 se
429 2500 614 2534 ordinatur
636 2499 679 2532 ad
702 2497 931 2544 operationes
953 2497 1126 2530 virtutum
1149 2496 1356 2538 moralium,
1378 2496 1511 2530 directe
1533 2495 1687 2541 pertinet
1708 2495 1753 2529 ad

191 2554 303 2586 vitam
331 2553 506 2593 activam3
529 2553 559 2586 si
579 2561 703 2586 tamen
724 2550 912 2597 prudentia
934 2549 1075 2595 proprie
1098 2558 1272 2591 sumatur,
1294 2549 1493 2583 secundum
1516 2548 1612 2594 quod
1634 2548 1754 2583 Philo-

193 2607 328 2652 sophus
351 2606 393 2640 de
417 2617 458 2640 ea
480 2606 657 2651 loquitur:
688 2605 718 2639 si
748 2612 867 2638 autem
897 2610 1058 2636 sumatur
1087 2602 1330 2643 communius,
1351 2610 1458 2648 prout
1486 2601 1624 2636 scilicet
1653 2612 1753 2635 com-

192 2659 381 2705 prehendit
403 2659 707 2705 qualemcumque
736 2657 936 2691 humanam
965 2656 1226 2701 cognitionem,
1251 2657 1296 2689 sic
1320 2655 1501 2701 prudentia
1527 2659 1686 2700 quantum
1711 2655 1754 2689 ad

193 2713 342 2757 aliquam
366 2714 418 2746 sui
436 2717 567 2758 partem
582 2713 723 2758 pertinet
740 2710 781 2744 ad
801 2711 908 2744 vitam
931 2709 1245 2755 contemplativam:
1268 2708 1469 2742 secundum
1490 2708 1585 2753 quod
1610 2707 1752 2743 Tullius

195 2765 281 2800 dicit
301 2765 337 2799 in
363 2776 390 2799 1.
414 2766 456 2800 de
481 2764 588 2800 Offic.
611 2765 664 2809 (in
686 2766 736 2799 tit.
762 2763 798 2798 de
821 2763 977 2808 Quatuor
1005 2763 1188 2796 Virtutibus
1209 2761 1291 2795 unde
1312 2763 1423 2795 omnia
1449 2761 1554 2807 officia
1580 2762 1751 2805 manant),

193 2818 290 2864 quod
315 2831 333 2850 «
351 2818 411 2864 qui
433 2818 651 2859 acutissime,
674 2826 708 2852 et
730 2816 916 2851 celerrime
937 2823 1055 2862 potest
1078 2824 1112 2849 et
1131 2815 1252 2849 videre
1278 2826 1416 2856 verum,
1439 2823 1473 2849 et
1495 2813 1674 2861 explicare
1701 2825 1751 2850 ra-

192 2873 342 2913 tionem,
363 2872 392 2905 is
414 2871 723 2918 prudentissimus,
746 2878 781 2905 et
801 2868 1085 2916 sapientissimus
1108 2868 1172 2903 rite
1192 2868 1318 2903 haberi
1338 2867 1476 2902 solet».
