1905 3137
214 148 270 202 48
654 159 875 194 QUAESTIO
908 158 950 188 11.
985 158 1227 188 ARTICULUS
1259 158 1331 187 vn.

212 249 353 275 tenetur
373 241 486 275 homo
502 240 665 286 explicite
681 239 826 274 credere
841 251 893 282 ea,
908 251 999 286 quae
1022 239 1141 285 angeli
1162 241 1350 285 ignorant;
1373 238 1456 284 quia
1478 238 1666 284 explicatio
1685 238 1768 273 fidei

211 293 250 328 fit
271 305 333 340 per
354 293 613 328 revelationem
635 293 805 335 divinam,
825 305 915 339 quae
937 293 1098 339 pervenit
1118 293 1160 326 ad
1181 292 1350 326 homines
1365 292 1604 327 mediantibus
1619 291 1767 338 angelis,

211 355 250 380 ut
276 347 410 380 dictum
437 355 489 380 est
515 347 595 391 (art.
614 353 727 392 praes.
749 351 877 392 εἴρω-ί.
900 359 927 381 r.
949 359 978 392 q.
1002 359 1064 381 ΠΙ.
1092 351 1154 380 art.
1178 346 1244 390 1.).·
1272 345 1334 379 sed
1362 345 1470 379 etiam
1497 345 1616 391 angeli
1638 353 1768 391 myste-

211 400 304 433 rium
326 399 586 433 incarnationis
608 399 882 445 ignoraverunt:
898 400 991 433 unde
1010 399 1230 445 quaerebant
1251 399 1286 432 in
1305 397 1438 432 Psalm.
1458 408 1532 444 23.:
1553 399 1637 443 Quis
1654 403 1696 432 est
1713 399 1768 432 isle

214 454 281 488 Rex
293 453 444 498 gloriae?
459 461 493 486 et
507 453 619 486 isaiae
634 451 708 498 63.:
733 454 818 497 Quis
831 458 872 487 cst
891 455 955 495 ista,
975 454 1031 498 qui
1048 454 1138 487 venit
1155 452 1190 486 da
1209 452 1341 486 Edam?
1360 459 1396 485 ut
1411 452 1609 498 Dionysius
1625 451 1770 498 exponit

212 517 288 550 cap.
312 516 342 550 7.
367 505 469 539 Coei.
497 505 612 548 Hier.;
636 517 722 550 ergo
757 506 800 539 ad
830 505 1048 540 credendum
1075 505 1240 551 explicite
1266 505 1480 551 mysterium
1506 504 1769 539 incarnationis

213 558 349 592 Christi
369 558 538 592 homines
560 569 634 592 non
655 559 878 592 tenebantur.

283 621 313 645 2.
336 611 571 646 PRAETEREA.
599 611 753 646 Constat
772 612 918 646 beatum
935 611 1113 656 Joannem
1135 611 1335 657 Baptistam
1359 611 1401 645 de
1424 611 1620 657 maioribus
1644 609 1766 653 fuisse,

213 672 247 698 et
267 664 612 710 propinquissimum
635 664 800 699 Christo:
825 665 867 698 de
889 676 960 710 quo
982 665 1162 698 Dominus
1189 664 1275 698 dicit
1303 665 1430 699 Matth.
1457 675 1525 698 11.:
1558 665 1649 699 Inter
1677 669 1771 699 natos

212 717 389 751 mulierum
410 718 517 752 nullus
537 720 648 763 major
669 730 702 752 co
724 719 888 752 surrexit:
911 717 972 751 sed
990 717 1146 762 Joannes
1169 718 1328 763 Baptista
1349 729 1423 751 non
1444 717 1584 752 videtur
1604 717 1770 751 incarna-

212 770 320 804 tionis
339 770 474 804 Christi
496 772 707 817 mysterium
727 771 891 817 explicite
911 771 1138 816 cognovisse,
1161 781 1244 803 cum
1267 782 1286 804 a
1308 770 1455 805 Christo
1478 771 1690 816 quaesierit:
1720 770 1770 805 Tu

212 835 253 866 ες,
275 825 331 869 qui
355 829 508 858 venturus
525 836 563 865 cs,
587 836 629 858 an
651 825 754 858 alium
777 825 1003 870 arpertanzzcs?
1029 831 1067 857 ut
1092 823 1242 857 habetur
1267 823 1394 858 Matth.
1422 834 1497 865 11.;
1520 834 1606 869 ergo
1627 834 1702 858 non
1723 831 1772 858 te-

212 877 388 911 nebantur
409 877 518 911 etiam
540 879 696 922 majores
721 877 763 910 ad
784 877 989 911 habendam
1013 875 1219 922 explicitam
1240 876 1349 910 fidem
1372 876 1414 911 de
1438 876 1597 910 Christo.

287 942 315 976 3.
338 930 573 965 PRAETEREA.
597 930 701 964 Multi
725 930 925 964 Gentilium
948 930 1067 975 adepti
1093 937 1174 964 sunt
1195 929 1347 964 salutem
1370 941 1433 975 per
1453 929 1692 964 ministerium
1715 940 1772 963 an-

213 983 378 1029 gelorum
401 991 437 1017 ut
458 984 567 1018 Dion.
591 984 675 1018 dicit
696 995 728 1030 9.
749 995 824 1029 cap.
843 983 946 1017 Coel.
962 983 1078 1017 Hier.:
1099 982 1160 1017 sed
1178 982 1340 1017 Gentiles
1354 994 1428 1016 non
1443 983 1646 1017 habuerunt
1662 982 1770 1016 fidem

212 1037 255 1070 de
279 1036 426 1071 Christo
448 1049 514 1071 nec
538 1037 753 1083 explicitam,
773 1048 837 1070 nec
857 1036 1084 1082 implicitam,
1099 1044 1136 1070 ut
1149 1036 1309 1078 videtur3
1325 1036 1407 1082 quia
1420 1035 1519 1070 nulla
1535 1036 1584 1070 eis
1598 1035 1771 1070 revelatio

211 1089 305 1124 sacta
326 1089 414 1133 fuit;
437 1102 522 1136 ergo
543 1091 694 1132 videtur,
717 1090 812 1135 quod
836 1090 980 1124 credere
1008 1089 1173 1135 explicite
1200 1089 1461 1123 incarnationis
1485 1089 1621 1124 Christi
1642 1097 1774 1136 myste-

212 1143 306 1177 rium
327 1154 401 1177 non
422 1143 528 1178 fuerit
549 1144 716 1178 omnibus
738 1143 983 1177 necessarium
1003 1143 1046 1176 ad
1068 1142 1232 1176 salutem.

285 1196 358 1231 SED
382 1208 536 1232 CONTRA
561 1206 623 1239 est,
646 1197 742 1243 quod
764 1197 859 1242 Aug.
880 1196 965 1229 dicit
985 1196 1020 1229 in
1035 1195 1094 1229 lib.
1111 1196 1154 1229 de
1170 1195 1334 1242 Corrept.
1351 1203 1385 1229 et
1400 1195 1499 1230 Grat.
1515 1203 1549 1230 et
1563 1195 1665 1242 epist.
1683 1205 1771 1242 190„

211 1249 273 1283 illa
294 1249 381 1284 fides
403 1261 489 1284 sana
513 1258 575 1292 est,
595 1261 664 1296 qua
684 1250 874 1291 credimus,
893 1249 1034 1283 nullum
1051 1249 1252 1291 hominem,
1271 1249 1346 1283 sive
1364 1249 1525 1294 majoris,
1546 1249 1620 1283 sive
1642 1260 1773 1295 parvae

213 1303 350 1344 aetatis,
372 1302 514 1337 liberari
533 1314 552 1337 a
575 1303 744 1348 contagio
767 1302 904 1344 mortis,
928 1310 962 1336 et
984 1301 1206 1347 obligatione
1228 1302 1378 1349 peccati,
1400 1302 1468 1336 nisi
1488 1313 1550 1349 per
1571 1313 1684 1336 unum
1701 1313 1776 1336 me-

214 1356 390 1390 diatorem
411 1356 493 1398 Dei,
516 1364 550 1390 et
571 1356 763 1390 hominum
781 1355 904 1400 Jesum
928 1355 1125 1390 Christum.

284 1409 513 1444 RESPONDEO
536 1409 740 1451 dicendum,
763 1409 870 1455 quod,
893 1409 984 1443 sicut
1005 1420 1111 1454 supra
1133 1408 1270 1442 dictum
1292 1415 1343 1442 est
1362 1409 1444 1453 (art.
1462 1419 1491 1454 5.
1511 1408 1580 1454 huj.
1599 1419 1628 1454 q.
1647 1412 1676 1442 et
1693 1419 1722 1453 q.
1745 1419 1772 1442 r.

213 1467 276 1496 art.
299 1463 362 1506 8.),
385 1462 472 1496 illud
494 1463 649 1509 proprie,
676 1471 711 1496 et
736 1474 799 1508 per
825 1473 862 1496 se
889 1463 1041 1508 pertinet
1067 1461 1110 1495 ad
1138 1462 1320 1507 objectum
1342 1461 1435 1503 fidei,
1457 1473 1519 1507 per
1541 1461 1638 1507 quod
1658 1461 1772 1495 homo

211 1516 470 1550 beatitudinem
492 1516 740 1562 consequitur:
769 1515 826 1549 via
861 1523 981 1549 autem
1010 1515 1218 1549 hominibus
1244 1515 1411 1548 veniendi
1438 1515 1481 1548 ad
1510 1514 1772 1548 beatitudinem

213 1577 266 1603 est
288 1569 500 1615 mysterium
522 1569 796 1610 incarnationis,
812 1576 846 1602 et
866 1568 1051 1602 Passionis
1074 1568 1226 1602 Christi:
1249 1568 1377 1602 dicitur
1399 1568 1495 1602 enim
1517 1567 1598 1602 Act.
1621 1577 1670 1610 4.:
1693 1567 1772 1602 Non

212 1628 254 1657 cst
280 1622 372 1657 alind
396 1635 512 1657 nomen
529 1623 651 1668 ,datum
678 1623 876 1664 hominibus,
904 1623 939 1656 in
961 1633 1022 1667 quo
1050 1626 1197 1667 oporteat
1219 1633 1275 1656 nos
1295 1621 1400 1656 salvos
1418 1622 1513 1666 fieri;
1537 1629 1572 1655 et
1592 1620 1674 1655 ideo
1697 1632 1772 1667 my-

212 1677 361 1711 sterium
383 1677 643 1711 incarnationis
663 1676 800 1710 Christi
818 1675 1019 1721 aliqualiter
1034 1675 1193 1721 oportuit
1207 1675 1484 1721 omnitempore
1504 1685 1580 1709 esse
1597 1674 1773 1708 creditum

213 1730 306 1776 apud
319 1741 465 1764 omnes:
479 1730 720 1764 diversimode
732 1738 865 1770 tamen,
878 1728 1075 1763 secundum
1087 1728 1330 1763 diversitatem
1340 1737 1558 1774 temporum,
1568 1736 1602 1761 et
1610 1738 1775 1774 persona-

211 1795 303 1817 rum.
326 1783 421 1817 Nam
437 1791 517 1817 ante
533 1791 664 1817 statum
680 1783 817 1828 peccati
827 1782 942 1816 homo
956 1782 1081 1816 habuit
1099 1782 1303 1828 explicitam
1318 1782 1427 1815 fidem
1442 1781 1484 1814 de
1504 1781 1640 1816 Christi
1658 1781 1774 1814 incar-

211 1838 370 1878 natione,
389 1836 588 1870 secundum
607 1836 703 1882 quod
724 1835 954 1869 ordinabatur
970 1835 1013 1868 ad
1029 1835 1383 1869 consummationem
1399 1834 1547 1880 gloriae,
1561 1846 1635 1868 non
1652 1841 1773 1868 autem

213 1890 412 1924 secundum
428 1889 523 1936 quod
547 1889 779 1923 ordinabatur
802 1889 844 1922 ad
866 1888 1118 1922 liberationem
1141 1900 1159 1922 a
1181 1897 1332 1935 peccato
1355 1899 1417 1934 per
1438 1888 1656 1934 passionem,
1673 1895 1707 1922 et
1723 1899 1774 1922 re-

212 1943 494 1977 surrectionem:
519 1943 600 1988 quia
622 1943 737 1976 homo
764 1953 838 1975 non
866 1941 931 1975 fuit
959 1942 1141 1987 praescius
1171 1943 1309 1988 peccati
1339 1941 1456 1975 futuri.
1479 1941 1630 1975 Videtur
1651 1949 1772 1975 autem

212 1996 477 2030 incarnationis
500 1995 635 2030 Christi
657 1997 838 2041 praescius
859 1994 967 2028 fuisse
989 2006 1053 2040 per
1073 1995 1144 2028 hoc
1176 1994 1272 2041 quod
1304 1995 1406 2028 dixit:
1436 1995 1579 2041 Propter
1599 1995 1658 2029 hoc
1679 1994 1776 2028 relin-

213 2055 287 2094 quat
313 2049 408 2083 homo
431 2054 576 2095 patrem,
600 2054 627 2083 ct
654 2053 804 2090 matrem,
833 2052 860 2082 et
881 2047 1068 2082 adhaerabit
1093 2050 1192 2082 uxori
1217 2060 1302 2089 ςιιιιε,
1326 2056 1363 2081 ut
1380 2047 1532 2081 habetur
1555 2047 1645 2081 Gen.
1669 2056 1718 2089 2.;
1737 2054 1772 2081 et

214 2102 286 2136 hoc
308 2102 436 2147 Apost.
461 2103 503 2136 ad
526 2102 615 2148 Eph.
643 2113 670 2146 ς.
693 2101 794 2136 dicit:
817 2106 1058 2136 sczcrcznwtztmn
1076 2113 1232 2146 magnum
1252 2113 1312 2136 esse
1334 2103 1366 2135 in
1391 2101 1534 2143 Christo,
1553 2105 1581 2135 et
1601 2101 1770 2135 Ecclesia:

213 2155 310 2201 quod
329 2155 476 2201 quidem
498 2163 765 2189 sacramentum
787 2166 860 2188 non
892 2162 944 2188 est
971 2154 1140 2188 credibile
1166 2155 1323 2200 primum
1350 2155 1540 2188 hominem
1569 2154 1768 2200 ignorasse.

213 2208 302 2243 Post
315 2217 504 2255 peccatum
525 2216 645 2242 autem
660 2207 726 2242 fuit
745 2207 908 2253 explicite
926 2207 1100 2241 creditum
1120 2208 1331 2253 mysterium
1347 2208 1607 2242 incarnationis
1623 2207 1770 2248 Christi,

213 2273 287 2296 non
310 2261 429 2296 solum
451 2269 625 2307 quantum
649 2262 691 2295 ad
714 2261 1019 2302 incarnationem,
1042 2260 1103 2294 sed
1132 2261 1240 2294 etiam
1272 2269 1445 2306 quantum
1475 2260 1517 2294 ad
1546 2260 1773 2302 Passionem,

214 2324 247 2349 et
269 2315 599 2357 Resurrectionem,
622 2315 748 2360 quibus
770 2315 971 2348 humanum
995 2325 1106 2359 genus
1138 2325 1156 2347 a
1184 2323 1346 2360 peccato,
1375 2322 1408 2348 et
1437 2321 1554 2348 morte
1584 2313 1774 2347 liberatur:

215 2369 317 2402 aliter
339 2369 435 2402 enim
462 2380 535 2402 non
563 2368 863 2413 praefigurassent
891 2367 1027 2401 Christi
1054 2367 1259 2412 passionem
1290 2367 1505 2413 quibusdam
1533 2366 1718 2401 sacrificiis
1741 2374 1776 2400 et

217 2430 297 2456 ante
320 2421 451 2467 legem,
474 2430 507 2455 et
529 2422 591 2455 sub
614 2421 710 2466 lege:
735 2432 889 2466 quorum
909 2420 1053 2466 quidem
1073 2420 1330 2454 sacrificiorum
1350 2420 1591 2464 significatum
1611 2419 1775 2465 explicite

218 2476 375 2519 majores
398 2475 684 2520 cognoscebant:
712 2474 871 2507 minores
899 2481 1017 2507 autem
1045 2473 1108 2507 sub
1135 2473 1314 2507 velamine
1341 2473 1487 2507 illorum
1516 2473 1776 2507 sacrificiorum

215 2528 399 2562 credentes
422 2539 463 2562 ea
485 2528 652 2561 divinitus
676 2538 752 2561 esse
775 2527 945 2572 disposita
974 2526 1016 2559 de
1045 2526 1191 2560 Christo
1219 2534 1381 2567 venturo,
1410 2526 1685 2572 quodammodo
1711 2526 1771 2559 ha-

213 2582 344 2615 bebant
364 2581 522 2615 velatam
545 2580 813 2625 cognitionem:
836 2588 880 2621 et,
896 2580 986 2613 sicut
1009 2590 1114 2624 supra
1133 2579 1269 2613 dictum
1293 2588 1345 2613 est
1368 2579 1412 2624 (q.
1435 2592 1462 2614 I.
1487 2585 1550 2614 art.
1573 2591 1602 2625 7.
1624 2581 1659 2613 in
1681 2585 1770 2625 corp.

218 2640 248 2668 ct
267 2635 308 2668 ad
331 2648 355 2669 1.
379 2640 405 2669 ct
426 2636 487 2679 4.),
505 2646 546 2668 ea
565 2645 656 2680 quae
679 2634 722 2667 ad
745 2633 914 2678 mysteria
939 2633 1072 2667 Christi
1094 2632 1282 2678 pertinent,
1304 2639 1403 2666 tanto
1424 2632 1624 2667 distinctius
1643 2643 1775 2678 cogno-

218 2695 355 2729 verunt,
385 2696 518 2733 quanto
547 2687 694 2722 Christo
728 2686 1001 2733 propinquiores
1032 2685 1184 2719 fuerunt.
1212 2685 1299 2719 Post
1325 2694 1464 2731 tempus
1493 2694 1612 2720 autem
1640 2686 1773 2731 gratiae

215 2740 394 2775 revelatae
421 2749 495 2774 tam
518 2741 686 2786 majores,
709 2751 817 2785 quam
840 2739 998 2772 minores
1021 2747 1186 2772 tenentur
1212 2739 1343 2772 habere
1371 2738 1477 2772 sidem
1505 2739 1710 2785 explicitam
1732 2739 1775 2772 de

221 2794 400 2839 mysteriis
423 2793 570 2835 Christi,
593 2794 784 2840 praecipue
806 2800 978 2838 quantum
1008 2792 1049 2825 ad
1078 2803 1130 2833 ea,
1154 2803 1244 2837 quae
1277 2792 1519 2826 communiter
1549 2792 1585 2825 in
1613 2790 1777 2826 Ecclesia

217 2847 510 2889 solemnizatum,
533 2855 566 2881 et
593 2846 733 2892 publice
759 2853 1031 2892 proponuntur3
1059 2845 1150 2879 sicut
1176 2853 1257 2879 sunt
1278 2845 1418 2879 articuli
1439 2844 1711 2887 incarnationis,
1733 2844 1776 2878 de
