1920 3142
164 219 212 247 IO

174 306 198 331 9.
215 297 311 323 Utrum
323 298 484 330 solicitudo,
504 297 546 323 vel
566 296 711 331 vigilantia
730 297 865 332 pertineat
876 297 909 322 ad

227 339 407 373 prudentiam.

215 379 312 405 Utrum
326 381 468 414 prudentia
478 388 506 405 se
519 380 646 405 extendat
658 379 691 404 ad
704 380 828 414 regimen
838 380 908 405 mul-

227 422 362 446 titudinis.

159 471 168 487 1
177 471 198 487 1.
215 462 312 487 Utrum
336 462 478 496 prudentia
500 470 567 496 quae
594 468 635 487 est
656 469 782 497 respectu
805 464 907 498 proprii

227 504 303 535 boni,
316 505 350 528 sit
362 504 455 528 eadem
467 504 558 537 specie
571 512 632 528 cum
644 512 685 535 ea,
697 513 764 538 quae
776 512 805 529 se
815 511 907 529 exten-

226 545 265 569 dit
279 545 311 569 ad
327 545 429 570 bonum
445 553 601 570 commune.

158 594 199 611 12.
215 585 312 610 Utrum
327 586 471 619 prudentia
484 586 519 611 sit
533 587 561 611 in
575 586 702 617 subditis,
718 594 752 611 an
772 585 863 611 solum
878 586 907 611 in

226 627 402 660 principibus.

158 676 198 701 13.
214 667 311 692 Utrum
326 668 479 693 inveniatur
493 669 520 693 in
535 668 624 694 malis.

158 717 199 741 14.
214 708 311 734 Utrum
325 709 478 735 inveniatur
491 710 519 734 in
534 710 663 735 omnibus
677 709 769 735 bonis.

160 757 197 782 15.
215 749 312 775 Utrum
326 751 391 775 insit
404 751 485 776 nobis
500 760 514 776 a
530 758 634 776 natura.

193 811 199 817 .
216 791 314 817 Utrum
327 792 454 826 perdatur
467 801 513 827 per
528 792 708 818 oblivionem.

158 387 200 405 10.

359 896 550 928 QUAESTIO
571 897 701 923 XLVIII.

156 959 196 986 De
212 960 347 996 prudentia
367 967 487 996 qzmntum
507 961 540 987 ad
555 967 640 997 partes
658 970 713 987 suas
732 962 760 987 in
784 960 906 996 generali.

157 1032 235 1063 Quae
251 1033 304 1058 sint
318 1039 407 1068 partes
422 1033 593 1067 prudentiae.

369 1139 561 1170 QUAESTIO
590 1139 693 1165 XLIX.

157 1202 196 1229 De
216 1203 320 1239 singulis
335 1203 484 1239 prudentiae
500 1204 615 1240 partibus
636 1204 707 1239 quasi
732 1203 906 1238 integralibus.

159 1283 181 1300 1.
203 1275 244 1300 De
258 1276 400 1307 memoria,
415 1282 505 1300 utrum
520 1276 554 1300 sit
568 1283 628 1310 pars
644 1275 813 1309 prudentiae.

157 1326 183 1342 2.
197 1317 238 1342 De
253 1317 406 1348 intellectu,
421 1317 464 1343 vel
484 1317 679 1352 intelligentia,
695 1324 785 1342 utrum
800 1317 835 1342 sit
848 1325 909 1351 pars

229 1359 396 1392 prudentiae.

178 1420 182 1424 .
198 1400 239 1425 De
254 1400 407 1431 docilitate,
423 1405 513 1424 utrum
528 1400 563 1425 sit
577 1407 637 1434 pars
651 1399 821 1434 prudentiae.

178 1461 183 1466 .
198 1441 238 1466 De
253 1441 376 1472 solertia,
391 1447 480 1465 utrum
497 1441 531 1465 sit
546 1450 606 1475 pars
619 1441 788 1475 prudentiae.

178 1502 183 1507 .
198 1482 295 1507 Utrum
309 1482 378 1507 ratio
395 1483 430 1506 sit
443 1490 504 1516 pars
519 1482 689 1516 prudentiae.

200 1523 297 1548 Utrum
312 1523 483 1557 providentia
498 1524 533 1547 sit
546 1532 606 1557 pars
621 1523 789 1557 prudentiae.

178 1585 182 1589 .
199 1564 295 1589 Utrum
311 1565 521 1598 circumspectio
537 1565 571 1589 sit
584 1573 645 1598 pars
659 1564 829 1598 prudentiae.

178 1626 182 1630 .
199 1605 296 1632 Utrum
311 1606 402 1631 cautio
417 1606 452 1630 sit
465 1614 526 1640 pars
540 1606 710 1640 prudentiae.

412 1712 604 1743 QUAESTIO
624 1712 655 1738 L.

159 1778 197 1805 De
216 1778 337 1814 speciebus
347 1778 504 1814 prudentiae,
517 1787 580 1812 quae
591 1777 689 1803 suntad
707 1776 906 1802 multitudinem.

159 1858 180 1875 1.
203 1850 301 1876 Utrum
316 1849 357 1874 lex
376 1849 493 1884 positiva
514 1848 611 1874 debeat
630 1848 696 1883 poni
717 1847 822 1883 species
842 1841 924 1882 prus

229 1891 347 1916 dentiae.

177 1953 182 1958 .
204 1932 301 1958 Utrum
315 1931 428 1966 politica
443 1931 477 1956 sit
492 1939 552 1966 pars
566 1931 735 1966 prudentiae.

174 1966 181 1999 i
199 1973 295 1999 Utrum
310 1973 505 1998 oeconomica.

178 2035 183 2040 .
199 2015 297 2041 Utrum
311 2014 446 2040 militaris.

156 1941 172 2048 42—th

400 2119 591 2151 QUAESTIO
611 2118 658 2146 LI.

177 2186 215 2212 De
232 2185 365 2221 prudentia
385 2189 506 2219 quantum
525 2183 558 2209 ad
577 2184 680 2209 virtutes
700 2183 723 2208 ei
741 2182 883 2217 adjunctas,

283 2236 344 2261 ‹chae
363 2231 419 2251 sunt
434 2231 518 2261 partes
537 2225 607 2260 quasi
623 2224 783 2260 potentiales.

178 2320 184 2327 ,
199 2298 297 2324 Utrum
312 2298 421 2323 eubulia
437 2298 472 2323 sit
486 2298 581 2323 virtus.

179 2361 182 2365 .
200 2340 295 2366 Utrum
310 2341 345 2364 sit
357 2339 481 2374 specialis
492 2340 577 2365 virtus
589 2348 602 2364 a
614 2339 756 2373 prudentia
768 2338 906 2364 distincta.

177 2402 181 2406 .
200 2382 296 2407 Utrum
310 2383 416 2415 synesis
430 2382 464 2406 sit
478 2381 605 2415 specialis
620 2382 715 2407 virtus.

178 2444 182 2448 .
199 2423 294 2448 Utrum
307 2431 407 2457 gnome
422 2423 456 2447 sit
471 2422 596 2456 specialis
610 2423 704 2448 virtus.

157 2308 172 2456 ‹tavent-⁴

393 2527 585 2559 QUAESTIO
606 2527 665 2554 LII.

205 2593 243 2619 De
263 2593 326 2620 dono
346 2594 453 2625 consilii,
475 2593 539 2629 quod
553 2593 680 2629 respondet
697 2593 857 2629 prudentiae.

160 2673 180 2689 1.
195 2664 290 2690 Utrum
301 2664 445 2689 consilium
458 2665 554 2690 debeat
566 2665 631 2699 poni
643 2665 712 2690 inter
722 2671 825 2699 septem
835 2664 906 2690 dona

228 2706 343 2739 Spiritus
359 2705 461 2731 Sancti.

158 2755 182 2772 2.
204 2746 300 2772 Utrum
316 2746 417 2771 donum
433 2747 541 2772 consilii
554 2747 718 2781 respondeat
733 2747 825 2773 virtuti
845 2756 906 2782 pru·

229 2788 346 2813 dentiae.

160 2838 182 2863 3.
204 2829 302 2854 Utrum
322 2830 424 2854 donum
439 2829 548 2854 consilii
563 2837 671 2855 maneat
685 2831 711 2855 in
726 2830 822 2864 patria.

157 2880 182 2903 4.
200 2870 295 2896 Utrum
316 2871 410 2905 quinta
425 2871 578 2902 beatitudo,
602 2880 670 2904 quae
686 2878 744 2896 cst:
766 2871 840 2897 Beati
859 2871 906 2896 mi-

228 2912 367 2944 sericordes,
382 2912 544 2947 respondeat
558 2912 631 2938 dono
648 2912 765 2938 consilii.

504 217 638 246 INDEX
672 216 902 246 SECUNDAE
934 216 1162 247 SECUNDAE
1196 216 1359 246 PARTIS.

1198 295 1391 328 QUAESTIO
1412 295 1489 322 LIII.

1046 356 1085 382 De
1103 357 1172 382 vitiis
1190 357 1307 392 oppositis
1322 355 1488 392 prudentiae:
1509 360 1532 382 et
1540 355 1625 392 primo

1222 397 1251 423 de
1271 397 1450 432 imprudentia.

983 471 988 476 .
1003 450 1101 476 Utrum
1116 450 1297 485 imprudentia
1312 451 1347 475 sit
1361 456 1514 485 peccatum.

982 512 988 517 .
1004 491 1101 517 Utrum
1116 493 1151 516 sit.
1165 491 1283 526 speciale
1297 498 1450 526 peccatum.

982 553 987 558 .
1004 533 1101 558 Utrum
1113 534 1313 568 praecipitatio,
1322 542 1370 558 seu
1380 534 1519 559 temeritas
1527 534 1563 559 sit
1571 539 1714 568 peccatum

1033 575 1082 600 sub
1096 575 1278 609 imprudentia
1292 581 1464 600 contentum.

983 636 988 640 .
1003 615 1100 641 Utrum
1112 616 1328 641 inconsideratio
1339 616 1375 640 sit
1383 615 1501 650 speciale
1512 622 1654 650 peccatum
1664 616 1714 641 sub

1033 658 1214 691 imprudentia
1228 663 1399 683 contentum.

982 718 988 724 .
1005 698 1103 724 Utrum
1117 699 1304 724 inconstantia
1315 699 1350 724 sit
1360 699 1456 724 vitium
1468 698 1517 724 sub
1532 698 1715 733 imprudentia

1034 746 1205 766 contentum.

982 801 987 807 .
1004 780 1102 807 Utrum
1115 781 1272 815 hujusmodi
1285 781 1352 807 vitia
1366 781 1488 807 oriantur
1501 789 1533 806 ex
1546 780 1659 807 luxuria.

1141 862 1398 894 QUAESTIO
1424 862 1524 889 LIV.

1222 915 1262 942 De
1281 916 1444 952 negligentia.

983 996 988 1001 .
1010 975 1108 1001 Utmm
1123 974 1292 1009 negligentia
1306 975 1340 1000 sit
1354 981 1497 1009 peccatum
1512 974 1640 1009 speciale.

982 1036 988 1043 .
1010 1017 1108 1042 Utrum
1123 1016 1292 1051 negligentia
1312 1023 1467 1051 opponatur
1479 1017 1649 1051 prudentiae.

983 1078 988 1083 .
1010 1057 1107 1084 Utrum
1122 1058 1292 1093 negligentia
1305 1059 1340 1084 sit
1353 1065 1496 1092 peccatum
1511 1057 1637 1084 mortale.

1200 1139 1394 1171 QUAESTIO
1408 1139 1465 1166 LV.

990 1186 993 1189 Δ
1020 1193 1060 1219 De
1078 1194 1147 1219 vitiis
1166 1195 1282 1229 oppositis
1297 1193 1455 1229 prudentiae,
1476 1203 1538 1228 quae
1558 1193 1650 1220 babent

962 1303 979 1452 *ww-4

963 1510 978 1568 055st

978 2671 1004 2896 ,ΦΣΛ-ῨΨΡΓ·

1122 1235 1314 1260 similitudinem
1334 1244 1388 1260 cum
1406 1235 1550 1271 prudentia.

983 1315 988 1320 .
1005 1294 1103 1320 Utrum
1116 1295 1258 1329 prudentia
1273 1295 1361 1320 carnis
1375 1295 1411 1320 sit
1424 1300 1577 1329 peccatum.

983 1357 987 1361 .
1004 1336 1101 1361 Utrum
1116 1337 1151 1361 sit
1164 1342 1308 1371 peccatum
1323 1336 1447 1362 mortale.

982 1399 989 1406 .
1004 1377 1101 1403 Utrum
1117 1379 1217 1403 astutia
1231 1379 1266 1403 sit
1280 1384 1422 1412 peccatum
1437 1377 1567 1412 speciale.

982 1439 988 1445 .
1005 1419 1101 1445 Utrum
1123 1419 1202 1445 dolus
1217 1421 1252 1445 sit
1275 1426 1418 1454 peecatum
1442 1419 1475 1444 ad
1489 1419 1617 1444 astutiam
1631 1419 1713 1454 perti-

1034 1469 1112 1486 nens.

982 1522 986 1526 .
1004 1501 1102 1527 Utrum
1116 1501 1188 1527 fraus
1204 1502 1237 1527 ad
1251 1502 1378 1527 astutiam
1393 1502 1536 1536 pertineat.

982 1563 988 1568 .
1004 1543 1100 1569 Utrum
1111 1543 1261 1569 solicitudo
1272 1543 1464 1578 temporalium
1479 1551 1568 1568 rerum
1580 1542 1616 1567 sit
1626 1541 1713 1570 licita.

982 1604 988 1610 .
1004 1584 1101 1609 Utrum
1116 1585 1151 1610 sit
1162 1584 1279 1617 licitum,
1294 1585 1367 1619 quod
1381 1584 1480 1619 aliquis
1494 1585 1531 1609 sit
1544 1583 1671 1609 solicitus
1686 1584 1714 1609 in

1034 1625 1165 1651 futurum.

983 1686 988 1692 .
1004 1666 1102 1692 Utrum
1116 1667 1254 1702 praedicta
1267 1667 1333 1693 vitia
1347 1667 1469 1692 oriantur
1481 1675 1513 1692 ex
1527 1666 1648 1693 avaritia.

1193 1749 1385 1781 QUAESTIO
1405 1750 1477 1776 LVI.

1021 1803 1060 1829 De
1076 1804 1214 1839 praeceptis
1228 1804 1409 1838 pertinentibus
1427 1802 1461 1828 ad
1476 1802 1648 1838 prudentiam.

981 1884 987 1890 .
1009 1863 1106 1889 Utrum
1128 1864 1160 1888 de
1183 1863 1326 1897 prudentia
1351 1862 1434 1888 fuerit
1459 1862 1576 1887 dandum
1601 1861 1713 1896 aliquod

1050 1911 1224 1940 praeceptum
1244 1905 1314 1929 inter
1333 1910 1477 1938 praecepta
1497 1903 1633 1937 decalogi.

982 1967 988 1973 .
1011 1946 1107 1972 Utrum
1123 1947 1150 1971 in
1164 1946 1248 1972 veteri
1264 1945 1324 1980 lege
1339 1944 1441 1970 fuerint
1456 1945 1653 1970 convenienter
1666 1952 1714 1979 po-

1051 1988 1105 2012 sita
1123 1993 1267 2021 praecepta
1286 1986 1452 2021 prohibitiva
1480 1986 1513 2011 de
1531 1986 1607 2011 vitiis
1627 1993 1712 2020 oppo-

1051 2030 1111 2055 sitis
1130 2029 1299 2064 prudentiae.

1187 2110 1380 2142 QUAESTIO
1399 2110 1486 2137 LVII.

1114 2164 1153 2191 De
1168 2165 1284 2200 justitia.-
1305 2169 1328 2190 et
1343 2164 1426 2199 primo
1447 2163 1475 2189 de
1492 2163 1557 2198 jure.

983 2246 988 2252 .
1011 2225 1107 2252 Utrum
1127 2225 1170 2259 jus
1190 2225 1225 2250 sit
1246 2224 1384 2258 objectum
1402 2223 1534 2257 justitiae.

1010 2267 1106 2293 Utrum
1126 2267 1169 2301 jus
1190 2266 1386 2291 convenienter
1406 2263 1541 2290 dividatur
1555 2264 1582 2288 in
1600 2263 1643 2297 jus
1663 2272 1708 2289 na-

1051 2308 1148 2340 turale,
1169 2314 1195 2332 et
1214 2307 1373 2342 positivum.

981 2371 987 2376 .
1009 2350 1106 2376 Utrum
1125 2350 1167 2383 jus
1193 2349 1317 2383 gentium
1337 2348 1373 2372 sit
1398 2347 1481 2378 idem,
1507 2346 1580 2380 quod
1599 2346 1641 2380 jus
1668 2354 1712 2371 na-

1049 2390 1145 2416 turale.

1008 2433 1106 2459 Utrum
1125 2432 1168 2466 jus
1184 2431 1392 2462 dominativum,
1408 2436 1434 2455 et
1447 2430 1491 2464 jus
1505 2435 1647 2464 paternum
1668 2428 1711 2453 de-

1052 2474 1132 2499 beant
1153 2473 1295 2507 distingui.

1180 2548 1371 2580 QUAESTIO
1390 2546 1491 2573 LVIII.

1252 2601 1291 2627 De
1307 2601 1417 2636 justitia.

1026 2662 1099 2693 Quid
1120 2662 1154 2687 sit
1173 2661 1287 2695 justitia.

1028 2703 1123 2730 Utrum
1141 2703 1246 2737 justitia
1265 2709 1371 2736 semper
1390 2701 1425 2725 sit
1445 2699 1477 2725 ad
1496 2699 1622 2727 alterum,

1025 2744 1122 2770 Utrum
1141 2743 1246 2778 justitia
1266 2751 1372 2777 semper
1391 2741 1426 2766 sit
1446 2741 1540 2767 virtus.

1026 2786 1123 2812 Utrum
1144 2786 1179 2810 sit
1199 2785 1226 2810 in
1246 2784 1398 2815 voluntate,
1420 2783 1491 2807 sicut
1510 2782 1537 2807 in
1557 2781 1691 2815 subjecto.

1026 2828 1122 2854 Utrum
1142 2828 1177 2852 sit
1197 2827 1283 2852 virtus
1304 2824 1448 2860 generalis

1026 2869 1133 2900 Utrum,
1154 2868 1304 2894 seeundum
1318 2866 1393 2901 quod
1407 2871 1449 2891 est
1463 2865 1548 2891 virtus
1564 2863 1709 2899 generalis,

1049 2912 1083 2936 sit
1105 2911 1175 2936 idem
1196 2910 1222 2935 in
1243 2909 1361 2935 essentia
1381 2916 1441 2934 cum
1462 2907 1537 2932 omni
1556 2906 1665 2932 virtute.
