1859 3122
201 188 284 229 216
613 195 832 231 QUAESTIO
865 195 982 224 XXVI.
1016 195 1258 225 ARTICULUS
1291 195 1319 225 1.

201 278 448 324 cognitionem
470 285 650 319 nostram3
673 285 706 311 et
727 276 808 311 ideo
828 277 916 312 ordo
936 277 1050 322 magis
1071 276 1320 323 appropriatur
1338 276 1514 319 charitati,
1533 289 1641 324 quam
1659 277 1753 312 fidei:

198 332 282 366 licet
304 332 411 365 etiam
434 332 468 364 in
491 330 558 364 fide
580 331 624 364 sit
646 330 772 376 aliquis
795 330 896 372 ordo,
915 330 1114 365 secundum
1142 330 1237 376 quod
1266 337 1318 364 est
1335 330 1577 376 principaliter
1595 331 1638 365 de
1659 330 1753 373 Deo,

200 384 414 420 secundario
437 392 557 418 autem
579 384 622 417 de
645 383 733 425 aliis,
755 395 846 430 quae
868 384 1068 418 referuntur
1090 383 1133 417 ad
1154 384 1286 417 Deum.

270 436 329 472 AD
347 448 517 472 TERTIUM
539 437 743 478 dicendum,
767 437 862 483 quod
885 438 973 471 ordo
1001 437 1154 483 pertinet
1184 436 1226 470 ad
1256 436 1447 479 rationem,
1474 436 1566 470 sicut
1592 436 1635 471 ad
1665 437 1755 471 ordi-

201 499 366 533 nantem,
388 490 449 525 sed
472 490 514 524 ad
536 490 611 523 vim
633 490 863 536 appetitivam
885 491 1047 537 pertinet,
1070 491 1161 524 sicut
1183 491 1225 524 ad
1249 490 1470 524 ordinatam:
1494 498 1528 524 et
1548 490 1619 525 hoc
1642 491 1752 526 modo

200 544 289 578 ordo
312 545 347 578 in
370 544 542 578 charitate
562 543 717 590 ponitur.

758 685 1100 730 ARTICULUS
1138 684 1193 728 ΙΙ.
1688 707 1752 744 149

355 794 506 823 UTRUM
530 793 640 822 DEUS
666 793 731 822 SIT
756 793 884 822 MAGIS
907 792 1186 831 DILIGENDUS,
1216 792 1339 827 QUAM
1365 792 1593 821 PROXIMUS.

288 882 327 926 (3.
359 881 446 914 Dist.
475 892 506 926 9.
537 891 566 925 q.
596 892 623 914 1.
655 885 717 914 art.
746 893 774 926 3.
798 885 826 915 et
862 880 944 914 Virt.
974 891 1002 925 q.
1030 891 1061 914 2.
1092 884 1154 914 art.
1182 890 1211 924 7.
1242 885 1330 925 corp.
1361 884 1390 914 et
1416 878 1458 913 ad
1488 890 1518 925 7.
1548 884 1577 914 et
1603 879 1666 924 8.).

271 969 330 1003 AD
353 979 557 1003 SECUNDUM
580 969 629 1003 sic
652 969 867 1015 proceditur.
891 969 1052 1011 Videtur,
1075 969 1171 1015 quod
1192 969 1290 1002 Deus
1313 980 1387 1002 non
1409 968 1454 1002 sit
1475 967 1590 1014 magis
1610 968 1755 1014 diligen-

200 1023 275 1065 dus,
297 1034 406 1069 quam
428 1023 628 1068 proximus:
652 1023 780 1056 dicitur
802 1023 898 1056 enim
924 1034 950 1056 1.
969 1023 1072 1068 Joan.
1094 1033 1144 1065 ,με
1174 1023 1243 1066 Qui
1264 1034 1329 1056 non
1350 1022 1460 1067 diligit
1477 1023 1622 1068 fratrem
1643 1035 1751 1064 suum,

200 1089 292 1123 quam
324 1077 424 1118 videt,
447 1077 570 1119 Delam,
590 1089 683 1122 quem
705 1089 771 1110 non
792 1077 893 1119 videt,
921 1077 1079 1122 quomodo
1107 1081 1211 1122 potest
1240 1076 1402 1121 diligere?
1427 1076 1480 1110 Ex
1505 1087 1577 1122 quo
1604 1076 1754 1118 videtur,

199 1130 294 1176 quod
317 1129 403 1164 illud
426 1130 470 1164 sit
491 1130 606 1176 magis
628 1130 811 1176 diligibile,
828 1130 923 1176 quod
946 1138 999 1164 est
1020 1130 1136 1175 magis
1151 1129 1309 1164 visibile:
1331 1141 1416 1163 nam
1438 1137 1472 1164 et
1489 1129 1580 1164 visio
1595 1136 1647 1164 est
1664 1129 1754 1175 prin-

200 1184 333 1229 cipium
355 1184 501 1225 amoris,
523 1191 560 1217 ut
582 1183 709 1217 dicitur
731 1184 765 1217 in
781 1195 812 1230 9.
828 1183 944 1217 Ethic.
969 1183 1055 1229 (cap.
1072 1183 1168 1227 ult.).·
1191 1183 1251 1216 sed
1274 1183 1373 1216 Deus
1389 1189 1440 1216 est
1455 1183 1572 1216 minus
1593 1181 1753 1225 visibilis,

199 1249 308 1283 quam
330 1237 530 1282 proximu33
553 1248 639 1282 ergo
662 1237 771 1270 etiam
794 1244 846 1270 est
867 1236 986 1270 minus
1008 1247 1049 1270 ex
1072 1236 1245 1270 charitate
1267 1235 1463 1281 diligibilis.

271 1300 302 1324 2.
324 1290 558 1324 PRAETEREA.
577 1289 783 1324 Similitudo
807 1298 858 1324 est
882 1301 988 1324 causa
1011 1288 1225 1330 dilectionis,
1248 1289 1446 1322 secundum
1463 1287 1551 1322 illud
1569 1288 1678 1323 Eccli.
1704 1300 1753 1334 3.:

201 1344 307 1378 Omne
332 1344 460 1377 animal
486 1343 591 1388 diligit
616 1343 719 1377 simile
747 1344 830 1377 sibi:
862 1343 923 1377 sed
953 1344 1068 1388 major
1090 1350 1142 1376 est
1164 1342 1362 1376 similitudo
1389 1341 1548 1376 hominis
1571 1341 1614 1375 ad
1635 1342 1753 1388 proxi-

199 1408 301 1430 mum
315 1408 431 1438 suum,
447 1407 555 1442 quam
571 1396 614 1430 ad
629 1397 768 1439 Deum3
797 1407 883 1442 ergo
901 1396 1015 1430 homo
1032 1407 1073 1429 ex
1089 1395 1262 1430 charitate
1278 1396 1394 1441 magis
1409 1394 1524 1440 diligit
1536 1395 1753 1441 proximum,

201 1461 310 1496 quam
332 1450 465 1483 Deum.

274 1515 302 1549 3.
325 1503 559 1537 PRAETEREA,
581 1502 684 1544 lllud,
707 1502 804 1548 quod
826 1502 862 1536 in
884 1502 1049 1548 proximo
1074 1502 1228 1536 charitas
1251 1501 1377 1547 diligit,
1399 1501 1497 1535 Deus
1520 1509 1583 1544 est,
1602 1510 1640 1536 ut
1657 1509 1754 1548 patet

199 1568 262 1603 per
283 1557 434 1601 August.
456 1556 491 1589 in
519 1567 544 1590 1.
569 1556 611 1589 de
632 1556 757 1590 Doctr.
782 1555 913 1590 Christ.
937 1556 1027 1602 (rap.
1044 1567 1097 1590 22.
1112 1556 1237 1601 et27.):
1265 1555 1326 1588 sed
1348 1555 1446 1588 Deus
1468 1566 1542 1588 non
1565 1562 1617 1589 est
1637 1556 1754 1601 major

200 1611 236 1644 in
257 1610 387 1656 seipso,
416 1621 524 1655 quam
546 1610 581 1643 in
603 1610 789 1655 proxim03
812 1620 898 1655 ergo
920 1621 993 1643 non
1016 1617 1069 1643 est
1091 1610 1205 1655 magis
1221 1609 1422 1654 diligendus
1443 1609 1479 1642 in
1497 1609 1627 1655 seipso,
1645 1620 1754 1655 quam

199 1664 235 1697 in
257 1664 443 1710 proximo3
466 1674 553 1708 ergo
576 1674 649 1696 non
672 1663 777 1697 debet
798 1663 914 1707 magis
937 1662 1037 1708 diligi
1059 1663 1169 1704 Deus,
1192 1674 1300 1708 quam
1319 1663 1514 1708 proximus.

271 1717 345 1751 SED
368 1727 532 1751 CONTRA.
556 1716 646 1749 Illud
670 1717 785 1762 magis
808 1725 860 1750 est
882 1715 1116 1761 diligendum,
1138 1724 1284 1761 propter
1306 1715 1402 1761 quod
1425 1715 1543 1761 aliqua
1566 1715 1649 1750 odio
1671 1723 1754 1750 sunt

200 1771 381 1804 habenda:
410 1770 469 1804 sed
498 1770 651 1816 proximi
677 1777 759 1803 sunt
785 1769 869 1803 odio
896 1769 1053 1803 habendi
1079 1777 1224 1815 propter
1245 1769 1378 1810 Deum,
1400 1769 1428 1802 si
1450 1769 1587 1803 scilicet
1620 1780 1639 1803 a
1671 1769 1753 1804 Deo

201 1825 390 1865 abducunt,
413 1823 612 1857 secundum
634 1822 720 1856 illud
744 1823 830 1856 Luc.
858 1833 928 1865 143
952 1823 987 1857 Si
1008 1824 1079 1868 quis
1100 1824 1189 1857 venit
1211 1822 1252 1856 ad
1273 1834 1335 1864 me,
1352 1827 1381 1857 at
1402 1834 1465 1856 non
1483 1822 1552 1857 odit
1564 1827 1709 1869 patrem,
1725 1828 1752 1858 et

199 1883 350 1919 πιαῖναυις
373 1882 402 1911 εἰ
423 1888 570 1918 uxorem,
594 1876 736 1922 ctfih'os,
759 1882 785 1910 at
801 1877 937 1921 fratres,
957 1881 987 1910 et
1006 1887 1140 1917 sorores,
1160 1888 1225 1910 non
1241 1880 1347 1922 potest
1369 1887 1456 1910 meus
1477 1887 1535 1910 esse
1557 1875 1751 1922 discipnlum

201 1941 286 1976 ergo
310 1930 408 1963 Deus
431 1937 483 1963 est
504 1929 619 1974 magis
643 1940 684 1962 ex
707 1929 879 1962 charitate
902 1928 1116 1974 diligendus,
1139 1940 1247 1974 quam
1270 1928 1465 1974 proximus.

270 1983 498 2017 RESPONDEO
521 1982 724 2024 dicendum,
744 1982 838 2027 quod
862 1993 1098 2027 unaquaeque
1115 1982 1272 2015 amicitia
1288 1981 1431 2027 respicit
1451 1981 1693 2027 principaliter
1707 1982 1752 2025 id,

200 2037 235 2071 in
258 2048 328 2082 quo
351 2035 593 2082 principaliter
614 2035 793 2069 invenitur
813 2034 899 2068 illud
922 2035 1070 2077 bonum,
1089 2046 1195 2080 super
1214 2036 1313 2080 cujus
1330 2035 1661 2070 communicatione
1679 2035 1754 2069 fun-

200 2091 318 2124 datur:
342 2090 431 2122 sicut
454 2089 612 2122 amicitia
633 2087 780 2134 politica
802 2087 1032 2134 principalius
1058 2088 1202 2134 respicit
1228 2088 1426 2133 principem
1455 2088 1618 2131 civitatis,
1641 2100 1660 2122 a
1681 2100 1752 2135 quo

200 2151 317 2177 totum
335 2143 472 2176 bonum
488 2153 683 2175 commune
700 2141 853 2176 civitatis
868 2142 1062 2187 dependet3
1090 2141 1183 2175 unde
1206 2149 1240 2175 et
1261 2141 1292 2175 ei
1316 2141 1472 2176 maxime
1494 2142 1641 2176 debetur
1654 2142 1752 2185 fides,

201 2205 235 2231 et
256 2196 457 2229 obedientia
480 2206 498 2228 a
521 2195 675 2230 civibus:
700 2195 856 2228 amicitia
879 2202 999 2228 autem
1027 2195 1209 2228 charitatis
1235 2194 1402 2228 fundatur
1423 2206 1529 2241 super
1551 2196 1753 2229 communi—

201 2250 342 2284 catione
364 2249 603 2290 beatitudinis,
630 2259 720 2294 quae
743 2248 904 2282 consistit
925 2248 959 2281 in
982 2248 1061 2282 Deo
1085 2248 1330 2290 essentialiter,
1358 2248 1449 2282 sicut
1469 2248 1505 2282 in
1526 2248 1644 2294 primo
1663 2249 1753 2295 prin-

201 2303 306 2349 cipio,
329 2314 347 2336 a
370 2314 440 2348 quo
468 2303 645 2335 derivatur
666 2302 700 2335 in
725 2312 863 2342 omnes,
883 2301 942 2347 qui
963 2309 1044 2335 sunt
1066 2301 1293 2335 beatitudinis
1316 2312 1484 2347 capaces;
1507 2309 1541 2335 et
1561 2301 1643 2336 ideo
1662 2302 1752 2348 prin-

201 2356 372 2403 cipaliter,
400 2363 433 2390 et
458 2355 614 2389 maxime
642 2355 740 2388 Deus
769 2363 821 2388 est
847 2366 889 2388 ex
916 2354 1089 2388 charitate
1112 2354 1331 2400 diligendus:
1359 2355 1434 2400 ipse
1460 2354 1556 2388 enirn
1584 2354 1752 2400 diligitur,

200 2410 291 2444 sicut
323 2409 548 2442 beatitudinis
584 2419 707 2442 causa:
742 2407 926 2453 proximus
955 2415 1087 2449 autem,
1114 2408 1204 2442 sicut
1230 2408 1488 2442 beatitudinem
1515 2407 1556 2441 ab
1580 2419 1623 2442 eo
1645 2408 1753 2442 simul

199 2463 389 2497 nobiscum
411 2461 638 2508 participans.

269 2516 328 2550 AD
351 2526 498 2550 PRrMUM
521 2526 606 2560 ergo
630 2514 832 2555 dicendum,
856 2514 951 2560 quod
973 2514 1147 2561 dupliciter
1169 2522 1221 2549 est
1243 2514 1375 2560 aliquid
1399 2525 1505 2548 causa
1527 2513 1751 2550 dilectionis:

199 2581 262 2603 nno
285 2569 391 2611 modo,
420 2569 510 2602 sicut
531 2568 577 2610 id,
600 2567 695 2614 quod
718 2575 770 2601 est
792 2568 881 2601 ratio
906 2567 1095 2613 diligendi:
1123 2577 1157 2602 et
1182 2568 1253 2602 hoc
1277 2568 1387 2602 modo
1409 2568 1546 2602 bonum
1568 2576 1620 2602 est
1642 2579 1750 2602 causa

199 2622 392 2667 diligendi3
415 2622 496 2668 quia
519 2621 800 2667 unumquodque
820 2620 986 2665 diligitur,
1004 2621 1213 2667 inquantum
1236 2622 1344 2655 habet
1365 2621 1543 2655 rationem
1563 2621 1666 2656 boni:
1685 2622 1750 2656 alio

198 2676 304 2717 modo,
329 2676 410 2721 quia
432 2684 484 2709 est
504 2675 561 2708 via
583 2674 759 2721 quaedam
775 2674 816 2707 ad
837 2675 1094 2719 acquirendum
1109 2675 1359 2709 dilectionem:
1383 2682 1417 2708 et
1437 2675 1507 2708 hoc
1531 2675 1641 2708 modo
1660 2675 1750 2709 visio

199 2737 252 2763 est
273 2740 379 2762 causa
400 2728 620 2770 dilectionis3
642 2739 715 2761 non
743 2727 887 2773 quidem
915 2727 961 2760 ita
990 2728 1084 2773 quod
1109 2739 1150 2761 ea
1173 2728 1310 2762 ratione
1338 2728 1382 2762 sit
1408 2727 1540 2773 aliquid
1567 2727 1749 2774 diligibile,

199 2783 279 2827 quia
313 2790 365 2815 est
396 2781 557 2823 visibile,
579 2782 639 2815 sed
662 2781 743 2827 quia
765 2792 826 2826 per
848 2780 1024 2814 visionem
1052 2781 1279 2826 perducimur
1306 2782 1348 2815 ad
1376 2780 1630 2823 dilectionem3
1663 2792 1749 2826 ergo

199 2846 272 2868 non
307 2843 458 2880 oportet,
486 2835 581 2880 quod
607 2834 705 2875 illud,
733 2834 826 2880 quod
855 2842 907 2867 est
935 2834 1049 2879 magis
1072 2834 1220 2877 visibile,
1254 2835 1297 2868 sit
1331 2835 1445 2880 magis
1473 2834 1661 2880 diligibile;
1688 2834 1749 2869 sed

199 2888 293 2933 quod
317 2888 412 2933 prius
434 2896 598 2922 occurrat
619 2887 722 2921 nobis
746 2887 788 2921 ad
811 2887 1052 2933 diligendum:
1076 2895 1109 2921 et
1130 2887 1200 2922 hoc
1225 2887 1335 2922 modo
1360 2894 1629 2934 argumentatur
1655 2888 1750 2934 Apo-
