1859 3122
447 171 669 207 QUAESTIO
705 171 908 202 CLXXXVI.
942 171 1188 203 ARTICULUS
1221 172 1282 203 111.
1536 173 1641 217 1223

84 252 181 287 xime
203 253 239 286 in
263 253 484 299 poenitentia
507 261 676 299 operatur
690 263 729 286 »z
754 253 813 288 sed
837 262 1027 300 paupertas
1043 253 1200 288 excludit
1213 253 1530 300 eleemosynarum
1544 254 1647 300 largi-

80 308 240 348 tionem;
256 317 343 351 ergo
358 307 509 349 videtur,
525 307 620 353 quod
638 315 827 354 paupertas
843 308 885 341 ad
901 307 1162 354 perfectionem
1178 308 1361 354 religionis
1374 319 1448 342 non
1460 308 1646 354 pertineat.

156 360 232 395 SED
255 371 409 395 CONTRA
433 369 496 403 est,
520 361 616 407 quod
641 360 750 407 Greg.
775 361 860 396 dicit
881 362 915 395 in
938 362 969 396 8.
992 362 1085 396 Mor.
1110 363 1198 409 (cap.
1224 364 1309 408 15.):
1335 375 1353 394 «
1369 362 1459 396 Sunt
1481 361 1646 396 nonnulli

83 414 273 460 justorum,
296 415 354 460 qui
375 415 417 448 ad
434 414 817 461 comprehendendum
831 414 975 449 culmen
990 415 1219 460 perfectionis
1235 415 1399 457 accincti,
1415 416 1500 449 dum
1520 415 1647 450 altiora

82 467 231 501 interius
255 475 438 513 appetunt,
461 468 614 502 exterius
637 476 766 502 cuncta
788 468 1090 514 derelinquuntn:
1111 470 1171 503 sed
1192 470 1330 515 accingi
1351 469 1395 502 ad
1411 469 1647 515 comprehen-

82 521 243 556 dendum
275 520 419 555 culmen
446 520 690 568 perfectionis,
720 522 862 568 proprie
891 523 1043 568 pertinet
1069 523 1113 556 ad
1139 522 1341 569 religiosos,
1367 531 1405 557 ut
1431 523 1566 557 dictum
1594 531 1647 558 est

84 574 164 618 (art.
187 584 215 609 1.
237 579 264 608 et
279 585 308 609 2.
320 575 477 620 praec.),·
493 585 585 621 ergo
602 575 652 609 eis
667 575 852 620 competit,
867 583 904 609 ut
918 587 981 621 per
994 575 1235 610 voluntariam
1250 584 1497 623 paupertatem
1517 584 1646 611 cuncta

82 627 237 662 exterius
260 627 520 674 derelinquant.

155 680 384 715 Rnspoxmso
408 681 614 723 dicendum,
637 681 746 727 quod,
767 683 859 716 sicut
885 693 991 728 supra
1018 682 1154 717 dictum
1181 691 1234 718 est
1259 683 1340 728 (art.
1361 684 1507 730 praec),
1535 691 1646 717 status

84 734 269 780 religionis
292 742 344 768 est
368 734 551 780 quoddam
567 735 789 776 exercitium,
812 743 846 769 et
868 735 1066 780 disciplina,
1089 747 1150 782 per
1171 747 1279 782 quarn
1295 737 1499 783 pervenitur
1514 737 1557 770 ad
1572 748 1647 783 per-

83 786 281 822 fectionem
303 787 504 821 charitatis:
525 787 569 821 ad
589 787 685 833 quod
701 788 847 833 quidem
867 788 1114 823 necessarium
1129 797 1191 831 est,
1206 790 1303 836 quod
1326 790 1453 836 aliquis
1476 789 1646 824 affectum

83 851 190 875 suum
211 841 369 875 totaliter
392 841 575 875 abstrahat
597 852 615 874 a
639 841 742 875 rebus
764 842 974 876 mundanis:
998 842 1083 876 dicit
1105 843 1200 877 enim
1224 844 1318 889 Aug.
1341 844 1377 877 in
1403 855 1454 879 10.
1478 843 1645 879 Confess.

84 894 175 941 (cap.
197 894 271 940 29.)
294 894 337 928 ad
360 895 480 928 Deum
502 893 671 940 loquens:
698 894 847 928 «Minus
867 903 901 929 te
924 904 1032 938 amat,
1054 897 1115 942 qui
1132 905 1254 931 tecum
1273 897 1405 944 aliquid
1426 906 1534 939 amat,
1549 897 1645 943 quod

82 958 158 982 non
180 955 325 993 propter
345 955 379 981 te
403 955 500 981 amat
514 960 554 989 »3
577 948 670 981 unde
693 948 728 981 in
752 947 811 981 lib.
831 948 886 994 83.
911 948 1000 990 QQ.
1022 950 1069 995 (q.
1089 951 1156 996 36.)
1181 950 1267 984 dicit
1287 951 1382 997 Aug.
1398 951 1494 997 quod
1513 951 1647 985 «nutri-

83 1009 248 1035 mentum
271 1001 455 1035 charitatis
482 1009 535 1035 est
563 1001 756 1035 diminutio
784 1002 997 1046 cupiditatis,
1024 1002 1197 1048 perfectio
1223 1003 1322 1038 nulla
1348 1004 1568 1050 cupiditas».
1594 1003 1646 1038 Ex

83 1054 155 1089 hoc
179 1063 299 1088 autem
321 1055 417 1101 quod
433 1054 560 1100 aliquis
575 1064 631 1088 res
646 1054 849 1088 mundanas
863 1055 1033 1099 possidet,
1049 1056 1202 1090 allicitur
1216 1057 1357 1092 animus
1372 1058 1447 1102 ejus
1463 1058 1505 1091 ad
1521 1069 1646 1092 earum

82 1119 266 1150 amorem3
282 1108 376 1142 unde
387 1108 482 1153 Aug.
498 1107 584 1141 dicit
610 1108 645 1140 in
671 1106 781 1152 Epist.
799 1107 988 1154 (31.al.34.)
1016 1109 1058 1142 ad
1085 1109 1237 1152 Paulin.,
1260 1118 1295 1144 et
1307 1110 1535 1153 Therasiam,
1550 1111 1646 1157 quod

86 1169 260 1196 «terrena
282 1161 478 1206 diliguntur
500 1160 630 1194 arctius
659 1160 798 1206 adepta,
826 1172 935 1206 quarn
967 1162 1176 1208 concupita:
1198 1174 1285 1196 narn
1310 1163 1404 1197 unde
1426 1164 1564 1208 juvenis
1585 1163 1645 1198 ille

83 1215 192 1250 tristis
215 1215 389 1256 discessit,
411 1213 479 1247 nisi
501 1213 584 1259 quia
607 1224 759 1259 magnas
781 1214 922 1248 divitias
943 1215 1122 1249 habebat?
1146 1215 1254 1250 Aliud
1278 1225 1330 1250 est
1352 1217 1448 1250 enim
1470 1217 1568 1251 nolle
1594 1217 1646 1250 in-

83 1279 278 1314 corporare
301 1279 392 1314 quae
415 1268 560 1301 desunt:
585 1266 680 1301 aliud
702 1268 775 1312 jam
798 1267 1026 1314 incorporata
1053 1268 1241 1303 divellere:
1269 1269 1330 1304 illa
1356 1269 1453 1304 velut
1479 1279 1646 1305 extranea

84 1321 336 1368 repudiantur:
358 1321 425 1355 ista
445 1331 532 1355 vero
554 1320 667 1355 veluti
688 1321 852 1354 membra
874 1321 1172 1367 praescinduntur
1185 1335 1225 1365 »3
1245 1330 1280 1357 et
1295 1323 1424 1369 Chrys.
1441 1324 1527 1358 dicit
1540 1335 1647 1369 super

83 1375 212 1409 Matth.
239 1375 344 1420 (hom.
371 1375 427 1419 64.
454 1379 528 1409 ante
554 1374 654 1418 med.)
682 1374 778 1420 quod
809 1375 1020 1420 «appositio
1047 1375 1251 1410 divitiarum
1278 1377 1455 1422 majorem
1483 1377 1647 1412 accendit

81 1428 282 1470 flammam,
305 1436 340 1462 et
359 1427 612 1461 vehementior
637 1427 675 1461 fit
702 1427 833 1473 cupido
849 1440 888 1470 »;
919 1435 954 1462 et
982 1428 1065 1462 inde
1096 1437 1159 1470 est,
1189 1429 1285 1475 quod
1314 1431 1358 1464 ad
1382 1429 1645 1476 perfectionem

85 1482 271 1516 charitatis
293 1481 551 1527 acquirendam
577 1481 735 1526 primum
761 1480 1037 1515 fundamentum
1064 1490 1118 1516 est
1141 1482 1344 1517 voluntaria
1373 1492 1576 1529 paupertas,
1608 1492 1646 1518 ut

85 1534 214 1581 aliquis
237 1535 369 1580 absque
391 1534 537 1579 proprio
556 1534 664 1576 vivat,
686 1534 826 1568 dicente
841 1534 1016 1576 Domino,
1031 1535 1158 1569 Matth.
1179 1546 1250 1582 19.:
1272 1537 1308 1571 Si
1324 1538 1374 1571 vis
1388 1537 1553 1583 perfectus
1572 1548 1644 1581 esse,

81 1587 178 1630 vade,
201 1587 302 1622 vende
323 1588 436 1621 omnia
455 1599 536 1633 quaa
558 1587 665 1629 habes,
687 1592 716 1622 et
737 1587 778 1621 da
791 1589 1008 1634 pauperibus,
1031 1593 1061 1622 et
1080 1590 1170 1630 veni,
1188 1601 1315 1635 sequere
1336 1602 1397 1624 me.

155 1642 215 1676 AD
237 1651 385 1676 PRIMUM
409 1651 496 1686 ergo
519 1640 725 1682 dicendum,
747 1641 855 1686 quod,
877 1643 968 1675 sicut
987 1641 1107 1676 Gloss.
1125 1643 1267 1688 (interl.)
1288 1643 1372 1677 ibid.
1391 1643 1520 1686 subdit,
1545 1654 1645 1677 «non

82 1695 167 1730 ideo
189 1695 276 1728 dixit
296 1694 508 1739 Apostolus,
530 1693 667 1728 scilicet
689 1702 727 1728 ut
743 1694 846 1728 vobis
858 1705 932 1728 non
951 1695 995 1729 sit
1011 1695 1193 1730 tribulatio
1213 1696 1321 1741 (idest
1338 1698 1544 1742 paupertas)
1560 1697 1645 1743 quin

83 1747 214 1783 melius
236 1755 330 1782 esset
361 1747 486 1781 omnia
516 1747 616 1781 dare:
640 1747 701 1781 sed
724 1747 874 1781 infirmis
900 1748 1014 1789 timet,
1045 1759 1135 1794 quos
1162 1749 1212 1782 sic
1240 1749 1323 1784 dare
1345 1758 1482 1792 monet,
1503 1758 1543 1784 ut
1567 1761 1646 1796 ege-

82 1810 214 1836 statem
235 1812 310 1835 non
331 1802 510 1846 patiantur
524 1813 564 1842 »3
587 1800 682 1834 unde
705 1800 868 1834 similiter
889 1801 998 1834 etiam
1021 1812 1063 1835 ex
1091 1801 1224 1836 Glossa
1255 1802 1323 1837 alia
1351 1815 1426 1837 non
1449 1811 1501 1838 est
1520 1803 1647 1837 intelli—

83 1855 256 1902 gendum,
279 1855 375 1900 quod
396 1865 471 1888 non
493 1853 600 1888 liceat
621 1854 744 1888 omnia
766 1854 980 1900 temporalia
1002 1855 1168 1901 abjicere,
1187 1856 1249 1890 sed
1268 1857 1365 1902 quod
1379 1868 1453 1891 non
1469 1868 1510 1891 ex
1526 1868 1646 1891 neces-

84 1909 188 1944 sitate
209 1908 420 1954 requiritur;
442 1907 536 1941 unde
558 1915 593 1941 et
613 1907 784 1941 Ambros.
812 1907 897 1941 dicit
922 1908 958 1941 in
985 1918 1013 1941 1.
1037 1908 1080 1942 de
1103 1908 1177 1943 Off.
1203 1910 1294 1956 (cap.
1316 1911 1405 1955 20.),·
1431 1911 1645 1945 «Dominus

83 1973 159 1996 non
180 1961 257 1995 vult
278 1960 432 2006 (scilicet
453 1971 496 1994 ex
516 1960 732 1994 necessitate
754 1961 952 2006 praecepti)
966 1961 1075 1995 simul
1090 1961 1225 1996 effundi
1238 1973 1337 2009 opes,
1351 1963 1413 1997 sed
1428 1963 1645 2010 dispensari:

84 2015 155 2050 nisi
175 2014 267 2049 forte
289 2022 328 2048 ut
349 2013 537 2048 Helisaeus
558 2013 671 2048 boves
693 2025 778 2048 suos
797 2014 941 2056 occidit,
963 2022 997 2048 et
1017 2015 1115 2060 pavit
1136 2027 1310 2062 pauperes
1337 2028 1381 2051 ex
1402 2028 1445 2051 eo
1468 2017 1565 2063 quod
1585 2017 1646 2051 ha-

84 2069 172 2110 buit,
194 2076 232 2102 ut
252 2067 351 2101 nulla
373 2078 458 2101 cura
479 2074 661 2101 teneretur
679 2067 878 2101 domestica
893 2081 924 2101 ».

157 2122 216 2156 AD
244 2130 451 2156 SECUNDUM
477 2120 683 2162 dicendum,
711 2120 807 2166 quod
833 2120 893 2154 ille
915 2120 975 2167 qui
997 2122 1121 2156 omnia
1139 2134 1203 2157 sua
1221 2123 1367 2158 dimittit
1384 2132 1529 2170 propter
1543 2123 1646 2159 Chri-

79 2174 193 2217 stum,
214 2186 288 2208 non
316 2175 461 2219 exponit
486 2184 524 2208 se
549 2173 711 2219 periculo
737 2185 854 2220 neque
881 2174 1067 2220 spirituali,
1092 2187 1209 2222 neque
1237 2178 1434 2222 corporali:
1461 2177 1644 2224 spirituale

84 2229 183 2264 enim
206 2227 407 2275 periculum
429 2239 472 2261 ex
493 2235 703 2273 paupertate
724 2229 900 2274 provenit,
923 2229 1067 2274 quando
1088 2241 1162 2264 non
1185 2238 1238 2265 est
1257 2230 1478 2265 voluntaria:
1497 2231 1581 2278 quia
1603 2243 1645 2265 ex

86 2282 216 2317 affectu
239 2280 486 2327 congregandi
506 2280 691 2326 pecunias,
714 2292 823 2327 quem
844 2282 1026 2327 patiuntur
1046 2282 1098 2316 illi
1116 2283 1177 2329 qui
1198 2283 1438 2318 involuntarie
1460 2292 1542 2318 sunt
1562 2296 1645 2330 pau-

84 2347 202 2383 peres,
224 2335 348 2369 incidit
367 2335 483 2368 homo
504 2334 676 2383 inpmulta
698 2343 859 2380 peccata,
881 2335 1080 2370 secundum
1105 2336 1195 2371 illud
1220 2348 1246 2371 1.
1270 2337 1312 2371 ad
1340 2336 1437 2371 Tim.
1459 2337 1545 2371 ult.:
1574 2339 1645 2382 Qui

84 2390 205 2425 volu-nt
229 2389 346 2423 divites
358 2389 449 2434 fieri,
475 2387 626 2422 incidunt
655 2389 690 2422 in
720 2389 940 2432 tentationem,
963 2393 991 2422 et
1010 2390 1046 2422 in
1072 2389 1224 2435 laqueum
1252 2390 1401 2426 diaboli:
1431 2391 1496 2425 iste
1523 2399 1644 2425 autem

87 2441 238 2476 affectus
264 2441 456 2487 deponitur
489 2440 531 2474 ab
561 2440 629 2482 his,
656 2440 717 2486 qui
743 2440 987 2475 voluntariam
1013 2450 1261 2487 paupertatem
1290 2451 1506 2489 sequuntur3
1528 2444 1644 2489 magis

85 2503 211 2529 autern
234 2495 443 2528 dominatur
462 2493 499 2527 in
520 2493 588 2535 his,
610 2493 671 2539 qui
693 2493 834 2528 divitias
856 2494 1052 2540 possident,
1079 2503 1117 2529 ut
1142 2505 1185 2529 ex
1210 2507 1317 2541 supra
1343 2496 1444 2530 dictis
1470 2504 1568 2542 patet
1593 2497 1645 2542 (in

88 2555 176 2595 corp.
199 2548 282 2592 art.)
295 2561 305 2582 .·
327 2546 516 2592 corporale
538 2547 648 2581 etiam
668 2546 871 2592 periculum
891 2559 965 2582 non
991 2547 1158 2582 imminet
1182 2548 1264 2591 illis,
1291 2549 1351 2594 qui
1376 2549 1575 2584 intentione
1595 2561 1647 2584 se-

87 2601 221 2648 quendi
243 2600 431 2635 Christum
453 2600 577 2634 omnia
598 2611 662 2634 sua
683 2600 899 2646 relinquunt,
922 2600 1063 2635 divinae
1090 2601 1336 2647 providentiae
1358 2613 1396 2637 se
1419 2602 1645 2637 committen-

86 2663 164 2697 tes;
186 2654 280 2688 unde
303 2654 397 2699 Aug.
420 2653 506 2687 dicit
525 2653 563 2686 in
583 2652 644 2687 lib.
667 2663 698 2687 2.
721 2653 765 2688 de
788 2653 903 2688 Serm.
925 2654 1035 2688 Dom.
1062 2654 1098 2687 in
1120 2662 1245 2689 monte
1269 2655 1354 2701 (cap.
1379 2656 1470 2701 17.):
1496 2654 1646 2696 «Quae-

87 2708 245 2742 rentibus
261 2708 412 2754 primum
432 2717 570 2752 regnum
593 2706 672 2749 Dei,
693 2711 722 2741 et
737 2708 902 2753 justitiam
928 2709 1009 2753 ejus,
1034 2718 1109 2741 non
1135 2707 1241 2742 debet
1266 2708 1413 2743 subesse
1439 2707 1644 2750 solicitudo,

87 2772 134 2795 ne
154 2760 359 2795 necessaria
380 2759 497 2794 desint
510 2771 542 2793 ».

160 2814 221 2848 AD
243 2823 414 2848 TERTHJM
436 2812 640 2855 dicendum,
661 2813 758 2859 quod
779 2813 939 2847 medium
957 2813 1095 2848 virtutis
1111 2813 1309 2848 secundum
1323 2813 1417 2848 Phil.
1431 2814 1467 2848 in
1482 2824 1513 2848 2.
1528 2813 1643 2848 Ethic.

88 2867 180 2914 (cap.
206 2867 255 2908 6.)
284 2866 458 2912 accipitur
482 2865 680 2900 secundum
707 2866 884 2902 rationem
910 2874 1058 2909 rectam,
1084 2877 1158 2901 non
1184 2866 1382 2902 secundum
1409 2867 1642 2913 quantitatem
