1905 3137
259 122 315 164 86
671 134 891 169 QUAESTIO
926 135 1014 165 VIII.
1048 136 1290 167 ARTICULUS
1323 137 1396 167 VII.

259 223 293 249 et
314 215 371 249 hic
393 227 460 250 nos
483 215 672 261 perficiunt
693 216 893 250 secundum
914 217 1110 263 quamdam
1131 217 1416 260 inchoationem,
1439 227 1473 253 et
1493 219 1529 253 in
1550 220 1669 255 futuro
1690 221 1815 268 Imple-

257 269 399 310 buntur,
421 277 459 303 ut
480 280 585 315 supra
607 269 745 303 dictum
767 277 818 304 est
842 270 891 314 (in
913 277 1002 317 corp.
1022 276 1085 305 art.
1108 276 1136 306 et
1156 283 1221 306 1-2.
1241 283 1270 317 q.
1297 271 1353 318 69.
1375 277 1438 307 art.
1461 273 1520 318 2.).

789 412 1132 457 ARTICULUS
1166 414 1289 457 VIII.
1765 429 1811 472 46

316 518 469 548 UTRUM
497 519 541 549 IN
567 519 806 550 FRUCTIBUS
834 521 956 550 FIDES
980 521 1266 552 RESPONDEAT
1291 522 1416 552 DONO
1438 523 1753 554 INTELLECTUS.

803 608 844 655 (3.
866 610 955 643 Dist.
974 621 1018 655 33.
1040 621 1070 654 q.
1092 622 1120 644 1.
1138 615 1202 643 art.
1219 609 1277 656 5).

327 694 387 729 AD
410 705 598 730 OCTAVUM
620 697 670 730 sic
692 697 908 742 proceditur.
931 696 1092 739 Videtur,
1115 698 1211 743 quod
1230 698 1265 731 in
1284 697 1454 732 fructibus
1473 692 1560 732 fides
1580 710 1654 733 non
1672 710 1815 745 respon-

256 747 338 782 deat
360 749 457 782 dono
476 749 698 784 intellectus:
721 750 924 784 intellectus
947 750 1044 784 enirn
1066 758 1118 784 est
1138 750 1273 785 fructus
1294 751 1394 784 fidei:
1419 752 1546 785 dicitur
1565 752 1662 786 enim
1677 752 1743 787 Isa.
1765 763 1813 798 7.:

254 802 330 836 Nisi
349 802 562 844 credideritis,
590 815 655 836 non
682 804 874 848 intelligatis,
897 804 1097 838 secundum
1118 803 1226 838 aliam
1249 804 1390 838 literam
1412 805 1533 848 (LXX.
1555 806 1726 852 Intarp12),
1755 806 1815 840 ubi

253 865 320 888 nos
339 855 534 890 habemus:
557 856 592 890 Si
614 868 677 890 non
700 857 912 900 credideritis,
934 869 999 891 non
1015 858 1275 904 pernzanel>itis;
1298 868 1373 891 non
1396 868 1482 902 ergo
1504 857 1591 892 fides
1609 866 1663 892 est
1679 858 1814 893 fructus

254 907 466 942 intellectus.

325 971 356 995 2.
379 962 614 997 PRAETEREA.
646 963 748 997 Prius
774 975 848 997 non
875 971 929 998 est
953 963 1088 998 fructus
1111 963 1339 1009 posterioris:
1370 963 1431 998 sed
1462 963 1549 998 fides
1570 964 1710 999 videtur
1736 976 1812 1000 esse

252 1014 350 1060 prior
380 1015 585 1058 intellectu,
613 1016 696 1062 quia
724 1016 811 1050 fides
843 1025 895 1051 est
921 1016 1198 1051 fundamentum
1231 1017 1341 1051 totius
1367 1016 1561 1062 spiritualis
1588 1018 1751 1062 aedificii,
1777 1027 1815 1053 ut

252 1080 358 1115 supra
381 1069 516 1103 dictum
539 1078 591 1104 est
615 1071 658 1116 (q.
680 1082 712 1114 4.
736 1076 800 1105 art.
816 1083 842 1105 Ι.
866 1077 895 1105 et
908 1071 953 1116 7.)
964 1083 976 1111 ;
1000 1082 1086 1116 ergo
1108 1070 1196 1104 fides
1217 1082 1291 1104 non
1313 1078 1366 1104 est
1386 1069 1520 1104 fructus
1541 1071 1756 1106 intellectus.

327 1134 355 1168 3.
383 1122 619 1158 PRAETEREA.
648 1123 756 1157 Plura
783 1132 864 1158 sunt
897 1124 993 1158 dona
1015 1124 1229 1170 pertinentia
1251 1124 1295 1157 ad
1316 1123 1551 1166 intellectum,
1578 1136 1687 1170 quam
1712 1125 1816 1170 perti-

252 1176 374 1210 nentia
396 1176 439 1210 ad
462 1178 677 1222 appetitum:
702 1178 762 1210 sed
785 1178 875 1211 inter
897 1177 1032 1211 fructus
1054 1177 1199 1223 ponitur
1219 1185 1361 1210 tantum
1379 1188 1492 1210 unum
1510 1178 1689 1223 pertinens
1709 1178 1815 1212 adin-

251 1228 448 1271 tellectum,
470 1229 609 1264 scilicet
631 1230 736 1272 fides,
760 1231 883 1264 omnia
905 1242 991 1264 vero
1015 1230 1083 1264 alia
1110 1230 1289 1276 pertinent
1311 1230 1353 1263 ad
1377 1230 1594 1276 appetitum;
1622 1241 1708 1276 ergo
1726 1231 1814 1265 fides

250 1293 325 1316 non
347 1283 462 1328 magis
480 1283 620 1317 videtur
642 1285 859 1329 respondere
881 1283 1090 1325 intellectui,
1112 1295 1221 1330 quam
1243 1283 1450 1329 sapientiae,
1470 1283 1529 1317 vel
1549 1284 1732 1326 scientiae,
1751 1295 1814 1319 seu

253 1335 417 1370 consilio.

325 1389 399 1423 SED
416 1399 571 1424 CONTRA
594 1398 657 1431 est,
673 1390 770 1435 quod
792 1390 871 1424 finis
893 1390 1173 1436 uniuscujusque
1196 1390 1246 1423 rei
1268 1398 1320 1424 est
1333 1389 1467 1424 fructus
1483 1391 1575 1436 ejus:
1596 1391 1658 1424 sed
1676 1391 1812 1425 donum

254 1442 457 1476 intellectus
478 1443 617 1477 videtur
639 1443 882 1489 principaliter
905 1444 1062 1478 ordinari
1089 1444 1132 1477 ad
1155 1443 1406 1477 certitudinem
1432 1443 1525 1485 fidei,
1553 1455 1644 1489 quae
1670 1445 1814 1490 ponitur

252 1495 403 1530 fructus:
427 1496 512 1530 dicit
534 1496 631 1529 enim
655 1496 756 1530 Glos.
779 1497 904 1541 (interl.
925 1504 994 1543 sup.
1019 1496 1118 1530 illud:
1146 1497 1288 1531 Fructus
1310 1501 1416 1530 autem
1442 1498 1588 1543 spiritus)
1617 1497 1661 1530 ad
1681 1497 1761 1532 Gal.
1785 1508 1812 1542 ς.

252 1549 349 1594 quod
376 1548 474 1590 fides,
497 1560 588 1594 quae
612 1557 664 1583 est
684 1549 832 1591 fructus,
855 1558 908 1584 est
930 1550 972 1583 de
994 1548 1231 1583 invisibilibus
1254 1549 1447 1591 certitudo;
1477 1560 1564 1596 ergo
1586 1549 1622 1584 in
1643 1549 1814 1585 fructibus

252 1602 338 1636 fides
358 1602 551 1648 respondet
573 1602 670 1636 dono
692 1602 906 1637 intellectus.

324 1655 554 1690 Rrspoxnro
577 1656 782 1698 dicendum,
798 1656 906 1702 quod,
922 1656 1013 1690 sicut
1027 1667 1133 1702 supra
1148 1656 1283 1690 dictum
1303 1664 1355 1690 est
1374 1655 1454 1700 (1-2.
1473 1668 1503 1702 q.
1523 1667 1577 1702 70.
1591 1661 1654 1691 art.
1669 1655 1714 1701 1.)
1730 1668 1814 1691 cum

250 1708 294 1742 de
317 1708 488 1743 fructibus
511 1718 687 1754 ageretur,
709 1709 843 1744 fructus
870 1710 1012 1755 spiritus
1040 1710 1206 1744 dicuntur
1233 1709 1370 1751 ultima,
1398 1718 1432 1744 et
1458 1709 1696 1752 delectabilia,
1723 1721 1814 1756 quae

249 1763 285 1795 in
308 1762 411 1796 nobis
434 1763 649 1808 proveniunt
672 1774 713 1796 ex
731 1763 860 1797 virtute
877 1763 1029 1808 Spiritus
1050 1763 1191 1797 Sancti:
1214 1762 1382 1796 ultimum
1398 1771 1530 1803 autem,
1549 1771 1584 1797 et
1602 1762 1813 1797 delectabile

248 1816 357 1850 habet
378 1816 557 1850 rationem
578 1815 669 1857 finis,
693 1816 754 1861 qui
775 1825 827 1850 est
849 1816 1034 1862 proprium
1057 1816 1241 1861 objectum
1262 1815 1477 1858 voluntatis3
1500 1824 1533 1850 et
1554 1816 1636 1849 ideo
1660 1824 1812 1862 oportet,

251 1870 346 1914 quod
368 1869 467 1910 illud,
491 1869 587 1915 quod
611 1877 662 1903 est
684 1869 864 1911 ultimum,
892 1878 925 1903 et
948 1868 1158 1903 delectabile
1185 1869 1221 1902 in
1247 1868 1445 1910 voluntate,
1473 1869 1518 1902 sit
1539 1869 1812 1914 quodammodo

249 1922 384 1956 fructus
408 1923 573 1956 omnium
596 1923 762 1964 aliorum,
786 1934 877 1968 quae
905 1923 1084 1968 pertinent
1103 1922 1146 1955 ad
1174 1921 1261 1955 alias
1287 1923 1476 1967 potentias.
1506 1922 1714 1956 Secundum
1741 1922 1811 1956 hoc

250 1987 336 2021 ergo
360 1987 472 2021 genus
495 1976 592 2017 doni,
614 1975 673 2010 vel
690 1976 829 2010 virtutis
852 1975 1068 2021 perficientis
1091 1975 1249 2021 aliquam
1268 1975 1468 2021 potentiam
1486 1983 1605 2021 potest
1623 1975 1738 2021 accipi
1758 1975 1814 2010 du-

243 2030 322 2076 plex
343 2029 495 2063 fructus:
520 2041 601 2063 unus
623 2029 769 2074 quidem
798 2029 978 2074 pertinens
1007 2029 1050 2062 ad
1077 2040 1180 2063 suam
1206 2029 1424 2074 potentiam:
1452 2029 1535 2063 alius
1563 2037 1684 2063 autem
1711 2029 1813 2075 quasi

249 2083 396 2117 ultimus
415 2083 595 2129 pertinens
615 2083 658 2116 ad
676 2082 920 2125 voluntatem3
944 2091 977 2117 et
995 2080 1195 2117 secundum
1213 2083 1283 2116 hoc
1304 2083 1498 2123 dicendum
1517 2091 1580 2124 est,
1599 2082 1695 2128 quod
1711 2083 1808 2117 dono

247 2136 452 2170 intellectus
475 2136 668 2182 respondet
689 2147 752 2182 pro
776 2136 920 2182 proprio
940 2135 1056 2170 fructu
1072 2136 1170 2177 fides,
1186 2135 1323 2170 scilicet
1344 2136 1426 2169 fidei
1445 2136 1640 2170 certitudo:
1663 2136 1724 2170 sed
1746 2147 1810 2182 pro

250 2189 379 2224 ultimo
394 2189 510 2223 fructu
526 2189 719 2235 respondet
741 2191 772 2223 ei
795 2189 979 2234 gaudium,
1002 2189 1097 2235 quod
1120 2189 1272 2235 pertinet
1295 2189 1337 2222 ad
1359 2189 1596 2223 voluntatem.

320 2243 378 2276 AD
405 2253 554 2277 PRIMUM
582 2253 668 2288 ergo
696 2242 899 2284 dicendum,
927 2243 1022 2288 quod
1049 2242 1251 2276 intellectus
1280 2250 1331 2276 est
1357 2241 1491 2276 fructus
1518 2241 1612 2283 fidei,
1640 2253 1731 2287 quae
1759 2250 1812 2277 est

248 2296 374 2330 virtus:
399 2296 448 2330 sic
473 2303 593 2330 autem
615 2307 688 2329 non
712 2295 885 2341 accipitur
912 2295 1010 2337 fides,
1038 2307 1121 2329 cum
1148 2295 1276 2329 dicitur
1303 2294 1448 2336 fructus,
1475 2295 1537 2329 sed
1562 2306 1626 2341 pro
1655 2295 1811 2341 quadam

249 2350 458 2384 certitudine
481 2348 574 2390 fidei,
598 2348 641 2382 ad
664 2360 774 2394 quam
795 2349 908 2382 homo
931 2349 1093 2394 pervenit
1114 2360 1175 2394 per
1197 2349 1335 2383 donum
1356 2347 1570 2382 intellectus.

319 2403 379 2437 AD
402 2413 608 2437 SECUNDUM
631 2402 837 2443 dicendum,
860 2402 955 2447 quod
978 2401 1063 2435 fides
1085 2413 1159 2435 non
1181 2409 1299 2447 potest
1321 2401 1568 2435 universaliter
1594 2401 1810 2448 praecedere

248 2456 490 2490 intellectum:
514 2466 587 2489 non
610 2455 707 2489 enim
729 2463 851 2501 posset
872 2455 986 2488 homo
1009 2455 1178 2488 assentire
1201 2454 1380 2488 credendo
1404 2454 1580 2500 aliquibus
1603 2455 1810 2501 propositis,

247 2510 315 2544 nisi
331 2521 372 2543 ea
388 2508 589 2555 aliqualiter
602 2508 835 2554 intelligeret:
859 2509 919 2542 sed
935 2507 1106 2554 perfectio
1122 2507 1322 2542 intellectus
1338 2508 1570 2553 consequitur
1584 2508 1704 2550 fidem,
1719 2519 1810 2554 quae

252 2571 303 2596 est
325 2563 455 2604 virtus;
483 2562 526 2596 ad
549 2573 657 2608 quam
677 2562 823 2608 quidem
844 2561 1045 2595 intellectus
1067 2560 1325 2607 perfectionem
1347 2561 1506 2606 sequitur
1527 2561 1705 2607 quaedam
1726 2561 1810 2596 fidei

250 2616 437 2650 certitudo.

322 2670 381 2703 AD
403 2679 573 2703 TERTmM
589 2668 792 2710 dicendum,
808 2667 903 2714 quod
919 2667 1134 2711 cognitionis
1152 2667 1330 2712 practicae
1347 2665 1482 2701 fructus
1501 2679 1575 2702 non
1593 2675 1713 2714 potest
1731 2679 1808 2702 esse

250 2722 285 2755 in
308 2722 404 2767 ipsa3
429 2722 512 2767 quia
532 2721 612 2756 talis
636 2721 794 2766 cognitio
817 2732 890 2754 non
912 2721 1020 2754 scitur
1042 2729 1186 2766 propter
1208 2731 1255 2762 se,
1278 2720 1338 2753 sed
1361 2728 1505 2766 propter
1533 2720 1646 2754 aliud:
1668 2721 1732 2755 sed
1753 2732 1810 2756 co-

254 2775 367 2821 gnitio
389 2775 609 2821 speculativa
630 2775 737 2808 habet
757 2773 913 2808 fructum
934 2774 969 2807 in
992 2774 1119 2819 seipsa,
1134 2772 1271 2807 scilicet
1293 2773 1543 2807 certitudinem
1565 2784 1704 2815 eorum,
1723 2785 1808 2820 quo-

251 2839 333 2863 rum
355 2836 423 2872 cst3
447 2836 481 2863 et
501 2828 583 2863 ideo
607 2828 704 2863 dono
727 2827 879 2869 consilii,
901 2826 997 2874 quod
1019 2828 1171 2873 pertinet
1197 2826 1316 2861 solum
1339 2826 1381 2860 ad
1410 2826 1657 2873 cognitionem
1682 2827 1808 2875 practi-
