1859 3122
487 189 708 226 QUAESTIO
742 189 888 218 XXXIV.
924 189 1167 220 ARTICULUS
1200 189 1257 219 IV.
1557 177 1639 233 289

84 280 167 319 puta
190 284 252 318 per
272 272 418 315 furtum,
440 280 475 307 et
495 272 747 314 homicidium,
770 280 804 307 et
826 271 1058 314 adulterium;
1078 283 1163 317 ergo
1191 272 1315 306 odium
1338 283 1411 306 non
1438 279 1491 306 est
1512 271 1630 318 gravis

83 326 216 361 simum
239 335 439 372 peccatum.

153 379 353 414 Praeterea.
389 380 675 426 Chrysostomus
710 379 817 424 (alius
840 380 982 423 auctor)
1006 391 1188 425 exponens
1219 379 1307 414 illud
1334 379 1461 414 Matth.
1496 389 1547 424 5.:
1573 380 1644 424 Qui

81 433 217 468 solverit
243 446 344 468 mmm
365 433 401 468 dc
435 433 597 468 mandatis
624 435 690 468 istis
716 434 874 475 minimis,
901 433 987 467 dicit
1007 434 1108 478 (hom.
1137 433 1231 478 I().).·
1264 446 1281 465 α
1302 433 1474 467 Mandata
1502 433 1640 479 Moysi:

84 486 160 521 Non
175 487 318 522 occides:
342 488 419 522 Non
434 487 644 530 adulterabis,
663 487 699 520 in
719 487 1011 521 remuneratione
1027 487 1171 520 modica
1186 494 1279 528 sunt,
1301 487 1336 520 in
1353 494 1503 533 peccato
1523 494 1644 520 autem

84 551 233 586 magna:
257 541 427 575 mandata
454 549 573 575 autem
601 541 748 582 Christi,
771 540 926 574 scilicet:
950 541 1027 575 Non
1049 541 1232 580 γῐναςι·ιινι”5,·
1261 541 1585 586 Nonrournpiscas,
1608 540 1644 573 in

83 594 375 629 remuneratione
397 605 529 639 magna
551 602 644 636 sunt,
665 594 701 628 in
728 602 878 640 peccato
902 602 1022 628 autem
1049 594 1199 628 minima
1215 607 1254 636 »3
1278 594 1402 627 odium
1427 602 1546 628 autem
1569 605 1646 639 per-

83 646 172 681 tinet
192 647 235 681 ad
257 648 466 682 interiorem
486 656 637 689 motum,
660 648 751 682 sicut
773 655 807 681 et
828 647 891 689 ira,
914 655 949 682 et
971 647 1286 694 concupiscentia,
1309 658 1396 693 ergo
1419 647 1548 682 odium
1568 657 1645 693 pro-

84 700 171 734 ximi
193 708 245 734 est
266 702 384 735 minus
406 710 606 748 peccatum,
629 712 737 747 quam
759 701 1011 735 homicidium.

156 753 385 790 RESPONDEO
408 755 599 789 dicendum
627 755 731 799 ,quod
761 763 963 801 peccatum,
986 755 1082 800 quod
1105 754 1344 788 committitur
1370 754 1406 787 in
1427 754 1645 800 proximum,

86 807 195 842 habet
214 808 393 843 rationem
416 809 503 843 mali
519 821 558 843 ex
577 808 713 843 dnobus:
735 820 800 842 uno
823 808 969 854 quidem
990 808 1085 842 modo
1113 819 1155 842 ex
1176 808 1450 842 deordinatione
1473 808 1559 852 ejus,
1586 807 1646 853 qui

87 869 231 908 peccat:
259 863 325 896 alio
352 862 446 897 modo
478 874 519 896 ex
545 870 780 903 nocumento,
807 862 903 908 quod
930 861 1078 896 infertur
1105 862 1148 903 ei,
1171 870 1296 896 contra
1323 873 1431 907 quem
1457 869 1646 907 peccatur;

88 916 204 961 primo
220 927 307 961 ergo
323 916 433 950 modo
450 916 573 950 odium
590 924 643 950 est
660 917 776 961 majus
791 924 994 961 peccatum,
1017 927 1124 961 quam
1144 916 1337 949 exteriores
1357 922 1468 957 actus,
1488 915 1548 960 qui
1566 922 1648 948 sunt

87 969 122 1002 in
143 969 298 1015 proximi
320 977 600 1012 nocumentum3
617 970 698 1015 quia
720 968 858 1003 scilicet
875 980 938 1015 per
959 969 1084 1002 odium
1100 968 1330 1003 deordinatur
1350 967 1518 1002 voluntas
1533 968 1648 1001 homi-

86 1022 160 1064 nis;
176 1034 267 1068 quae
283 1031 335 1057 est
355 1023 584 1069 potissimum
599 1022 635 1056 in
653 1022 814 1064 homine,
838 1030 872 1057 et
887 1033 928 1056 ex
943 1033 1013 1068 qua
1027 1030 1080 1056 est
1094 1022 1192 1056 radix
1214 1022 1375 1067 peccati3
1391 1021 1485 1055 unde
1505 1021 1647 1055 etiamsi

87 1076 280 1110 exteriores
303 1085 401 1110 actus
423 1076 616 1110 inordinati
637 1084 756 1110 essent
777 1076 910 1122 absque
931 1075 1198 1110 inordinatione
1212 1075 1419 1116 voluntatis,
1434 1086 1508 1109 non
1530 1082 1649 1109 essent

87 1137 254 1176 peccata:
276 1138 361 1176 puta
383 1141 466 1164 cum
489 1129 616 1176 aliquis
638 1129 858 1175 ignoranter,
879 1128 938 1163 vel
958 1129 1037 1163 zelo
1059 1129 1215 1174 justitiae
1233 1129 1423 1162 hominem
1442 1128 1590 1162 occidit:
1615 1136 1650 1162 et

88 1182 118 1216 si
139 1183 222 1229 quid
244 1183 371 1228 culpae
397 1191 450 1217 est
470 1183 506 1216 in
528 1183 762 1217 exterioribus
789 1182 958 1229 peccatis,
982 1194 1073 1228 quae
1101 1190 1227 1216 contra
1249 1183 1456 1228 proximum
1484 1181 1650 1215 commit-

87 1244 220 1278 tuntur,
241 1245 359 1271 totum
381 1245 433 1271 est
452 1248 494 1270 ex
512 1236 675 1270 interiori
689 1236 793 1278 odio;
815 1236 877 1270 sed
899 1243 1071 1282 quantum
1096 1235 1140 1269 ad
1157 1243 1432 1277 nocumentum,
1453 1234 1549 1281 quod
1571 1245 1650 1281 pro-

88 1290 185 1324 ximo
207 1289 366 1332 infertur,
388 1291 511 1336 pejora
532 1298 612 1324 sunt
631 1290 807 1324 exteriora
828 1297 989 1336 peccata,
1011 1301 1120 1336 quam
1141 1289 1289 1323 interius
1311 1289 1448 1324 odium.

160 1343 204 1378 Et
224 1355 287 1390 per
304 1343 375 1378 hoc
397 1351 493 1390 patet
514 1344 701 1390 responsio
719 1354 769 1378 AD
797 1353 972 1389 oBJECTA.

649 1485 993 1530 ARTICULUS
1027 1485 1081 1528 V.
1580 1506 1648 1542 207

270 1593 466 1622 UTRUM
513 1593 701 1622 ODIUM
747 1593 834 1622 SIT
878 1593 1087 1622 VITIUM
1131 1593 1447 1622 CAPITALE.

473 1681 573 1726 (Infr.
592 1693 622 1726 q.
641 1682 707 1726 158.
723 1685 786 1715 art.
805 1692 832 1727 5.
856 1685 883 1715 et
901 1681 984 1715 Mal.
1008 1692 1037 1726 q.
1059 1692 1109 1715 12.
1132 1685 1194 1714 art.
1213 1681 1269 1726 5.).

164 1769 224 1804 AD
254 1780 433 1808 QUINTUM
455 1770 505 1804 sic
532 1771 748 1816 proceditur.
779 1770 940 1812 Videtur,
967 1770 1064 1816 quod
1099 1770 1225 1804 odium
1252 1769 1296 1804 sit
1328 1770 1455 1804 vitium
1479 1769 1650 1815 capitale:

94 1823 218 1857 odium
240 1823 337 1856 enirn
360 1823 491 1857 directe
513 1824 706 1869 opponitur
729 1823 912 1858 charitati:
932 1823 993 1857 sed
1017 1823 1172 1857 charitas
1191 1831 1244 1857 est
1265 1823 1566 1869 principalissima
1588 1823 1653 1855 vir-

93 1884 221 1918 tutum,
244 1885 278 1910 et
299 1885 414 1910 mater
435 1877 605 1919 aliarum3
629 1888 714 1923 ergo
738 1877 863 1911 odium
885 1885 937 1911 est
958 1877 1160 1910 maximum
1180 1877 1306 1910 vitium
1327 1876 1490 1923 capitale,
1510 1884 1545 1910 et
1562 1876 1654 1922 prin-

95 1930 228 1976 cipium
251 1930 416 1963 omnium
439 1929 603 1964 aliorum.

166 1993 197 2016 2.
219 1983 454 2017 PRAETEREA.
477 1984 632 2018 Peccata
650 1985 812 2018 oriuntur
829 1983 865 2017 in
886 1983 990 2017 nobis
1009 1983 1210 2017 secundum
1228 1983 1502 2018 inclinationem
1521 1983 1654 2029 passio-

95 2048 194 2078 num,
209 2036 407 2070 secundum
429 2036 517 2070 illud
539 2037 583 2071 ad
602 2037 709 2071 Rom.
726 2048 776 2083 7.:
801 2038 967 2072 Passiones
981 2042 1195 2083 paccatorzmz
1211 2038 1434 2083 operabantur
1452 2039 1486 2071 in
1500 2038 1654 2071 membris

94 2091 222 2132 nostris,
245 2095 282 2124 ut
292 2090 538 2136 fructificarent
557 2092 679 2125 morti:
702 2091 763 2125 sed
794 2091 830 2124 in
864 2090 1089 2136 passionibus
1117 2090 1259 2124 animae
1286 2101 1327 2124 ex
1350 2101 1486 2132 amore,
1510 2098 1545 2125 et
1565 2090 1652 2124 odio

95 2143 260 2177 videntur
280 2154 408 2177 omnes
426 2143 517 2177 aliae
539 2144 651 2189 sequi,
683 2151 721 2178 ut
742 2155 783 2178 ex
801 2155 907 2190 supra
929 2144 1031 2178 dictis
1053 2151 1151 2190 patet
1171 2145 1247 2189 (1-2.
1270 2156 1300 2190 q.
1326 2155 1374 2190 25.
1395 2149 1459 2178 art.
1486 2156 1512 2179 1.
1535 2149 1563 2179 et
1588 2143 1652 2188 2.);

97 2208 183 2243 ergo
206 2197 330 2231 odium
352 2197 456 2231 debet
476 2197 563 2243 poni
579 2198 670 2231 inter
691 2198 777 2232 vitia
799 2197 977 2244 capitalia.

172 2262 199 2296 3.
214 2251 449 2285 PRAETEREA.
464 2250 603 2284 Vitium
625 2259 677 2285 est
695 2250 833 2284 malum
849 2250 1005 2285 morale:
1029 2251 1090 2285 sed
1113 2251 1237 2285 odium
1259 2250 1490 2297 principalius
1511 2249 1655 2296 respicit

96 2303 245 2346 malum,
267 2315 376 2350 quarn
399 2303 467 2338 alia
488 2304 624 2350 passio;
653 2316 739 2350 ergo
766 2305 916 2347 videtur,
939 2305 1035 2350 quod
1059 2304 1184 2338 odium
1211 2304 1315 2338 debet
1341 2304 1427 2350 poni
1448 2304 1574 2338 vitium
1601 2314 1656 2336 ca-

97 2357 216 2404 pitale.

169 2411 243 2445 SED
266 2420 421 2445 CONTRA
443 2418 506 2452 est,
528 2410 625 2456 quod
649 2410 758 2456 Greg.
784 2422 836 2457 31.
858 2410 987 2445 Moral.
1014 2410 1101 2458 (cap.
1123 2421 1172 2457 17.
1200 2422 1220 2445 a
1246 2410 1346 2456 mad.)
1368 2421 1442 2444 non
1469 2415 1655 2444 enumerat

98 2465 221 2498 odium
243 2464 334 2497 inter
356 2471 494 2509 septem
515 2464 600 2498 vitia
627 2464 804 2510 capitalia.

168 2517 396 2551 RESPONDEO
417 2517 620 2559 dicendum,
636 2518 743 2563 quod,
762 2518 854 2551 sicut
868 2529 974 2562 supra
992 2517 1128 2551 dictum
1143 2525 1195 2551 est
1215 2517 1290 2560 (1-2.
1306 2529 1335 2562 q.
1350 2518 1405 2560 84.
1424 2521 1488 2550 art.
1501 2528 1528 2561 3.
1544 2520 1574 2549 ct
1590 2515 1654 2560 4.),

96 2570 223 2604 vitium
247 2569 398 2616 capitale
421 2578 483 2611 est,
511 2582 552 2604 ex
574 2582 645 2616 quo
673 2579 710 2604 ut
735 2570 957 2616 frequentius
981 2570 1048 2604 alia
1075 2571 1160 2604 vitia
1182 2571 1362 2610 oriuntur3
1384 2569 1511 2602 vitium
1535 2576 1655 2602 autem

99 2632 152 2658 est
162 2632 287 2657 contra
301 2631 466 2656 naturam
481 2624 652 2665 hominis,
664 2624 876 2669 inquantum
889 2633 941 2658 est
952 2624 1085 2658 animal
1100 2623 1274 2657 rationale
1285 2623 1335 2656 :in
1349 2623 1403 2655 his
1420 2630 1551 2662 autem,
1566 2633 1656 2667 quae

98 2686 223 2712 contra
233 2685 399 2711 naturam
420 2677 519 2718 fiunt,
541 2677 715 2723 paulatim
730 2678 763 2711 id
779 2678 874 2724 quod
892 2687 945 2712 est
958 2677 1367 2722 naturae,corrumpitur
1379 2675 1490 2717 ,unde
1502 2684 1655 2720 oportet,

100 2731 196 2776 quod
218 2731 335 2777 primo
354 2730 541 2764 recedatur
556 2731 597 2764 ab
617 2732 780 2777 eo,quod
796 2740 848 2765 est
863 2732 981 2765 minus
1003 2731 1203 2766 secundum
1225 2738 1402 2770 naturam,
1421 2737 1455 2762 et
1469 2728 1596 2762 ultimo
1613 2729 1654 2762 ab

101 2796 157 2826 eo,
184 2784 279 2829 quod
302 2792 355 2818 est
380 2784 537 2817 maxime
559 2784 759 2818 secundum
780 2793 966 2819 naturam:
984 2785 1066 2830 quia
1088 2784 1134 2825 id,
1157 2783 1252 2828 quod
1272 2790 1325 2816 est
1345 2782 1502 2827 primum
1515 2782 1552 2815 in
1574 2793 1657 2816 con-

101 2837 308 2878 structione,
327 2845 380 2871 est
401 2836 569 2871 ultimum
590 2837 626 2870 in
645 2837 876 2872 resolutione.
898 2838 937 2871 ld
960 2846 1092 2877 autem,
1112 2836 1207 2881 quod
1229 2846 1270 2868 ex
1293 2835 1460 2877 maxime,
1483 2842 1517 2868 et
1537 2835 1654 2880 primo

101 2890 261 2925 naturale
283 2890 435 2933 homini,
461 2898 524 2933 est,
554 2891 650 2936 quod
673 2890 797 2937 diligat
816 2891 965 2932 bonum,
988 2898 1022 2924 et
1046 2889 1236 2935 praecipue
1263 2889 1399 2922 bonum
1422 2888 1595 2930 divinum,
1622 2896 1656 2922 et
