1905 3137
248 125 305 178 46
706 135 923 169 QUAESTIO
957 135 1000 164 11.
1034 135 1278 165 ARTICULUS
1311 137 1350 165 v.

317 217 545 251 RESPONDEO
565 216 877 262 dicenduni,quod
898 225 1089 263 praecepta
1111 217 1212 263 legis,
1234 228 1325 263 quae
1346 217 1460 251 homo
1479 225 1618 251 tenetur
1639 217 1802 264 implere,

247 269 374 303 dantur
393 270 435 303 de
459 270 594 303 actibus
616 270 800 311 virtutum,
816 270 972 315 quisunt
986 270 1042 304 via
1061 270 1294 315 perveniendi
1313 271 1355 303 ad
1375 269 1544 304 salutem:
1565 279 1664 305 actus
1684 279 1803 305 autem

246 323 396 363 virtutis,
418 322 510 356 sicut
530 333 636 368 supra
659 322 795 356 dictum
818 330 870 357 est
893 323 969 367 (1-2.
993 335 1021 368 q.
1045 324 1103 358 60.
1122 324 1257 369 art.5.),
1274 325 1425 357 sumitur
1446 323 1644 357 secundum
1667 324 1804 358 habitu-

247 375 367 408 dinem
394 375 535 408 habitus
563 375 606 408 ad
633 376 834 420 objectum:
862 376 922 410 sed
950 376 985 409 in
1013 377 1155 421 objecto
1187 376 1373 421 cujuslibet
1402 376 1541 410 virtutis
1567 376 1628 410 dno
1656 384 1806 422 possunt

247 429 484 462 considerari:
503 428 642 462 scilicet
662 429 697 462 id
719 429 815 474 quod
832 431 981 475 proprie,
1001 438 1035 463 et
1054 436 1114 475 ραν
1133 442 1164 464 se
1186 438 1238 463 est
1259 430 1440 474 objectum
1461 429 1611 471 virtutis,
1633 430 1729 475 quod
1747 441 1806 464 ne-

247 481 442 515 cessarium
465 489 518 515 est
539 481 575 515 in
597 482 698 515 omni
720 491 800 516 actu
821 483 978 516 virtutis:
1003 491 1037 516 et
1063 483 1193 516 iterum
1220 483 1254 516 id
1277 483 1373 528 quod
1397 490 1450 516 est
1466 489 1527 528 per
1547 483 1706 525 accidens,
1729 483 1804 517 sive

247 541 510 580 consequenter
536 546 573 568 se
599 535 736 569 habens
767 536 810 569 ad
843 535 1027 581 propriam
1056 535 1234 569 rationem
1269 535 1418 580 objecti:
1441 536 1533 569 sicut
1555 535 1597 569 ad
1621 536 1804 581 objectum

246 587 462 621 fortitudinis
488 589 640 634 proprie,
673 596 706 622 et
736 599 798 633 per
820 600 857 622 se
879 588 1031 634 pertinet
1058 589 1230 622 sustinere
1257 588 1415 634 pericula
1443 589 1581 630 mortis,
1604 597 1637 623 et
1659 589 1806 635 aggredi

246 641 369 674 hostes
393 652 476 674 cum
497 641 656 686 periculo
676 650 820 687 propter
837 642 975 675 bonum
998 652 1214 675 commune:
1238 642 1298 675 sed
1316 642 1412 687 quod
1430 642 1544 675 homo
1565 650 1734 684 armetur,
1748 641 1806 676 vel

248 705 331 728 ense
354 694 530 740 percutiat
551 694 586 727 in
608 694 702 728 bello
725 696 830 740 justo,
854 703 913 728 aut
936 694 1068 740 aliquid
1089 695 1298 739 hujusmodi
1317 694 1436 737 faciat,
1458 695 1639 728 reducitur
1659 690 1805 740 quidem

248 747 291 780 ad
314 748 497 793 objectum
519 747 746 790 fortitudinis,
769 749 830 782 sed
856 759 918 794 per
941 748 1124 789 accidens,
1147 748 1397 782 determinatio
1425 759 1511 793 ergo
1533 748 1683 782 virtuosi
1707 756 1805 782 actus

248 801 291 834 ad
313 801 509 846 proprium,
532 809 566 835 et
587 813 657 846 per
671 813 707 835 se
730 801 913 846 objectum
939 801 1077 834 virtutis
1100 808 1152 834 est
1173 801 1235 834 sub
1263 801 1477 835 necessitate
1499 802 1692 847 praecepti,
1714 802 1806 836 sicut

247 864 282 888 et
303 855 378 900 ipse
399 855 536 889 virtutis
559 863 674 889 actus:
695 855 756 889 sed
779 855 1030 889 determinatio
1059 862 1157 888 actus
1179 855 1329 888 virtuosi
1351 855 1394 888 ad
1417 866 1469 896 ea,
1492 866 1582 900 quae
1608 855 1806 889 accidenta-

247 908 336 950 liter,
350 907 408 942 vel
423 909 636 942 secundario
659 920 695 942 se
717 909 850 942 habent
872 908 915 941 ad
937 908 1134 954 proprium,
1150 915 1184 941 et
1197 919 1260 953 per
1281 919 1318 941 se
1339 908 1478 942 virtutis
1501 908 1694 953 objectum,
1711 908 1806 942 cadit

246 962 309 996 sub
332 962 544 995 necessitate
564 963 756 1006 praecepti,
771 961 839 995 nisi
858 972 922 1007 pro
936 961 1031 1002 loco,
1049 970 1082 995 et
1096 969 1278 1006 tempore:
1302 961 1496 994 dicendum
1517 969 1569 995 est
1591 972 1689 1007 ergo,
1709 961 1804 1007 quod

247 1015 327 1049 fidei
350 1015 532 1059 objectum
553 1026 615 1061 per
637 1026 673 1049 se
697 1022 748 1048 est
769 1015 816 1056 id,
831 1026 893 1060 per
915 1014 1011 1060 quod
1033 1014 1147 1048 homo
1169 1014 1292 1048 beatus
1316 1013 1478 1056 efficitur,
1493 1022 1531 1048 ut
1545 1025 1651 1059 supra
1669 1015 1803 1060 dictum

248 1076 300 1102 est
323 1068 368 1113 (q.
391 1081 418 1103 1.
441 1074 506 1103 art.
529 1069 592 1114 8).-
615 1079 676 1114 per
699 1068 865 1101 accidens
888 1076 1020 1108 autem,
1037 1075 1096 1101 aut
1114 1068 1327 1101 secundario
1346 1079 1384 1101 se
1406 1067 1540 1101 habent
1558 1067 1600 1101 ad
1624 1068 1802 1113 objectum

247 1122 330 1156 fidei
354 1121 414 1166 [al.
436 1122 584 1166 virtutis]
609 1122 744 1163 omnia,
767 1132 858 1167 quae
880 1121 915 1154 in
935 1121 1046 1154 Sacra
1069 1121 1252 1166 Scriptura
1275 1120 1443 1154 divinitus
1465 1121 1594 1154 tradita
1621 1121 1802 1155 continen-

246 1183 320 1209 tur:
344 1175 435 1209 sicut
456 1175 552 1221 quod
575 1175 760 1208 Abraham
779 1174 904 1208 habuit
918 1175 1007 1208 duos
1030 1173 1133 1215 filios,
1149 1174 1245 1219 quod
1261 1173 1379 1207 David
1397 1173 1462 1207 fuit
1480 1173 1572 1208 filius
1591 1174 1672 1216 Isai,
1688 1182 1722 1208 et
1736 1174 1803 1208 alia

246 1228 466 1274 hujusmodi.
491 1228 680 1268 Quantum
703 1239 788 1273 ergo
817 1227 860 1261 ad
887 1227 1001 1273 prima
1029 1227 1223 1269 credibilia,
1257 1238 1348 1272 quae
1381 1235 1463 1261 sunt
1485 1227 1624 1261 articuli
1645 1227 1737 1269 fidei,
1759 1235 1804 1261 te-

246 1290 350 1315 netur
370 1282 484 1315 homo
507 1281 671 1327 explicite
693 1281 849 1322 credere,
864 1281 954 1314 sicut
973 1288 1007 1314 et
1023 1288 1163 1314 tenetur
1180 1280 1311 1314 habere
1342 1280 1466 1314 fidem:
1487 1289 1662 1326 quantum
1684 1288 1804 1314 autem

248 1336 291 1369 ad
314 1335 383 1368 alia
405 1335 599 1376 credibilia,
621 1346 694 1368 non
716 1343 858 1369 tenetur
879 1334 993 1368 homo
1021 1333 1185 1380 explicite
1208 1334 1362 1375 credere,
1390 1334 1451 1368 sed
1478 1333 1597 1368 solum
1619 1334 1803 1380 implicite,

247 1388 305 1422 vel
326 1389 362 1422 in
383 1388 656 1434 praeparatione
685 1388 808 1429 animi,
830 1388 1044 1433 inquantum
1066 1395 1208 1432 paratus
1235 1395 1288 1421 est
1309 1387 1464 1429 credere,
1487 1387 1658 1433 quidquid
1685 1387 1803 1420 divina

251 1442 434 1487 Scriptura
468 1442 645 1475 continet:
674 1441 735 1474 sed
764 1449 849 1474 tunc
884 1441 1003 1475 solum
1036 1440 1245 1485 hujusmodi
1277 1448 1417 1474 tenetur
1450 1439 1614 1485 explicite
1648 1440 1803 1482 credere,

250 1496 393 1541 quando
415 1495 486 1529 hoc
507 1495 538 1528 ei
561 1494 760 1528 constiterit
781 1494 816 1527 in
839 1494 1001 1528 doctrina
1023 1493 1106 1527 fidei
1125 1493 1310 1527 contineri.

319 1549 379 1583 AD
394 1559 543 1583 PRIMUM
558 1559 644 1593 ergo
661 1548 863 1588 dicendum,
887 1547 982 1593 quod
1002 1547 1030 1581 si
1051 1547 1086 1580 in
1109 1555 1285 1592 potestate
1306 1546 1465 1580 hominis
1488 1557 1565 1581 esse
1587 1546 1725 1581 dicatur
1746 1546 1805 1580 ali-

249 1603 333 1648 quid
356 1601 501 1636 excluso
525 1601 656 1635 auxilio
680 1602 826 1647 gratiae,
841 1601 890 1634 sic
911 1600 953 1634 ad
973 1599 1086 1634 multa
1107 1608 1247 1634 tenetur
1268 1600 1394 1641 homo,
1417 1600 1460 1634 ad
1482 1611 1573 1646 quae
1593 1611 1667 1634 non
1688 1607 1806 1646 potest

251 1657 328 1691 sine
351 1656 464 1701 gratia
487 1663 691 1700 reparante,
714 1655 804 1688 sicut
825 1654 869 1687 ad
891 1653 1113 1699 diligendum
1131 1654 1263 1695 Deum,
1283 1661 1318 1687 et
1339 1653 1567 1698 proximum3
1589 1661 1623 1687 et
1643 1653 1806 1687 similiter

252 1710 295 1743 ad
312 1709 531 1743 credendum
547 1707 716 1742 articulos
730 1708 830 1742 fidei:
850 1707 911 1741 sed
930 1715 1052 1741 tamen
1070 1707 1141 1740 hoc
1160 1715 1278 1752 potest
1296 1718 1379 1740 cum
1394 1706 1525 1740 auxilio
1542 1707 1692 1752 gratiae:
1709 1707 1804 1752 quod

249 1763 395 1809 quidem
419 1762 590 1795 auxilium
613 1761 896 1807 quibuscumque
919 1760 1086 1794 divinitus
1105 1760 1217 1801 datur,
1238 1760 1517 1793 misericorditer
1538 1760 1656 1801 datur3
1679 1760 1805 1805 quibus

250 1824 370 1850 autem
392 1827 466 1849 non
488 1815 601 1857 datur,
625 1826 666 1848 ex
687 1814 821 1859 justitia
843 1825 916 1847 non
944 1814 1057 1854 datur,
1080 1813 1115 1846 in
1137 1824 1293 1859 poenam
1316 1813 1572 1858 praecedentis,
1596 1820 1655 1846 aut
1676 1812 1803 1846 saltem

251 1868 435 1915 originalis
457 1868 606 1914 peccati,
629 1876 666 1901 ut
688 1868 840 1913 August.
864 1867 949 1900 dicit
970 1867 1005 1899 in
1024 1866 1083 1899 lib.
1106 1866 1148 1900 de
1169 1866 1333 1912 Corrept.
1357 1874 1391 1899 et
1414 1865 1512 1900 Grat.
1538 1865 1626 1912 (cap.
1644 1877 1673 1911 5.
1695 1871 1724 1900 et
1742 1865 1804 1910 6.).

321 1923 380 1956 AD
403 1932 609 1956 SECUNDUM
629 1921 833 1962 dicendum,
853 1920 948 1966 quod
970 1920 1084 1953 homo
1106 1927 1246 1953 tenetur
1265 1919 1308 1952 ad
1328 1919 1563 1952 determinate
1582 1918 1805 1964 diligendum

253 1987 295 2010 ea
317 1975 514 2021 diligibilia,
537 1986 627 2020 quae
650 1982 731 2008 sunt
751 1974 905 2019 proprie,
928 1981 962 2007 et
983 1984 1045 2018 per
1066 1983 1103 2006 se
1126 1972 1307 2006 charitatis
1334 1972 1493 2016 objecta3
1516 1971 1652 2006 scilicet
1672 1972 1804 2013 Deum,

251 2037 285 2063 et
306 2029 522 2075 proximum:
542 2028 603 2062 sed
625 2027 781 2072 objectio
803 2026 965 2072 procedit
987 2026 1029 2059 de
1050 2025 1119 2059 illis
1140 2025 1338 2071 praeceptis
1365 2025 1559 2067 charitatis,
1586 2036 1677 2071 quae
1703 2025 1806 2071 quasi

251 2089 512 2128 consequenter
534 2081 711 2126 pertinent
732 2081 775 2113 ad
797 2080 975 2124 objectum
1000 2079 1192 2112 charitatis.

322 2136 380 2169 AD
405 2145 575 2169 TERTIUM
595 2134 798 2175 dicendum,
814 2132 909 2178 quod
923 2132 1034 2166 virtus
1053 2132 1278 2166 obedientiae
1301 2132 1442 2178 proprie
1464 2132 1498 2165 in
1517 2131 1701 2166 voluntate
1723 2142 1805 2166 con-

251 2191 358 2231 sistit;
381 2197 414 2223 et
435 2190 516 2223 ideo
541 2189 583 2222 ad
607 2196 725 2222 actum
748 2186 972 2221 obedientiae
995 2185 1125 2219 sufficit
1146 2187 1389 2232 promptitudo
1408 2185 1602 2220 voluntatis
1624 2185 1804 2230 subjectae

251 2243 495 2290 praecipienti,
517 2253 608 2287 quae
631 2249 683 2275 est
701 2241 854 2287 proprie,
874 2248 908 2274 et
925 2251 987 2285 per
1005 2250 1043 2272 se
1066 2240 1247 2283 objectum
1270 2239 1512 2273 obedientiae:
1536 2239 1596 2272 sed
1615 2239 1684 2272 hoc
1708 2249 1806 2284 prae-

253 2305 408 2342 ceptum,
435 2295 493 2329 vel
520 2295 606 2328 illud
634 2306 696 2339 per
723 2295 900 2335 accidens,
922 2292 979 2327 vel
1001 2301 1263 2338 consequenter
1285 2305 1321 2327 se
1348 2293 1455 2327 habet
1482 2293 1524 2338 ad
1547 2292 1743 2338 proprium,
1771 2299 1805 2325 et

251 2361 313 2396 per
335 2361 371 2384 se
392 2350 574 2394 objectum
597 2348 832 2382 obedientiae.

795 2469 1136 2516 ARTlCULUS
1168 2471 1244 2513 VI.
1765 2478 1804 2514 16

384 2571 534 2600 UTRUM
567 2570 711 2598 OMNES
746 2568 1021 2603 AEQUALITER
1055 2567 1317 2596 TENEANTUR
1351 2567 1406 2595 AD
1435 2565 1674 2596 HABENDUM

806 2628 939 2656 FIDEM
974 2626 1250 2655 EXPLICITAM.

302 2701 340 2746 (3.
368 2701 452 2735 Dist.
475 2712 521 2745 25.
544 2711 572 2745 q.
596 2711 626 2734 2.
648 2704 712 2733 art.
735 2710 761 2732 Ι.
785 2702 813 2732 et
834 2708 866 2741 4.
890 2697 975 2730 Dist.
999 2707 1052 2740 24.
1076 2708 1104 2741 q.
1128 2708 1154 2730 r.
1178 2701 1240 2729 art.
1262 2707 1286 2739 3.
1310 2700 1336 2729 ct
1366 2695 1450 2729 Ιίνῐ.
1473 2707 1502 2740 t]-
1526 2705 1574 2738 14.
1597 2699 1659 2728 art.
1681 2694 1756 2738 IL).

324 2778 383 2811 AD
403 2787 553 2811 SEXTUM
577 2777 626 2810 sic
650 2775 863 2821 proceditur.
887 2774 1047 2814 Videtur,
1071 2772 1166 2819 quod
1194 2772 1389 2817 aequaliter
1411 2783 1536 2805 omnes
1556 2778 1742 2805 teneantur
1761 2770 1803 2804 ad

253 2831 457 2865 habendum
481 2830 587 2864 sidem
612 2829 832 2874 explicitam:
857 2828 899 2861 ad
927 2839 968 2861 ea
996 2827 1104 2868 enim,
1131 2837 1220 2872 quae
1248 2834 1328 2859 sunt
1355 2825 1397 2859 de
1431 2824 1644 2858 necessitate
1670 2823 1804 2865 salutis,
