1859 3122
217 136 302 178 734
658 137 876 171 QUAESTIO
912 137 996 165 etv.
1031 138 1273 167 ARTICULUS
1306 138 1347 167 11.

215 215 378 248 divinum
400 215 563 249 ordinem
590 217 695 250 rebus
716 216 882 259 inditum,
904 225 942 251 ut
963 226 1149 252 ostensum
1171 226 1224 252 est
1245 218 1325 262 (art.
1342 220 1488 265 praec.);
1512 228 1547 254 et
1567 231 1629 266 per
1650 231 1773 255 conse-

215 279 327 313 quens
355 276 407 302 est
431 268 588 311 bonum,
616 281 699 303 cum
725 269 862 303 bonum
890 271 1062 305 consistat
1088 272 1123 305 in
1144 271 1252 314 modo,
1273 273 1387 318 specie,
1410 277 1440 307 et
1460 273 1585 315 ordine,
1612 281 1651 307 ut
1675 274 1771 320 Aug.

214 322 298 367 dicit
318 322 354 354 in
376 321 453 355 libr.
473 322 516 356 de
534 322 616 356 Nat.
642 323 735 356 Boni
756 323 842 370 (cap.
854 324 915 369 3.).·
931 324 1039 358 habet
1058 332 1177 358 autem
1192 324 1251 358 hic
1267 332 1366 358 actus
1381 325 1574 370 specialem
1591 328 1771 360 rationem

212 375 326 408 laudis
349 386 391 408 ex
412 375 561 421 speciali
583 376 745 421 objecto:
769 388 853 410 cum
876 378 972 411 enim
998 377 1185 411 inferiores
1211 378 1284 412 suis
1310 378 1552 423 superioribus
1574 379 1687 413 multa
1714 379 1771 414 de-

211 429 319 462 beant
333 429 512 471 exhibere,
527 430 619 463 inter
636 438 778 464 caetera
791 430 862 464 hoc
879 438 931 464 est
944 442 1056 464 unum
1067 431 1234 477 speciale,
1246 432 1343 477 quod
1356 439 1521 466 tenentur
1535 443 1662 466 eorum
1674 444 1787 479 prae-.

212 483 322 527 ceptis
345 483 505 525 obedire3
526 483 619 518 unde
638 484 841 518 obedientia
858 493 909 519 est
926 485 1090 530 specialis
1112 485 1235 527 virtus,
1258 494 1292 519 et
1313 487 1388 531 ejus
1410 485 1565 531 speciale
1587 486 1770 532 objectum

211 544 263 569 est
278 544 511 582 praeceptum
525 537 686 579 tacitum,
701 537 759 571 vel
775 548 1001 584 expressum:
1023 538 1191 573 voluntas
1214 539 1310 573 enim
1332 539 1525 584 superioris
1540 550 1770 586 quocumque

212 589 323 623 modo
349 589 571 632 innotescat,
600 598 652 624 est
679 591 862 636 quoddam
884 591 1033 626 tacitum
1060 599 1312 638 praeceptum;
1339 600 1374 626 et
1397 600 1498 626 tanto
1524 592 1664 626 videtur
1689 594 1770 627 obe-

213 642 345 676 dientia
372 643 584 688 promptior,
612 652 746 689 quanto
769 655 976 690 expressum
1004 653 1236 691 praeceptum
1265 645 1466 680 obediendo
1493 646 1688 692 praevenit,
1708 657 1770 680 vo-

210 695 346 730 luntate
368 697 562 742 superioris
583 697 776 731 intellecta.

281 750 340 784 AD
361 760 511 784 PRIMUM
533 762 620 797 ergo
643 751 848 793 dicendum,
868 751 964 797 quod
985 751 1076 786 nihil
1097 752 1274 798 prohibet,
1294 752 1381 786 duas
1402 751 1577 798 speciales
1598 753 1767 795 rationes,

211 803 254 837 ad
268 814 355 849 quas
370 803 460 838 duae
475 804 649 850 speciales
664 805 793 839 virtute
816 805 1022 851 respiciunt,
1036 805 1072 839 in
1087 816 1199 839 unum
1217 800 1256 839 ‘et
1277 805 1408 839 eodem
1426 805 1604 839 materiali
1625 806 1766 851 objecto

209 868 426 891 concurrere
439 870 446 900 ;
460 857 552 892 sicut
566 858 669 892 miles
687 858 913 892 defendendo
932 867 1090 892 castrum
1109 859 1215 904 regis,
1238 866 1272 893 et
1289 858 1416 905 implet
1435 870 1524 904 opus
1537 859 1766 902 fortitudinis,

208 921 282 944 non
297 910 476 956 refugiens
491 912 618 946 mortis
639 911 798 957 pericula
820 920 965 958 propter
985 912 1134 954 bonum,
1151 920 1185 946 et
1199 923 1288 958 opus
1303 912 1470 957 justitiae,
1493 912 1653 946 debitum
1663 913 1768 947 servi-

207 965 297 997 tium
319 964 469 998 domino
491 976 556 998 suo
579 965 749 1007 reddens,
771 965 821 999 sic
842 966 951 1011 igitur
972 966 1062 999 ratio
1084 965 1277 1011 praecepti,
1299 976 1408 1011 quam
1432 966 1581 1000 attendit
1602 966 1768 1000 obedien-

206 1017 288 1059 tiae,
311 1018 492 1052 concurrit
513 1029 596 1052 cum
619 1019 754 1053 actibus
777 1019 943 1052 omnium
964 1019 1148 1060 virtutum,
1169 1030 1243 1052 non
1264 1025 1386 1052 tamen
1409 1030 1493 1052 curn
1515 1019 1681 1053 omnibus
1700 1019 1768 1053 vir-

205 1078 323 1104 tutum
345 1071 501 1113 actibus;
523 1071 606 1117 quia
632 1083 706 1106 non
734 1083 862 1105 omnes
888 1080 988 1106 actus
1013 1072 1184 1106 virtutum
1212 1079 1294 1106 sunt
1313 1071 1349 1105 in
1370 1080 1577 1118 praecepto,
1599 1080 1638 1106 ut
1657 1083 1766 1119 supra

205 1124 368 1158 habitum
391 1133 443 1159 est
463 1127 539 1169 (1-2.
558 1137 587 1171 q.
610 1126 666 1171 96.
686 1130 749 1160 art.
767 1126 831 1172 3.):
856 1125 1020 1160 similiter
1039 1126 1146 1159 etiam
1166 1126 1345 1171 quaedam
1360 1125 1577 1172 quandoque
1590 1125 1654 1159 sub
1669 1137 1768 1172 prae-

207 1186 311 1224 cepto
335 1178 477 1220 cadunt,
501 1190 592 1224 quae
611 1179 654 1212 ad
669 1178 807 1212 nullam
830 1179 939 1213 aliam
961 1179 1130 1213 virtutem
1152 1179 1346 1224 pertinent;
1368 1187 1406 1213 ut
1425 1187 1523 1225 patet
1542 1179 1579 1212 in
1600 1179 1656 1213 his
1674 1190 1765 1225 quae

205 1242 279 1264 non
301 1239 383 1265 sunt
404 1231 511 1273 mala,
533 1232 601 1266 nisi
628 1232 710 1278 quia
732 1232 931 1278 prohibita,
954 1232 1003 1266 sic
1026 1243 1113 1277 ergo
1130 1232 1159 1266 si
1173 1231 1377 1266 obedientia
1398 1232 1542 1278 proprie
1557 1232 1763 1278 accipiatur,

205 1285 405 1318 secundum
427 1286 524 1331 quod
545 1286 689 1331 respicit
714 1297 776 1332 per
802 1286 1040 1320 intentionem
1066 1285 1259 1320 formalem
1286 1285 1464 1319 rationem
1484 1285 1677 1331 praecepti,
1700 1286 1765 1320 erit

205 1337 369 1383 specialis
390 1338 512 1381 virtus,
536 1347 570 1373 et
590 1339 835 1373 inobedientia
856 1347 1047 1385 peccatum
1073 1338 1248 1385 speciale:
1276 1339 1476 1373 secundum
1502 1339 1573 1372 hoc
1601 1339 1698 1373 enirn
1720 1339 1764 1373 ad

205 1391 449 1426 obedientiam
472 1392 672 1438 requiritur,
695 1392 791 1438 quod
812 1392 962 1438 impleat
984 1392 1111 1438 aliquis
1131 1400 1250 1426 actum
1265 1391 1431 1437 justitiae,
1452 1391 1511 1425 vel
1532 1391 1677 1426 alterius
1698 1392 1766 1426 vir-

204 1445 300 1486 tutis,
327 1445 516 1479 intendens
543 1444 694 1491 implere
721 1453 971 1492 praeceptum:
1000 1453 1034 1479 et
1061 1445 1104 1479 ad
1131 1444 1412 1479 inobedientiam
1438 1445 1639 1490 requiritur,
1666 1446 1762 1491 quod

205 1499 391 1534 actualiter
417 1507 626 1534 contemnat
655 1509 907 1546 praeceptum:
935 1499 965 1534 si
991 1510 1078 1534 vero
1110 1499 1314 1533 obedientia
1343 1497 1443 1544 large
1474 1498 1670 1545 accipiatur
1697 1510 1762 1545 pro

204 1553 415 1587 executione
443 1554 714 1599 cujuscumque,
737 1553 833 1599 quod
854 1561 973 1599 potest
999 1552 1126 1587 cadere
1149 1552 1212 1586 sub
1235 1559 1441 1598 praeceptO,
1464 1559 1498 1586 et
1518 1551 1763 1586 inobedientia

203 1617 267 1651 pro
295 1606 493 1640 omissione
521 1606 682 1652 ejusdem
710 1618 752 1641 ex
778 1617 1006 1652 quacumque
1033 1605 1246 1647 intentione,
1268 1606 1319 1639 sic
1341 1604 1544 1639 obedientia
1567 1605 1632 1639 erit
1658 1616 1763 1651 gene-

203 1659 285 1694 ralis
306 1660 430 1703 virtus,
452 1668 486 1694 et
507 1660 751 1694 inobedientia
774 1659 943 1705 generale
965 1667 1168 1706 peccatum.

272 1713 332 1747 AD
354 1723 561 1747 SECUNDUM
582 1713 789 1754 dicendum,
805 1713 901 1758 quod
917 1712 1121 1747 obedientia
1143 1723 1217 1746 non
1240 1720 1293 1746 est
1313 1711 1424 1746 virtus
1438 1711 1665 1758 theologica:
1686 1723 1761 1746 non

201 1767 299 1800 enim
320 1777 382 1812 per
403 1778 440 1801 se
463 1766 646 1811 objectum
661 1767 735 1812 ejus
751 1774 803 1800 est
819 1767 930 1808 Deus,
945 1766 1005 1800 sed
1021 1773 1255 1812 praeceptum
1276 1765 1469 1811 superioris
1491 1766 1761 1812 cujuscumque,

200 1819 258 1853 vel
279 1826 476 1866 expressum,
499 1819 557 1853 vel
578 1821 877 1866 interpretati-vum,
897 1819 1035 1853 scilicet
1056 1818 1207 1864 simplex
1233 1819 1383 1852 verbum
1409 1817 1558 1864 praelati
1580 1819 1655 1864 ejus
1676 1819 1763 1853 indi-

202 1883 286 1906 cans
312 1872 548 1915 voluntatem,
576 1873 633 1907 cui
659 1873 781 1907 obedit
799 1881 986 1919 promptus
1008 1872 1190 1914 obediens,
1213 1872 1411 1906 secundum
1437 1871 1524 1905 illud
1547 1872 1591 1906 ad
1614 1871 1686 1906 Tit.
1712 1883 1758 1917 3.:

200 1925 351 1960 Admone
369 1926 452 1968 illos,
470 1928 677 1972 principibus
697 1932 727 1961 et
739 1928 947 1972 potestatibus
963 1926 1106 1961 sul-'ditos
1123 1937 1194 1967 asse,
1209 1925 1293 1960 dicto
1316 1925 1453 1966 obedire,
1466 1933 1545 1960 etc.:
1565 1933 1618 1960 est
1639 1933 1759 1960 autem

199 1979 310 2013 virtus
332 1979 480 2013 moralis
499 1991 582 2013 cum
603 1980 648 2014 sit
668 1991 748 2026 pars
771 1980 938 2025 justitiae,
961 1988 995 2014 et
1016 1987 1069 2013 est
1089 1979 1250 2013 medium
1271 1979 1364 2013 inter
1380 1979 1594 2025 superfluum,
1614 1984 1644 2014 et
1660 1979 1759 2014 dimi-

199 2037 329 2067 nutum:
344 2033 537 2067 attenditur
551 2042 671 2067 autem
690 2034 764 2078 ejus
786 2034 999 2079 supetfluum,
1015 2044 1089 2067 non
1104 2033 1250 2078 quidem
1273 2032 1472 2066 secundum
1494 2040 1680 2078 quantum,
1694 2033 1757 2068 sed

200 2086 399 2119 secundum
419 2086 505 2120 alias
527 2086 829 2128 circumstantias;
851 2086 1065 2132 inquantum
1087 2085 1225 2120 scilicet
1247 2085 1373 2131 aliquis
1394 2085 1515 2120 obedit
1527 2085 1586 2119 vel
1605 2085 1662 2119 cui
1682 2095 1758 2119 non

200 2139 315 2181 debet,
337 2139 395 2173 vel
420 2139 455 2172 in
483 2139 609 2185 quibus
631 2150 705 2173 non
728 2139 848 2181 debet3
876 2140 968 2174 sicut
993 2151 1099 2185 supra
1126 2139 1169 2173 de
1195 2138 1370 2185 religione
1397 2138 1533 2173 dictum
1556 2147 1609 2173 est
1632 2139 1680 2184 (q.
1702 2150 1756 2186 92.

199 2198 264 2227 art.
287 2193 346 2237 2.).
369 2193 493 2226 Potest
514 2192 623 2227 etiam
650 2192 732 2234 dici,
759 2193 855 2238 quod
878 2193 969 2227 sicut
989 2193 1025 2226 in
1046 2193 1180 2238 justitia
1205 2193 1405 2238 supetfluum
1429 2201 1482 2227 est
1502 2193 1539 2226 in
1561 2203 1604 2226 eo
1627 2193 1687 2238 qui
1708 2203 1757 2226 re-

199 2246 287 2280 tinet
302 2245 472 2287 alienum,
486 2246 686 2280 diminutmn
703 2254 823 2280 autem
844 2246 881 2279 in
903 2257 947 2280 eo
971 2246 1028 2280 cui
1048 2257 1123 2280 non
1143 2246 1303 2280 redditur
1325 2245 1421 2292 quod
1441 2246 1599 2288 debetur,
1613 2254 1652 2280 ut
1664 2245 1756 2279 Phil.

199 2300 284 2334 dicit
305 2300 340 2333 in
367 2310 394 2344 5.
418 2299 498 2333 Eth.
520 2301 606 2345 (cap.
629 2301 693 2344 4.);
722 2299 769 2333 ita
792 2300 900 2333 etiam
928 2300 1131 2334 obedientia
1158 2299 1319 2333 medium
1346 2306 1398 2333 est
1423 2299 1516 2333 inter
1540 2299 1754 2346 superfluum,

198 2353 294 2399 quod
310 2353 501 2387 attenditur
516 2364 556 2386 ex
571 2361 669 2398 parte
685 2354 771 2397 ejus,
787 2354 845 2398 qui
860 2353 1036 2387 subtrahit
1053 2353 1229 2399 superiori
1243 2352 1469 2386 obedientiae
1484 2352 1656 2394 debitum,
1674 2352 1757 2398 quia

198 2406 463 2452 superabundat
488 2406 524 2440 in
546 2405 730 2451 implendo
752 2407 936 2451 propriam
957 2406 1204 2448 voluntatem3
1232 2414 1266 2440 et
1287 2406 1498 2447 diminutum,
1527 2405 1624 2452 quod
1647 2413 1756 2439 atten-

197 2460 290 2494 ditur
311 2472 353 2494 ex
375 2468 474 2506 parte
495 2459 700 2505 superioris,
727 2459 785 2492 cui
811 2471 884 2493 non
912 2460 1094 2501 obeditur3
1121 2459 1215 2493 unde
1236 2459 1435 2493 secundum
1458 2459 1529 2492 hoc
1552 2458 1756 2493 obedientia

197 2513 262 2547 erit
278 2513 337 2558 [al.
353 2525 416 2547 11012
432 2513 508 2557 erit]
529 2512 688 2546 medium
704 2512 856 2545 duarum
871 2513 1103 2554 malitiarum,
1122 2513 1214 2546 sicut
1239 2524 1347 2558 supra
1369 2513 1411 2546 de
1432 2512 1593 2557 justititia
1619 2512 1755 2546 dictum

197 2574 250 2600 est
271 2567 318 2612 (q.
337 2567 388 2612 58.
412 2572 476 2601 art.
498 2568 578 2611 10.).
1516 2566 1523 2571 '

268 2620 327 2653 AD
346 2629 516 2654 TERTmM
540 2619 744 2660 dicendum,
772 2619 867 2664 quod
891 2619 1105 2661 obedientia,
1132 2620 1223 2653 sicut
1249 2627 1282 2653 et
1309 2619 1488 2665 quaelibet
1508 2619 1630 2661 virtus,
1652 2618 1756 2653 debet

197 2673 329 2707 habere
343 2681 548 2718 promptam
570 2672 794 2706 voluntatem
818 2672 852 2705 in
875 2683 979 2706 suum
1002 2673 1188 2718 proprium
1210 2673 1404 2718 objectum,
1419 2683 1492 2706 non
1515 2680 1635 2706 autem
1656 2672 1691 2705 in
1707 2672 1754 2714 id,

198 2727 293 2771 quod
308 2737 511 2772 repugnans
526 2734 579 2760 est
593 2726 642 2760 ei:
662 2725 848 2771 proprium
864 2734 985 2759 autem
1000 2726 1181 2771 objectum
1199 2726 1424 2760 obedientiae
1435 2734 1488 2760 est
1500 2733 1753 2772 praeceptum;

197 2779 292 2824 quod
308 2779 453 2825 quidem
469 2791 511 2813 ex
533 2779 677 2812 alterius
692 2778 876 2812 voluntate
892 2779 1074 2824 procedit3
1093 2779 1186 2813 unde
1203 2780 1404 2814 obedientia
1419 2779 1533 2813 reddit
1547 2787 1751 2824 promptam

199 2833 355 2866 hominis
371 2832 593 2866 voluntatem
618 2833 660 2865 ad
684 2831 906 2877 implendum
923 2832 1146 2866 voluntatem
1164 2832 1318 2873 alterius,
1334 2832 1470 2866 scilicet
1485 2832 1750 2877 praecipientis:
