1859 3122
477 158 697 194 QUAESTIO
731 157 833 186 XXX.
869 156 1110 187 ARTICULUS
1144 156 1170 185 1.
1520 154 1602 197 249

623 309 967 356 ARTICULUS
995 310 1027 352 Ι.
1543 328 1606 363 177

140 421 292 451 UTRUM
319 421 474 450 MALUM
500 420 566 450 SIT
594 419 775 449 PROPRIE
808 419 1014 448 MOTIVUM
1047 418 1105 446 AD
1140 415 1499 446 MISERICORDIAM.

112 509 171 543 AD
198 519 345 543 PRIMUM
361 509 410 543 sic
434 508 647 555 proceditur.
663 507 824 548 Videtur,
841 506 937 552 quod
952 505 1090 540 malum
1113 516 1185 538 non
1207 505 1349 551 proprie
1369 504 1412 538 sit
1427 503 1606 537 motivum

43 561 86 596 ad
106 562 411 596 misericordiam:
432 571 469 596 ut
491 562 586 596 enim
609 572 715 607 supra
738 569 923 594 ostensum
940 567 992 593 est
1007 560 1051 605 (q.
1075 570 1124 604 19.
1148 564 1250 593 arm.
1270 563 1296 592 et
1312 570 1372 592 1-2.
1389 570 1418 603 q.
1443 562 1609 603 79.art.1.

43 614 85 648 ad
110 616 173 660 4),
198 615 303 661 culpa
326 624 378 649 cst
405 616 520 660 magis
543 614 693 655 malum,
716 625 824 659 quam
852 624 988 659 poena:
1012 612 1073 645 sed
1102 611 1207 657 culpa
1233 623 1307 645 non
1331 620 1383 645 cst
1409 610 1610 657 provocati-

41 680 129 702 vum
151 668 193 702 ad
213 669 512 710 misericordiam,
535 668 596 702 scd
620 667 735 713 magis
759 667 802 700 ad
825 666 1134 712 indignatione1n3
1169 676 1255 711 ergo
1291 664 1428 698 malum
1455 675 1528 698 non
1557 671 1610 698 est

42 722 312 756 misericordiae
334 722 623 768 provocativum.

116 785 147 809 2.
162 775 398 810 PRAETEREA.
422 775 472 809 Ea
495 787 586 821 quae
607 783 689 809 sunt
711 774 881 816 crudelia,
897 785 960 808 seu
983 774 1070 815 dira,
1089 773 1254 807 videntur
1275 772 1472 819 quemdam
1493 783 1610 806 exces-

44 841 122 864 sum
146 829 284 863 malum
305 830 457 864 habere:
477 830 539 864 sed
561 828 698 864 Philos.
719 829 803 863 dicit
825 829 860 862 in
880 838 910 862 2.
933 828 1082 862 Rhetor.
1108 827 1194 874 (carp.
1210 828 1273 872 8.),
1298 826 1394 872 quod
1417 826 1534 860 dirum
1557 834 1610 860 est

46 883 140 917 aliud
164 895 183 917 a
210 883 417 926 miserabili,
440 891 474 918 et
496 882 722 930 expulsivum
744 882 1006 923 miserationis;
1030 892 1116 927 ergo
1145 880 1283 914 malum
1309 880 1521 926 inquantum
1544 879 1610 913 hu—

45 938 214 983 jusmodi,
235 947 309 971 non
333 946 385 971 est
407 937 585 971 motivum
608 937 650 970 ad
673 936 973 971 misericordiam.

120 1002 148 1037 3.
171 990 407 1025 PRAETEREA.
432 990 543 1036 Signa
565 990 746 1025 malorum
764 1001 838 1024 non
859 1000 943 1023 vere
970 996 1052 1023 sunt
1078 987 1191 1021 mala:
1213 987 1276 1022 sed
1298 987 1400 1033 signa
1428 985 1609 1020 malorum

47 1044 163 1090 magis
185 1052 387 1090 provocant
408 1044 451 1078 ad
474 1043 772 1086 misericordiam,
799 1051 837 1078 ut
863 1050 959 1089 patet
985 1053 1047 1088 per
1072 1041 1209 1075 Philos.
1232 1042 1267 1075 in
1296 1051 1326 1074 2.
1355 1040 1504 1074 Rhetor.
1531 1039 1609 1084 (loc.

50 1098 134 1144 cit.);
155 1108 242 1143 ergo
265 1097 403 1131 malum
429 1108 503 1131 non
526 1105 578 1131 est
599 1097 742 1143 proprie
769 1096 1045 1143 provocativum
1068 1093 1349 1129 misericordiae.

120 1151 194 1185 SED
217 1161 372 1185 CONTRA
395 1159 458 1193 est,
481 1151 578 1197 quod
592 1152 764 1185 Damasc.
787 1150 873 1184 dicit
894 1150 929 1183 in
958 1159 988 1183 2.
1011 1148 1070 1182 lib.
1088 1149 1202 1193 (Orth.
1222 1147 1294 1182 Fid.
1317 1154 1387 1194 cap.
1409 1148 1490 1192 μμ),
1515 1145 1611 1192 quod

50 1204 299 1239 misericordia
321 1212 374 1238 est
395 1204 532 1251 specics
554 1205 735 1239 tristitiae:
752 1204 813 1238 sed
826 1203 1003 1237 motivum
1019 1202 1062 1236 ad
1077 1202 1258 1236 tristitiam
1279 1209 1332 1235 est
1353 1200 1508 1242 malum,
1524 1210 1611 1245 ergo

48 1258 226 1292 motivum
253 1257 297 1291 ad
319 1258 606 1292 misericordiam
635 1266 686 1292 est
708 1257 857 1291 malum.

119 1311 348 1345 REspoxni-:o
372 1311 577 1353 dicendum,
601 1311 709 1357 quod,
732 1311 823 1345 sicut
845 1311 998 1355 August.
1022 1309 1108 1343 dicit
1129 1320 1160 1355 9.
1181 1308 1222 1342 de
1247 1308 1325 1342 CiV.
1345 1307 1415 1341 Dei
1436 1308 1524 1353 (rap.
1547 1306 1609 1352 5.).-

53 1378 71 1397 «
92 1365 341 1399 Misericordia
363 1373 415 1399 est
438 1364 576 1399 alienae
599 1365 765 1399 miseriae
787 1365 823 1398 in
845 1372 969 1397 nostro
997 1362 1105 1396 corde
1141 1361 1358 1408 compassio,
1381 1372 1450 1406 qua
1476 1360 1610 1405 utique,

49 1419 79 1453 si
96 1418 288 1465 possimus,
310 1418 499 1453 subvenire
519 1418 774 1465 compellimur
796 1432 812 1450 >)
829 1431 835 1452 ;
852 1418 981 1451 dicitur
995 1416 1092 1450 enim
1108 1415 1354 1449 misericordia
1378 1426 1420 1448 ex
1442 1425 1498 1455 eo,
1513 1413 1609 1459 quod

51 1471 177 1517 aliquis
203 1471 312 1505 habet
346 1472 518 1505 miserum
546 1483 609 1506 cor
642 1484 747 1518 supra
770 1471 913 1505 miseria
948 1470 1109 1504 alterius:
1133 1469 1277 1503 miseria
1301 1477 1421 1502 autem
1446 1467 1611 1501 felicitati

51 1525 259 1571 opponitur:
283 1533 335 1558 est
357 1533 477 1559 autem
500 1526 541 1559 de
563 1526 703 1559 ratione
725 1525 965 1565 beatitudiniS,
989 1524 1062 1557 sive
1084 1522 1276 1564 felicitatis,
1292 1530 1329 1555 ut
1352 1521 1478 1566 aliquis
1501 1520 1611 1565 potia-

50 1586 106 1612 tur
125 1589 180 1619 eo,
204 1577 300 1623 quod
314 1578 401 1620 vult,
424 1586 458 1612 et
479 1579 576 1624 quod
603 1579 755 1624 pertinet
778 1579 819 1611 ad
842 1578 1032 1623 justitiam:
1056 1588 1153 1617 nam,
1173 1576 1264 1609 sicut
1286 1574 1509 1620 Augustinus
1525 1573 1611 1606 dicit

56 1642 106 1677 13.
129 1631 172 1665 de
196 1630 324 1665 Trinit.
360 1632 450 1678 (cap.
468 1632 538 1678 5.).·
569 1645 585 1663 ‹<
610 1632 740 1666 Beatus
768 1639 830 1673 est,
858 1631 918 1677 qui
951 1631 1059 1664 habet
1087 1630 1209 1663 omnia
1237 1640 1328 1674 quae
1355 1627 1441 1668 vult,
1461 1635 1495 1661 et
1521 1625 1611 1660 nihil

52 1684 149 1718 male
170 1684 247 1718 vult
272 1697 309 1727 »3
333 1693 366 1718 et
384 1685 465 1719 ideo
481 1696 499 1719 e
515 1685 695 1719 contrario
719 1685 762 1718 ad
783 1685 966 1718 miseriam
981 1683 1144 1729 pertinet,
1160 1690 1198 1716 ut
1218 1682 1332 1715 homo
1355 1681 1508 1726 patiatur
1521 1690 1612 1725 quae

50 1749 124 1772 non
147 1737 234 1771 vult.
264 1738 455 1784 Tripliritar
484 1746 605 1772 autem
632 1739 760 1784 aliquis
782 1738 858 1772 vult
892 1737 1043 1783 aliquid:
1076 1748 1139 1770 imo
1162 1736 1308 1781 quidem
1336 1734 1430 1768 modo
1453 1733 1611 1779 appetitu

51 1790 224 1833 naturali,
245 1791 337 1825 sicut
363 1803 490 1826 ornnes
512 1792 680 1826 homines
707 1791 835 1825 volunt
868 1802 956 1832 esse,
979 1799 1013 1824 et
1033 1790 1173 1823 vivere:
1197 1790 1262 1823 alio
1286 1788 1379 1822 modo
1400 1788 1515 1821 homo
1537 1785 1614 1820 vult

52 1843 185 1890 aliquid
220 1856 282 1890 per
309 1844 527 1879 electionem
553 1857 594 1879 ex
629 1844 748 1890 aliqua
782 1844 1126 1890 praemeditatione:
1155 1844 1248 1877 tertio
1276 1842 1370 1876 modo
1396 1841 1511 1874 homo
1538 1839 1614 1873 vult

53 1897 186 1943 aliquid
207 1909 281 1931 non
303 1898 503 1932 secundum
525 1910 574 1940 se,
597 1898 657 1932 sed
680 1898 715 1931 in
743 1909 850 1931 causa
873 1909 956 1939 sua;
978 1905 1062 1942 puta
1085 1896 1144 1942 qui
1162 1895 1238 1929 vult
1260 1895 1452 1929 comedere
1471 1893 1613 1935 nociva,

53 1951 326 1997 quodammodo
349 1952 502 1986 dicimus
525 1963 608 1986 eum
629 1951 723 1985 velle
749 1950 1001 1985 infirmariSic
1030 1961 1116 1995 ergo
1143 1949 1322 1983 motivum
1344 1947 1614 1981 misericordiae

55 2012 106 2040 est
126 2013 314 2051 tamquam
337 2005 380 2038 ad
402 2005 587 2040 miseriam
605 2005 786 2052 pertinens
802 2018 809 2040 ε
823 2008 937 2050 primo
958 2004 1104 2050 quidem
1125 2002 1225 2044 illud,
1252 2001 1348 2048 quod
1376 2000 1614 2035 contrariatur

54 2058 225 2104 appetitui
249 2058 403 2093 naturali
423 2058 629 2100 voluntatis,
657 2058 811 2093 scilicet:
834 2057 930 2092 mala
953 2056 1168 2102 corruptiva,
1188 2063 1222 2090 et
1244 2054 1507 2095 contristantia3
1530 2064 1616 2099 quo-

54 2123 134 2144 rum
158 2112 335 2146 contraria
356 2112 524 2146 homines
546 2112 754 2146 naturaliter
776 2110 1070 2158 appetunt3unde
1092 2109 1228 2143 Philos.
1249 2109 1332 2142 dicit
1353 2108 1387 2141 in
1412 2118 1442 2141 2.
1464 2107 1613 2140 Rhetor.

57 2165 219 2212 (cap.8.),
243 2165 339 2211 quod
361 2166 609 2200 misericordia
636 2174 689 2200 est
713 2166 854 2199 tristitia
878 2164 1056 2210 quaedam
1084 2174 1190 2208 super
1211 2162 1396 2208 apparenti
1417 2160 1516 2194 malo
1540 2171 1614 2194 cor-

56 2218 208 2264 ruptivo,
229 2219 288 2253 vel
307 2219 576 2254 contristativo:
598 2219 734 2254 secundo
755 2218 967 2264 hujusmodi
989 2217 1103 2262 magis
1126 2215 1328 2250 efficiuntur
1350 2215 1393 2248 ad
1415 2213 1616 2248 misericor-

56 2271 152 2305 diam
171 2272 417 2318 provocantia,
435 2274 463 2307 si
485 2273 554 2306 sint
575 2280 700 2306 contra
714 2271 939 2306 voluntatem
954 2270 1141 2305 electionis
1156 2282 1163 2312 3
1179 2269 1272 2303 unde
1287 2277 1321 2302 et
1331 2267 1466 2302 Philos.
1481 2266 1614 2300 ibidem

56 2325 152 2367 dicit,
174 2325 270 2371 quod
292 2325 353 2358 illa
387 2325 482 2360 mala
509 2334 590 2360 sunt
616 2325 846 2367 miserabilia,
879 2335 1033 2370 quorum
1066 2322 1211 2356 fortuna
1241 2330 1294 2356 est
1323 2332 1448 2363 causa,
1472 2328 1510 2354 ut
1531 2327 1614 2365 puta

58 2390 142 2412 curn
164 2378 309 2424 aliquod
331 2379 469 2413 malum
491 2380 619 2422 evenit,
635 2379 729 2413 unde
751 2378 959 2424 sperabatur
972 2377 1128 2411 bonum:
1145 2377 1239 2411 tertio
1255 2383 1376 2409 autem
1395 2381 1475 2408 sunt
1498 2373 1614 2406 adhuc

59 2431 174 2477 magis
196 2431 425 2474 miserabilia,
453 2433 482 2466 si
507 2441 589 2467 sunt
611 2440 735 2466 contra
758 2440 873 2466 totam
894 2430 1137 2471 voluntatem,
1160 2436 1244 2475 puta
1271 2429 1299 2462 si
1321 2427 1448 2473 aliquis
1475 2436 1617 2470 semper

59 2493 215 2519 sectatus
237 2493 289 2520 est
316 2486 424 2527 bona,
447 2494 481 2520 et
503 2486 672 2520 eveniunt
698 2486 730 2519 ei
760 2484 876 2527 mala3
900 2493 934 2518 et
966 2484 1049 2517 ideo
1071 2482 1207 2516 Philos.
1235 2482 1321 2516 dicit
1347 2481 1382 2514 in
1406 2480 1534 2514 eodem
1556 2478 1615 2511 lib.

61 2537 186 2584 (ibid),
202 2539 299 2584 quod
320 2539 568 2573 misericordia
583 2547 636 2573 est
658 2539 814 2572 maxime
834 2549 942 2583 super
964 2537 1068 2570 malis
1091 2537 1178 2581 ejus,
1205 2535 1265 2581 qui
1286 2535 1453 2579 indignus
1476 2532 1617 2578 patitur.

131 2592 191 2626 AD
212 2603 361 2627 PRIMUM
383 2603 469 2638 ergo
492 2592 698 2634 dicendum,
726 2591 822 2637 quod
850 2591 892 2624 de
914 2590 1053 2624 ratione
1076 2589 1203 2634 culpae
1226 2595 1288 2630 est,
1311 2586 1406 2633 quod
1429 2586 1473 2619 sit
1494 2584 1619 2618 volun-

61 2645 167 2679 taria:
191 2653 224 2679 et
251 2654 426 2691 quantum
449 2645 491 2679 ad
512 2646 583 2679 hoc
610 2657 684 2679 non
705 2645 815 2679 habet
840 2644 1017 2678 rationem
1041 2642 1267 2682 miserabilis,
1294 2640 1355 2674 sed
1378 2639 1493 2683 magis
1516 2638 1620 2671 ratio-

61 2711 147 2733 nem
169 2699 355 2745 puniendi:
387 2699 449 2734 sed
480 2699 563 2745 quia
585 2698 689 2744 culpa
722 2706 841 2744 potest
867 2709 943 2732 esse
971 2696 1092 2742 aliquo
1120 2695 1232 2729 modo
1255 2704 1383 2740 poena,
1406 2693 1618 2737 inquantum

63 2752 200 2786 scilicet
218 2752 328 2786 habet
342 2752 475 2798 aliquid
497 2763 687 2793 annexum,
703 2751 799 2797 quod
822 2759 874 2785 est
896 2758 1021 2784 contra
1039 2748 1266 2783 voluntatem
1281 2745 1474 2793 peccantis,
1496 2756 1619 2778 secun-

62 2805 150 2839 dum
170 2806 242 2840 hoc
264 2814 382 2853 potest
398 2806 531 2840 habere
552 2804 732 2839 rationem
757 2803 989 2838 miserabilis:
1014 2811 1048 2836 et
1074 2801 1273 2836 secundum
1295 2800 1365 2833 hoc
1394 2799 1617 2840 miseremur,

65 2867 100 2893 et
132 2860 376 2906 compatimur
401 2859 648 2906 peccantibus:
687 2858 779 2893 sicut
806 2858 960 2903 Gregor.
989 2856 1074 2890 dicit
1106 2855 1141 2888 in
1176 2854 1331 2900 quadam
1359 2850 1494 2886 Homil.
1523 2851 1619 2898 (34),
