1859 3122
207 133 289 188 648
575 143 796 180 QUAESTIO
831 144 1007 174 Lxxxtx.
1042 144 1287 175 ARTICULUS
1320 145 1396 177 vn.

203 226 341 261 tollitur
366 226 401 260 in
419 225 499 260 foro
520 225 781 269 conscientiae3
805 226 889 272 quia
911 225 1027 272 magis
1047 226 1152 261 debet
1170 226 1343 261 damnum
1362 227 1562 274 temporale
1581 228 1767 272 sustinere,

204 292 312 326 quam
334 281 578 325 juramentum
599 279 753 313 violare:
776 287 895 326 potest
907 287 1030 314 tamen
1051 287 1212 326 repetere
1233 280 1270 314 in
1290 280 1425 326 judicio
1456 281 1553 327 quod
1573 281 1693 324 solvit,
1709 282 1768 317 vel

204 334 365 381 praelato
389 334 611 376 denuntiare,
635 345 709 368 non
732 334 897 368 obstante
923 333 1021 380 quod
1043 333 1265 368 contrarium
1294 334 1436 380 juravit3
1473 335 1555 381 quia
1583 335 1654 369 tale
1679 336 1771 381 jura-

205 396 367 422 mentum
389 395 553 433 vergeret
574 387 609 421 in
637 387 854 422 deteriorem
877 387 1030 421 exitum:
1055 395 1147 421 esset
1175 387 1271 421 enim
1302 395 1427 422 contra
1457 388 1628 433 justitiam
1658 388 1770 435 publi-

205 452 304 483 cam3
320 441 462 475 romani
477 449 598 475 autem
614 440 809 475 Pontifices
825 440 866 474 ab
882 440 1094 486 hujusmodi
1106 441 1317 486 juramentis
1338 441 1506 475 homines
1527 441 1768 484 absolverunt,

203 506 277 528 non
300 495 401 540 quasi
423 494 659 528 decernentes
680 494 890 538 hujusmodi
912 495 1113 539 juramenta
1134 505 1209 528 non
1231 505 1308 528 esse
1331 494 1558 540 obligatoria,
1580 495 1642 530 sed
1669 496 1770 542 quasi

202 548 413 594 hujusmodi
436 547 676 593 obligationes
701 558 742 581 ex
763 548 856 593 justa
879 559 987 582 causa
1010 547 1222 582 relaxantes.

274 602 334 636 AD
350 612 538 640 QUARTUM
561 601 767 643 dicendum,
790 601 886 647 quod
909 601 1054 647 quando
1076 612 1151 635 non
1170 609 1222 635 est
1240 601 1368 635 eadem
1386 601 1534 647 jurantis
1553 602 1717 644 intentio,
1736 610 1771 637 et

203 655 278 701 ejus
301 655 358 688 cui
384 656 488 700 jurat,
511 655 540 689 si
561 655 632 688 hoc
661 655 850 700 proveniat
878 666 919 688 ex
941 654 1026 688 dolo
1049 654 1209 701 jurantis,
1237 654 1342 689 debet
1367 655 1610 700 juramentum
1636 656 1771 690 servari

201 709 403 742 secundum
425 719 554 742 sanum
573 707 801 742 intellectum
824 709 911 754 ejus,
932 708 990 742 cui
1008 709 1251 754 juramentum
1266 716 1481 755 praestatur:
1501 708 1595 743 unde
1611 709 1770 743 Isidorus

201 762 286 796 dicit
308 761 381 806 (lib.
404 774 434 796 2.
451 762 486 796 du
503 762 594 796 Sum.
616 763 720 804 Bono,
740 768 812 808 cap.
831 774 878 808 31.
898 773 918 796 a
939 761 1062 807 med.).·
1085 774 1102 794 ‹<
1119 761 1362 808 Quacumque
1382 770 1456 796 arte
1478 763 1672 796 verborum
1691 762 1769 809 quis

200 817 303 861 juret,
325 816 425 850 Deus
447 823 582 858 tamen,
605 815 665 861 qui
688 815 933 850 conscientiae
955 815 1055 850 testis
1079 823 1142 857 est,
1165 816 1214 849 ita
1235 815 1306 850 hoc
1334 816 1477 862 accipit,
1504 816 1596 851 sicut
1620 815 1681 850 ille
1713 816 1771 850 cui

201 871 349 915 juratur,
372 868 542 915 intelligit
563 881 602 902 »2
627 877 660 903 et
682 869 779 915 quod
800 868 1023 915 intelligatur
1052 869 1095 903 de
1124 868 1254 903 doloso
1280 870 1499 915 juramento,
1525 877 1622 916 patet
1647 881 1710 916 per
1734 869 1770 904 id

203 923 300 969 quod
322 923 500 957 subditur:
526 936 543 955 «
565 922 768 969 Dupliciter
789 934 870 956 reus
892 922 941 965 fit,
964 922 1024 969 qui
1047 930 1081 957 et
1101 934 1238 956 nomen
1260 923 1330 957 Dei
1347 923 1383 957 in
1403 935 1538 957 vanum
1558 923 1719 966 assumit,
1737 931 1772 958 et

203 977 411 1023 proximum
434 976 520 1010 dolo
544 976 638 1023 capit
659 989 699 1018 »3
722 976 751 1010 si
773 984 894 1011 autem
916 977 1037 1022 jurans
1059 975 1186 1010 dolum
1207 988 1282 1010 non
1305 977 1485 1019 adhibeat,
1508 976 1689 1023 obligatur
1716 988 1770 1012 se-

181 1075 185 1079 ·
204 1031 363 1065 cundum
384 1030 624 1064 intentionem
639 1030 804 1076 jurantis:
828 1031 922 1065 unde
946 1030 1100 1076 Gregor.
1123 1030 1209 1064 dicit
1230 1029 1285 1065 26.
1306 1031 1502 1066 Moralium
1523 1031 1610 1078 (cap.
1627 1042 1657 1078 7.
1680 1033 1770 1067 circa

206 1083 365 1129 medium)
381 1097 391 1118 .·
417 1096 435 1115 ‹<
456 1084 649 1118 Humanae
672 1095 776 1118 aures
797 1083 884 1118 talia
905 1084 1013 1118 verba
1035 1091 1159 1118 nostra
1180 1083 1352 1129 judicant,
1372 1084 1491 1131 qualia
1512 1084 1599 1119 foris
1617 1092 1768 1120 sonant:

205 1138 325 1172 divina
345 1149 432 1172 vero
454 1137 586 1183 judicia
608 1137 694 1172 talia
717 1137 803 1172 foris
826 1137 986 1179 audiunt,
1008 1137 1128 1183 qualia
1150 1148 1191 1171 ex
1213 1137 1349 1172 intimis
1371 1138 1599 1185 proferuntur
1620 1152 1652 1172 ».

739 1289 1083 1334 ARTICULUS
1112 1291 1236 1334 VIII.
1701 1305 1770 1352 489

354 1409 508 1440 UTRUM
534 1410 672 1453 MAJOR
699 1410 766 1440 SIT
795 1411 1036 1440 OBLIGATIO
1060 1411 1321 1453 JURAMENTI,
1348 1411 1473 1448 QUAM
1498 1411 1620 1442 VOTI.

279 1510 338 1544 AD
355 1520 543 1544 OCTAYUM
564 1510 614 1544 sic
637 1509 854 1556 proceditur.
882 1509 1040 1553 Videtur,
1059 1510 1156 1556 quod
1174 1511 1290 1556 maj0r
1311 1510 1356 1544 sit
1374 1510 1549 1556 obligatio
1566 1511 1771 1557 juramenti,

208 1574 317 1609 quam
339 1563 431 1605 voti,
453 1571 581 1597 votum
604 1563 699 1597 enim
723 1571 775 1597 est
797 1563 949 1610 simplex
971 1563 1184 1610 promissio:
1208 1564 1269 1598 sed
1292 1565 1549 1610 juramentum,
1571 1576 1676 1611 supra
1694 1576 1773 1611 pro-

208 1618 421 1651 missionem
436 1617 581 1651 adhibet
596 1617 758 1651 divinum
772 1617 1042 1661 testimonium3
1059 1628 1145 1664 ergo
1165 1618 1282 1664 major
1301 1626 1354 1652 est
1371 1617 1546 1664 obligatio
1566 1618 1771 1664 juramenti,

206 1682 316 1717 quam
337 1671 422 1705 voti.

278 1736 309 1759 2.
331 1725 568 1760 PRAETEREA.
595 1724 759 1760 Debilius
781 1725 875 1760 solet
895 1737 958 1772 per
975 1725 1103 1760 fortius
1123 1725 1350 1760 confirmari:
1366 1727 1428 1760 sed
1446 1733 1573 1760 votum
1590 1726 1770 1761 interdum

208 1779 442 1813 confirmatur
463 1780 688 1824 juramento,
712 1791 798 1825 ergo
822 1780 1067 1825 juramentum
1091 1788 1144 1814 est
1164 1779 1302 1822 fortius,
1325 1791 1435 1826 quam
1455 1787 1594 1814 votum.

282 1845 309 1879 3.
333 1833 568 1867 PRAETEREA.
595 1832 782 1879 Obligatio
808 1833 885 1867 voti
907 1842 1073 1867 causatur
1096 1845 1138 1868 ex
1165 1833 1276 1867 animi
1304 1833 1574 1876 deliberatione,
1604 1841 1641 1868 ut
1667 1845 1772 1880 supra

207 1886 344 1920 dictum
380 1894 433 1920 est
465 1887 511 1932 (q.
540 1887 593 1921 88.
616 1891 679 1920 art.
706 1886 774 1931 1.);
804 1886 978 1931 obligatio
1007 1894 1127 1920 autem
1154 1887 1348 1932 juramenti
1382 1895 1548 1921 causatur
1581 1898 1623 1921 ex
1653 1887 1772 1921 divina

207 1940 369 1981 veritate,
393 1940 494 1985 cujus
515 1939 766 1973 testimonium
795 1940 1000 1974 invocatur:
1033 1951 1117 1974 cum
1148 1951 1234 1986 ergo
1267 1940 1398 1974 veritas
1424 1940 1495 1974 Dei
1521 1939 1669 1974 excedat
1690 1939 1774 1974 deli-

206 1993 431 2026 berationem
453 1993 666 2034 humanam,
685 1993 826 2027 videtur
844 1994 940 2039 quod
956 1993 1129 2038 obligatio
1144 1993 1337 2038 juramenti
1351 1993 1396 2027 sit
1410 1992 1547 2035 fortior,
1563 2004 1672 2039 quam
1687 1992 1774 2027 obli-

207 2046 306 2090 gatio
329 2045 415 2079 voti.

280 2098 353 2132 SED
377 2108 542 2132 CONTRA.
566 2098 634 2132 Per
655 2107 781 2133 votum
805 2099 985 2144 obligatur
1007 2099 1134 2146 aliquis
1156 2099 1257 2142 Deo3
1287 2110 1350 2145 per
1378 2100 1622 2145 juramentum
1650 2107 1771 2134 autem

207 2151 388 2197 obligatur
411 2151 536 2197 aliquis
560 2151 740 2185 interdum
762 2152 924 2195 homini3
946 2153 1063 2198 magis
1086 2161 1206 2187 autem
1222 2152 1402 2198 obligatur
1416 2153 1530 2187 homo
1549 2153 1643 2195 Deo,
1662 2164 1770 2199 quarn

206 2205 368 2247 homini,
392 2216 478 2250 ergo
501 2205 618 2249 major
641 2212 693 2239 est
714 2205 889 2251 obligatio
911 2206 997 2247 voti,
1021 2217 1130 2252 quam
1151 2206 1356 2251 juramenti.

278 2259 508 2294 RESPONDEO
532 2258 737 2301 dicendum,
760 2260 855 2305 quod
878 2264 1017 2305 utraque
1039 2259 1225 2305 obligatio,
1248 2259 1403 2294 scilicet:
1429 2260 1512 2302 voti,
1534 2265 1561 2294 et
1573 2261 1771 2305 juramenti,

207 2320 374 2347 causatur
395 2323 437 2346 ex
459 2311 580 2357 aliquo
604 2311 746 2345 divino:
768 2312 869 2346 aliter
890 2320 1024 2355 tamen,
1047 2321 1081 2347 et
1104 2313 1227 2347 aliter:
1260 2324 1346 2346 nam
1377 2312 1550 2357 obligatio
1583 2313 1659 2347 voti
1693 2324 1773 2347 cau-

206 2374 304 2400 satur
330 2378 372 2400 ex
395 2364 576 2406 fidelitate,
599 2376 709 2410 quam
730 2365 810 2399 Deo
835 2366 1027 2408 debemus;
1057 2374 1093 2400 ut
1119 2366 1258 2400 scilicet
1276 2366 1307 2400 ei
1326 2366 1547 2411 promissum
1566 2365 1770 2401 solvamus:

207 2419 381 2465 obligatio
410 2427 530 2452 autem
552 2418 747 2464 juramenti
770 2427 937 2453 causatur
959 2430 999 2453 ex
1023 2420 1234 2461 reverentia,
1254 2430 1362 2465 quam
1382 2419 1552 2453 debemus
1575 2419 1624 2462 ei3
1643 2430 1685 2453 ex
1701 2430 1770 2465 qua

205 2481 383 2514 tenemur,
406 2472 501 2518 quod
524 2471 751 2505 verificemus
782 2472 827 2513 id,
856 2473 951 2518 quod
984 2484 1046 2518 per
1079 2484 1213 2506 nomen
1249 2473 1323 2517 ejus
1357 2472 1620 2518 promittimus:
1651 2472 1770 2506 omnis

205 2535 327 2560 autem
350 2525 540 2559 infidelitas
563 2525 834 2559 irreverentiam
858 2526 1034 2560 continet:
1058 2526 1119 2560 sed
1142 2537 1215 2559 non
1239 2525 1470 2567 convertit-ur,
1502 2525 1642 2559 videtur
1672 2525 1769 2560 enim

204 2579 395 2613 infidelitas
416 2579 566 2625 subJecti
586 2579 628 2612 ad
648 2579 848 2612 Dominum
871 2591 947 2613 esse
967 2580 1125 2613 maxima
1144 2579 1394 2621 irreverentia3
1417 2587 1451 2613 et
1472 2579 1553 2613 ideo
1572 2587 1699 2613 votum
1727 2590 1769 2614 ex

204 2634 342 2667 ratione
365 2644 427 2666 sua
451 2633 566 2677 magis
589 2640 642 2666 est
664 2632 932 2677 obligatorium,
956 2644 1063 2678 quam
1087 2634 1340 2678 juramentum.

275 2687 334 2720 Ab
358 2697 505 2720 PRIMUM
529 2697 615 2731 ergo
631 2686 836 2726 dicendum,
860 2686 954 2731 quod
975 2694 1100 2719 votum
1124 2686 1392 2732 estpromissio,
1412 2696 1484 2719 non
1505 2697 1768 2731 quaecumque,

204 2740 264 2774 sed
288 2741 368 2773 Deo
392 2740 504 2782 [πως
528 2740 581 2773 cui
603 2738 786 2773 infidelem
806 2750 882 2772 esse
906 2739 1158 2784 gravissimum
1183 2747 1245 2773 est.

276 2794 335 2827 AD
352 2804 557 2827 SECUNDUM
577 2792 782 2834 dicendum,
804 2792 899 2838 quod
918 2794 1163 2838 juramentum
1185 2804 1258 2826 non
1276 2792 1464 2826 adhibetur
1484 2799 1572 2826 voto
1589 2792 1690 2837 quasi
1709 2791 1768 2826 ali-

206 2847 289 2894 quid
312 2846 460 2889 sirmius,
483 2846 543 2880 sed
568 2854 606 2880 ut
631 2857 694 2892 per
712 2845 799 2880 duas
822 2857 876 2880 res
898 2845 1104 2880 immobiles
1127 2847 1244 2891 major
1265 2846 1423 2880 firmatas
1444 2845 1628 2879 habeatur.
