1859 3122
546 179 766 214 QUAESTIO
802 179 915 209 CLIV.
949 179 1194 210 ARTICULUS
1228 180 1288 209 111.
1618 182 1700 224 999

142 268 351 306 peccatum;
370 260 453 306 quia
468 261 558 295 ratio
574 261 609 294 in
624 261 773 295 homine
789 260 969 308 praevalet
988 261 1151 307 corpori;
1171 261 1265 295 unde
1280 261 1310 295 si
1323 261 1368 295 sit
1381 269 1572 307 peccatum
1587 262 1704 307 magis

143 324 346 359 repugnans
364 314 506 355 rationi,
529 315 672 359 gravius
691 315 766 348 erit.

213 367 272 401 AD
296 377 466 401 TERTIUM
489 368 696 410 dicendum,
719 368 815 414 quod
842 375 1031 414 peccatum
1058 367 1307 402 fornicationis
1335 376 1389 402 est
1415 376 1541 402 contra
1567 369 1703 402 bonum

143 420 279 466 speciei
297 420 490 462 humanae,
505 421 720 467 inquantum
736 422 886 468 impedit
899 421 1171 467 generationem
1190 421 1408 466 singularem
1427 422 1530 456 unius
1545 422 1704 456 hominis

142 474 332 508 nascituri:
352 475 467 519 magis
491 483 612 508 autem
636 475 803 521 pertingit
825 476 867 509 ad
890 476 1066 510 rationem
1087 475 1231 521 speciei,
1251 475 1310 521 qui
1333 483 1413 508 actu
1429 477 1502 520 jam
1518 476 1706 521 participat

142 527 312 573 speciem,
335 539 443 573 quam
467 529 525 573 qui
549 537 601 562 est
624 529 782 574 potentia
805 529 939 571 homo,
962 537 996 563 et
1017 528 1217 563 secundum
1239 528 1310 562 hoc
1334 528 1440 561 etiam
1464 528 1705 562 homicidium

144 588 196 615 est
217 581 373 625 gravius,
395 593 503 627 quam
523 581 726 624 fornicatio,
742 590 776 616 et
796 593 924 616 omnes
940 582 1099 616 luxuriae
1110 581 1258 627 species,
1273 589 1459 627 tamquam
1475 582 1591 626 magis
1608 581 1704 616 bono

144 634 277 680 speciei
298 634 480 669 humanae
502 646 724 681 repugnans:
748 635 884 669 bonum
909 636 1017 670 ctiam
1041 635 1199 669 divinum
1224 642 1277 669 est
1302 636 1419 680 majus
1447 635 1544 668 bono
1573 635 1706 682 speciei

142 686 343 728 humanae,
367 696 401 722 et
419 688 500 722 ideo
524 688 632 722 etiam
655 696 815 734 peccata,
837 700 928 734 quae
950 697 1032 722 sunt
1053 697 1178 723 contra
1199 688 1332 729 Deum,
1354 696 1436 722 sunt
1454 690 1610 734 majora:
1637 700 1704 722 nec

144 739 336 774 fornicatio
359 749 411 774 est
432 741 565 774 directe
587 749 777 787 peccatum
801 742 836 775 in
858 742 990 783 Deum,
1010 742 1111 787 quasi
1132 739 1330 775 fornicator
1354 741 1422 775 Dei
1450 741 1627 776 offensam
1653 742 1705 775 in-

143 793 276 835 tendat,
310 794 371 828 sed
401 805 442 827 ex
470 795 716 840 consequenti,
742 795 834 828 sicut
862 803 895 829 et
923 797 1045 829 omnia
1071 803 1218 841 peccata
1244 794 1430 829 mortalia:
1458 796 1550 829 sicut
1584 804 1705 830 autem
1755 789 1762 798 “

145 847 308 880 membra
332 848 492 892 corporis
510 847 624 881 nostri
646 855 728 881 sunt
749 848 911 881 membra
935 848 1089 891 Christi,
1111 849 1159 882 ita
1182 848 1290 882 etiam
1310 856 1344 882 et
1357 848 1498 894 spiritus
1517 857 1640 883 noster
1654 857 1707 883 est

144 911 256 933 unum
279 911 361 933 cum
386 900 545 941 Christo,
575 901 774 934 secundum
802 901 889 934 illud
922 913 948 935 1.
977 901 1021 935 acl
1049 901 1134 935 Cor.
1162 900 1213 935 6.:
1239 902 1308 945 Qui
1334 902 1486 936 adhaeret
1512 903 1597 944 Deo,
1624 915 1707 937 unus

142 954 275 999 spiritus
295 958 359 993 est;
383 953 477 987 unde
500 953 608 986 etiam
632 962 780 998 peccata
803 954 1000 999 spiritualia
1015 963 1098 988 sunt
1111 954 1228 999 magis
1243 962 1369 988 contra
1384 955 1582 997 Christum,
1597 967 1707 1001 quam

144 1005 346 1040 fornicatio.

675 1149 1018 1194 ARTICULUS
1047 1150 1122 1192 IV.
1637 1173 1700 1207 74,

148 1257 301 1287 UTRUM
328 1258 371 1287 IN
395 1258 627 1297 TACTIBUS,
654 1258 710 1286 ET
739 1257 924 1286 OSCULIS
955 1258 1199 1287 CONSISTAT
1222 1258 1459 1287 PECCATUM
1486 1259 1707 1288 MORTALE.

247 1346 337 1390 (1-2.
348 1357 377 1391 q.
390 1356 442 1391 74.
455 1351 519 1380 art.
532 1358 582 1381 10.
594 1350 623 1380 et
639 1346 726 1380 Veri.
738 1351 941 1391 q.15.art.4.
956 1345 1080 1380 etMal.
1091 1357 1120 1390 q.
1132 1357 1174 1391 15.
1184 1350 1247 1379 art.
1259 1357 1290 1380 2.
1302 1345 1344 1379 ad
1355 1347 1404 1380 18.
1415 1346 1604 1392 ctEpli.5.).

215 1435 275 1468 ΑΒ
303 1445 491 1473 QUARTUM
518 1434 567 1468 sic
596 1434 814 1480 proceditur.
841 1433 1002 1477 Videtur,
1029 1435 1125 1480 quod
1151 1435 1187 1468 in
1215 1436 1378 1477 tactibus,
1406 1444 1440 1469 et
1467 1435 1600 1470 osculis
1633 1447 1708 1470 non

148 1489 320 1523 consistat
338 1496 528 1533 peccatum
550 1487 720 1522 mortale:
745 1488 872 1533 Apost.
890 1488 987 1521 enim
1001 1489 1044 1522 ad
1062 1487 1192 1533 Ephes.
1213 1499 1240 1533 ς.
1255 1489 1360 1522 dicit:
1376 1490 1572 1523 Fornicatio
1588 1495 1707 1532 autam,

147 1548 177 1576 et
191 1543 295 1576 omnis
308 1541 534 1584 immunditia,
550 1547 608 1576 aut
622 1542 774 1576 avaritia
789 1553 843 1576 nec
857 1543 1047 1576 nominetur
1062 1543 1094 1575 in
1108 1543 1213 1584 vobis,
1227 1543 1310 1576 sicut
1323 1542 1411 1577 (lacet
1424 1548 1572 1576 sanctos:
1592 1543 1709 1576 subdit

147 1603 286 1629 autem:
311 1596 380 1628 Aut
401 1595 577 1640 turpitudo,
612 1594 732 1629 Gloss.
757 1594 1018 1637 (interlinfflelus
1044 1595 1137 1639 Ma),
1154 1603 1192 1628 ut
1212 1595 1248 1628 in
1264 1595 1396 1629 osculis
1416 1603 1449 1629 et
1467 1595 1709 1641 amplexibus3

146 1653 203 1682 aut
235 1648 490 1693 stultiloquium,
512 1655 549 1680 ut
573 1647 702 1681 blanda
728 1648 855 1682 verba:
883 1653 939 1681 aut
962 1649 1160 1690 scurrilitas,
1188 1659 1280 1694 quae
1306 1649 1422 1682 stultis
1449 1648 1629 1683 curialitas
1658 1649 1709 1682 di-

147 1701 248 1743 citur,
268 1701 360 1734 idest
373 1700 592 1746 jocularitas.
609 1701 740 1735 Postea
763 1708 883 1734 autem
904 1701 1038 1734 subdit:
1058 1702 1132 1735 Hoc
1151 1703 1236 1735 enim
1253 1703 1364 1736 scitote
1381 1702 1600 1747 intelligentes,
1623 1703 1710 1747 quod

146 1756 251 1788 omnis
264 1755 470 1800 fornicator,
493 1759 551 1788 aut
572 1753 773 1795 imnzuruhcs,
795 1759 853 1787 aut
873 1766 1008 1795 avarus,
1025 1754 1110 1800 quod
1127 1759 1169 1788 est
1186 1754 1350 1788 idolorum
1364 1757 1516 1797 servitus,
1532 1767 1596 1788 uon
1617 1756 1710 1790 habet

147 1807 375 1841 haereditatem
390 1809 425 1840 in
439 1818 537 1851 reguo
554 1806 692 1848 Christi,
708 1812 737 1841 et
750 1807 838 1841 Dei:
861 1807 920 1840 ubi
941 1818 1014 1840 non
1037 1807 1185 1853 replicat
1205 1808 1248 1841 de
1266 1808 1496 1853 turpitudine,
1523 1809 1615 1842 sicut
1640 1820 1707 1842 nec

147 1861 190 1909 d?
212 1859 449 1905 stultiloquio,
473 1868 533 1894 aut
555 1859 788 1901 scurrilitate3
812 1871 898 1905 ergo
920 1860 987 1894 ista
1008 1871 1082 1894 non
1103 1869 1185 1894 sunt
1205 1870 1354 1907 peccata
1372 1862 1551 1896 mortalia.

221 1923 252 1946 2.
275 1913 510 1947 PRAETEREA.
535 1913 741 1946 Fornicatio
764 1913 890 1947 dicitur
906 1925 983 1947 esse
1002 1922 1194 1959 peccatum
1208 1914 1363 1949 mortale
1378 1926 1419 1949 ex
1433 1916 1516 1957 hoc,
1532 1917 1628 1961 quod
1647 1927 1710 1962 per

150 1977 232 2000 earn
262 1966 456 2011 impeditur
483 1967 618 2000 bonum
647 1965 757 2012 prolis
785 1967 1022 2011 generandae,
1049 1975 1083 2001 et
1109 1967 1335 2002 educandae:
1362 1968 1425 2002 sed
1448 1969 1491 2002 ad
1517 1969 1588 2003 hoc
1616 1969 1706 2003 nihil

149 2027 344 2065 operantur
366 2019 502 2061 oscula,
526 2027 560 2053 et
586 2027 712 2062 tactus,
739 2019 815 2053 sive
841 2019 1044 2064 amplexus3
1071 2031 1158 2066 ergo
1184 2022 1219 2054 in
1246 2021 1302 2055 his
1327 2033 1401 2056 non
1428 2023 1606 2068 contingit
1632 2034 1709 2057 esse

147 2081 337 2118 peccatum
360 2073 526 2107 mortale.

222 2138 251 2172 3.
270 2126 506 2160 PRAETEREA.
542 2126 609 2160 Illa
632 2138 723 2172 quae
751 2127 950 2160 secundum
973 2138 1010 2161 se
1032 2135 1114 2161 sunt
1134 2136 1283 2174 peccata
1304 2128 1483 2171 mortalia,
1510 2141 1709 2175 numquam

148 2187 299 2225 possunt
318 2179 402 2213 beni
422 2179 518 2213 fieri:
544 2179 605 2213 sed
632 2179 768 2221 oscula,
796 2188 830 2213 et
858 2187 985 2222 tactus,
1016 2188 1050 2214 et
1078 2181 1285 2226 hujusmodi
1315 2190 1466 2228 possunt
1494 2183 1710 2229 quandoque

147 2232 224 2266 fieri
246 2232 378 2278 absque
400 2240 571 2278 peccat03
594 2243 681 2278 ergo
705 2244 779 2266 non
800 2241 883 2267 sunt
901 2235 1103 2267 secundum
1125 2245 1163 2268 se
1185 2243 1334 2280 peccata
1355 2235 1533 2270 mortalia.

220 2285 294 2319 SED
322 2295 489 2319 CONTRA.
512 2285 632 2319 Minus
655 2293 708 2319 est
730 2294 893 2331 aspectus
915 2285 1139 2329 libidinosus,
1161 2298 1270 2333 quam
1290 2295 1417 2330 tactus,
1441 2288 1638 2334 amplexus,
1654 2289 1711 2322 vel

147 2337 331 2372 osculum:
367 2338 428 2372 sed
464 2346 632 2383 aspectus
662 2337 873 2373 libidinosus
903 2347 958 2373 est
985 2348 1176 2385 peccatum
1205 2341 1370 2382 mortale,
1399 2342 1596 2375 secundum
1623 2341 1710 2375 illud

146 2391 274 2426 Matth.
301 2402 346 2425 1.:
371 2392 442 2435 Qui
461 2391 584 2425 viderit
617 2391 786 2426 mulierem
813 2392 855 2426 ad
884 2393 1172 2439 concupiscendum
1193 2396 1370 2439 ea771,.jam
1397 2395 1582 2428 moechatus
1607 2401 1650 2429 est
1676 2397 1710 2428 iu

149 2445 243 2479 corde
268 2456 349 2485 suo;
379 2455 466 2490 ergo
489 2444 610 2478 multo
637 2445 753 2490 magis
779 2445 944 2479 osculum
971 2445 1217 2489 libidinosum,
1243 2455 1278 2481 et
1304 2447 1373 2480 alia
1398 2447 1608 2492 hujusmodi
1630 2456 1713 2481 sunt

147 2506 297 2544 peccata
318 2497 496 2531 mortalia.
1662 2540 1665 2542 .

219 2550 421 2585 Praeterea.
453 2550 656 2596 Cyprianus
683 2551 726 2584 ad
740 2551 986 2597 Pomponium
1009 2552 1052 2586 de
1070 2551 1236 2598 Virginit.
1257 2553 1330 2597 (lib.
1350 2564 1382 2587 Ι.
1404 2555 1494 2599 epist.
1517 2554 1580 2597 Π.)
1608 2553 1710 2588 dicit:

151 2602 294 2637 «Certe
319 2604 395 2649 ipse
430 2603 656 2645 concubitus,
684 2603 759 2649 ipse
787 2603 984 2650 amplexus,
1013 2605 1088 2651 ipse
1119 2605 1375 2647 confabulatio,
1402 2614 1436 2640 et
1463 2606 1651 2647 osculatio,
1679 2615 1713 2640 et

149 2657 419 2701 conjacentium
444 2656 601 2690 duorum
615 2658 726 2702 turpis
742 2665 776 2690 et
789 2656 896 2691 foeda
911 2658 1094 2699 dormitio,
1109 2666 1283 2703 quantum
1299 2659 1486 2693 dedecoris
1502 2668 1536 2692 et
1553 2660 1712 2693 criminis

148 2707 355 2742 confitetur!
370 2723 388 2741 ))
403 2722 410 2751 3
427 2720 514 2754 ergo
534 2721 597 2755 per
611 2710 793 2754 praedicta
806 2711 920 2744 homo
941 2710 980 2744 fit
998 2722 1078 2744 reus
1093 2711 1264 2752 criminis,
1279 2711 1370 2745 idest
1383 2712 1521 2758 peccati
1538 2712 1711 2746 mortalis.

221 2761 451 2797 RESPONDEO
475 2762 682 2804 dicendum,
696 2763 793 2808 quod
819 2763 951 2809 aliquid
974 2764 1103 2797 dicitur
1125 2775 1200 2798 esse
1222 2772 1411 2810 peccatum
1434 2765 1587 2799 mortale
1606 2765 1713 2811 dupli-

149 2816 246 2849 citer:
267 2827 331 2848 uno
349 2815 445 2849 modo
467 2815 670 2849 secundum
692 2817 849 2862 speciem
873 2828 994 2859 suam3
1017 2825 1051 2850 et
1080 2817 1151 2850 hoc
1173 2817 1284 2851 modo
1308 2817 1485 2859 osculum,
1514 2818 1712 2864 amplexus,

150 2867 208 2902 vel
229 2875 357 2909 tactus,
379 2868 585 2902 secundum
607 2880 710 2902 suam
730 2870 910 2904 rationem
931 2881 1006 2904 non
1026 2872 1218 2904 nominant
1234 2879 1424 2916 peccatum
1439 2871 1611 2905 mortale:
1634 2883 1714 2917 pos-
