1920 3142
210 184 264 213 20

210 273 221 298 w

228 285 233 290 .
249 264 346 291 Utrum
361 265 396 289 sit
410 263 499 289 solum
513 263 668 289 futurorum
683 263 914 297 contingentium.

209 315 235 339 4.
250 306 348 332 Utrum
370 305 502 340 propheta
528 310 680 339 cognoscat
703 305 796 329 omnia
818 304 962 339 propheta-

300 347 374 372 bilia.

211 397 235 422 5.
250 388 347 414 Utrum
361 387 493 422 propheta
515 388 652 412 discernat
675 395 716 418 ea,
740 395 807 421 quae
831 387 963 412 divinitus

299 430 422 464 percipit,
438 429 470 453 ab
484 429 526 453 his
540 436 607 462 quae
622 429 731 463 proprio
747 429 843 462 spiritu
858 429 942 454 videt.

210 471 236 496 6.
250 470 348 497 Utrum
361 470 519 505 prophetiae
539 470 627 504 possit
647 470 759 495 subesse
773 469 882 496 falsum.

347 551 598 583 QUAESTIO
632 551 824 578 CLXXII.

435 611 474 637 De
495 620 567 636 causa
584 611 740 647 prapbetiae.

216 686 237 702 1.
254 677 352 702 Utrum
366 677 510 712 prophetia
524 678 558 702 sit
573 677 713 703 naturalis.

213 727 238 744 2.
255 718 352 743 Utrum
367 719 402 743 sit
415 728 429 744 a
442 718 502 743 Deo
517 719 699 744 mediantibus
714 719 829 754 angelis.

216 769 238 793 3.
256 760 353 785 Utrum
384 760 417 785 ad
448 759 618 794 prophetiam
657 761 806 794 requiratur
836 760 966 786 naturalis

303 801 458 835 dispositio.

214 851 238 875 4.
256 842 353 868 Utrum
368 843 518 876 requiratur
531 843 639 868 bonitas
654 852 771 869 morum.

218 892 240 916 ς.
257 884 353 909 Utrum
368 885 403 909 sit
417 884 506 918 aliqua
521 885 663 918 prophetia
677 894 691 910 a
705 885 895 911 daemonibus.

216 928 240 951 6.
258 925 354 951 Utrum
368 926 517 960 prophetae
532 926 695 952 daemonum
710 926 856 961 aliquando
877 927 969 952 dicant

304 975 406 992 verum.

406 1049 599 1080 QUAESTIO
623 1049 779 1076 CLXXIII.

351 1109 390 1135 De
410 1110 482 1136 modo
502 1110 650 1143 cognitionis
666 1110 835 1145 propheticae.

223 1185 243 1201 1.
260 1175 356 1201 Utrum
371 1175 518 1210 prophetae
531 1175 639 1201 videant
651 1176 735 1210 ipsam
750 1176 801 1201 Dei
814 1176 970 1201 essentiam.

221 1225 246 1242 2.
264 1217 362 1242 Utrum
382 1218 440 1251 ipsa
460 1217 591 1242 revelatio
612 1217 772 1251 prophetica
793 1217 837 1242 fiat
861 1226 907 1252 per
930 1218 972 1242 in-

308 1258 447 1283 fluentiam
461 1258 610 1292 aliquarum
626 1259 788 1292 specierum,
810 1258 851 1284 vel
866 1267 913 1294 per
927 1268 970 1284 so·

309 1299 361 1324 lam
376 1299 547 1324 influentiam
563 1299 683 1325 luminis.

222 1350 245 1374 3.
262 1341 359 1367 Utrum
383 1341 543 1375 prophetica
566 1341 697 1367 revelatio
720 1350 826 1376 semper
849 1343 884 1367 sit
911 1352 972 1368 cum

310 1382 477 1407 alienatione
492 1391 507 1407 a
520 1383 656 1409 sensibus,

221 1432 246 1455 4.
263 1423 359 1448 Utrum
374 1424 517 1458 prophetia
540 1432 645 1458 semper
667 1425 702 1450 sit
727 1433 787 1450 cum
812 1426 974 1460 cognitione

311 1473 416 1496 eorum,
432 1474 500 1500 quae
513 1465 718 1500 prophetantur.

354 1552 606 1583 QUAESTIO
639 1553 844 1580 CLXXIV.

418 1611 457 1637 De
477 1612 597 1638 divisione
621 1613 776 1648 prophetiae.

228 1686 249 1702 1.
265 1677 305 1702 De
320 1678 454 1703 divisione
468 1678 626 1712 prophetiae
642 1679 669 1703 in
683 1687 745 1704 suas
760 1680 875 1713 specieS.

224 1727 249 1743 2..
266 1718 363 1743 Utrum
377 1719 412 1743 sit
426 1719 506 1743 altior
526 1719 679 1753 prophetia,
695 1729 762 1754 quae
777 1727 819 1746 est
833 1722 891 1746 sine
906 1721 974 1746 ima-

313 1760 417 1793 ginaria
431 1760 547 1784 visione.

228 1808 251 1833 3.
266 1799 308 1824 De
322 1800 477 1825 diversitate
492 1800 623 1834 graduum
637 1801 807 1835 prophetiae.

225 1850 251 1872 4.
267 1840 363 1865 Utrum
378 1841 488 1874 Moyses
502 1840 583 1865 fuerit
597 1841 843 1867 excellentissimus
858 1843 976 1877 prophe-

316 1888 413 1906 tarum.
459 1914 462 1916 .

230 1931 252 1956 ς.
269 1922 365 1948 Utrum
379 1922 476 1957 aliquis
492 1923 704 1958 comprehensor
727 1926 815 1959 possit
837 1933 897 1950 esse
917 1935 977 1960 pro-

316 1964 407 1998 pheta.

229 2006 255 2030 6.
269 2005 366 2031 Utrum
389 2006 532 2040 prophetia
555 2007 668 2033 creverit
692 2016 738 2041 per
760 2008 892 2042 temporis
918 2017 978 2042 pro-

318 2055 435 2072 cessum.

426 2128 617 2159 QUAESTIO
648 2130 784 2156 CLXXV.

539 2189 578 2215 De
596 2195 679 2225 raptu.

234 2263 257 2280 1.
273 2254 369 2279 Utrum
383 2255 473 2280 anima
487 2255 607 2281 hominis
622 2257 741 2291 rapiatur
754 2257 786 2281 ad
800 2256 901 2282 divina.

232 2303 257 2321 2.
274 2295 370 2321 Utrum
384 2303 474 2331 raptus
488 2298 622 2331 pertineat
636 2298 668 2322 ad
681 2298 735 2323 vim
752 2298 982 2332 cognoscissvam,

320 2337 364 2363 vel
379 2339 411 2362 ad
425 2340 611 2372 appetitivam.

235 2387 258 2411 3.
274 2378 371 2403 Utrum
385 2379 484 2404 Paulus
498 2381 526 2404 in
540 2386 616 2414 raptu
636 2380 734 2405 viderit
747 2379 799 2404 Dei
813 2380 969 2404 essentiam.

232 2428 259 2451 4.
276 2419 372 2444 Utrum
391 2419 473 2444 fuerit
486 2420 619 2445 alienatus
633 2429 647 2445 a
662 2421 796 2445 sensibus.

236 2468 258 2492 5.
276 2460 372 2485 Utrum
387 2460 510 2486 totaliter
532 2461 612 2486 fuerit
634 2462 724 2486 anima
738 2470 753 2486 a
775 2469 889 2496 corpore
909 2470 983 2495 sepa-

323 2508 379 2526 rata
392 2502 419 2526 in
434 2508 506 2527 statu
521 2502 580 2527 illo.

234 2544 258 2567 ὁ.
278 2542 351 2572 Quid
366 2543 436 2568 circa
451 2543 503 2568 hoc
517 2543 637 2575 sciverit,
652 2550 678 2568 et
693 2543 756 2577 quid
771 2543 946 2577 ignoraverit.

431 2625 622 2656 QUAESTIO
643 2625 797 2651 CLXXVI.

241 2685 276 2709 l)e
287 2686 375 2719 ⁴gratiis
385 2687 461 2719 gratis
475 2686 540 2710 datis
554 2691 674 2720 quantum
684 2685 717 2710 acl
728 2693 817 2719 genera
830 2684 984 2719 linguarium,

240 2760 249 2776 1
258 2771 263 2776 .
280 2751 374 2776 Utrum
384 2753 552 2786 pergratiam
568 2751 718 2785 huguarum
728 2751 812 2775 homo
824 2750 988 2784 adipiscatur

328 2793 470 2817 scientiam
486 2793 607 2817 omnium
623 2793 785 2827 linguarum.

240 2842 265 2860 2.
279 2834 375 2860 Utrum
387 2834 487 2859 donum
500 2834 653 2867 linguarum
665 2835 699 2859 sit
711 2833 898 2864 excellentius,
909 2842 987 2868 quam

330 2876 430 2901 donum
445 2876 612 2910 prophetiae.

557 182 692 212 INDEX
725 181 954 212 SECUNDAE
988 183 1215 214 SECUNDAE
1249 185 1413 216 PARTIS.

1200 265 1392 296 QUAESTIO
1413 266 1580 294 CLXXVII.

1061 324 1100 350 De
1119 326 1203 360 gratia
1220 327 1348 358 sermonis,
1368 328 1514 363 sapientiae,
1533 337 1573 354 seu
1592 330 1718 357 scientiae.

1020 405 1029 421 1
1037 416 1042 421 .
1055 396 1152 422 Utrum
1163 398 1191 422 in
1203 406 1330 424 sermone
1342 400 1475 424 consistat
1485 399 1575 434 aliqua
1586 402 1673 435 gratia
1683 403 1767 437 gratis

1106 438 1177 464 data.

1019 487 1043 504 2.
1060 478 1156 504 Utrum
1170 480 1236 506 haec
1250 482 1337 515 gratia
1348 483 1482 516 pertineat
1492 483 1575 508 etiam
1586 483 1619 508 ad
1629 483 1767 510 mulieres.

1123 562 1376 592 QUAESTIO
1409 544 1662 590 CLXXVIiI.

1221 621 1259 648 De
1276 623 1361 658 gratia
1378 623 1567 650 miraculorum.

1024 696 1045 712 1.
1062 686 1159 713 Utrum
1173 689 1209 714 sit
1222 689 1312 724 aliqua
1325 691 1411 724 gratia
1425 690 1509 725 gratis
1520 690 1581 716 data
1592 690 1711 716 faciendi
1721 692 1771 716 mi-

1108 730 1208 755 racula.

1022 778 1046 795 2.
1062 770 1159 796 Utrum
1173 771 1237 797 mali
1250 773 1358 806 possint
1371 772 1460 798 facere
1476 773 1617 800 miracula.

1211 860 1402 891 QUAESTIO
1424 860 1579 887 CLXXIX.

1024 925 1062 951 De
1082 925 1286 952 divisionewitae
1302 931 1348 961 per
1367 927 1487 957 activam,
1502 931 1525 951 et
1539 925 1772 961 contemplativam.

1028 999 1050 1016 t.
1064 991 1163 1017 Utrum
1182 992 1238 1016 vita
1257 992 1452 1017 convenienter
1479 992 1613 1017 dividatur
1632 999 1679 1026 per
1705 991 1774 1017 acti-

1112 1041 1183 1064 vam,
1205 1038 1231 1057 et
1251 1032 1502 1067 contemplativam.

1025 1082 1050 1099 2.
1066 1073 1163 1099 Utrum
1184 1074 1283 1099 divisio
1304 1074 1339 1099 sit
1352 1074 1500 1100 sufficiens.

1169 1162 1421 1193 QUAESTIO
1451 1163 1633 1189 CLXXX.

1240 1222 1279 1248 De
1292 1223 1346 1248 vita
1360 1223 1566 1258 contemplativa.

1032 1297 1054 1314 1.
1069 1288 1166 1314 Utrum
1181 1289 1236 1314 vita
1249 1288 1462 1324 contemplativa
1481 1289 1615 1323 pertineat
1628 1294 1733 1314 tanturn
1745 1289 1778 1314 ad

1119 1330 1299 1362 intellectum,
1315 1339 1348 1356 an
1369 1331 1503 1356 consistat
1517 1331 1598 1355 etiam
1619 1331 1647 1355 in
1668 1330 1777 1355 affectu.

1030 1380 1054 1397 2.
1071 1371 1168 1397 Utrum
1194 1372 1227 1397 ad
1249 1373 1332 1396 vitam
1359 1371 1599 1406 contemplativam
1625 1372 1780 1406 pertineant

1117 1413 1231 1438 virtutes
1245 1412 1373 1438 morales.

1032 1463 1056 1487 3.
1072 1454 1169 1479 Utrum
1190 1455 1244 1480 vita
1265 1453 1479 1489 contemplativa
1493 1454 1627 1479 consistat
1646 1452 1736 1478 solum
1751 1453 1779 1478 in

1119 1504 1174 1521 uno
1195 1502 1267 1527 actu,
1282 1502 1328 1521 aut
1348 1496 1375 1520 in
1389 1495 1522 1530 pluribuS.

1030 1546 1056 1570 4.
1073 1536 1170 1562 Utrum
1181 1537 1214 1562 ad
1224 1538 1308 1562 vitam
1320 1536 1561 1571 contemplativam
1572 1536 1706 1570 pertineat
1716 1544 1781 1561 con-

1119 1579 1248 1604 sideratio
1271 1579 1464 1612 cujuscumque
1484 1578 1616 1603 veritatis.

1034 1628 1056 1652 ς.
1073 1619 1169 1645 Utrum
1189 1621 1245 1645 vita
1265 1619 1478 1653 contemplativa
1497 1619 1585 1653 possit
1599 1619 1627 1643 in
1640 1623 1713 1643 statu
1722 1618 1783 1645 viae

1121 1661 1222 1687 elevari
1234 1669 1319 1695 usque
1334 1661 1366 1686 ad
1380 1661 1432 1685 Dei
1451 1661 1597 1686 visionem.

1032 1702 1056 1727 6.
1072 1703 1112 1727 De
1127 1703 1247 1727 motibus
1267 1701 1521 1736 contemplationis,
1543 1709 1612 1735 quos
1632 1700 1784 1735 Dionysius

1119 1744 1241 1777 assignat
1255 1752 1280 1775 4.
1296 1751 1354 1777 cap,
1370 1743 1402 1767 de
1416 1743 1509 1767 Divin.
1523 1742 1637 1766 Nomin.

1032 1792 1057 1817 7.
1071 1784 1113 1809 De
1127 1784 1310 1808 delectatione
1331 1783 1586 1817 contemplationis.

1033 1826 1057 1850 8.
1073 1825 1113 1850 De
1127 1825 1269 1850 duratione
1286 1824 1540 1858 contemplationis.

1222 1911 1414 1943 QUAESTIO
1435 1911 1590 1938 CLXXXI.

1301 1971 1339 1996 De
1357 1971 1413 1996 vita
1430 1972 1522 1997 activa.

1038 2048 1060 2065 1.
1076 2039 1174 2065 Utrum
1195 2039 1287 2064 omnia
1301 2047 1383 2073 opera
1396 2039 1527 2064 virtutum
1547 2037 1693 2064 moralium
1705 2039 1787 2073 perti-

1125 2086 1208 2106 neant
1226 2081 1259 2105 ad
1279 2081 1362 2105 vitam
1377 2080 1504 2105 activam.

1038 2131 1062 2148 2.
1078 2122 1176 2147 Utrum
1190 2122 1331 2156 prudentia
1345 2122 1479 2156 perthieat
1499 2121 1531 2146 ad
1544 2121 1629 2147 vitam
1642 2122 1767 2147 activam.

1040 2173 1064 2197 3.
1079 2163 1175 2189 Utrum
1190 2163 1315 2188 doctrina
1328 2163 1462 2197 pertineat
1475 2163 1508 2187 ad
1521 2163 1604 2188 vitam
1624 2163 1749 2188 activam.

1038 2214 1063 2238 4.
1081 2204 1177 2230 Utrum
1190 2205 1245 2230 vita
1258 2205 1347 2232 activa
1360 2209 1468 2229 maneat
1482 2209 1544 2237 post
1563 2203 1632 2228 hanc
1645 2204 1738 2228 vitam.

1225 2291 1416 2323 QUAESTIO
1438 2291 1608 2317 CLXXXII.

1039 2353 1078 2378 Dc
1097 2352 1280 2388 comparatione
1298 2352 1366 2376 vitae
1385 2351 1481 2375 activae
1501 2350 1534 2375 ad
1553 2350 1785 2386 contemplativam.

1043 2427 1064 2443 1.
1081 2418 1158 2448 Quae
1173 2418 1208 2442 sit
1221 2417 1323 2451 potior,
1339 2416 1395 2441 sive
1416 2416 1533 2450 dignior.

1039 2468 1064 2484 2.
1081 2460 1158 2489 Quae
1178 2459 1212 2483 sit
1227 2458 1336 2491 majoris
1351 2457 1450 2482 meriti.

1041 2510 1064 2534 3.
1081 2500 1176 2525 Utrum
1191 2500 1245 2525 vita
1259 2498 1472 2532 contemplativa
1486 2499 1648 2534 impediatur
1660 2507 1707 2534 per
1723 2500 1789 2524 acti-

1128 2550 1199 2566 vam.

1039 2592 1065 2615 4.
1081 2583 1121 2608 De
1136 2582 1230 2607 ordine
1250 2581 1400 2614 utriusque.

1218 2663 1409 2695 QUAESTIO
1428 2663 1612 2689 CLXXXIII.

1096 2725 1133 2750 De
1153 2725 1246 2760 officiis,
1261 2728 1284 2748 ct
1301 2723 1404 2748 statibus
1424 2723 1550 2748 lwminmn
1572 2723 1597 2747 in
1615 2722 1736 2758 generali.

1046 2800 1067 2816 1.
1084 2790 1157 2820 Quid
1178 2789 1259 2814 faciat
1278 2789 1305 2813 in
1320 2788 1477 2813 homiuibus
1490 2795 1586 2813 status.

1044 2841 1068 2858 2.
1085 2831 1180 2857 Utrum
1197 2831 1222 2855 iu
1238 2830 1394 2855 homiuibus
1416 2830 1531 2855 debeant
1545 2838 1604 2855 esse
1625 2829 1723 2855 diversi
1736 2835 1789 2855 sta-

1132 2878 1186 2903 tuS,
1207 2872 1263 2896 sive
1284 2872 1388 2896 diversa
1402 2871 1499 2896 officia.
