1859 3122
490 177 712 213 QUAESTIO
746 177 846 206 XXV.
882 176 1123 206 ARTICULUS
1158 176 1215 205 IX.
1529 175 1608 205 211

133 273 161 308 3.
183 261 418 296 PRAETEREA.
447 260 632 295 Charitate
652 268 792 294 amatur
813 271 886 293 non
908 259 1029 293 solum
1050 259 1162 301 Deus,
1189 259 1250 293 sed
1274 258 1381 293 etiam
1410 258 1613 304 proximus:

59 315 120 350 sed
144 315 295 361 Gregor.
326 315 411 349 dicit
440 315 475 348 in
504 314 639 348 Homil.
664 314 743 360 (30.)
768 314 926 355 Pentec.,
951 313 1047 359 quod
1077 324 1180 347 amor
1206 313 1276 346 Dei
1301 324 1374 346 non
1396 319 1514 358 potest
1536 322 1612 346 esse

59 369 208 410 otiosus,
230 380 362 413 magna
385 368 481 402 enim
503 376 681 414 operatur,
703 369 730 401 si
750 375 818 409 est3
841 367 870 401 si
892 367 1020 401 desinit
1043 367 1195 413 operari,
1218 378 1291 400 non
1315 374 1367 400 est
1389 376 1509 400 amor:
1529 376 1614 410 ergo

59 423 226 464 charitas,
248 433 339 468 quae
362 422 512 456 habetur
534 422 577 455 ad
596 421 812 467 proximum,
828 431 899 454 non
916 428 1032 466 potest
1051 432 1127 454 esse
1143 421 1218 454 sine
1234 420 1453 466 operationis
1468 418 1615 453 effectu:

59 476 120 510 sed
142 476 184 510 de
206 475 419 510 necessitate
439 475 621 508 charitatis
637 482 699 516 est,
714 482 751 508 ut
767 474 885 507 omnis
902 474 1086 520 proximus
1102 473 1280 518 diligatur,
1300 474 1409 507 etiam
1428 473 1616 513 inimicus;

59 540 145 575 ergo
168 529 210 563 de
232 529 446 563 necessitate
470 528 652 562 charitatis
676 535 739 569 est,
763 536 799 561 ut
821 528 928 561 etiam
953 528 995 561 ad
1019 528 1187 560 inimicos
1210 527 1324 572 signa,
1347 535 1381 560 et
1404 525 1551 561 effectus
1570 526 1618 560 di-

58 582 223 617 lectionis
246 582 489 616 ostendamus.

131 636 205 670 SED
233 646 387 670 CONTRA
410 643 473 676 est,
496 635 592 680 quod
618 635 745 668 Matth.
777 645 804 679 ς.
832 645 938 680 super
964 633 1072 668 illud:
1102 634 1284 679 szefczcita
1311 633 1370 675 his,
1400 635 1456 678 qui
1482 633 1619 668 oderunt

59 701 127 730 vos,
145 689 230 723 dicit
247 688 347 723 Glos.
365 689 452 733 (ord.
467 695 536 735 sup.
552 687 652 722 illud:
668 689 775 722 Estote
790 699 863 733 ergo
874 699 930 721 λῑός
941 687 1089 733 perfecti,
1105 692 1134 721 et
1148 688 1234 732 Aug.
1250 688 1283 720 in
1299 687 1436 721 Eucliir.
1453 694 1524 733 cap.
1540 686 1614 732 ῃ),

60 743 156 788 quod
178 741 389 776 benefacere
411 742 565 776 inimicis
585 749 637 776 est
659 741 824 775 cumulus
846 740 1094 787 perfectionis:
1117 741 1179 774 sed
1201 741 1248 782 id,
1272 740 1367 785 quod
1395 740 1547 785 pertinet
1573 740 1616 773 ad

60 795 319 842 perfectionem
344 796 537 837 charitatis,
555 806 629 829 non
648 803 701 829 est
719 796 760 828 de
780 795 992 828 necessitate
1014 794 1141 840 ipsius;
1165 805 1252 839 ergo
1270 805 1343 827 non
1367 801 1420 827 est
1435 794 1476 827 de
1495 804 1618 827 neces-

62 850 163 884 sitate
187 849 380 890 charitatis,
402 849 498 894 quod
521 848 647 894 aliquis
669 848 782 893 signa,
806 856 840 881 et
862 847 1010 881 effectus
1033 847 1236 881 dilectionis
1258 847 1414 880 inimicis
1441 846 1616 880 exhibeat.

130 903 358 937 RESPONDEO
381 903 584 944 dicendum,
612 902 707 948 quod
736 901 894 943 effectus,
923 910 957 935 et
982 903 1084 946 signa
1107 900 1289 935 charitatis
1317 912 1359 935 ex
1380 900 1541 934 interiori
1568 900 1616 934 di-

61 956 217 990 lectione
233 956 442 1002 procedunt,
453 964 487 990 et
501 955 878 1002 eiproportionantur:
897 955 1042 988 dilectio
1059 962 1179 988 autem
1195 954 1355 988 interiori
1370 954 1413 987 ad
1428 953 1616 986 inimicum

60 1010 95 1044 in
119 1009 307 1044 communi
328 1009 474 1055 quidem
496 1017 548 1043 est
569 1009 612 1043 de
634 1009 847 1042 necessitate
869 1008 1050 1054 praecepti
1068 1007 1251 1049 absolute;
1273 1007 1308 1041 in
1331 1007 1478 1052 speciali
1497 1006 1617 1040 autem

61 1070 113 1097 est
133 1074 207 1097 non
242 1062 415 1104 absolute,
438 1063 499 1096 sed
533 1063 733 1096 secundum
766 1061 1039 1107 praeparatione
1063 1061 1185 1102 animi,
1208 1069 1245 1094 ut
1278 1072 1383 1106 supra
1406 1060 1542 1094 dictum
1566 1067 1619 1094 est

64 1116 312 1162 (a1·t.praec.)‚·
332 1116 382 1150 sic
412 1127 498 1161 ergo
528 1116 720 1149 dicendum
753 1123 804 1148 est
826 1115 868 1148 de
891 1114 1032 1156 effectu,
1056 1122 1087 1148 et
1110 1116 1213 1159 signo
1236 1113 1438 1148 dilectionis
1465 1113 1618 1147 exterius

62 1170 281 1204 exhibendo:
309 1177 391 1203 sunt
421 1169 518 1203 enim
548 1169 726 1215 quaedam
754 1169 868 1213 signa,
889 1167 948 1202 vel
968 1167 1142 1202 beneficia
1173 1167 1388 1208 dilectionis,
1410 1178 1501 1212 quae
1525 1166 1620 1200 exhi-

62 1224 188 1257 bentur
208 1223 381 1268 proximis
402 1223 439 1256 in
462 1223 667 1256 communi:
691 1231 775 1268 puta
803 1233 885 1255 cum
910 1221 1036 1267 aliquis
1060 1229 1139 1255 orat
1160 1232 1223 1266 pro
1247 1221 1414 1254 omnibus
1441 1219 1616 1260 fidelibus,

61 1276 119 1311 vel
140 1287 204 1322 pro
230 1284 307 1310 toto
330 1275 485 1322 popu103
508 1284 569 1310 aut
590 1287 673 1309 curn
691 1275 836 1321 aliquod
858 1275 1074 1308 beneficium
1096 1274 1271 1320 impendit
1293 1274 1419 1320 aliquis
1441 1273 1507 1307 toti
1522 1284 1619 1306 com-

62 1330 245 1364 munitati:
270 1337 304 1363 et
324 1329 408 1363 talia
431 1329 616 1371 beneficia,
635 1329 693 1362 vel
715 1329 917 1363 dilectionis
940 1329 1041 1373 signa
1064 1328 1218 1362 inimicis
1242 1327 1408 1362 exhibere
1431 1335 1483 1360 est
1505 1327 1547 1360 de
1562 1338 1619 1360 ne—

62 1383 225 1417 cessitate
247 1383 446 1428 praecepti:
470 1383 499 1416 si
521 1383 617 1416 enim
639 1393 712 1416 non
735 1382 987 1416 exhiberentur
1013 1381 1181 1423 inimicis,
1202 1381 1273 1414 hoc
1296 1382 1489 1426 pertineret
1511 1379 1554 1413 ad
1583 1379 1619 1413 li-

61 1447 188 1470 vorem
209 1436 399 1478 vindictae,
416 1444 541 1470 contra
556 1436 590 1470 id
610 1437 705 1482 quod
727 1436 855 1469 dicitur
877 1435 963 1469 Lev.
990 1446 1060 1481 19.:
1084 1435 1161 1469 Non
1183 1446 1316 1480 quaeras
1329 1435 1498 1475 ultionem,
1514 1438 1541 1467 et
1555 1445 1619 1466 non

63 1491 125 1524 eris
139 1502 263 1524 memor
276 1491 420 1534 ‘injuriae
431 1491 556 1524 civium
571 1495 713 1524 tuorum.
732 1489 815 1522 Alia
829 1500 915 1522 vero
931 1497 1013 1522 sunt
1025 1488 1211 1529 beneficia,
1224 1488 1282 1522 vel
1293 1487 1494 1521 dilectionis
1505 1487 1618 1531 signa,

63 1554 154 1588 quae
176 1543 253 1588 quis
276 1543 419 1576 exhibet
440 1542 701 1588 particulariter
723 1542 899 1587 aliquibus
921 1542 1102 1587 personis:
1126 1549 1160 1575 et
1182 1541 1267 1575 talia
1288 1540 1474 1582 beneficia,
1492 1539 1550 1573 vel
1572 1539 1619 1573 di-

63 1596 227 1630 lectionis
249 1596 351 1640 signa
372 1596 527 1630 inimicis
549 1595 715 1629 exhibere
736 1606 810 1628 non
833 1604 885 1628 est
899 1595 941 1628 de
954 1595 1167 1628 necessitate
1182 1594 1316 1635 salutis,
1333 1594 1401 1627 nisi
1419 1594 1618 1627 secundum

63 1650 375 1696 praeparationem
398 1650 527 1691 animi3
547 1657 583 1682 ut
605 1649 743 1683 scilicet
764 1648 994 1683 subveniatur
1015 1649 1065 1682 eis
1087 1648 1122 1681 in
1145 1647 1296 1681 articulo
1318 1647 1542 1688 necessitate,
1569 1658 1620 1680 se-

65 1704 222 1737 cundum
240 1702 327 1736 illud
349 1703 519 1737 Proverb.
543 1713 617 1747 25.:
641 1703 675 1737 51·
690 1703 838 1736 esurierit
852 1703 1005 1736 inimicus
1027 1706 1109 1743 tuus,
1133 1703 1207 1735 cilia
1228 1701 1344 1740 illum;
1367 1702 1394 1734 si
1407 1702 1486 1742 sitit,
1506 1700 1547 1733 da
1570 1700 1619 1733 illi

60 1762 199 1803 potum:
215 1757 277 1790 sed
291 1757 387 1801 quod
405 1764 544 1802 praeter
560 1755 750 1789 articulum
765 1755 988 1789 necessitatis
1003 1754 1213 1800 hujusmodi
1227 1753 1401 1787 beneficia
1417 1753 1543 1798 aliquis
1559 1752 1620 1786 ini-

67 1810 172 1844 micis
188 1809 362 1850 exhibeat,
378 1810 530 1855 pertinet
546 1809 588 1842 ad
601 1808 860 1854 perfectionem
876 1808 1069 1849 charitatis,
1081 1819 1142 1853 per
1153 1818 1262 1853 quam
1278 1806 1404 1852 aliquis
1415 1818 1488 1840 non
1500 1806 1619 1839 solum

65 1871 168 1897 cavet
189 1862 285 1896 vinci
315 1873 335 1895 a
356 1862 466 1903 malo,
489 1863 587 1908 quod
619 1862 841 1896 necessitatis
872 1869 941 1903 est;
971 1861 1032 1894 sed
1055 1861 1163 1895 etiam
1185 1860 1261 1894 vult
1290 1860 1326 1893 in
1353 1860 1450 1893 bono
1476 1860 1619 1893 vincere

65 1916 213 1957 malum,
235 1915 332 1961 quod
355 1924 407 1949 est
429 1917 537 1950 etiarn
559 1915 806 1961 perfectionis;
829 1914 914 1947 dum
937 1914 1074 1948 scilicet
1098 1925 1173 1947 non
1199 1913 1319 1947 solum
1347 1921 1449 1947 cavet
1476 1920 1620 1958 propter

66 1970 234 2015 injuriam
255 1969 321 2003 sibi
341 1969 479 2003 illatam
501 1969 659 2015 pertrahi
680 1969 723 2002 ad
746 1969 882 2010 odium,
904 1968 965 2002 sed
988 1968 1097 2002 etiam
1119 1976 1263 2014 propter
1285 1978 1349 2002 sua
1370 1967 1545 2002 beneficia
1571 1966 1621 2000 in-

67 2023 179 2058 tendit
199 2022 385 2056 inimicum
408 2023 614 2068 pertrahere
637 2022 679 2056 ad
701 2033 806 2056 suum
829 2032 1004 2055 amorem.

136 2076 180 2110 Et
199 2086 261 2122 per
281 2075 354 2110 hoc
376 2084 474 2122 patet
494 2075 682 2122 responsio
703 2086 753 2110 AD
781 2085 956 2121 OBJECTA.

619 2216 965 2263 ARTICULUS
997 2217 1052 2260 X.
1557 2240 1616 2275 145

224 2327 375 2357 UTRUM
401 2327 628 2356 DEBEAMUS
656 2325 856 2356 ANGELOS
883 2325 939 2354 EX
967 2325 1218 2355 CHARITATE
1245 2325 1463 2355 DILIGERE.

317 2414 357 2460 (3.
372 2415 460 2449 Dist.
474 2415 528 2450 28.
544 2419 606 2448 art.
619 2426 647 2460 3.
662 2419 690 2449 et
712 2414 794 2448 Viri.
809 2425 838 2459 q.
853 2425 883 2448 2.
899 2418 963 2448 art.
979 2424 1008 2459 7.
1024 2419 1112 2460 corp.
1127 2419 1157 2448 et
1171 2413 1212 2448 ad
1227 2425 1256 2460 7.
1271 2419 1299 2448 et
1312 2415 1373 2459 8.).

137 2502 197 2536 AD
220 2512 396 2536 DEC1MUM
417 2503 466 2536 sic
486 2502 700 2548 proceditur.
723 2502 884 2544 Videtur,
903 2503 999 2548 quod
1027 2502 1176 2547 angelos
1203 2514 1246 2537 ex
1272 2504 1444 2537 charitate
1466 2514 1539 2536 non
1566 2503 1622 2537 de-

66 2556 215 2590 beamus
238 2555 403 2601 diligere:
426 2563 465 2590 ut
486 2557 581 2590 enim
603 2557 756 2602 August.
779 2556 864 2590 dicit
884 2556 920 2589 in
943 2556 1001 2590 lib.
1025 2567 1052 2590 1.
1076 2557 1118 2590 de
1140 2557 1266 2591 Doctr.
1290 2557 1422 2591 Christ.
1442 2558 1528 2602 (sap.
1548 2557 1619 2602 26.)

69 2609 213 2655 gemina
236 2617 288 2642 est
309 2608 453 2643 dilectio
476 2609 669 2651 charitatis,
692 2609 847 2644 scilicet:
868 2609 949 2651 Dei,
972 2617 1006 2643 et
1027 2610 1197 2655 proximi:
1224 2611 1285 2644 sed
1308 2610 1451 2644 dilectio
1479 2609 1622 2655 angelo-

68 2674 148 2696 rum
169 2673 243 2696 non
270 2662 473 2696 continetur
499 2663 561 2696 sub
590 2662 782 2697 dilectione
809 2663 890 2704 Dei,
918 2674 1000 2696 cum
1028 2663 1095 2696 sint
1123 2663 1339 2697 substantiae
1368 2671 1527 2696 creatae:
1554 2674 1620 2696 nec

70 2717 178 2750 etiam
199 2715 338 2749 videtur
361 2715 537 2749 contineri
557 2716 620 2749 sub
649 2715 842 2750 dilectione
869 2716 1034 2762 proximi,
1057 2727 1140 2750 cum
1161 2727 1235 2750 non
1263 2716 1536 2750 communicent
1560 2727 1622 2750 no-

70 2767 208 2802 biscum
226 2768 261 2801 in
284 2768 421 2814 specie;
444 2780 531 2813 ergo
555 2769 673 2814 angeli
693 2780 767 2802 non
789 2777 870 2803 sunt
892 2780 933 2803 ex
956 2769 1128 2803 charitate
1156 2769 1337 2814 diligendi.

143 2831 173 2855 2.
195 2821 430 2855 PRAETEREA.
452 2821 568 2866 Magis
592 2822 812 2856 conveniunt
832 2822 1022 2856 nobiscum
1036 2822 1139 2855 bruta
1154 2821 1335 2863 animalia,
1351 2833 1459 2868 quam
1483 2822 1619 2868 angeli:

72 2885 156 2910 nam
178 2885 256 2916 nos,
276 2882 310 2910 et
328 2874 430 2910 bruta
453 2874 621 2910 animalia
643 2886 765 2909 sumus
780 2875 816 2908 in
831 2875 959 2909 eodem
975 2886 1105 2921 genere
1128 2875 1350 2921 propinquo:
1370 2876 1429 2910 sed
1453 2875 1496 2910 ad
1519 2876 1620 2910 bruta
