1859 3122
193 146 278 201 684
599 157 819 192 QUAESTIO
853 157 953 186 xcv.
988 157 1230 187 ARthutus
1263 157 1352 186 v111.

189 239 357 284 regimini
377 239 550 284 judicare:
574 237 717 272 occulta
738 249 836 280 vero,
859 245 893 272 et
914 238 1099 283 incognita
1120 237 1173 272 illi
1194 246 1276 273 sunt
1296 237 1541 284 relinquenda,
1563 239 1624 285 qui
1649 238 1748 274 solus

187 293 289 326 novit
310 291 419 325 corda
442 291 600 325 filiorum
621 291 814 324 hominum
833 304 871 333 »3
895 299 929 325 et
950 291 1079 325 eadem
1098 290 1190 325 ratio
1212 291 1352 325 videtur
1373 303 1454 326 esse
1481 291 1524 326 de
1550 291 1630 338 lege
1653 291 1749 326 duel-

189 345 321 386 lorum,
351 344 418 378 nisi
440 344 535 389 quod
558 344 637 390 plus
660 344 799 378 accedit
823 344 865 378 ad
889 355 1125 378 communem
1146 344 1327 378 rationem
1349 345 1513 386 sortium,
1534 344 1748 391 inquantum

189 409 263 432 non
286 405 491 443 expectatur
512 397 560 431 ibi
581 397 820 432 miraculosus
843 396 1009 440 effectus3
1032 397 1101 431 nisi
1121 397 1213 432 forte
1236 398 1379 444 quando
1394 398 1533 444 pugiles
1546 406 1628 432 sunt
1645 398 1748 434 valde

189 452 344 497 impares
366 450 507 492 virtute,
525 450 584 484 vel
606 458 690 485 arte.

666 748 1020 809 QUAESTIO
1063 748 1244 795 XCVI.

462 878 525 908 DE
551 876 996 909 SUPERSTITIONIBUS
1025 877 1472 915 OBSERVANTIARUM,

568 948 619 979 IN
652 947 880 988 QUATUOR
907 948 1168 980 ARTICULOS
1194 948 1368 979 DIVISA.

260 1089 392 1123 Postea
414 1088 717 1124 considerandum
739 1096 792 1123 est
813 1089 856 1122 de
877 1088 1188 1134 superstitionibus
1210 1087 1533 1122 observantiarum.

650 1177 692 1211 Et
714 1178 804 1211 circa
825 1177 884 1211 hoc
906 1182 1113 1222 quaeruntur
1134 1181 1286 1222 quatuor.

260 1248 396 1282 Primo.
418 1249 474 1282 De
493 1248 728 1283 observantiis
752 1249 795 1282 ad
817 1248 1005 1282 scientiam
1024 1247 1291 1294 acquirendam,
1306 1258 1396 1294 quae
1415 1247 1602 1282 traduntur
1619 1246 1656 1280 in
1675 1254 1748 1281 arte

189 1301 343 1335 notoria.

257 1354 436 1388 Secundo.
459 1354 514 1388 De
538 1354 784 1396 observantiis,
805 1365 895 1400 quae
915 1354 1126 1388 ordinantur
1146 1354 1189 1388 ad
1208 1353 1328 1399 aliqua
1342 1364 1494 1400 corpora
1512 1353 1747 1387 immutanda.

262 1406 399 1442 Tertio.
422 1408 478 1441 De
500 1407 748 1450 observantiis,
771 1418 861 1453 quae
884 1407 1094 1441 ordinantur
1117 1407 1160 1441 ad
1183 1407 1408 1452 conjecturas
1430 1406 1624 1441 sumendas
1641 1406 1749 1441 fortu-

189 1461 346 1502 niorum,
367 1460 426 1494 vel
447 1460 740 1494 infortuniorum.

262 1513 415 1555 Quarto.
437 1514 493 1549 De
515 1514 810 1560 suspensionibus
833 1525 1020 1548 sacrorum
1041 1514 1235 1548 verborum
1258 1513 1301 1548 ad
1324 1513 1470 1550 collum,

748 1639 1092 1685 ARTICULUS
1127 1640 1159 1683 I.
1685 1662 1747 1698 513

289 1748 442 1778 UTRUM
467 1748 543 1778 UTI
572 1748 883 1778 OBSERVANTHS
911 1748 1035 1778 ART1s
1063 1747 1291 1778 NOTORIAE
1319 1747 1386 1777 siT
1411 1747 1652 1777 ILLICITUM.

259 1836 318 1870 AD
345 1847 493 1870 PRIMUM
513 1836 563 1870 sic
585 1836 802 1882 proceditur.
829 1835 991 1877 Videtur,
1019 1835 1115 1881 quod
1138 1835 1189 1869 uti
1211 1835 1446 1870 observantiis
1473 1835 1556 1869 artis
1582 1835 1748 1870 notoriae

186 1900 261 1923 non
282 1889 327 1924 sit
348 1889 532 1924 illicitum:
553 1889 729 1936 dupliciter
745 1889 842 1923 enirn
861 1889 995 1935 aliquid
1014 1889 1143 1923 dicitur
1156 1888 1340 1924 illicitum:
1363 1900 1427 1923 uno
1442 1888 1537 1923 modo
1551 1888 1749 1923 secundum

186 1954 299 1988 genus
318 1943 455 1988 operis3
478 1943 570 1976 sicut
590 1943 843 1984 homicidium,
864 1942 921 1976 vel
943 1942 1097 1976 furtum:
1121 1942 1188 1976 alio
1208 1942 1303 1976 modo
1323 1953 1365 1976 ex
1384 1953 1428 1976 eo
1449 1941 1545 1988 quod
1565 1941 1750 1976 ordinatur

187 1996 232 2029 ad
252 1995 391 2029 malum
413 1995 542 2037 finem,
565 1995 657 2029 sicut
679 2007 762 2029 cum
785 1995 913 2041 aliquis
944 1995 1004 2029 dat
1031 1995 1304 2041 eleemosynam
1334 2003 1480 2041 propter
1509 1995 1654 2029 inanem
1676 1994 1751 2040 glo·

186 2048 294 2082 riam:
317 2049 378 2082 sed
402 2059 454 2090 ea,
477 2059 567 2094 quae
591 2050 828 2082 observantur
849 2049 884 2082 in
908 2056 981 2082 arte
1004 2048 1158 2090 notoria,
1181 2049 1379 2082 secundum
1399 2059 1512 2093 genus
1532 2048 1650 2093 operis
1675 2059 1748 2082 non

185 2110 268 2136 sunt
288 2101 430 2135 illicita:
453 2110 534 2135 sunt
554 2102 652 2136 enim
675 2102 853 2147 quaedam
875 2102 1019 2147 jejunia,
1042 2110 1077 2136 et
1099 2102 1282 2136 orationes
1306 2102 1348 2135 ad
1371 2101 1509 2135 Deum:
1539 2101 1749 2135 ordinantur

186 2154 296 2189 etiam
311 2154 353 2188 ad
372 2155 509 2188 bonum
524 2155 644 2196 finem,
665 2155 801 2189 scilicet
817 2155 860 2189 ad
875 2155 1063 2189 scientiam
1081 2155 1357 2201 acquirendam3
1373 2165 1459 2201 ergo
1476 2155 1525 2188 uti
1540 2155 1748 2200 hujusmodi

185 2209 496 2243 observationibus
518 2220 591 2242 non
615 2217 667 2242 est
688 2208 870 2242 illicitum.

256 2272 287 2296 2.
310 2262 545 2296 PRAETEREA.
568 2262 660 2295 Dan.
698 2273 724 2294 1.
755 2261 896 2307 legitur,
925 2262 1020 2307 quod
1044 2263 1157 2307 pneris
1178 2262 1412 2296 abstinentibus
1433 2261 1519 2296 dedit
1539 2262 1629 2295 Dens
1647 2262 1747 2295 scien-

185 2317 278 2358 tiam,
300 2321 328 2350 et
349 2315 559 2361 disciplinam
581 2316 615 2348 in
638 2317 728 2348 omni
746 2315 844 2356 liin-0,
867 2320 894 2349 at
912 2316 1092 2360 snpientia:
1116 2315 1178 2349 sed
1202 2314 1450 2348 observantiae
1474 2314 1556 2348 artis
1578 2313 1742 2348 notoriae

185 2377 266 2403 sunt
287 2369 487 2403 secundum
509 2367 627 2413 aliqua
649 2368 792 2412 jejunia,
815 2375 848 2401 et
871 2368 1101 2402 abstinentias
1133 2367 1331 2413 quasdan13
1367 2378 1454 2413 ergo
1476 2367 1627 2409 videtur,
1649 2360 1746 2412 quod

186 2422 353 2456 divinitus
376 2421 544 2456 sortiatur
567 2432 622 2454 ars
641 2420 701 2454 illa
723 2420 915 2462 effectum3
938 2432 1011 2454 non
1035 2432 1120 2465 ergo
1144 2421 1310 2455 illicitum
1335 2428 1386 2454 est
1408 2431 1450 2454 ea
1472 2420 1532 2454 uti.

261 2487 288 2521 3.
309 2476 544 2509 PRAETEREA.
566 2475 652 2508 Ideo
675 2474 815 2507 videtur
837 2485 913 2507 esse
936 2474 1181 2508 inordinatum
1204 2485 1223 2508 a
1242 2474 1478 2508 daemonibus
1498 2473 1677 2519 inquirere
1703 2472 1747 2507 de

183 2528 321 2570 futuris,
343 2528 427 2574 quia
449 2540 490 2562 ea
512 2539 585 2562 non
614 2535 860 2573 cognoscunt:
888 2528 949 2561 sed
976 2528 1047 2562 hoc
1076 2537 1127 2562 est
1154 2528 1341 2574 proprium
1367 2528 1448 2570 Dei,
1471 2536 1509 2562 ut
1534 2528 1671 2561 dictum
1694 2535 1748 2562 est

184 2583 231 2627 (q.
251 2589 362 2628 praec.
386 2587 450 2616 art.
477 2582 536 2626 I.):
560 2581 621 2615 sed
644 2582 810 2615 veritates
834 2580 1066 2614 scientiarum
1089 2582 1286 2616 daemones
1313 2581 1440 2623 sciunt,
1463 2581 1544 2627 quia
1571 2581 1742 2614 scientiae

186 2644 267 2669 sunt
288 2635 331 2669 de
354 2635 420 2676 his,
443 2646 534 2680 quae
562 2642 644 2668 sunt
675 2645 717 2668 ex
744 2634 969 2675 necessitate,
997 2642 1032 2668 et
1062 2646 1220 2680 semper3
1249 2646 1339 2680 quae
1362 2635 1547 2679 subjacent
1565 2634 1745 2668 humanae

186 2688 383 2733 cognitioni
407 2696 441 2722 et
470 2687 585 2722 multo
617 2687 733 2732 magis
764 2686 996 2728 daemonum,
1019 2688 1078 2733 qui
1101 2695 1182 2721 sunt
1209 2688 1500 2733 perspicaciores,
1528 2695 1565 2720 ut
1591 2687 1744 2732 August.

187 2742 272 2775 dicit
298 2742 372 2786 (lib.
395 2741 430 2774 de
452 2742 609 2775 Divinat.
630 2742 793 2775 Daemon.
821 2746 890 2786 cap.
909 2752 936 2786 3.
960 2745 989 2774 et
1009 2751 1041 2784 4.
1061 2746 1090 2774 ct
1116 2741 1171 2774 lib.
1192 2752 1222 2775 2.
1249 2747 1319 2787 sup.
1347 2741 1426 2775 Gen.
1450 2740 1492 2774 ad
1517 2741 1565 2775 lit.
1594 2747 1664 2786 cap.
1694 2749 1744 2785 17.

185 2796 241 2828 snb
256 2794 364 2839 ΑΙῑη.);
393 2805 480 2837 ergo
503 2794 740 2830 nonvidetur
762 2804 839 2828 esse
861 2801 1050 2839 peccatum
1073 2793 1122 2827 uti
1146 2801 1219 2828 arte
1241 2794 1396 2835 notoria,
1420 2793 1560 2827 etiamsi
1582 2804 1644 2839 per
1666 2793 1746 2826 dae·

188 2858 314 2881 mones
337 2847 504 2881 sortiatur
527 2846 709 2881 effectum.
