1859 3122
172 209 282 252 1230
524 208 745 243 QUAESTIO
780 207 984 237 CLXXXVI.
1018 207 1263 238 ARTICULUS
1295 208 1370 238 VH.

710 363 1057 408 ARTICULUS
1089 364 1189 407 VII.
1660 376 1729 424 890

560 472 715 502 UTRUM
748 473 1086 503 CONVENIENTER
1119 471 1335 503 DICATUR:

224 538 267 567 IN
302 536 371 566 HIS
405 537 558 567 TRIBUS
585 537 717 568 VOTIS
752 538 1017 568 CONSISTERE
1043 537 1291 568 RELIGIONIS
1319 536 1668 567 PERFECTIONEM.

544 625 644 672 (Infr.
667 638 697 672 q.
720 627 793 662 188.
815 631 879 661 art.
901 639 929 662 1.
951 626 994 661 ad
1013 638 1044 662 2.
1067 631 1097 661 et
1114 631 1180 661 art.
1203 637 1233 660 2.
1252 625 1294 660 ad
1312 637 1343 661 2.

462 684 491 713 et
515 679 602 714 Veri.
625 691 654 725 q.
677 691 708 714 2.
731 685 795 714 art.
818 692 863 715 11.
886 679 929 714 ad
945 692 974 726 5.
997 685 1028 714 et
1048 685 1154 726 opusc.
1177 680 1231 715 88.
1255 683 1318 713 art.
1343 679 1419 724 15).

235 768 295 802 AD
318 777 511 802 SEPTIMUM
533 768 583 801 sic
601 769 817 814 proceditur.
832 767 996 810 Videtur,
1016 769 1114 815 quod
1135 769 1432 802 inconvenienter
1453 766 1603 808 dicatur,
1621 767 1657 800 in
1673 766 1731 801 his

162 822 273 856 tribus
299 821 391 854 votis
419 821 618 855 consistere
644 821 829 868 religionis
857 821 1137 869 perfectionem:
1165 821 1338 868 perfectio
1366 821 1464 855 enim
1488 820 1584 854 vitae
1611 819 1727 866 magis

164 874 328 909 consistit
360 874 396 907 in
429 874 669 916 interioribus,
692 886 802 921 quam
836 875 872 908 in
900 875 1134 909 exterioribus
1169 875 1318 916 actibus,
1344 874 1545 909 secundum
1570 872 1659 907 illud
1686 873 1730 907 ad

163 928 270 962 Rom.
298 938 370 971 14:
394 928 472 962 Non
498 933 542 962 est
569 940 704 974 regnum
730 929 797 962 Dei
823 940 905 970 esca,
932 933 960 963 et
976 933 1086 975 potus,
1114 928 1166 963 sed
1190 929 1329 971 justitia,
1352 934 1436 974 pax,
1457 932 1486 962 et
1509 926 1669 973 gaudium
1694 928 1730 961 in

162 982 289 1028 Spiritu
304 981 438 1016 Sancto:
454 981 516 1015 sed
530 992 593 1027 per
609 989 738 1016 votum
756 981 943 1028 religionis
966 981 1074 1028 aliqui
1096 981 1303 1027 obligantur
1324 982 1369 1015 ad
1384 992 1425 1015 ea
1443 991 1536 1027 quae
1557 987 1640 1014 sunt
1656 989 1733 1027 pers

162 1034 341 1077 fectionis;
354 1046 440 1080 ergo
456 1037 572 1081 magis
588 1035 760 1070 deberent
774 1035 817 1069 ad
832 1035 1048 1081 religionem
1065 1035 1242 1081 pertinere
1252 1042 1338 1069 vota
1352 1034 1566 1068 interiorum
1586 1041 1732 1068 actuum

163 1089 266 1134 (puta
293 1087 623 1133 contemplationis,
652 1087 854 1122 dilectionis
881 1088 963 1131 Dei,
991 1096 1026 1123 et
1055 1088 1221 1134 proximi,
1249 1096 1284 1122 et
1310 1087 1466 1122 aliorum
1491 1087 1733 1133 hujusmodi),

163 1153 273 1188 quam
289 1149 416 1175 votum
431 1142 662 1188 paupertatis,
685 1142 942 1185 continentiae,
958 1149 992 1176 et
1008 1141 1249 1184 obedientiae,
1265 1152 1356 1188 quae
1377 1142 1558 1188 pertinent
1579 1140 1623 1175 ad
1637 1148 1734 1175 exte-

162 1195 276 1229 riores
298 1205 410 1229 actus.

235 1259 266 1282 2.
285 1248 523 1283 PRAETEREA.
550 1248 741 1283 Praedicta
762 1248 829 1283 tria
848 1248 981 1283 cadunt
1002 1249 1066 1282 sub
1088 1256 1176 1283 voto
1199 1248 1396 1294 religionis,
1417 1247 1633 1294 inquantum
1659 1258 1735 1294 per—

162 1303 278 1337 tinent
299 1303 344 1336 ad
365 1302 549 1348 quoddam
572 1303 783 1337 exercitium
797 1302 967 1336 tendendi
981 1303 1017 1336 in
1033 1301 1314 1348 perfectionem:
1336 1301 1398 1336 sed
1420 1301 1533 1336 multa
1552 1300 1622 1336 alia
1639 1309 1734 1344 sunt,

163 1356 199 1390 in
222 1356 349 1402 quibus
372 1355 534 1401 religiosi
556 1357 814 1397 exercitantum
836 1356 928 1390 sicut
949 1356 1174 1398 abstinentia,
1196 1355 1354 1401 vigiliae,
1370 1363 1404 1389 et
1419 1354 1489 1389 alia
1505 1355 1734 1400 huiusmod13

164 1420 251 1455 ergo
273 1409 425 1450 videtur,
448 1409 544 1454 quod
566 1410 864 1443 inconvenienter
885 1409 952 1443 ista
975 1409 1041 1443 tria
1063 1416 1148 1443 vota
1170 1408 1335 1443 dicantur
1353 1407 1591 1443 essentialiter
1609 1408 1653 1442 ad
1667 1416 1733 1443 sta-

163 1472 240 1497 tum
261 1461 493 1508 perfectionis
514 1462 704 1508 pertinere.
1559 1474 1568 1493 κ

238 1527 265 1561 3.
281 1515 518 1550 PRAETEREA.
534 1515 604 1549 Per
617 1523 746 1549 votum
762 1515 989 1550 obedientiae
1005 1515 1132 1562 aliquis
1148 1515 1329 1562 obligatur
1347 1515 1391 1550 ad
1411 1515 1534 1550 omnia
1549 1515 1735 1562 implenda

163 1568 364 1603 secundum
387 1577 621 1615 praeceptum
643 1569 851 1615 superioris,
874 1581 965 1616 quae
989 1570 1033 1603 ad
1055 1569 1267 1603 exercitium
1288 1568 1520 1614 perfectionis
1537 1569 1734 1615 pertinent3

164 1633 251 1668 ergo
279 1621 410 1656 sufficit
430 1630 558 1656 votum
581 1622 808 1657 obedientiae
831 1623 965 1669 absque
988 1622 1068 1657 aliis
1088 1623 1228 1657 duobus
1249 1623 1355 1657 votis.

233 1685 265 1717 4.
288 1675 595 1710 PRAETEREA.Ad
618 1674 795 1710 exteriora
812 1676 909 1710 bona
930 1675 1109 1721 pertinent
1126 1687 1201 1711 non
1220 1675 1341 1710 solum
1363 1675 1520 1718 divitiae,
1541 1676 1603 1710 sed
1625 1675 1735 1710 etiam

162 1727 339 1770 honores3
362 1729 392 1762 si
417 1739 504 1774 ergo
528 1739 592 1774 per
612 1736 741 1763 votum
768 1730 988 1776 paupertatis
1014 1729 1176 1775 religiosi
1200 1737 1360 1763 terrenas
1388 1729 1528 1764 divitias
1556 1729 1736 1773 abdicant,

164 1790 308 1828 oportet
329 1793 406 1816 esse
428 1783 538 1816 etiam
561 1782 656 1816 aliud
671 1790 810 1825 votum,
825 1794 888 1828 per
909 1783 1006 1829 quod
1028 1783 1188 1817 honores
1210 1783 1415 1817 mundanos
1439 1789 1687 1818 contemnant.

235 1835 310 1870 SED
339 1846 494 1870 CONTRA
521 1844 584 1877 est,
613 1836 710 1882 quod
737 1836 865 1871 dicitur
897 1845 1030 1871 extrav,
1054 1837 1097 1871 de
1121 1837 1223 1871 Statu
1246 1837 1418 1871 Monach.
1441 1837 1555 1884 (cap..·
1581 1837 1667 1873 Cum
1693 1835 1736 1871 ad

162 1890 416 1934 momzsterz'mn)
431 1890 527 1936 quod
545 1890 743 1924 «custodia
765 1890 949 1932 castitatis,
965 1898 999 1925 et
1019 1891 1198 1925 abdicatio
1220 1890 1447 1937 proprietatis
1469 1898 1552 1925 sunt
1574 1900 1736 1924 annexae

163 1942 310 1988 regulae
332 1944 553 1978 monachali.

238 1997 468 2032 ResPon-:o
491 1998 696 2040 dicendum,
719 1997 815 2044 quod
846 1996 1033 2044 religionis
1063 2005 1175 2032 status
1202 2005 1321 2043 potest
1347 1996 1571 2031 considerari
1597 1997 1736 2044 triplici-

166 2056 227 2085 ter:
242 2062 307 2085 uno
326 2051 434 2093 modo,
450 2051 651 2086 secundum
672 2051 770 2098 quod
792 2059 847 2086 est-
863 2051 1048 2097 quoddam
1071 2052 1281 2085 exercitium
1300 2050 1471 2085 tendendi
1491 2050 1528 2084 in
1546 2049 1735 2097 perfectio—

165 2115 251 2138 nem
270 2104 469 2139 charitatis:
493 2105 558 2139 alio
572 2105 680 2147 modo,
696 2105 896 2139 secundum
915 2104 1012 2150 quod
1031 2104 1166 2150 quietat
1185 2105 1348 2138 animum
1362 2104 1566 2138 humanum
1581 2104 1624 2138 ab
1644 2111 1737 2138 exte-

163 2158 317 2192 rioribus
338 2157 638 2200 solicitudinibus,
665 2158 866 2192 secundum
888 2157 975 2192 illud
1002 2169 1030 2192 1.
1053 2158 1096 2192 ad
1121 2158 1207 2193 Cor.
1231 2169 1282 2203 7.:
1312 2158 1390 2192 Volo
1417 2170 1476 2192 vos
1499 2158 1569 2192 sine
1591 2158 1736 2192 solicitu-

164 2211 237 2246 dine
258 2224 333 2246 essa:
356 2213 448 2246 tertio
471 2211 579 2253 modo,
607 2212 808 2246 secundum
835 2211 931 2258 quod
959 2220 1013 2246 est
1039 2212 1224 2258 quoddam
1251 2211 1521 2253 holocaustum,
1548 2221 1612 2257 per
1637 2211 1734 2258 quod

166 2265 294 2311 aliquis
321 2264 478 2299 totaliter
504 2276 554 2307 se,
581 2273 616 2300 et
642 2276 706 2299 sua
733 2264 838 2299 offert
858 2265 958 2307 Deo3
981 2273 1015 2299 et
1036 2265 1237 2299 secundum
1258 2265 1330 2299 hoc
1360 2276 1402 2299 ex
1422 2264 1478 2299 his
1504 2264 1616 2299 tribus
1640 2265 1736 2299 votis

163 2319 363 2364 integratur
385 2318 570 2365 religionis
592 2327 723 2361 status;
745 2320 863 2366 primo
885 2319 982 2353 enim
1005 2327 1180 2365 quantum
1203 2318 1246 2352 ad
1270 2318 1481 2353 exercitium
1502 2317 1735 2365 perfectionis

164 2372 366 2418 requiritur,
388 2372 484 2418 quod
507 2371 636 2418 aliquis
663 2383 682 2406 a
705 2383 742 2406 se
763 2380 952 2406 removeat
976 2372 1049 2414 illa,
1072 2383 1134 2418 per
1155 2383 1248 2418 quae
1269 2378 1393 2417 posset
1417 2371 1597 2418 impediri,
1614 2383 1661 2406 ne
1682 2379 1736 2406 to-

163 2425 283 2460 taliter
304 2426 379 2470 ejus
407 2425 556 2460 affectus
588 2426 712 2460 tendat
745 2425 781 2459 in
802 2425 936 2467 Deum,
963 2425 998 2459 in
1029 2437 1102 2472 quo
1130 2426 1294 2460 consistit
1327 2424 1502 2472 perfectio
1530 2425 1733 2460 charitatis:

163 2478 374 2524 hujusmodi
396 2487 515 2513 autem
538 2487 621 2514 sunt
643 2481 725 2514 tria:
745 2481 897 2526 primum
920 2479 1066 2526 quidem
1089 2480 1263 2526 cupiditas
1290 2479 1510 2514 exteriorum
1541 2479 1734 2522 bonorum,

165 2544 256 2578 quae
278 2532 416 2566 tollitur
438 2544 501 2578 per
518 2541 645 2567 votum
667 2532 904 2579 paupertatis:
926 2533 1102 2567 secundum
1122 2541 1243 2567 autem
1259 2540 1312 2567 est
1331 2532 1640 2579 concupiscientia
1658 2544 1736 2567 sen-

164 2585 322 2619 sibilium
345 2585 641 2629 delectationum,
663 2587 755 2621 inter
777 2597 864 2632 quas
886 2586 1110 2632 praecellunt
1131 2586 1392 2621 delectationes
1417 2596 1615 2628 venereae3
1642 2597 1734 2632 quae

165 2638 403 2673 excluduntur
416 2651 480 2686 per
493 2648 621 2674 votum
643 2640 904 2674 continentiae:
929 2641 1063 2674 tertium
1079 2649 1200 2674 autem
1223 2648 1275 2675 est
1296 2640 1515 2674 inordinatio
1537 2639 1734 2674 voluntatis

164 2692 367 2735 humanae;
391 2704 481 2739 quae
505 2693 706 2727 excluditur
731 2704 794 2740 per
818 2686 946 2726 votum
968 2693 1214 2735 obedientiae;
1237 2692 1404 2727 similiter
1430 2701 1550 2727 autem
1578 2692 1735 2727 solicitu-

165 2745 256 2780 dinis
278 2746 472 2780 saecularis
494 2747 706 2792 inquietudo
728 2746 919 2793 praecipue
945 2746 1119 2792 ingeritur
1140 2746 1282 2780 homini
1305 2746 1400 2780 circa
1427 2747 1508 2780 tria:
1525 2747 1639 2792 primo
1661 2745 1735 2792 qui-

165 2798 248 2832 dem
272 2799 367 2833 circa
389 2799 697 2846 dispensationem
719 2799 938 2834 exteriorum
961 2811 1099 2833 rerum:
1124 2807 1158 2833 et
1178 2799 1268 2833 haec
1295 2798 1489 2833 solicitudo
1517 2810 1580 2845 per
1605 2807 1733 2833 votum

167 2853 386 2897 paupertatis
408 2853 550 2886 homini
574 2852 747 2887 aufertur:
770 2853 906 2888 secundo
922 2853 1018 2886 circa
1033 2852 1335 2898 gubernationem
1356 2852 1491 2895 uxoris,
1507 2860 1541 2886 et
1554 2852 1731 2886 filiorum:

166 2916 258 2950 quae
281 2914 487 2952 amputatur
507 2918 570 2952 per
591 2915 716 2941 votum
741 2906 1002 2941 continentiae:
1028 2907 1123 2941 tertio
1146 2906 1241 2940 circa
1268 2905 1544 2952 dispositionem
1570 2905 1733 2952 proprio—
