1859 3122
178 183 264 226 294
589 183 810 218 QUAESTIO
844 183 976 213 XXXV.
1010 184 1255 214 ARTICULUS
1288 185 1333 215 11.

176 265 272 307 tutis,
295 273 355 299 aut
376 265 463 307 vitii,
485 265 554 298 nisi
575 275 638 310 per
660 264 794 310 aliquid
817 265 977 300 additum
1000 265 1253 300 contrahatur:
1276 265 1338 300 sed
1359 265 1450 299 nihil
1471 266 1624 309 videtur,
1646 268 1744 313 quod

178 318 369 352 contrahat
391 319 507 363 ipsum
532 318 574 351 ad
597 318 786 360 accidiam,
808 320 837 353 si
858 319 902 353 sit
922 320 1050 354 vitium
1074 318 1240 365 speciale,
1262 319 1330 353 nisi
1350 318 1469 354 labor:
1492 331 1534 354 ex
1554 320 1626 354 hoc
1649 321 1747 354 enim

179 373 289 418 aliqui
312 371 492 415 refugiunt
515 371 711 416 spiritualia
733 372 845 415 bona3
869 373 951 419 quia
974 381 1057 407 sunt
1078 372 1279 406 laboriosa:
1311 373 1404 406 unde
1441 381 1475 406 et
1507 373 1646 407 accidia
1678 382 1749 408 tae-

179 427 279 460 dium
302 425 485 470 quoddam
508 432 577 458 est:
601 424 765 470 refugere
789 434 909 460 autem
931 426 1084 468 labores,
1105 434 1138 460 et
1153 437 1325 472 quaerere
1341 426 1501 471 quietem
1520 426 1748 472 corporalem

180 481 222 514 ad
245 480 342 513 idem
364 478 540 524 pertinere
562 479 711 520 videtur,
734 479 872 514 scilicet
894 480 937 514 ad
959 480 1160 526 pigritiam,
1182 490 1269 523 ergo
1294 479 1431 512 accidia
1452 479 1543 512 nihil
1565 479 1661 513 aliud
1683 488 1747 522 est,

178 545 289 579 quam
311 532 471 578 pigritia:
496 532 592 577 quod
614 532 755 566 videtur
777 544 852 567 esse
871 533 1021 568 falsum:
1042 545 1127 566 nam
1146 533 1288 578 pigritia
1306 532 1525 566 solicitudini
1544 533 1749 579 opponitur,

178 587 315 621 accidia
339 595 458 620 autem
481 586 672 630 gaudium3
694 597 767 619 non
791 597 877 631 ergo
901 587 1037 621 accidia
1060 595 1112 621 est
1133 585 1288 632 speciale
1309 585 1457 619 vitium:

252 640 326 674 SED
350 649 505 673 CONTRA
528 647 591 681 est,
614 639 710 685 quod
735 639 902 685 Gregor.,
928 651 979 686 31.
1002 640 1131 674 Moral.
1155 640 1243 686 (cap.
1263 641 1342 685 ιγ),
1366 639 1551 685 distinguit
1573 639 1749 673 accidiam

180 695 222 728 ab
247 694 324 727 aliis
345 693 459 734 vitiis,
483 704 570 737 ergo
594 701 646 727 est
667 693 823 738 speciale
845 694 984 729 vitium.

251 747 482 781 RESPONDEO
505 747 710 788 dicendum,
734 747 830 792 quod
854 759 936 781 cum
959 748 1098 781 accidia
1120 747 1162 781 sit
1189 746 1330 780 tristitia
1361 746 1404 780 de
1433 746 1610 792 spirituali
1638 746 1749 787 bono,

178 801 209 835 si
231 800 427 845 accipiatur
449 799 631 845 spirituale
649 800 788 833 bonum
808 801 1062 843 communiter,
1077 812 1151 834 non
1166 800 1310 834 habebit
1327 799 1463 833 accidia
1478 800 1657 833 rationem
1675 811 1752 845 spe-

180 853 280 888 cialis
302 853 395 887 vitii:
420 853 513 898 quia,
537 855 628 886 sicut
649 853 786 887 dictum
810 862 861 887 est
883 855 953 898 (r-2
976 867 1005 900 [J.
1029 866 1076 900 71.
1100 859 1163 888 nrt.
1186 855 1245 898 L),
1267 864 1375 886 omne
1394 853 1522 886 vitium
1540 853 1672 898 refugit
1685 853 1752 899 spi-

179 907 306 941 rituale
328 907 465 940 bonum
488 907 628 940 virtutis
651 908 859 952 oppositae:
883 907 1047 942 similiter
1069 908 1178 941 etiam
1208 918 1281 940 non
1315 914 1433 952 potest
1466 906 1548 948 dici,
1582 906 1680 952 quod
1706 906 1751 940 sit

179 960 336 1007 speciale
358 960 486 993 vitium
509 960 658 1001 accidia,
680 961 895 1006 inquantum
917 961 1048 1005 refugit
1069 961 1252 1007 spirituale
1274 960 1423 1001 bonum,
1454 968 1561 1006 prout
1582 968 1635 994 est
1655 959 1752 994 labo-

179 1015 329 1055 riosum,
351 1013 408 1047 vel
430 1013 626 1047 molestum
649 1014 805 1059 corpori,
828 1023 888 1048 aut
910 1014 1159 1049 delectationis
1182 1015 1257 1058 ejus
1279 1014 1550 1059 impeditivum:
1574 1013 1657 1059 quia
1678 1013 1750 1047 hoc

180 1068 289 1102 etiam
303 1079 376 1101 non
391 1075 572 1113 separaret
588 1067 764 1100 accidiam
781 1079 799 1101 a
813 1068 907 1101 vitiis
928 1068 1142 1109 carnalibus,
1162 1068 1289 1113 quibus
1309 1067 1436 1112 aliquis
1456 1067 1625 1112 quietern,
1642 1075 1676 1101 et
1693 1067 1752 1100 de-

179 1121 414 1155 lectationem
431 1120 592 1166 corporis
608 1121 756 1166 quaerit.
773 1120 816 1154 Et
830 1121 911 1155 ideo
928 1122 1121 1155 dicendum
1140 1129 1202 1162 est,
1219 1121 1315 1166 quod
1331 1120 1367 1153 in
1383 1120 1625 1165 spiritualibus
1646 1120 1750 1155 bonis

181 1183 232 1209 est
253 1175 401 1221 quidam
424 1174 532 1207 ordo:
555 1186 641 1207 nam
663 1174 787 1207 omnia
810 1174 1007 1219 spiritualia
1029 1175 1136 1215 bona,
1160 1185 1250 1220 quae
1276 1182 1358 1207 sunt
1393 1174 1429 1206 in
1465 1174 1602 1208 actibus
1635 1173 1753 1220 singu-

182 1228 302 1263 larum
323 1229 508 1269 virtutum,
531 1227 742 1261 ordinantur
764 1228 807 1261 ad
831 1240 942 1262 unum
965 1229 1148 1274 spirituale
1182 1229 1331 1269 bonum,
1354 1228 1449 1273 quod
1473 1236 1525 1262 est
1545 1228 1683 1262 bonum
1705 1228 1753 1262 di-

180 1282 323 1323 vinum3
352 1282 445 1315 circa
469 1281 564 1327 quod
588 1289 639 1315 est
661 1281 827 1326 specialis
849 1282 972 1323 virtus,
994 1293 1086 1328 quae
1109 1290 1162 1316 est
1185 1282 1359 1323 charitas3
1379 1281 1473 1315 unde
1492 1282 1535 1315 ad
1555 1282 1753 1327 quamlibet

183 1335 352 1369 virtutem
374 1335 527 1380 pertinet
548 1335 704 1379 gaudere
728 1335 770 1368 de
793 1335 938 1380 proprio
961 1335 1137 1381 spirituali
1158 1335 1268 1376 bono,
1302 1336 1398 1380 quod
1433 1335 1596 1369 consistit
1616 1335 1652 1368 in
1674 1346 1754 1381 pro-

182 1389 260 1435 prio
282 1397 382 1422 actu:
406 1388 468 1422 sed
490 1389 534 1421 ad
557 1388 768 1422 charitatem
792 1389 945 1433 pertinet
959 1388 1162 1434 specialiter
1177 1388 1263 1422 illud
1280 1388 1452 1434 gaudium
1467 1389 1662 1434 spirituale,
1679 1400 1751 1434 quo

185 1443 263 1488 quis
286 1442 418 1487 gaudet
441 1442 483 1475 de
506 1442 603 1475 bono
626 1441 765 1475 divino:
790 1450 824 1475 et
845 1441 1013 1476 similiter
1034 1441 1095 1476 illa
1117 1442 1270 1483 tristitia,
1301 1453 1371 1487 qua
1404 1443 1482 1487 quis
1515 1442 1674 1476 tristatur
1708 1442 1751 1476 de

184 1496 282 1529 bono
305 1495 490 1541 spirituali,
513 1495 610 1540 quod
633 1503 686 1528 est
707 1495 743 1528 in
765 1495 902 1528 actibus
924 1495 1149 1540 singularum
1170 1495 1355 1536 virtutum,
1374 1506 1447 1528 non
1462 1495 1617 1541 pertinet
1631 1495 1674 1529 ad
1694 1495 1754 1529 ali-

185 1549 281 1595 quod
304 1549 430 1582 vitium
453 1548 621 1594 speciale,
644 1549 705 1582 sed
729 1549 771 1582 ad
794 1549 918 1582 omnia
939 1549 1043 1582 vitia:
1068 1549 1128 1582 sed
1151 1549 1283 1582 tristari
1298 1549 1340 1582 de
1354 1549 1451 1582 bono
1469 1549 1602 1592 divino,
1618 1549 1661 1583 de
1680 1560 1752 1595 quo

185 1603 339 1636 charitas
362 1602 504 1647 gaudet,
527 1602 680 1648 pertinet
702 1602 745 1635 ad
767 1601 923 1647 speciale
946 1602 1087 1644 vitium,
1110 1602 1207 1648 quod
1231 1602 1369 1636 accidia
1395 1610 1556 1637 vocatur.

253 1655 298 1690 Et
319 1667 380 1702 per
398 1656 469 1690 hoc
489 1664 585 1702 patet
603 1656 792 1702 responsio
814 1667 863 1690 AD
887 1666 1063 1701 oBJEcTA.

751 1814 1095 1859 ARTICULUS
1132 1815 1210 1858 III.
1682 1838 1745 1862 211

474 1935 625 1965 UTRUM
658 1935 839 1964 AccrmA
873 1935 941 1964 srr
973 1935 1211 1965 PECCATUM
1243 1935 1464 1965 MORTALE.

629 2033 729 2078 (Mul.
752 2046 781 2080 q.
805 2046 850 2069 H.
872 2039 936 2069 art.
960 2047 985 2069 l.
1008 2041 1096 2080 corp.
1119 2040 1149 2069 et
1169 2040 1233 2069 art.
1254 2034 1310 2080 3.).

257 2134 316 2167 AD
340 2143 511 2168 TERTIUM
534 2133 584 2168 sic
607 2134 823 2180 proceditur.
842 2133 1004 2176 Videtur,
1025 2134 1121 2180 quod
1141 2135 1278 2168 accidia
1297 2145 1370 2169 non
1390 2136 1434 2170 sit
1451 2144 1642 2182 peccatum
1661 2148 1755 2171 mor-

186 2188 275 2223 tale:
300 2199 409 2222 omne
432 2188 529 2222 enim
552 2196 743 2234 peccatum
765 2188 918 2222 mortale
942 2189 1181 2222 contrariatur
1214 2197 1408 2235 praecepto
1443 2189 1533 2235 legis
1567 2190 1654 2224 Dei:
1690 2190 1753 2225 secl

185 2242 324 2275 accidia
345 2240 433 2275 nulli
456 2250 650 2287 praecepto
673 2241 813 2275 videtur
835 2242 1065 2284 contrariari3
1088 2250 1126 2276 ut
1147 2250 1244 2288 patet
1274 2242 1485 2277 discurrenti
1518 2254 1581 2288 per
1612 2242 1754 2289 singula

186 2303 377 2341 praecepta
399 2295 584 2339 decalogi3
608 2306 694 2340 ergo
718 2295 855 2329 accidia
877 2307 951 2329 non
974 2303 1027 2329 est
1048 2303 1238 2341 peccatum
1261 2296 1425 2331 mortale.

258 2358 289 2382 2.
312 2348 548 2383 PRAETEREA.
571 2348 769 2382 Peccatum
792 2349 911 2394 operis
932 2349 969 2382 in
992 2349 1123 2383 eodem
1146 2360 1278 2394 genere
1300 2361 1374 2383 non
1405 2358 1457 2384 est
1483 2350 1614 2392 minus,
1645 2361 1754 2396 quam

186 2409 377 2449 peccatum
400 2401 535 2435 cordis:
559 2401 620 2435 sed
644 2401 812 2435 recedere
835 2412 944 2447 opere
967 2402 1008 2435 ab
1032 2402 1153 2448 aliquo
1176 2403 1351 2448 spirituali
1374 2403 1471 2437 bono
1494 2403 1530 2436 in
1552 2404 1673 2437 Deum
1691 2403 1752 2438 du-

191 2464 305 2497 cente,
327 2466 402 2489 non
424 2463 476 2489 est
497 2462 687 2501 peccatum
710 2454 883 2496 mortale3
907 2455 1068 2501 alioquin
1090 2455 1291 2490 mortaliter
1320 2465 1498 2502 peccaret,
1533 2457 1753 2503 quicumque

188 2508 339 2543 consilia
366 2519 439 2542 non
463 2508 686 2550 observaret3
710 2519 796 2553 ergo
819 2509 987 2542 recedere
1019 2509 1127 2542 corde
1160 2520 1223 2554 per
1255 2510 1435 2543 tristitiam
1470 2510 1511 2544 ab
1545 2510 1755 2555 hujusmodi

189 2562 431 2608 spiritualibus
454 2562 634 2607 operibus,
655 2572 730 2595 non
752 2569 805 2595 est
826 2570 1016 2607 peccatum
1039 2562 1210 2603 mortalej,
1232 2574 1306 2596 non
1329 2574 1416 2608 ergo
1439 2563 1575 2597 accidia
1598 2571 1650 2597 est
1676 2574 1755 2609 pec-

189 2624 310 2650 catum
332 2615 497 2650 mortale.

264 2681 291 2715 3.
314 2670 550 2704 PRAETEREA.
574 2668 724 2703 Nullum
747 2677 937 2714 peccatum
961 2668 1113 2702 mortale
1136 2669 1170 2702 in
1190 2670 1273 2703 viris
1292 2669 1456 2715 perfectis
1475 2669 1672 2703 invenitur:
1691 2670 1753 2703 sed

192 2723 330 2756 accidia
353 2723 532 2757 invenitur
552 2724 588 2757 in
610 2723 694 2756 viris
716 2722 901 2768 perfectis:
930 2722 1015 2756 dicit
1037 2724 1132 2756 enim
1157 2723 1351 2757 Cassianus
1373 2724 1408 2757 in
1431 2723 1489 2757 lib.
1517 2734 1567 2758 10.
1591 2723 1634 2758 de
1655 2723 1755 2757 Insti-

189 2776 273 2811 tutis
297 2776 571 2810 Coenobiorum
596 2776 681 2822 (cap.
704 2777 763 2820 1.),
789 2776 884 2822 quod
908 2775 1045 2809 accidia
1069 2784 1122 2810 est
1143 2776 1311 2811 solitariis
1334 2777 1448 2822 magis
1483 2784 1639 2822 experta,
1661 2785 1697 2811 et
1717 2777 1753 2810 in

191 2840 315 2864 eremo
339 2830 649 2864 commorantibus
677 2829 837 2864 infestior
872 2829 998 2870 hostis,
1021 2840 1061 2862 ac
1083 2829 1270 2875 frequens3
1305 2841 1390 2876 ergo
1424 2830 1561 2864 accidia
1593 2841 1667 2864 non
1701 2838 1753 2865 cst

191 2894 332 2928 semper
354 2891 544 2929 peccatum
567 2882 730 2918 mortale.
1570 2881 1572 2883 ’
