1859 3122
513 181 735 219 QUAESTIO
770 182 854 212 ew.
889 179 1132 211 Alimentus
1164 179 1221 209 vt.
1559 179 1638 221 741

161 267 220 301 Ar)
236 275 405 301 TERTIUM
421 276 507 311 ergo
523 265 728 306 dicendum,
740 264 835 310 quod
848 263 1067 310 principibus
1082 261 1324 296 saecularibus
1339 261 1516 295 intantum
1531 260 1646 294 homo

90 320 234 355 obedire
260 327 410 360 tenetur,
437 320 649 364 inquantum
673 318 762 352 ordo
792 317 946 364 justitiae
977 315 1142 362 requirit;
1173 323 1207 349 et
1228 315 1310 349 ideo
1345 314 1374 348 si
1395 325 1468 348 non
1490 314 1649 348 habeant

90 376 222 420 justum
245 373 498 419 principatum,
520 373 580 406 sed
604 379 824 418 usurpatum,
846 370 905 404 vel
926 371 954 404 si
975 370 1105 415 injusta
1127 368 1360 414 praecipiant,
1383 379 1455 401 non
1483 375 1649 401 tenentur

91 427 141 462 eis
162 426 292 461 subditi
314 426 471 467 obedire,
493 425 560 460 nisi
582 425 672 459 sorte
691 436 753 471 per
774 424 952 466 accidens,
975 431 1120 469 propter
1140 422 1326 456 vitandum
1349 421 1572 463 scandalum,
1591 420 1650 455 vel

91 480 302 528 periculum.

626 712 980 775 QUAESTIO
1021 711 1126 759 CV.

294 839 357 869 DE
384 837 741 875 INOBEDIENTIA,
771 836 822 866 IN
848 835 974 867 DUOS
1001 834 1263 866 ARTICULOS
1290 834 1464 865 DIVISA.

165 967 307 1002 Deinde
325 965 627 1002 considerandum
646 973 699 1000 est
720 965 764 1000 de
785 963 1039 999 inobedientia.

585 1049 628 1083 Et
653 1049 743 1083 circa
769 1048 828 1082 hoc
855 1053 1063 1094 quaeruntur
1083 1047 1157 1082 duo.

167 1123 302 1157 Primo.
326 1122 456 1157 Utrum
477 1121 520 1156 sit
541 1128 728 1167 peccatum
757 1119 922 1154 mortale.

169 1176 349 1212 Secundo.
372 1175 504 1210 Utrum
525 1175 570 1209 sit
591 1174 847 1220 gravissimum
868 1180 1071 1219 peccatum.

657 1314 1003 1359 ARTICULUS
1036 1314 1068 1357 1.
1592 1332 1655 1367 552

330 1424 482 1454 UTRUM
510 1422 826 1453 INOBEDIENTIA
854 1422 921 1451 SIT
944 1421 1182 1451 PECCATUM
1203 1420 1424 1450 MORTALE.

621 1509 734 1556 (supr.
757 1521 786 1555 q.
809 1509 865 1555 69.
885 1514 947 1544 art.
970 1521 996 1544 1.
1016 1508 1135 1555 emp).

171 1600 230 1634 AD
256 1609 405 1634 PRIMUM
427 1599 476 1633 sic
502 1599 717 1645 proceditur.
739 1598 901 1640 Videtur,
924 1598 1020 1644 quod
1041 1596 1287 1632 inobedientia
1307 1607 1382 1630 non
1403 1595 1449 1630 sit
1469 1602 1658 1641 peccatum

102 1653 274 1688 mortale:
293 1664 402 1687 omne
424 1653 522 1687 enim
543 1661 733 1698 peccatum
767 1661 820 1687 est
848 1652 1112 1693 inobedientia,
1134 1659 1172 1685 ut
1192 1658 1290 1697 patet
1323 1660 1385 1696 per
1411 1648 1659 1683 definitionem

101 1707 285 1741 Ambrosii
303 1706 465 1752 superius
479 1706 635 1752 positam
654 1707 700 1752 (q.
717 1713 830 1752 praec.
845 1710 908 1740 art.
931 1718 962 1740 2.
981 1717 1050 1751 arg.
1070 1705 1132 1750 1.);
1153 1704 1182 1738 si
1200 1715 1287 1750 ergo
1303 1703 1548 1737 inobedientia
1567 1708 1659 1736 esset

102 1768 291 1807 peccatum
313 1759 478 1802 mortale,
497 1771 605 1794 omne
626 1768 817 1805 peccatum
840 1767 932 1794 esset
953 1758 1117 1793 mortale.

179 1824 210 1848 2.
241 1814 476 1848 PRAETEREA.
506 1813 659 1859 Gregor.
683 1814 765 1848 dicit
792 1825 843 1859 31.
865 1812 994 1847 Moral.
1017 1813 1105 1860 (cap.
1127 1812 1193 1858 17.)
1215 1811 1311 1857 quod
1331 1809 1573 1845 inobedientia
1595 1809 1661 1843 ori-

103 1876 160 1901 tur
180 1878 222 1901 ex
242 1867 340 1901 inani
361 1866 493 1913 gloria:
521 1867 583 1901 sed
604 1867 721 1901 inanis
748 1866 863 1912 gloria
893 1878 967 1900 non
994 1874 1048 1900 est
1072 1873 1263 1912 peccatum
1285 1863 1456 1907 mortale3
1479 1874 1566 1909 ergo
1593 1873 1660 1896 nec

103 1920 356 1955 inobedientia.

177 1985 206 2020 3.
228 1974 464 2008 PRAETEREA.
492 1972 597 2007 Tunc
620 1973 748 2007 dicitur
778 1973 905 2020 aliquis
932 1984 1009 2008 esse
1032 1972 1254 2014 inobediens,
1289 1971 1433 2018 quando
1467 1969 1662 2016 superioris

104 2035 336 2074 praeceptum
365 2038 439 2061 non
468 2026 613 2073 implet:
640 2027 701 2061 sed
729 2028 930 2073 superiores
966 2026 1150 2061 multoties
1184 2034 1375 2072 praecepta
1410 2023 1662 2070 multiplicant,

104 2092 196 2127 quae
216 2081 286 2122 viX,
309 2088 368 2114 aut
388 2092 587 2126 numquam
610 2081 733 2114 omnia
756 2088 906 2126 possunt
927 2081 1131 2123 observari3
1153 2080 1182 2114 si
1204 2091 1290 2125 ergo
1305 2079 1549 2113 inobedientia
1571 2085 1664 2112 esset

105 2142 294 2181 peccatum
316 2133 481 2176 mortale,
503 2142 710 2180 sequeretur
731 2134 827 2180 quod
853 2134 967 2168 homo
982 2146 1057 2168 non
1075 2141 1197 2179 posset
1221 2135 1334 2167 vitare
1360 2132 1514 2166 mortale
1540 2141 1664 2177 pecca-

105 2196 194 2230 tum,
222 2188 317 2233 quod
339 2196 392 2222 est
411 2188 687 2230 inconveniens;
709 2200 784 2222 non
811 2199 897 2234 ergo
924 2188 1167 2222 inobedientia
1186 2195 1239 2221 est
1259 2194 1451 2233 peccatum
1473 2184 1639 2219 mortale.

178 2241 252 2275 SED
280 2251 434 2275 CONTRA
456 2249 518 2283 est,
541 2241 636 2287 quod
659 2241 702 2275 ad
725 2242 833 2275 Rom.
860 2252 887 2275 1.
911 2249 945 2275 et
966 2252 997 2275 2.
1025 2242 1069 2276 ad
1092 2240 1189 2275 Tim.
1224 2253 1264 2287 3.,
1294 2240 1386 2274 inter
1416 2239 1485 2273 alia
1515 2245 1663 2285 peccata

108 2294 276 2328 mortalia
293 2302 547 2340 computantur
562 2296 755 2341 parantibus
776 2307 842 2329 non
861 2295 1047 2330 obedientes.

176 2347 404 2382 RESPONDEO
427 2347 631 2390 dicendum,
654 2348 763 2394 quod,
785 2348 877 2382 sicut
898 2360 1005 2394 supra
1027 2348 1168 2382 dictum
1191 2356 1244 2381 est
1264 2347 1312 2393 (q.
1327 2358 1381 2391 24.
1404 2351 1467 2381 art.
1489 2357 1538 2380 12.
1561 2350 1588 2379 et
1602 2356 1664 2379 1-2.

108 2413 138 2447 q.
160 2412 212 2447 72.
239 2406 302 2435 art.
328 2412 356 2447 5.
379 2406 408 2435 et
425 2413 454 2446 q.
476 2401 530 2436 88.
553 2407 616 2436 art.
635 2402 693 2446 1.),
718 2410 908 2447 peccatum
934 2401 1087 2435 mortale
1118 2409 1180 2443 est,
1203 2400 1299 2446 quod
1322 2399 1559 2434 contrariatur
1586 2397 1666 2431 cha-

108 2454 213 2496 ritati,
235 2465 296 2500 per
319 2465 426 2500 quam
450 2462 502 2488 est
519 2454 711 2500 spiritualis
732 2457 821 2490 vita:
845 2455 1018 2489 charitate
1041 2462 1161 2488 autem
1184 2454 1342 2499 diligitur
1359 2453 1470 2494 Deus,
1494 2460 1527 2486 et
1552 2451 1666 2496 proxi-

109 2519 208 2542 mus:
231 2507 339 2552 exigit
360 2515 479 2541 autem
503 2507 656 2542 charitas
678 2508 758 2550 Dei,
780 2516 818 2542 ut
836 2509 910 2554 ejus
933 2508 1110 2542 mandatis
1126 2508 1322 2549 obediatur,
1345 2514 1383 2540 ut
1403 2517 1508 2551 supra
1530 2505 1664 2538 dictum

111 2568 164 2594 est
190 2560 234 2606 (q.
253 2572 308 2605 24.
329 2566 394 2595 art.
410 2561 492 2605 12.),·
505 2568 539 2594 et
549 2561 631 2595 ideo
645 2561 915 2596 inobedientem
938 2573 1014 2596 esse
1035 2561 1162 2595 divinis
1185 2560 1383 2607 praeceptis
1402 2567 1455 2593 est
1474 2567 1665 2605 peccatum

110 2614 275 2656 mortale,
309 2615 409 2660 quasi
438 2614 580 2648 divinae
604 2614 788 2649 dilectioni
823 2616 1062 2650 contrarium:
1086 2615 1121 2648 in
1152 2614 1351 2661 praeceptis
1384 2621 1506 2648 autem
1537 2613 1663 2647 divinis

112 2668 325 2708 continetur,
348 2667 444 2713 quod
478 2668 587 2701 etiam
613 2668 854 2714 superioribus
889 2669 1094 2711 obediatur;
1117 2677 1151 2702 et
1176 2668 1257 2702 ideo
1281 2667 1388 2701 etiam
1410 2667 1664 2708 inobedientia,

112 2733 181 2767 qua
203 2722 280 2767 quis
301 2721 511 2755 inobediens
539 2729 589 2755 est
611 2723 808 2768 praeceptis
831 2723 1068 2768 superiorum,
1094 2731 1146 2756 est
1166 2730 1355 2767 peccatum
1375 2720 1538 2762 mortale,
1565 2720 1667 2766 quasi

112 2775 253 2808 divinae
275 2774 458 2809 dilectioni
478 2775 709 2817 contrarium,
731 2776 930 2809 secundum
952 2775 1038 2809 illud
1059 2776 1102 2809 ad
1124 2775 1230 2808 Rom.
1258 2785 1308 2819 13.
1328 2786 1335 2807 ε
1357 2775 1592 2820 Ωιιιῗροίεςΐιιΐὶ
1618 2785 1666 2808 re-

111 2830 206 2871 sistit,
223 2829 289 2862 Dei
309 2827 513 2862 ordinationi
539 2829 675 2862 resistit:
704 2829 941 2862 contrariatur
958 2829 1102 2874 insuper
1119 2827 1303 2861 dilectioni
1329 2827 1494 2872 proximi,
1521 2827 1668 2872 inquan-

112 2889 190 2915 tum
211 2881 385 2927 superiori
406 2881 571 2926 proximo
590 2881 766 2915 subtrahit
787 2881 1042 2923 obedientiam,
1064 2892 1172 2927 quam
1194 2880 1226 2914 ei
1247 2880 1362 2914 debet.

261 2963 287 2988 S.
309 2963 430 2989 Tum-rat
452 2963 554 2989 Summa
581 2963 738 2997 Tmolo-Nica.
762 2963 824 2988 Vol.
849 2963 899 2988 ΙΙΙ,
1493 2963 1525 2993 43
