<?xml version="1.0" encoding="UTF-8"?>
<!DOCTYPE html PUBLIC "-//W3C//DTD XHTML 1.0 Transitional//EN"
    "http://www.w3.org/TR/xhtml1/DTD/xhtml1-transitional.dtd">
<html xmlns="http://www.w3.org/1999/xhtml" xml:lang="en" lang="en">
 <head>
  <title>
</title>
<meta http-equiv="Content-Type" content="text/html;charset=utf-8" />
  <meta name='ocr-system' content='tesseract 3.04.00' />
  <meta name='ocr-capabilities' content='ocr_page ocr_carea ocr_par ocr_line ocrx_word'/>
</head>
<body>
  <div class='ocr_page' id='page_1' title='image "./divithomaeaquina03thomuoft_0983.png"; bbox 0 0 1859 3122; ppageno 0'>
   <div class='ocr_carea' id='block_1_1' title="bbox 552 150 1662 192">
    <p class='ocr_par' dir='ltr' id='par_1_1' title="bbox 552 150 1662 192">
     <span class='ocr_line' id='line_1_1' title="bbox 552 150 1662 192; baseline -0.005 -11"><span class='ocrx_word' id='word_1_1' title='bbox 552 151 769 187; x_wconf 79' lang='lat' dir='ltr'><strong>QUAESTIO</strong></span> <span class='ocrx_word' id='word_1_2' title='bbox 803 151 886 181; x_wconf 73' lang='lat' dir='ltr'>cm.</span> <span class='ocrx_word' id='word_1_3' title='bbox 921 150 1165 180; x_wconf 64' lang='lat' dir='ltr'>AR‘r1curus</span> <span class='ocrx_word' id='word_1_4' title='bbox 1201 150 1226 179; x_wconf 91' lang='lat'>1.</span> <span class='ocrx_word' id='word_1_5' title='bbox 1582 150 1662 192; x_wconf 83' lang='lat'>975</span> 
     </span>
    </p>
   </div>
   <div class='ocr_carea' id='block_1_2' title="bbox 103 229 1671 1340">
    <p class='ocr_par' dir='ltr' id='par_1_2' title="bbox 105 229 1665 330">
     <span class='ocr_line' id='line_1_2' title="bbox 105 229 1665 278; baseline -0.001 -14"><span class='ocrx_word' id='word_1_6' title='bbox 105 230 208 265; x_wconf 88' lang='lat' dir='ltr'>dictis</span> <span class='ocrx_word' id='word_1_7' title='bbox 229 239 325 277; x_wconf 89' lang='lat' dir='ltr'>patet</span> <span class='ocrx_word' id='word_1_8' title='bbox 347 232 425 277; x_wconf 77' lang='lat'><strong><em>(1-2.</em></strong></span> <span class='ocrx_word' id='word_1_9' title='bbox 445 244 474 278; x_wconf 87' lang='lat' dir='ltr'>q.</span> <span class='ocrx_word' id='word_1_10' title='bbox 497 232 553 276; x_wconf 76' lang='lat'>64.</span> <span class='ocrx_word' id='word_1_11' title='bbox 575 237 639 267; x_wconf 78' lang='lat' dir='ltr'>art.</span> <span class='ocrx_word' id='word_1_12' title='bbox 663 233 728 278; x_wconf 80' lang='grc' dir='ltr'><em>ι.),·</em></span> <span class='ocrx_word' id='word_1_13' title='bbox 753 232 846 267; x_wconf 90' lang='lat' dir='ltr'>unde</span> <span class='ocrx_word' id='word_1_14' title='bbox 861 231 1092 266; x_wconf 81' lang='lat' dir='ltr'>manifestum</span> <span class='ocrx_word' id='word_1_15' title='bbox 1109 239 1171 273; x_wconf 88' lang='lat' dir='ltr'>est,</span> <span class='ocrx_word' id='word_1_16' title='bbox 1188 230 1388 264; x_wconf 78' lang='lat' dir='ltr'>castitatem</span> <span class='ocrx_word' id='word_1_17' title='bbox 1405 241 1481 264; x_wconf 90' lang='lat' dir='ltr'>esse</span> <span class='ocrx_word' id='word_1_18' title='bbox 1496 229 1665 263; x_wconf 87' lang='lat' dir='ltr'>virtutem</span> 
     </span>
     <span class='ocr_line' id='line_1_3' title="bbox 105 284 693 330; baseline 0.003 -12"><span class='ocrx_word' id='word_1_19' title='bbox 105 284 187 329; x_wconf 75' lang='lat' dir='ltr'>(vid.</span> <span class='ocrx_word' id='word_1_20' title='bbox 209 296 237 319; x_wconf 86' lang='lat'>2.</span> <span class='ocrx_word' id='word_1_21' title='bbox 265 285 343 319; x_wconf 82' lang='lat' dir='ltr'>Cor.</span> <span class='ocrx_word' id='word_1_22' title='bbox 367 296 395 330; x_wconf 91' lang='lat'>7.</span> <span class='ocrx_word' id='word_1_23' title='bbox 419 290 447 319; x_wconf 72' lang='lat' dir='ltr'>et</span> <span class='ocrx_word' id='word_1_24' title='bbox 470 298 495 320; x_wconf 83' lang='lat' dir='ltr'>I.</span> <span class='ocrx_word' id='word_1_25' title='bbox 526 286 610 319; x_wconf 69' lang='lat' dir='ltr'>Tim.</span> <span class='ocrx_word' id='word_1_26' title='bbox 634 286 693 330; x_wconf 82' lang='lat'><em>2.).</em></span> 
     </span>
    </p>

    <p class='ocr_par' dir='ltr' id='par_1_3' title="bbox 103 335 1670 543">
     <span class='ocr_line' id='line_1_4' title="bbox 176 335 1665 385; baseline -0.003 -13"><span class='ocrx_word' id='word_1_27' title='bbox 176 338 235 371; x_wconf 90' lang='lat' dir='ltr'>AD</span> <span class='ocrx_word' id='word_1_28' title='bbox 254 348 401 372; x_wconf 65' lang='lat' dir='ltr'>PRIMUM</span> <span class='ocrx_word' id='word_1_29' title='bbox 422 350 508 383; x_wconf 87' lang='lat' dir='ltr'>ergo</span> <span class='ocrx_word' id='word_1_30' title='bbox 529 339 734 380; x_wconf 86' lang='lat' dir='ltr'>dicendum,</span> <span class='ocrx_word' id='word_1_31' title='bbox 753 338 849 385; x_wconf 89' lang='lat' dir='ltr'>quod</span> <span class='ocrx_word' id='word_1_32' title='bbox 869 338 1011 372; x_wconf 85' lang='lat' dir='ltr'>castitas</span> <span class='ocrx_word' id='word_1_33' title='bbox 1035 337 1198 372; x_wconf 83' lang='lat' dir='ltr'>consistit</span> <span class='ocrx_word' id='word_1_34' title='bbox 1213 337 1359 383; x_wconf 88' lang='lat' dir='ltr'>quidem</span> <span class='ocrx_word' id='word_1_35' title='bbox 1376 337 1411 370; x_wconf 92' lang='lat' dir='ltr'>in</span> <span class='ocrx_word' id='word_1_36' title='bbox 1427 336 1559 377; x_wconf 88' lang='lat' dir='ltr'>anima,</span> <span class='ocrx_word' id='word_1_37' title='bbox 1575 335 1665 369; x_wconf 89' lang='lat' dir='ltr'>sicut</span> 
     </span>
     <span class='ocr_line' id='line_1_5' title="bbox 103 390 1670 437; baseline -0.002 -13"><span class='ocrx_word' id='word_1_38' title='bbox 103 390 139 424; x_wconf 90' lang='lat' dir='ltr'>in</span> <span class='ocrx_word' id='word_1_39' title='bbox 161 391 333 436; x_wconf 84' lang='lat' dir='ltr'>subjecto,</span> <span class='ocrx_word' id='word_1_40' title='bbox 356 392 418 425; x_wconf 88' lang='lat' dir='ltr'>sed</span> <span class='ocrx_word' id='word_1_41' title='bbox 442 392 631 426; x_wconf 74' lang='lat' dir='ltr'>materiam</span> <span class='ocrx_word' id='word_1_42' title='bbox 656 392 763 426; x_wconf 86' lang='lat' dir='ltr'>habet</span> <span class='ocrx_word' id='word_1_43' title='bbox 786 392 818 425; x_wconf 89' lang='lat' dir='ltr'>in</span> <span class='ocrx_word' id='word_1_44' title='bbox 843 403 1016 437; x_wconf 84' lang='lat' dir='ltr'>corpore:</span> <span class='ocrx_word' id='word_1_45' title='bbox 1040 391 1191 436; x_wconf 83' lang='lat' dir='ltr'>pertinet</span> <span class='ocrx_word' id='word_1_46' title='bbox 1211 391 1307 424; x_wconf 91' lang='lat' dir='ltr'>enim</span> <span class='ocrx_word' id='word_1_47' title='bbox 1330 390 1373 423; x_wconf 83' lang='lat' dir='ltr'>ad</span> <span class='ocrx_word' id='word_1_48' title='bbox 1397 391 1612 430; x_wconf 78' lang='lat' dir='ltr'>castitatem,</span> <span class='ocrx_word' id='word_1_49' title='bbox 1630 397 1670 422; x_wconf 89' lang='lat' dir='ltr'>ut</span> 
     </span>
     <span class='ocr_line' id='line_1_6' title="bbox 105 443 1667 489; baseline -0.001 -12"><span class='ocrx_word' id='word_1_50' title='bbox 105 444 304 478; x_wconf 89' lang='lat' dir='ltr'>secundum</span> <span class='ocrx_word' id='word_1_51' title='bbox 323 445 497 489; x_wconf 85' lang='lat' dir='ltr'>judicium</span> <span class='ocrx_word' id='word_1_52' title='bbox 517 445 676 487; x_wconf 82' lang='lat' dir='ltr'>rationis,</span> <span class='ocrx_word' id='word_1_53' title='bbox 693 454 727 479; x_wconf 89' lang='lat' dir='ltr'>et</span> <span class='ocrx_word' id='word_1_54' title='bbox 749 444 966 479; x_wconf 77' lang='lat' dir='ltr'>electionem</span> <span class='ocrx_word' id='word_1_55' title='bbox 981 443 1176 478; x_wconf 87' lang='lat' dir='ltr'>voluntatis</span> <span class='ocrx_word' id='word_1_56' title='bbox 1196 443 1323 489; x_wconf 85' lang='lat' dir='ltr'>aliquis</span> <span class='ocrx_word' id='word_1_57' title='bbox 1344 443 1529 477; x_wconf 86' lang='lat' dir='ltr'>moderate</span> <span class='ocrx_word' id='word_1_58' title='bbox 1548 450 1667 476; x_wconf 87' lang='lat' dir='ltr'>utatur</span> 
     </span>
     <span class='ocr_line' id='line_1_7' title="bbox 105 496 563 543; baseline 0.002 -13"><span class='ocrx_word' id='word_1_59' title='bbox 105 496 352 543; x_wconf 77' lang='lat' dir='ltr'>corporalibus</span> <span class='ocrx_word' id='word_1_60' title='bbox 378 498 563 532; x_wconf 79' lang='lat' dir='ltr'>membris.</span> 
     </span>
    </p>

    <p class='ocr_par' dir='ltr' id='par_1_4' title="bbox 105 549 1669 863">
     <span class='ocr_line' id='line_1_8' title="bbox 176 549 1665 597; baseline -0.002 -12"><span class='ocrx_word' id='word_1_61' title='bbox 176 550 235 584; x_wconf 88' lang='lat' dir='ltr'>AD</span> <span class='ocrx_word' id='word_1_62' title='bbox 269 561 476 585; x_wconf 76' lang='lat' dir='ltr'><strong>SECUNDUM</strong></span> <span class='ocrx_word' id='word_1_63' title='bbox 511 551 717 593; x_wconf 84' lang='lat' dir='ltr'>dicendum,</span> <span class='ocrx_word' id='word_1_64' title='bbox 744 551 851 597; x_wconf 87' lang='lat' dir='ltr'>quod,</span> <span class='ocrx_word' id='word_1_65' title='bbox 875 551 966 585; x_wconf 89' lang='lat' dir='ltr'>sicut</span> <span class='ocrx_word' id='word_1_66' title='bbox 999 551 1151 596; x_wconf 82' lang='lat' dir='ltr'>August.</span> <span class='ocrx_word' id='word_1_67' title='bbox 1179 549 1264 583; x_wconf 88' lang='lat' dir='ltr'>dicit</span> <span class='ocrx_word' id='word_1_68' title='bbox 1289 549 1325 583; x_wconf 93' lang='lat' dir='ltr'>in</span> <span class='ocrx_word' id='word_1_69' title='bbox 1356 561 1383 583; x_wconf 94' lang='lat'>1.</span> <span class='ocrx_word' id='word_1_70' title='bbox 1412 549 1454 583; x_wconf 90' lang='lat' dir='ltr'>de</span> <span class='ocrx_word' id='word_1_71' title='bbox 1483 549 1563 584; x_wconf 86' lang='lat' dir='ltr'>Civ.</span> <span class='ocrx_word' id='word_1_72' title='bbox 1594 549 1665 582; x_wconf 86' lang='lat' dir='ltr'>Dei</span> 
     </span>
     <span class='ocr_line' id='line_1_9' title="bbox 111 602 1664 651; baseline -0.002 -13"><span class='ocrx_word' id='word_1_73' title='bbox 111 603 198 649; x_wconf 80' lang='lat' dir='ltr'>(cap.</span> <span class='ocrx_word' id='word_1_74' title='bbox 215 604 295 649; x_wconf 59' lang='lat'>131),</span> <span class='ocrx_word' id='word_1_75' title='bbox 321 605 541 650; x_wconf 85' lang='lat' dir='ltr'>«proposito</span> <span class='ocrx_word' id='word_1_76' title='bbox 566 605 676 638; x_wconf 85' lang='lat' dir='ltr'>animi</span> <span class='ocrx_word' id='word_1_77' title='bbox 699 613 943 651; x_wconf 87' lang='lat' dir='ltr'>permanente,</span> <span class='ocrx_word' id='word_1_78' title='bbox 959 616 1020 650; x_wconf 88' lang='lat' dir='ltr'>per</span> <span class='ocrx_word' id='word_1_79' title='bbox 1041 604 1137 650; x_wconf 91' lang='lat' dir='ltr'>quod</span> <span class='ocrx_word' id='word_1_80' title='bbox 1160 604 1268 638; x_wconf 89' lang='lat' dir='ltr'>etiam</span> <span class='ocrx_word' id='word_1_81' title='bbox 1292 615 1422 650; x_wconf 87' lang='lat' dir='ltr'>corpus</span> <span class='ocrx_word' id='word_1_82' title='bbox 1448 602 1664 638; x_wconf 86' lang='lat' dir='ltr'>sanctificari</span> 
     </span>
     <span class='ocr_line' id='line_1_10' title="bbox 106 657 1664 704; baseline -0.001 -14"><span class='ocrx_word' id='word_1_83' title='bbox 106 657 247 698; x_wconf 87' lang='lat' dir='ltr'>meruit,</span> <span class='ocrx_word' id='word_1_84' title='bbox 270 668 336 690; x_wconf 86' lang='lat' dir='ltr'>nec</span> <span class='ocrx_word' id='word_1_85' title='bbox 359 658 424 704; x_wconf 88' lang='lat' dir='ltr'>ipsi</span> <span class='ocrx_word' id='word_1_86' title='bbox 447 659 591 704; x_wconf 84' lang='lat' dir='ltr'>corpori</span> <span class='ocrx_word' id='word_1_87' title='bbox 615 657 728 692; x_wconf 81' lang='lat' dir='ltr'>aufert</span> <span class='ocrx_word' id='word_1_88' title='bbox 750 659 978 692; x_wconf 85' lang='lat' dir='ltr'>sanctitatem</span> <span class='ocrx_word' id='word_1_89' title='bbox 999 657 1171 692; x_wconf 88' lang='lat' dir='ltr'>violentia</span> <span class='ocrx_word' id='word_1_90' title='bbox 1198 657 1354 691; x_wconf 86' lang='lat' dir='ltr'>libidinis</span> <span class='ocrx_word' id='word_1_91' title='bbox 1382 657 1532 699; x_wconf 88' lang='lat' dir='ltr'>alienae,</span> <span class='ocrx_word' id='word_1_92' title='bbox 1555 667 1664 702; x_wconf 90' lang='lat' dir='ltr'>quam</span> 
     </span>
     <span class='ocr_line' id='line_1_11' title="bbox 105 710 1666 756; baseline 0.002 -12"><span class='ocrx_word' id='word_1_93' title='bbox 105 717 223 744; x_wconf 87' lang='lat' dir='ltr'>servat</span> <span class='ocrx_word' id='word_1_94' title='bbox 243 711 508 755; x_wconf 74' lang='lat' dir='ltr'>perseverantia</span> <span class='ocrx_word' id='word_1_95' title='bbox 536 712 779 745; x_wconf 86' lang='lat' dir='ltr'>continentiae</span> <span class='ocrx_word' id='word_1_96' title='bbox 807 723 891 746; x_wconf 86' lang='lat' dir='ltr'>suae</span> <span class='ocrx_word' id='word_1_97' title='bbox 908 724 946 753; x_wconf 79' lang='lat'>»3</span> <span class='ocrx_word' id='word_1_98' title='bbox 974 719 1008 746; x_wconf 89' lang='lat' dir='ltr'>et</span> <span class='ocrx_word' id='word_1_99' title='bbox 1034 711 1167 745; x_wconf 84' lang='lat' dir='ltr'>ibidem</span> <span class='ocrx_word' id='word_1_100' title='bbox 1195 711 1291 752; x_wconf 87' lang='lat' dir='ltr'>dicit,</span> <span class='ocrx_word' id='word_1_101' title='bbox 1319 710 1415 756; x_wconf 90' lang='lat' dir='ltr'>quod</span> <span class='ocrx_word' id='word_1_102' title='bbox 1442 718 1494 744; x_wconf 88' lang='lat' dir='ltr'>est</span> <span class='ocrx_word' id='word_1_103' title='bbox 1519 711 1666 747; x_wconf 87' lang='lat' dir='ltr'>«virtus</span> 
     </span>
     <span class='ocr_line' id='line_1_12' title="bbox 106 763 1669 811; baseline 0.003 -15"><span class='ocrx_word' id='word_1_104' title='bbox 106 763 228 805; x_wconf 87' lang='lat' dir='ltr'>animi,</span> <span class='ocrx_word' id='word_1_105' title='bbox 250 775 342 809; x_wconf 90' lang='lat' dir='ltr'>quae</span> <span class='ocrx_word' id='word_1_106' title='bbox 365 765 538 798; x_wconf 90' lang='lat' dir='ltr'>comitem</span> <span class='ocrx_word' id='word_1_107' title='bbox 560 765 668 799; x_wconf 85' lang='lat' dir='ltr'>habet</span> <span class='ocrx_word' id='word_1_108' title='bbox 688 764 947 807; x_wconf 90' lang='lat' dir='ltr'>fortitudinem,</span> <span class='ocrx_word' id='word_1_109' title='bbox 966 776 1035 811; x_wconf 86' lang='lat' dir='ltr'>qua</span> <span class='ocrx_word' id='word_1_110' title='bbox 1054 765 1172 811; x_wconf 88' lang='lat' dir='ltr'>potius</span> <span class='ocrx_word' id='word_1_111' title='bbox 1188 763 1366 810; x_wconf 85' lang='lat' dir='ltr'>quaelibet</span> <span class='ocrx_word' id='word_1_112' title='bbox 1386 763 1481 797; x_wconf 85' lang='lat' dir='ltr'>mala</span> <span class='ocrx_word' id='word_1_113' title='bbox 1500 763 1669 808; x_wconf 86' lang='lat' dir='ltr'>tolerare,</span> 
     </span>
     <span class='ocr_line' id='line_1_13' title="bbox 106 817 794 863; baseline 0.001 -13"><span class='ocrx_word' id='word_1_114' title='bbox 106 827 215 863; x_wconf 88' lang='lat' dir='ltr'>quam</span> <span class='ocrx_word' id='word_1_115' title='bbox 237 817 335 851; x_wconf 84' lang='lat' dir='ltr'>malo</span> <span class='ocrx_word' id='word_1_116' title='bbox 358 818 562 852; x_wconf 88' lang='lat' dir='ltr'>consentire</span> <span class='ocrx_word' id='word_1_117' title='bbox 585 818 744 852; x_wconf 85' lang='lat' dir='ltr'>decernit</span> <span class='ocrx_word' id='word_1_118' title='bbox 763 832 794 851; x_wconf 84' lang='lat'>».</span> 
     </span>
    </p>

    <p class='ocr_par' dir='ltr' id='par_1_5' title="bbox 106 870 1671 1172">
     <span class='ocr_line' id='line_1_14' title="bbox 178 870 1667 917; baseline 0.001 -13"><span class='ocrx_word' id='word_1_119' title='bbox 178 870 237 904; x_wconf 91' lang='lat' dir='ltr'>AD</span> <span class='ocrx_word' id='word_1_120' title='bbox 272 880 443 905; x_wconf 78' lang='lat' dir='ltr'>TERTitJM</span> <span class='ocrx_word' id='word_1_121' title='bbox 478 871 684 913; x_wconf 88' lang='lat' dir='ltr'>dicendum,</span> <span class='ocrx_word' id='word_1_122' title='bbox 711 871 820 916; x_wconf 86' lang='lat' dir='ltr'>quod,</span> <span class='ocrx_word' id='word_1_123' title='bbox 847 871 938 905; x_wconf 83' lang='lat' dir='ltr'>sicut</span> <span class='ocrx_word' id='word_1_124' title='bbox 965 871 1120 916; x_wconf 84' lang='lat' dir='ltr'>August.</span> <span class='ocrx_word' id='word_1_125' title='bbox 1151 871 1237 905; x_wconf 90' lang='lat' dir='ltr'>dicit</span> <span class='ocrx_word' id='word_1_126' title='bbox 1263 871 1298 904; x_wconf 93' lang='lat' dir='ltr'>in</span> <span class='ocrx_word' id='word_1_127' title='bbox 1324 881 1357 914; x_wconf 81' lang='lat'>4.</span> <span class='ocrx_word' id='word_1_128' title='bbox 1386 879 1509 906; x_wconf 87' lang='lat' dir='ltr'>contra</span> <span class='ocrx_word' id='word_1_129' title='bbox 1537 871 1667 917; x_wconf 86' lang='lat' dir='ltr'>Julian.</span> 
     </span>
     <span class='ocr_line' id='line_1_15' title="bbox 107 923 1670 970; baseline 0.001 -12"><span class='ocrx_word' id='word_1_130' title='bbox 107 923 196 969; x_wconf 83' lang='lat' dir='ltr'>(cap.</span> <span class='ocrx_word' id='word_1_131' title='bbox 215 924 274 969; x_wconf 82' lang='lat'><em>3.)‚</em></span> <span class='ocrx_word' id='word_1_132' title='bbox 300 937 317 955; x_wconf 86' lang='lat'>«</span> <span class='ocrx_word' id='word_1_133' title='bbox 337 924 437 966; x_wconf 87' lang='lat' dir='ltr'>absit,</span> <span class='ocrx_word' id='word_1_134' title='bbox 460 932 498 958; x_wconf 91' lang='lat' dir='ltr'>ut</span> <span class='ocrx_word' id='word_1_135' title='bbox 523 925 567 958; x_wconf 89' lang='lat' dir='ltr'>sit</span> <span class='ocrx_word' id='word_1_136' title='bbox 587 924 623 957; x_wconf 91' lang='lat' dir='ltr'>in</span> <span class='ocrx_word' id='word_1_137' title='bbox 646 924 766 970; x_wconf 87' lang='lat' dir='ltr'>aliquo</span> <span class='ocrx_word' id='word_1_138' title='bbox 788 935 872 958; x_wconf 90' lang='lat' dir='ltr'>vera</span> <span class='ocrx_word' id='word_1_139' title='bbox 894 925 1016 966; x_wconf 87' lang='lat' dir='ltr'>virtus,</span> <span class='ocrx_word' id='word_1_140' title='bbox 1038 924 1106 957; x_wconf 92' lang='lat' dir='ltr'>nisi</span> <span class='ocrx_word' id='word_1_141' title='bbox 1128 923 1233 958; x_wconf 87' lang='lat' dir='ltr'>fuerit</span> <span class='ocrx_word' id='word_1_142' title='bbox 1258 926 1389 969; x_wconf 80' lang='lat' dir='ltr'>justus3</span> <span class='ocrx_word' id='word_1_143' title='bbox 1418 925 1508 959; x_wconf 90' lang='lat' dir='ltr'>absit</span> <span class='ocrx_word' id='word_1_144' title='bbox 1535 934 1670 968; x_wconf 88' lang='lat' dir='ltr'>autem,</span> 
     </span>
     <span class='ocr_line' id='line_1_16' title="bbox 107 977 1670 1023; baseline 0.001 -11"><span class='ocrx_word' id='word_1_145' title='bbox 107 986 146 1012; x_wconf 90' lang='lat' dir='ltr'>ut</span> <span class='ocrx_word' id='word_1_146' title='bbox 166 978 210 1012; x_wconf 88' lang='lat' dir='ltr'>sit</span> <span class='ocrx_word' id='word_1_147' title='bbox 230 979 339 1023; x_wconf 84' lang='lat' dir='ltr'>justus</span> <span class='ocrx_word' id='word_1_148' title='bbox 363 990 458 1021; x_wconf 82' lang='lat' dir='ltr'>vere,</span> <span class='ocrx_word' id='word_1_149' title='bbox 480 978 546 1012; x_wconf 83' lang='lat' dir='ltr'>nisi</span> <span class='ocrx_word' id='word_1_150' title='bbox 568 979 664 1012; x_wconf 82' lang='lat' dir='ltr'>vivat</span> <span class='ocrx_word' id='word_1_151' title='bbox 686 989 727 1012; x_wconf 84' lang='lat' dir='ltr'>ex</span> <span class='ocrx_word' id='word_1_152' title='bbox 749 977 817 1012; x_wconf 84' lang='lat' dir='ltr'>fide</span> <span class='ocrx_word' id='word_1_153' title='bbox 840 991 880 1021; x_wconf 79' lang='lat'>»3</span> <span class='ocrx_word' id='word_1_154' title='bbox 903 987 936 1012; x_wconf 92' lang='lat' dir='ltr'>et</span> <span class='ocrx_word' id='word_1_155' title='bbox 959 978 1040 1011; x_wconf 90' lang='lat' dir='ltr'>ideo</span> <span class='ocrx_word' id='word_1_156' title='bbox 1068 977 1263 1019; x_wconf 86' lang='lat' dir='ltr'>concludit,</span> <span class='ocrx_word' id='word_1_157' title='bbox 1291 978 1387 1023; x_wconf 90' lang='lat' dir='ltr'>quod</span> <span class='ocrx_word' id='word_1_158' title='bbox 1409 978 1445 1011; x_wconf 89' lang='lat' dir='ltr'>in</span> <span class='ocrx_word' id='word_1_159' title='bbox 1468 978 1670 1013; x_wconf 85' lang='lat' dir='ltr'>infidelibus</span> 
     </span>
     <span class='ocr_line' id='line_1_17' title="bbox 106 1030 1671 1077; baseline 0.001 -13"><span class='ocrx_word' id='word_1_160' title='bbox 106 1042 222 1077; x_wconf 85' lang='lat' dir='ltr'>neque</span> <span class='ocrx_word' id='word_1_161' title='bbox 244 1039 296 1065; x_wconf 87' lang='lat' dir='ltr'>est</span> <span class='ocrx_word' id='word_1_162' title='bbox 316 1042 400 1065; x_wconf 89' lang='lat' dir='ltr'>vere</span> <span class='ocrx_word' id='word_1_163' title='bbox 422 1032 578 1073; x_wconf 84' lang='lat' dir='ltr'>castitas,</span> <span class='ocrx_word' id='word_1_164' title='bbox 600 1042 716 1077; x_wconf 90' lang='lat' dir='ltr'>neque</span> <span class='ocrx_word' id='word_1_165' title='bbox 740 1030 858 1077; x_wconf 83' lang='lat' dir='ltr'>aliqua</span> <span class='ocrx_word' id='word_1_166' title='bbox 878 1031 946 1065; x_wconf 88' lang='lat' dir='ltr'>alia</span> <span class='ocrx_word' id='word_1_167' title='bbox 965 1031 1095 1072; x_wconf 89' lang='lat' dir='ltr'>virtus;</span> <span class='ocrx_word' id='word_1_168' title='bbox 1115 1031 1198 1076; x_wconf 90' lang='lat' dir='ltr'>quia</span> <span class='ocrx_word' id='word_1_169' title='bbox 1213 1030 1351 1065; x_wconf 89' lang='lat' dir='ltr'>scilicet</span> <span class='ocrx_word' id='word_1_170' title='bbox 1373 1042 1446 1065; x_wconf 88' lang='lat' dir='ltr'>non</span> <span class='ocrx_word' id='word_1_171' title='bbox 1469 1031 1671 1066; x_wconf 89' lang='lat' dir='ltr'>referuntur</span> 
     </span>
     <span class='ocr_line' id='line_1_18' title="bbox 109 1084 1668 1131; baseline 0.001 -13"><span class='ocrx_word' id='word_1_172' title='bbox 109 1084 151 1118; x_wconf 90' lang='lat' dir='ltr'>ad</span> <span class='ocrx_word' id='word_1_173' title='bbox 174 1084 334 1119; x_wconf 84' lang='lat' dir='ltr'>debitum</span> <span class='ocrx_word' id='word_1_174' title='bbox 356 1084 482 1127; x_wconf 81' lang='lat' dir='ltr'>finem3</span> <span class='ocrx_word' id='word_1_175' title='bbox 505 1093 539 1119; x_wconf 89' lang='lat' dir='ltr'>et</span> <span class='ocrx_word' id='word_1_176' title='bbox 560 1087 651 1119; x_wconf 85' lang='lat' dir='ltr'>sicut</span> <span class='ocrx_word' id='word_1_177' title='bbox 678 1084 810 1118; x_wconf 88' lang='lat' dir='ltr'>ibidem</span> <span class='ocrx_word' id='word_1_178' title='bbox 837 1085 955 1119; x_wconf 88' lang='lat' dir='ltr'>subdit</span> <span class='ocrx_word' id='word_1_179' title='bbox 984 1096 1094 1119; x_wconf 89' lang='lat' dir='ltr'>«non</span> <span class='ocrx_word' id='word_1_180' title='bbox 1125 1084 1254 1119; x_wconf 86' lang='lat' dir='ltr'>officiis</span> <span class='ocrx_word' id='word_1_181' title='bbox 1277 1085 1385 1129; x_wconf 92' lang='lat' dir='ltr'>(idest</span> <span class='ocrx_word' id='word_1_182' title='bbox 1413 1085 1579 1131; x_wconf 87' lang='lat' dir='ltr'>actibus),</span> <span class='ocrx_word' id='word_1_183' title='bbox 1607 1087 1668 1120; x_wconf 88' lang='lat' dir='ltr'>sed</span> 
     </span>
     <span class='ocr_line' id='line_1_19' title="bbox 107 1136 882 1172; baseline -0.001 -1"><span class='ocrx_word' id='word_1_184' title='bbox 107 1136 234 1172; x_wconf 86' lang='lat' dir='ltr'>finibus</span> <span class='ocrx_word' id='word_1_185' title='bbox 257 1149 276 1171; x_wconf 90' lang='lat' dir='ltr'>a</span> <span class='ocrx_word' id='word_1_186' title='bbox 297 1138 391 1172; x_wconf 90' lang='lat' dir='ltr'>vitiis</span> <span class='ocrx_word' id='word_1_187' title='bbox 413 1138 663 1172; x_wconf 88' lang='lat' dir='ltr'>discernuntur</span> <span class='ocrx_word' id='word_1_188' title='bbox 684 1138 832 1172; x_wconf 81' lang='lat' dir='ltr'>virtutes</span> <span class='ocrx_word' id='word_1_189' title='bbox 851 1151 882 1171; x_wconf 88' lang='lat'>».</span> 
     </span>
    </p>

    <p class='ocr_par' dir='ltr' id='par_1_6' title="bbox 107 1191 1669 1340">
     <span class='ocr_line' id='line_1_20' title="bbox 176 1191 1667 1237; baseline 0.001 -13"><span class='ocrx_word' id='word_1_190' title='bbox 176 1191 235 1224; x_wconf 91' lang='lat' dir='ltr'>AD</span> <span class='ocrx_word' id='word_1_191' title='bbox 258 1201 445 1230; x_wconf 82' lang='lat' dir='ltr'><strong>QUARTUM</strong></span> <span class='ocrx_word' id='word_1_192' title='bbox 463 1191 667 1233; x_wconf 88' lang='lat' dir='ltr'>dicendum,</span> <span class='ocrx_word' id='word_1_193' title='bbox 687 1191 783 1237; x_wconf 90' lang='lat' dir='ltr'>quod</span> <span class='ocrx_word' id='word_1_194' title='bbox 804 1191 958 1233; x_wconf 84' lang='lat' dir='ltr'>castitas,</span> <span class='ocrx_word' id='word_1_195' title='bbox 980 1191 1192 1237; x_wconf 86' lang='lat' dir='ltr'>inquantum</span> <span class='ocrx_word' id='word_1_196' title='bbox 1222 1199 1274 1225; x_wconf 90' lang='lat' dir='ltr'>est</span> <span class='ocrx_word' id='word_1_197' title='bbox 1295 1191 1443 1236; x_wconf 87' lang='lat' dir='ltr'>quidem</span> <span class='ocrx_word' id='word_1_198' title='bbox 1465 1192 1667 1226; x_wconf 88' lang='lat' dir='ltr'>secundum</span> 
     </span>
     <span class='ocr_line' id='line_1_21' title="bbox 107 1244 1669 1291; baseline 0.002 -14"><span class='ocrx_word' id='word_1_199' title='bbox 107 1244 284 1278; x_wconf 88' lang='lat' dir='ltr'>rationem</span> <span class='ocrx_word' id='word_1_200' title='bbox 307 1256 472 1290; x_wconf 87' lang='lat' dir='ltr'>operans,</span> <span class='ocrx_word' id='word_1_201' title='bbox 496 1245 605 1278; x_wconf 89' lang='lat' dir='ltr'>habet</span> <span class='ocrx_word' id='word_1_202' title='bbox 639 1245 818 1279; x_wconf 88' lang='lat' dir='ltr'>rationem</span> <span class='ocrx_word' id='word_1_203' title='bbox 840 1245 996 1287; x_wconf 84' lang='lat' dir='ltr'>virtutis;</span> <span class='ocrx_word' id='word_1_204' title='bbox 1018 1245 1232 1291; x_wconf 85' lang='lat' dir='ltr'>inquantum</span> <span class='ocrx_word' id='word_1_205' title='bbox 1258 1244 1367 1278; x_wconf 88' lang='lat' dir='ltr'>habet</span> <span class='ocrx_word' id='word_1_206' title='bbox 1388 1244 1669 1280; x_wconf 86' lang='lat' dir='ltr'>delectationem</span> 
     </span>
     <span class='ocr_line' id='line_1_22' title="bbox 109 1297 926 1340; baseline 0.002 -10"><span class='ocrx_word' id='word_1_207' title='bbox 109 1297 144 1330; x_wconf 89' lang='lat' dir='ltr'>in</span> <span class='ocrx_word' id='word_1_208' title='bbox 163 1309 228 1332; x_wconf 87' lang='lat' dir='ltr'>suo</span> <span class='ocrx_word' id='word_1_209' title='bbox 251 1306 344 1340; x_wconf 85' lang='lat' dir='ltr'>actu,</span> <span class='ocrx_word' id='word_1_210' title='bbox 365 1306 646 1332; x_wconf 84' lang='lat' dir='ltr'>connumeratur</span> <span class='ocrx_word' id='word_1_211' title='bbox 666 1298 757 1332; x_wconf 89' lang='lat' dir='ltr'>inter</span> <span class='ocrx_word' id='word_1_212' title='bbox 779 1297 926 1332; x_wconf 88' lang='lat' dir='ltr'>fructus.</span> 
     </span>
    </p>
   </div>
   <div class='ocr_carea' id='block_1_3' title="bbox 412 1421 1670 1560">
    <p class='ocr_par' dir='ltr' id='par_1_7' title="bbox 412 1421 1670 1560">
     <span class='ocr_line' id='line_1_23' title="bbox 681 1421 1670 1479; baseline 0.004 -15"><span class='ocrx_word' id='word_1_213' title='bbox 681 1421 1026 1467; x_wconf 85' lang='lat' dir='ltr'><strong>ARTICULUS</strong></span> <span class='ocrx_word' id='word_1_214' title='bbox 1059 1422 1115 1465; x_wconf 88' lang='grc' dir='ltr'>Π.</span> <span class='ocrx_word' id='word_1_215' title='bbox 1602 1444 1670 1479; x_wconf 78' lang='grc'>729</span> 
     </span>
     <span class='ocr_line' id='line_1_24' title="bbox 412 1529 1351 1560; baseline -0.001 -1"><span class='ocrx_word' id='word_1_216' title='bbox 412 1529 563 1559; x_wconf 86' lang='lat' dir='ltr'><strong>UTRUM</strong></span> <span class='ocrx_word' id='word_1_217' title='bbox 585 1530 795 1560; x_wconf 80' lang='lat' dir='ltr'><strong>CASTITAS</strong></span> <span class='ocrx_word' id='word_1_218' title='bbox 823 1530 890 1559; x_wconf 80' lang='lat' dir='ltr'>SIT</span> <span class='ocrx_word' id='word_1_219' title='bbox 919 1530 1074 1560; x_wconf 77' lang='lat' dir='ltr'>VIRTUS</span> <span class='ocrx_word' id='word_1_220' title='bbox 1099 1530 1351 1559; x_wconf 78' lang='lat' dir='ltr'><strong>GENERALIS·</strong></span> 
     </span>
    </p>
   </div>
   <div class='ocr_carea' id='block_1_4' title="bbox 108 1614 1678 2886">
    <p class='ocr_par' dir='ltr' id='par_1_8' title="bbox 108 1614 1672 1822">
     <span class='ocr_line' id='line_1_25' title="bbox 182 1614 1669 1662; baseline -0.001 -12"><span class='ocrx_word' id='word_1_221' title='bbox 182 1616 242 1650; x_wconf 89' lang='lat' dir='ltr'>AD</span> <span class='ocrx_word' id='word_1_222' title='bbox 265 1626 470 1650; x_wconf 82' lang='lat' dir='ltr'><strong>SECUNDUM</strong></span> <span class='ocrx_word' id='word_1_223' title='bbox 493 1615 542 1650; x_wconf 92' lang='lat' dir='ltr'>sic</span> <span class='ocrx_word' id='word_1_224' title='bbox 565 1616 781 1661; x_wconf 85' lang='lat' dir='ltr'>proceditur.</span> <span class='ocrx_word' id='word_1_225' title='bbox 804 1615 966 1658; x_wconf 85' lang='lat' dir='ltr'>Videtur,</span> <span class='ocrx_word' id='word_1_226' title='bbox 988 1615 1084 1662; x_wconf 91' lang='lat' dir='ltr'>quod</span> <span class='ocrx_word' id='word_1_227' title='bbox 1105 1615 1249 1649; x_wconf 87' lang='lat' dir='ltr'>castitas</span> <span class='ocrx_word' id='word_1_228' title='bbox 1270 1615 1314 1649; x_wconf 87' lang='lat' dir='ltr'>sit</span> <span class='ocrx_word' id='word_1_229' title='bbox 1335 1615 1445 1649; x_wconf 90' lang='lat' dir='ltr'>virtus</span> <span class='ocrx_word' id='word_1_230' title='bbox 1467 1614 1645 1660; x_wconf 86' lang='lat' dir='ltr'>generalis</span> <span class='ocrx_word' id='word_1_231' title='bbox 1663 1626 1669 1648; x_wconf 91' lang='lat'><strong>:</strong></span> 
     </span>
     <span class='ocr_line' id='line_1_26' title="bbox 109 1668 1671 1715; baseline 0 -13"><span class='ocrx_word' id='word_1_232' title='bbox 109 1669 194 1703; x_wconf 90' lang='lat' dir='ltr'>dicit</span> <span class='ocrx_word' id='word_1_233' title='bbox 215 1669 311 1703; x_wconf 89' lang='lat' dir='ltr'>enim</span> <span class='ocrx_word' id='word_1_234' title='bbox 332 1669 484 1714; x_wconf 81' lang='lat' dir='ltr'>August.</span> <span class='ocrx_word' id='word_1_235' title='bbox 504 1669 539 1703; x_wconf 91' lang='lat' dir='ltr'>in</span> <span class='ocrx_word' id='word_1_236' title='bbox 561 1668 620 1703; x_wconf 89' lang='lat' dir='ltr'>lib.</span> <span class='ocrx_word' id='word_1_237' title='bbox 647 1670 690 1703; x_wconf 92' lang='lat' dir='ltr'>de</span> <span class='ocrx_word' id='word_1_238' title='bbox 712 1670 832 1703; x_wconf 88' lang='lat' dir='ltr'>Mend.</span> <span class='ocrx_word' id='word_1_239' title='bbox 861 1670 950 1715; x_wconf 72' lang='lat' dir='ltr'>(cap.</span> <span class='ocrx_word' id='word_1_240' title='bbox 972 1671 1056 1714; x_wconf 66' lang='lat'>20),</span> <span class='ocrx_word' id='word_1_241' title='bbox 1079 1669 1176 1715; x_wconf 87' lang='lat' dir='ltr'>quod</span> <span class='ocrx_word' id='word_1_242' title='bbox 1201 1682 1218 1700; x_wconf 87' lang='lat'>«</span> <span class='ocrx_word' id='word_1_243' title='bbox 1238 1668 1381 1702; x_wconf 84' lang='lat' dir='ltr'>castitas</span> <span class='ocrx_word' id='word_1_244' title='bbox 1404 1669 1516 1702; x_wconf 87' lang='lat' dir='ltr'>animi</span> <span class='ocrx_word' id='word_1_245' title='bbox 1542 1676 1594 1702; x_wconf 88' lang='lat' dir='ltr'>est</span> <span class='ocrx_word' id='word_1_246' title='bbox 1617 1679 1671 1702; x_wconf 90' lang='lat' dir='ltr'>or-</span> 
     </span>
     <span class='ocr_line' id='line_1_27' title="bbox 109 1721 1672 1768; baseline -0.001 -12"><span class='ocrx_word' id='word_1_247' title='bbox 109 1722 250 1757; x_wconf 87' lang='lat' dir='ltr'>dinatus</span> <span class='ocrx_word' id='word_1_248' title='bbox 272 1723 383 1756; x_wconf 88' lang='lat' dir='ltr'>animi</span> <span class='ocrx_word' id='word_1_249' title='bbox 400 1730 532 1765; x_wconf 87' lang='lat' dir='ltr'>motus,</span> <span class='ocrx_word' id='word_1_250' title='bbox 549 1734 624 1757; x_wconf 90' lang='lat' dir='ltr'>non</span> <span class='ocrx_word' id='word_1_251' title='bbox 645 1723 799 1757; x_wconf 88' lang='lat' dir='ltr'>subdens</span> <span class='ocrx_word' id='word_1_252' title='bbox 821 1724 960 1768; x_wconf 87' lang='lat' dir='ltr'>majora</span> <span class='ocrx_word' id='word_1_253' title='bbox 987 1723 1187 1756; x_wconf 85' lang='lat' dir='ltr'>minoribus</span> <span class='ocrx_word' id='word_1_254' title='bbox 1210 1734 1247 1756; x_wconf 80' lang='lat' dir='ltr'>»z</span> <span class='ocrx_word' id='word_1_255' title='bbox 1271 1722 1333 1756; x_wconf 91' lang='lat' dir='ltr'>sed</span> <span class='ocrx_word' id='word_1_256' title='bbox 1356 1722 1426 1756; x_wconf 91' lang='lat' dir='ltr'>hoc</span> <span class='ocrx_word' id='word_1_257' title='bbox 1448 1722 1602 1768; x_wconf 89' lang='lat' dir='ltr'>pertinet</span> <span class='ocrx_word' id='word_1_258' title='bbox 1629 1721 1672 1755; x_wconf 87' lang='lat' dir='ltr'>ad</span> 
     </span>
     <span class='ocr_line' id='line_1_28' title="bbox 108 1775 1217 1822; baseline -0.001 -12"><span class='ocrx_word' id='word_1_259' title='bbox 108 1775 305 1822; x_wconf 83' lang='lat' dir='ltr'>quamlibet</span> <span class='ocrx_word' id='word_1_260' title='bbox 325 1776 513 1818; x_wconf 79' lang='lat' dir='ltr'>virtutem3</span> <span class='ocrx_word' id='word_1_261' title='bbox 535 1787 622 1822; x_wconf 83' lang='lat' dir='ltr'>ergo</span> <span class='ocrx_word' id='word_1_262' title='bbox 651 1777 793 1810; x_wconf 82' lang='lat' dir='ltr'>castitas</span> <span class='ocrx_word' id='word_1_263' title='bbox 821 1784 873 1810; x_wconf 90' lang='lat' dir='ltr'>est</span> <span class='ocrx_word' id='word_1_264' title='bbox 894 1775 1072 1822; x_wconf 81' lang='lat' dir='ltr'>generalis</span> <span class='ocrx_word' id='word_1_265' title='bbox 1094 1776 1217 1810; x_wconf 83' lang='lat' dir='ltr'>virtus.</span> 
     </span>
    </p>

    <p class='ocr_par' dir='ltr' id='par_1_9' title="bbox 108 1827 1672 2023">
     <span class='ocr_line' id='line_1_29' title="bbox 180 1827 1671 1875; baseline -0.001 -12"><span class='ocrx_word' id='word_1_266' title='bbox 180 1839 212 1863; x_wconf 88' lang='lat'>2.</span> <span class='ocrx_word' id='word_1_267' title='bbox 241 1829 476 1864; x_wconf 78' lang='lat' dir='ltr'>PRAETEREA.</span> <span class='ocrx_word' id='word_1_268' title='bbox 510 1830 656 1864; x_wconf 88' lang='lat' dir='ltr'>Nomen</span> <span class='ocrx_word' id='word_1_269' title='bbox 692 1829 862 1863; x_wconf 84' lang='lat' dir='ltr'>castitatis</span> <span class='ocrx_word' id='word_1_270' title='bbox 903 1841 922 1863; x_wconf 87' lang='lat' dir='ltr'>a</span> <span class='ocrx_word' id='word_1_271' title='bbox 956 1829 1193 1875; x_wconf 83' lang='lat' dir='ltr'>castigatione</span> <span class='ocrx_word' id='word_1_272' title='bbox 1224 1829 1392 1863; x_wconf 83' lang='lat' dir='ltr'>sumitur:</span> <span class='ocrx_word' id='word_1_273' title='bbox 1425 1828 1487 1862; x_wconf 91' lang='lat' dir='ltr'>sed</span> <span class='ocrx_word' id='word_1_274' title='bbox 1522 1827 1671 1874; x_wconf 84' lang='lat' dir='ltr'>quilibet</span> 
     </span>
     <span class='ocr_line' id='line_1_30' title="bbox 109 1881 1672 1929; baseline -0.001 -13"><span class='ocrx_word' id='word_1_275' title='bbox 109 1891 230 1916; x_wconf 89' lang='lat' dir='ltr'>motus</span> <span class='ocrx_word' id='word_1_276' title='bbox 249 1883 461 1929; x_wconf 89' lang='lat' dir='ltr'>appetitivae</span> <span class='ocrx_word' id='word_1_277' title='bbox 492 1883 600 1929; x_wconf 85' lang='lat' dir='ltr'>partis</span> <span class='ocrx_word' id='word_1_278' title='bbox 630 1883 735 1917; x_wconf 91' lang='lat' dir='ltr'>debet</span> <span class='ocrx_word' id='word_1_279' title='bbox 761 1883 930 1928; x_wconf 83' lang='lat' dir='ltr'>castigari</span> <span class='ocrx_word' id='word_1_280' title='bbox 952 1895 970 1916; x_wconf 88' lang='lat' dir='ltr'>a</span> <span class='ocrx_word' id='word_1_281' title='bbox 992 1883 1150 1924; x_wconf 81' lang='lat' dir='ltr'>ratione3</span> <span class='ocrx_word' id='word_1_282' title='bbox 1173 1894 1255 1916; x_wconf 87' lang='lat' dir='ltr'>cum</span> <span class='ocrx_word' id='word_1_283' title='bbox 1279 1893 1365 1927; x_wconf 74' lang='lat' dir='ltr'>ergo</span> <span class='ocrx_word' id='word_1_284' title='bbox 1389 1893 1452 1926; x_wconf 91' lang='lat' dir='ltr'>per</span> <span class='ocrx_word' id='word_1_285' title='bbox 1474 1881 1672 1927; x_wconf 83' lang='lat' dir='ltr'>quamlibet</span> 
     </span>
     <span class='ocr_line' id='line_1_31' title="bbox 108 1934 1672 1982; baseline 0 -14"><span class='ocrx_word' id='word_1_286' title='bbox 108 1936 276 1970; x_wconf 86' lang='lat' dir='ltr'>virtutem</span> <span class='ocrx_word' id='word_1_287' title='bbox 298 1935 476 1971; x_wconf 83' lang='lat' dir='ltr'>moralem</span> <span class='ocrx_word' id='word_1_288' title='bbox 499 1934 718 1970; x_wconf 83' lang='lat' dir='ltr'>refraenetur</span> <span class='ocrx_word' id='word_1_289' title='bbox 740 1935 867 1982; x_wconf 88' lang='lat' dir='ltr'>aliquis</span> <span class='ocrx_word' id='word_1_290' title='bbox 890 1936 1104 1982; x_wconf 83' lang='lat' dir='ltr'>appetitivus</span> <span class='ocrx_word' id='word_1_291' title='bbox 1127 1943 1258 1978; x_wconf 87' lang='lat' dir='ltr'>motus,</span> <span class='ocrx_word' id='word_1_292' title='bbox 1280 1935 1421 1969; x_wconf 85' lang='lat' dir='ltr'>videtur</span> <span class='ocrx_word' id='word_1_293' title='bbox 1447 1935 1544 1981; x_wconf 93' lang='lat' dir='ltr'>quod</span> <span class='ocrx_word' id='word_1_294' title='bbox 1567 1945 1672 1980; x_wconf 86' lang='lat' dir='ltr'>quae-</span> 
     </span>
     <span class='ocr_line' id='line_1_32' title="bbox 109 1989 742 2023; baseline 0.002 -1"><span class='ocrx_word' id='word_1_295' title='bbox 109 1989 195 2023; x_wconf 87' lang='lat' dir='ltr'>libet</span> <span class='ocrx_word' id='word_1_296' title='bbox 214 1989 324 2023; x_wconf 90' lang='lat' dir='ltr'>virtus</span> <span class='ocrx_word' id='word_1_297' title='bbox 347 1989 495 2023; x_wconf 88' lang='lat' dir='ltr'>moralis</span> <span class='ocrx_word' id='word_1_298' title='bbox 522 1990 567 2023; x_wconf 88' lang='lat' dir='ltr'>sit</span> <span class='ocrx_word' id='word_1_299' title='bbox 589 1990 742 2023; x_wconf 87' lang='lat' dir='ltr'>castitas.</span> 
     </span>
    </p>

    <p class='ocr_par' dir='ltr' id='par_1_10' title="bbox 114 2041 1675 2194">
     <span class='ocr_line' id='line_1_33' title="bbox 187 2041 1675 2088; baseline -0.001 -13"><span class='ocrx_word' id='word_1_300' title='bbox 187 2054 216 2088; x_wconf 77' lang='lat'>3.</span> <span class='ocrx_word' id='word_1_301' title='bbox 239 2043 474 2077; x_wconf 77' lang='lat' dir='ltr'><strong>PRAETEREA.</strong></span> <span class='ocrx_word' id='word_1_302' title='bbox 507 2042 674 2076; x_wconf 87' lang='lat' dir='ltr'>Castitati</span> <span class='ocrx_word' id='word_1_303' title='bbox 711 2041 903 2076; x_wconf 87' lang='lat' dir='ltr'>fornicatio</span> <span class='ocrx_word' id='word_1_304' title='bbox 938 2042 1151 2088; x_wconf 87' lang='lat' dir='ltr'>opponitur:</span> <span class='ocrx_word' id='word_1_305' title='bbox 1174 2041 1236 2076; x_wconf 89' lang='lat' dir='ltr'>sed</span> <span class='ocrx_word' id='word_1_306' title='bbox 1258 2041 1448 2075; x_wconf 87' lang='lat' dir='ltr'>fornicatio</span> <span class='ocrx_word' id='word_1_307' title='bbox 1470 2041 1609 2075; x_wconf 87' lang='lat' dir='ltr'>videtur</span> <span class='ocrx_word' id='word_1_308' title='bbox 1632 2041 1675 2074; x_wconf 84' lang='lat' dir='ltr'>ad</span> 
     </span>
     <span class='ocr_line' id='line_1_34' title="bbox 114 2095 1674 2142; baseline -0.001 -13"><span class='ocrx_word' id='word_1_309' title='bbox 114 2105 223 2129; x_wconf 89' lang='lat' dir='ltr'>omne</span> <span class='ocrx_word' id='word_1_310' title='bbox 245 2107 358 2141; x_wconf 87' lang='lat' dir='ltr'>genus</span> <span class='ocrx_word' id='word_1_311' title='bbox 380 2096 519 2142; x_wconf 86' lang='lat' dir='ltr'>peccati</span> <span class='ocrx_word' id='word_1_312' title='bbox 539 2097 733 2142; x_wconf 85' lang='lat' dir='ltr'>pertinere:</span> <span class='ocrx_word' id='word_1_313' title='bbox 757 2096 885 2129; x_wconf 91' lang='lat' dir='ltr'>dicitur</span> <span class='ocrx_word' id='word_1_314' title='bbox 899 2096 996 2130; x_wconf 88' lang='lat' dir='ltr'>enim</span> <span class='ocrx_word' id='word_1_315' title='bbox 1020 2098 1054 2130; x_wconf 91' lang='lat' dir='ltr'>in</span> <span class='ocrx_word' id='word_1_316' title='bbox 1076 2096 1134 2130; x_wconf 88' lang='lat' dir='ltr'>Ps.</span> <span class='ocrx_word' id='word_1_317' title='bbox 1158 2105 1233 2140; x_wconf 87' lang='lat'>72.:</span> <span class='ocrx_word' id='word_1_318' title='bbox 1253 2095 1370 2130; x_wconf 62' lang='lat' dir='ltr'>Perdes</span> <span class='ocrx_word' id='word_1_319' title='bbox 1388 2106 1506 2136; x_wconf 64' lang='lat' dir='ltr'>omncs,</span> <span class='ocrx_word' id='word_1_320' title='bbox 1530 2096 1586 2139; x_wconf 76' lang='lat' dir='ltr'>qni</span> <span class='ocrx_word' id='word_1_321' title='bbox 1600 2095 1674 2140; x_wconf 80' lang='lat' dir='ltr'>for-</span> 
     </span>
     <span class='ocr_line' id='line_1_35' title="bbox 114 2149 1092 2194; baseline 0 -12"><span class='ocrx_word' id='word_1_322' title='bbox 114 2150 248 2183; x_wconf 74' lang='lat' dir='ltr'>nicatur</span> <span class='ocrx_word' id='word_1_323' title='bbox 269 2150 324 2183; x_wconf 76' lang='lat' dir='ltr'>abs</span> <span class='ocrx_word' id='word_1_324' title='bbox 347 2154 399 2189; x_wconf 71' lang='lat' dir='ltr'>te;</span> <span class='ocrx_word' id='word_1_325' title='bbox 420 2160 507 2194; x_wconf 84' lang='lat' dir='ltr'>ergo</span> <span class='ocrx_word' id='word_1_326' title='bbox 535 2149 677 2182; x_wconf 74' lang='lat' dir='ltr'>castitas</span> <span class='ocrx_word' id='word_1_327' title='bbox 697 2157 750 2182; x_wconf 88' lang='lat' dir='ltr'>est</span> <span class='ocrx_word' id='word_1_328' title='bbox 771 2149 949 2194; x_wconf 83' lang='lat' dir='ltr'>generalis</span> <span class='ocrx_word' id='word_1_329' title='bbox 970 2149 1092 2183; x_wconf 88' lang='lat' dir='ltr'>virtus.</span> 
     </span>
    </p>

    <p class='ocr_par' dir='ltr' id='par_1_11' title="bbox 114 2201 1673 2301">
     <span class='ocr_line' id='line_1_36' title="bbox 186 2201 1673 2249; baseline -0.001 -13"><span class='ocrx_word' id='word_1_330' title='bbox 186 2202 260 2236; x_wconf 78' lang='lat' dir='ltr'>SED</span> <span class='ocrx_word' id='word_1_331' title='bbox 284 2213 438 2237; x_wconf 81' lang='lat' dir='ltr'>CONTRA</span> <span class='ocrx_word' id='word_1_332' title='bbox 460 2211 523 2244; x_wconf 87' lang='lat' dir='ltr'>est,</span> <span class='ocrx_word' id='word_1_333' title='bbox 546 2202 641 2248; x_wconf 90' lang='lat' dir='ltr'>quod</span> <span class='ocrx_word' id='word_1_334' title='bbox 668 2203 828 2237; x_wconf 87' lang='lat' dir='ltr'>Macrob.</span> <span class='ocrx_word' id='word_1_335' title='bbox 851 2203 921 2247; x_wconf 75' lang='lat' dir='ltr'>(lib.</span> <span class='ocrx_word' id='word_1_336' title='bbox 944 2215 970 2238; x_wconf 74' lang='grc' dir='ltr'>Ι.</span> <span class='ocrx_word' id='word_1_337' title='bbox 994 2204 1027 2237; x_wconf 82' lang='lat' dir='ltr'>in</span> <span class='ocrx_word' id='word_1_338' title='bbox 1049 2203 1160 2237; x_wconf 76' lang='lat' dir='ltr'>Sotmz.</span> <span class='ocrx_word' id='word_1_339' title='bbox 1183 2203 1270 2249; x_wconf 77' lang='lat' dir='ltr'>Scip.</span> <span class='ocrx_word' id='word_1_340' title='bbox 1303 2208 1373 2248; x_wconf 72' lang='lat' dir='ltr'>cap.</span> <span class='ocrx_word' id='word_1_341' title='bbox 1401 2203 1448 2246; x_wconf 75' lang='lat'>8.)</span> <span class='ocrx_word' id='word_1_342' title='bbox 1473 2201 1574 2247; x_wconf 91' lang='lat' dir='ltr'>ponit</span> <span class='ocrx_word' id='word_1_343' title='bbox 1593 2212 1673 2235; x_wconf 88' lang='lat' dir='ltr'>eam</span> 
     </span>
     <span class='ocr_line' id='line_1_37' title="bbox 114 2256 546 2301; baseline 0 -12"><span class='ocrx_word' id='word_1_344' title='bbox 114 2263 252 2300; x_wconf 84' lang='lat' dir='ltr'>partem</span> <span class='ocrx_word' id='word_1_345' title='bbox 278 2256 546 2301; x_wconf 87' lang='lat' dir='ltr'>temperantiae.</span> 
     </span>
    </p>

    <p class='ocr_par' dir='ltr' id='par_1_12' title="bbox 115 2307 1678 2886">
     <span class='ocr_line' id='line_1_38' title="bbox 184 2307 1673 2354; baseline -0.001 -12"><span class='ocrx_word' id='word_1_346' title='bbox 184 2308 412 2343; x_wconf 75' lang='lat' dir='ltr'><strong>RESPONDEO</strong></span> <span class='ocrx_word' id='word_1_347' title='bbox 442 2308 646 2350; x_wconf 85' lang='lat' dir='ltr'>dicendum,</span> <span class='ocrx_word' id='word_1_348' title='bbox 680 2309 775 2354; x_wconf 88' lang='lat' dir='ltr'>quod</span> <span class='ocrx_word' id='word_1_349' title='bbox 804 2320 942 2343; x_wconf 88' lang='lat' dir='ltr'>nomen</span> <span class='ocrx_word' id='word_1_350' title='bbox 973 2309 1143 2343; x_wconf 85' lang='lat' dir='ltr'>castitatis</span> <span class='ocrx_word' id='word_1_351' title='bbox 1177 2308 1352 2354; x_wconf 70' lang='lat' dir='ltr'>dupliciter</span> <span class='ocrx_word' id='word_1_352' title='bbox 1384 2307 1578 2352; x_wconf 85' lang='lat' dir='ltr'>accipitur:</span> <span class='ocrx_word' id='word_1_353' title='bbox 1610 2318 1673 2341; x_wconf 82' lang='lat' dir='ltr'>uno</span> 
     </span>
     <span class='ocr_line' id='line_1_39' title="bbox 115 2360 1671 2408; baseline -0.002 -12"><span class='ocrx_word' id='word_1_354' title='bbox 115 2362 208 2396; x_wconf 81' lang='lat' dir='ltr'>modo</span> <span class='ocrx_word' id='word_1_355' title='bbox 230 2362 391 2408; x_wconf 89' lang='lat' dir='ltr'>proprie;</span> <span class='ocrx_word' id='word_1_356' title='bbox 423 2370 457 2396; x_wconf 92' lang='lat' dir='ltr'>et</span> <span class='ocrx_word' id='word_1_357' title='bbox 486 2362 536 2396; x_wconf 83' lang='lat' dir='ltr'>sic</span> <span class='ocrx_word' id='word_1_358' title='bbox 560 2370 613 2396; x_wconf 88' lang='lat' dir='ltr'>est</span> <span class='ocrx_word' id='word_1_359' title='bbox 644 2363 821 2408; x_wconf 85' lang='lat' dir='ltr'>quaedam</span> <span class='ocrx_word' id='word_1_360' title='bbox 843 2362 1009 2408; x_wconf 88' lang='lat' dir='ltr'>specialis</span> <span class='ocrx_word' id='word_1_361' title='bbox 1036 2363 1147 2396; x_wconf 88' lang='lat' dir='ltr'>virtus</span> <span class='ocrx_word' id='word_1_362' title='bbox 1173 2362 1309 2395; x_wconf 88' lang='lat' dir='ltr'>habens</span> <span class='ocrx_word' id='word_1_363' title='bbox 1336 2360 1531 2406; x_wconf 83' lang='lat' dir='ltr'>specialem</span> <span class='ocrx_word' id='word_1_364' title='bbox 1559 2368 1671 2394; x_wconf 83' lang='lat' dir='ltr'>mate-</span> 
     </span>
     <span class='ocr_line' id='line_1_40' title="bbox 115 2413 1674 2462; baseline -0.001 -13"><span class='ocrx_word' id='word_1_365' title='bbox 115 2416 218 2457; x_wconf 85' lang='lat' dir='ltr'>riam,</span> <span class='ocrx_word' id='word_1_366' title='bbox 234 2415 371 2449; x_wconf 84' lang='lat' dir='ltr'>scilicet</span> <span class='ocrx_word' id='word_1_367' title='bbox 387 2415 698 2461; x_wconf 89' lang='lat' dir='ltr'>concupiscentias</span> <span class='ocrx_word' id='word_1_368' title='bbox 717 2415 997 2458; x_wconf 79' lang='lat' dir='ltr'>delectabilium,</span> <span class='ocrx_word' id='word_1_369' title='bbox 1016 2427 1107 2462; x_wconf 86' lang='lat' dir='ltr'>quae</span> <span class='ocrx_word' id='word_1_370' title='bbox 1130 2423 1211 2449; x_wconf 90' lang='lat' dir='ltr'>sunt</span> <span class='ocrx_word' id='word_1_371' title='bbox 1233 2415 1269 2448; x_wconf 90' lang='lat' dir='ltr'>in</span> <span class='ocrx_word' id='word_1_372' title='bbox 1288 2414 1468 2448; x_wconf 81' lang='lat' dir='ltr'>venereis:</span> <span class='ocrx_word' id='word_1_373' title='bbox 1492 2414 1557 2447; x_wconf 79' lang='lat' dir='ltr'>alio</span> <span class='ocrx_word' id='word_1_374' title='bbox 1580 2413 1674 2447; x_wconf 75' lang='lat' dir='ltr'>modo</span> 
     </span>
     <span class='ocr_line' id='line_1_41' title="bbox 115 2467 1675 2515; baseline -0.002 -13"><span class='ocrx_word' id='word_1_375' title='bbox 115 2480 251 2503; x_wconf 91' lang='lat' dir='ltr'>nomen</span> <span class='ocrx_word' id='word_1_376' title='bbox 267 2469 438 2502; x_wconf 88' lang='lat' dir='ltr'>castitatis</span> <span class='ocrx_word' id='word_1_377' title='bbox 461 2469 632 2514; x_wconf 88' lang='lat' dir='ltr'>accipitur</span> <span class='ocrx_word' id='word_1_378' title='bbox 647 2469 919 2515; x_wconf 82' lang='lat' dir='ltr'>metaphorice3</span> <span class='ocrx_word' id='word_1_379' title='bbox 942 2470 1033 2503; x_wconf 86' lang='lat' dir='ltr'>sicut</span> <span class='ocrx_word' id='word_1_380' title='bbox 1054 2469 1151 2503; x_wconf 87' lang='lat' dir='ltr'>enim</span> <span class='ocrx_word' id='word_1_381' title='bbox 1173 2469 1208 2502; x_wconf 90' lang='lat' dir='ltr'>in</span> <span class='ocrx_word' id='word_1_382' title='bbox 1232 2468 1392 2514; x_wconf 89' lang='lat' dir='ltr'>corporis</span> <span class='ocrx_word' id='word_1_383' title='bbox 1416 2467 1675 2500; x_wconf 80' lang='lat' dir='ltr'>commixtione</span> 
     </span>
     <span class='ocr_line' id='line_1_42' title="bbox 116 2519 1678 2568; baseline -0.002 -12"><span class='ocrx_word' id='word_1_384' title='bbox 116 2522 280 2556; x_wconf 82' lang='lat' dir='ltr'>consistit</span> <span class='ocrx_word' id='word_1_385' title='bbox 300 2521 492 2555; x_wconf 84' lang='lat' dir='ltr'>delectatio</span> <span class='ocrx_word' id='word_1_386' title='bbox 513 2533 765 2564; x_wconf 85' lang='lat' dir='ltr'>venereorum,</span> <span class='ocrx_word' id='word_1_387' title='bbox 797 2523 889 2556; x_wconf 82' lang='lat' dir='ltr'>circa</span> <span class='ocrx_word' id='word_1_388' title='bbox 921 2534 1030 2568; x_wconf 89' lang='lat' dir='ltr'>quam</span> <span class='ocrx_word' id='word_1_389' title='bbox 1061 2522 1202 2568; x_wconf 90' lang='lat' dir='ltr'>proprie</span> <span class='ocrx_word' id='word_1_390' title='bbox 1223 2529 1275 2555; x_wconf 93' lang='lat' dir='ltr'>est</span> <span class='ocrx_word' id='word_1_391' title='bbox 1293 2521 1448 2561; x_wconf 84' lang='lat' dir='ltr'>castitas,</span> <span class='ocrx_word' id='word_1_392' title='bbox 1476 2528 1510 2554; x_wconf 87' lang='lat' dir='ltr'>et</span> <span class='ocrx_word' id='word_1_393' title='bbox 1537 2519 1678 2566; x_wconf 90' lang='lat' dir='ltr'>opposi-</span> 
     </span>
     <span class='ocr_line' id='line_1_43' title="bbox 115 2573 1676 2621; baseline -0.002 -12"><span class='ocrx_word' id='word_1_394' title='bbox 115 2583 193 2609; x_wconf 89' lang='lat' dir='ltr'>tum</span> <span class='ocrx_word' id='word_1_395' title='bbox 214 2575 353 2616; x_wconf 83' lang='lat' dir='ltr'>vitium,</span> <span class='ocrx_word' id='word_1_396' title='bbox 381 2574 518 2608; x_wconf 88' lang='lat' dir='ltr'>scilicet</span> <span class='ocrx_word' id='word_1_397' title='bbox 551 2574 709 2617; x_wconf 73' lang='lat' dir='ltr'>luxuria3</span> <span class='ocrx_word' id='word_1_398' title='bbox 744 2576 793 2609; x_wconf 89' lang='lat' dir='ltr'>ita</span> <span class='ocrx_word' id='word_1_399' title='bbox 815 2576 923 2610; x_wconf 88' lang='lat' dir='ltr'>etiam</span> <span class='ocrx_word' id='word_1_400' title='bbox 954 2576 989 2609; x_wconf 90' lang='lat' dir='ltr'>in</span> <span class='ocrx_word' id='word_1_401' title='bbox 1021 2576 1177 2621; x_wconf 84' lang='lat' dir='ltr'>quadam</span> <span class='ocrx_word' id='word_1_402' title='bbox 1212 2573 1386 2619; x_wconf 89' lang='lat' dir='ltr'>spirituali</span> <span class='ocrx_word' id='word_1_403' title='bbox 1420 2573 1676 2618; x_wconf 86' lang='lat' dir='ltr'>conjunctione</span> 
     </span>
     <span class='ocr_line' id='line_1_44' title="bbox 117 2626 1675 2674; baseline -0.001 -13"><span class='ocrx_word' id='word_1_404' title='bbox 117 2628 246 2661; x_wconf 88' lang='lat' dir='ltr'>mentis</span> <span class='ocrx_word' id='word_1_405' title='bbox 270 2628 312 2661; x_wconf 91' lang='lat' dir='ltr'>ad</span> <span class='ocrx_word' id='word_1_406' title='bbox 335 2639 389 2661; x_wconf 92' lang='lat' dir='ltr'>res</span> <span class='ocrx_word' id='word_1_407' title='bbox 412 2628 547 2674; x_wconf 88' lang='lat' dir='ltr'>aliquas</span> <span class='ocrx_word' id='word_1_408' title='bbox 568 2629 731 2662; x_wconf 87' lang='lat' dir='ltr'>consistit</span> <span class='ocrx_word' id='word_1_409' title='bbox 757 2629 934 2674; x_wconf 88' lang='lat' dir='ltr'>quaedam</span> <span class='ocrx_word' id='word_1_410' title='bbox 957 2629 1160 2669; x_wconf 63' lang='lat' dir='ltr'>delectatio,</span> <span class='ocrx_word' id='word_1_411' title='bbox 1183 2628 1277 2661; x_wconf 85' lang='lat' dir='ltr'>circa</span> <span class='ocrx_word' id='word_1_412' title='bbox 1300 2638 1409 2672; x_wconf 90' lang='lat' dir='ltr'>quam</span> <span class='ocrx_word' id='word_1_413' title='bbox 1428 2634 1480 2660; x_wconf 89' lang='lat' dir='ltr'>est</span> <span class='ocrx_word' id='word_1_414' title='bbox 1498 2626 1675 2672; x_wconf 87' lang='lat' dir='ltr'>quaedam</span> 
     </span>
     <span class='ocr_line' id='line_1_45' title="bbox 116 2679 1676 2727; baseline -0.001 -13"><span class='ocrx_word' id='word_1_415' title='bbox 116 2680 308 2726; x_wconf 85' lang='lat' dir='ltr'>spiritualis</span> <span class='ocrx_word' id='word_1_416' title='bbox 328 2681 470 2715; x_wconf 84' lang='lat' dir='ltr'>castitas</span> <span class='ocrx_word' id='word_1_417' title='bbox 490 2682 738 2727; x_wconf 85' lang='lat' dir='ltr'>metaphorice</span> <span class='ocrx_word' id='word_1_418' title='bbox 761 2682 865 2724; x_wconf 84' lang='lat' dir='ltr'>dicta,</span> <span class='ocrx_word' id='word_1_419' title='bbox 880 2682 938 2716; x_wconf 90' lang='lat' dir='ltr'>vel</span> <span class='ocrx_word' id='word_1_420' title='bbox 954 2682 1062 2716; x_wconf 88' lang='lat' dir='ltr'>etiam</span> <span class='ocrx_word' id='word_1_421' title='bbox 1085 2680 1277 2726; x_wconf 79' lang='lat' dir='ltr'>spiritualis</span> <span class='ocrx_word' id='word_1_422' title='bbox 1299 2680 1489 2713; x_wconf 81' lang='lat' dir='ltr'>fornicatio</span> <span class='ocrx_word' id='word_1_423' title='bbox 1512 2679 1676 2713; x_wconf 88' lang='lat' dir='ltr'>similiter</span> 
     </span>
     <span class='ocr_line' id='line_1_46' title="bbox 119 2732 1675 2779; baseline -0.001 -12"><span class='ocrx_word' id='word_1_424' title='bbox 119 2733 366 2779; x_wconf 87' lang='lat' dir='ltr'>metaphorice</span> <span class='ocrx_word' id='word_1_425' title='bbox 389 2734 500 2768; x_wconf 89' lang='lat' dir='ltr'>dicta:</span> <span class='ocrx_word' id='word_1_426' title='bbox 517 2734 545 2768; x_wconf 90' lang='lat' dir='ltr'>si</span> <span class='ocrx_word' id='word_1_427' title='bbox 560 2735 657 2768; x_wconf 87' lang='lat' dir='ltr'>enim</span> <span class='ocrx_word' id='word_1_428' title='bbox 674 2746 776 2769; x_wconf 89' lang='lat' dir='ltr'>mens</span> <span class='ocrx_word' id='word_1_429' title='bbox 790 2735 950 2769; x_wconf 90' lang='lat' dir='ltr'>hominis</span> <span class='ocrx_word' id='word_1_430' title='bbox 973 2734 1214 2768; x_wconf 87' lang='lat' dir='ltr'>delecteturin</span> <span class='ocrx_word' id='word_1_431' title='bbox 1229 2732 1403 2779; x_wconf 88' lang='lat' dir='ltr'>spirituali</span> <span class='ocrx_word' id='word_1_432' title='bbox 1419 2732 1675 2777; x_wconf 80' lang='lat' dir='ltr'>conjunctione</span> 
     </span>
     <span class='ocr_line' id='line_1_47' title="bbox 119 2784 1676 2833; baseline -0.001 -13"><span class='ocrx_word' id='word_1_433' title='bbox 119 2786 162 2820; x_wconf 90' lang='lat' dir='ltr'>ad</span> <span class='ocrx_word' id='word_1_434' title='bbox 184 2787 231 2828; x_wconf 82' lang='lat' dir='ltr'>id,</span> <span class='ocrx_word' id='word_1_435' title='bbox 254 2787 311 2821; x_wconf 90' lang='lat' dir='ltr'>cui</span> <span class='ocrx_word' id='word_1_436' title='bbox 333 2787 436 2821; x_wconf 90' lang='lat' dir='ltr'>debet</span> <span class='ocrx_word' id='word_1_437' title='bbox 458 2788 641 2833; x_wconf 80' lang='lat' dir='ltr'>conjungi,</span> <span class='ocrx_word' id='word_1_438' title='bbox 663 2787 801 2822; x_wconf 76' lang='lat' dir='ltr'>scilicet</span> <span class='ocrx_word' id='word_1_439' title='bbox 819 2789 862 2822; x_wconf 87' lang='lat' dir='ltr'>ad</span> <span class='ocrx_word' id='word_1_440' title='bbox 883 2789 1015 2828; x_wconf 85' lang='lat' dir='ltr'>Deum,</span> <span class='ocrx_word' id='word_1_441' title='bbox 1036 2796 1069 2821; x_wconf 91' lang='lat' dir='ltr'>et</span> <span class='ocrx_word' id='word_1_442' title='bbox 1091 2787 1265 2820; x_wconf 87' lang='lat' dir='ltr'>abstineat</span> <span class='ocrx_word' id='word_1_443' title='bbox 1291 2798 1328 2820; x_wconf 90' lang='lat' dir='ltr'>se</span> <span class='ocrx_word' id='word_1_444' title='bbox 1350 2797 1394 2820; x_wconf 90' lang='lat' dir='ltr'>ne</span> <span class='ocrx_word' id='word_1_445' title='bbox 1417 2784 1676 2819; x_wconf 83' lang='lat' dir='ltr'>delectabiliter</span> 
     </span>
     <span class='ocr_line' id='line_1_48' title="bbox 119 2838 1674 2886; baseline -0.001 -13"><span class='ocrx_word' id='word_1_446' title='bbox 119 2839 196 2873; x_wconf 89' lang='lat' dir='ltr'>aliis</span> <span class='ocrx_word' id='word_1_447' title='bbox 219 2841 458 2886; x_wconf 86' lang='lat' dir='ltr'>conjungatur</span> <span class='ocrx_word' id='word_1_448' title='bbox 480 2849 606 2875; x_wconf 85' lang='lat' dir='ltr'>contra</span> <span class='ocrx_word' id='word_1_449' title='bbox 632 2841 790 2875; x_wconf 87' lang='lat' dir='ltr'>debitum</span> <span class='ocrx_word' id='word_1_450' title='bbox 814 2841 924 2876; x_wconf 89' lang='lat' dir='ltr'>divini</span> <span class='ocrx_word' id='word_1_451' title='bbox 952 2841 1098 2881; x_wconf 87' lang='lat' dir='ltr'>ordinis,</span> <span class='ocrx_word' id='word_1_452' title='bbox 1121 2840 1258 2874; x_wconf 85' lang='lat' dir='ltr'>dicetur</span> <span class='ocrx_word' id='word_1_453' title='bbox 1290 2840 1433 2873; x_wconf 86' lang='lat' dir='ltr'>castitas</span> <span class='ocrx_word' id='word_1_454' title='bbox 1471 2838 1674 2885; x_wconf 88' lang='lat' dir='ltr'>spiritualis,</span> 
     </span>
    </p>
   </div>
  </div>
 </body>
</html>
