1905 3137
538 171 758 208 QUAESTIO
793 171 835 200 11.
869 170 1113 200 ARTICULUS
1147 169 1204 198 IX.
1603 167 1651 209 51

101 261 164 291 art.
190 257 254 301 4.):
277 255 339 290 sed
361 254 448 288 fides
479 262 532 288 est
553 251 785 300 praeambula
807 252 850 286 ad
874 251 1098 293 charitatem,
1121 251 1213 285 sicut
1235 258 1269 284 et
1289 257 1435 290 natura3
1458 259 1545 293 ergo
1568 247 1659 282 sicut

101 318 200 344 actus
221 317 368 343 naturae
399 319 473 342 non
504 315 557 342 est
579 306 795 348 meritorius,
817 306 899 352 quia
934 304 1154 339 naturalibus
1188 315 1261 338 non
1292 313 1484 344 meremur,
1517 302 1566 336 ita
1591 312 1657 335 nec

101 371 200 397 actus
222 362 315 396 fidei.

173 427 203 450 2.
226 416 461 450 PRAE'rEREsx.
491 413 648 448 Credere
680 413 842 446 medium
865 420 917 446 est
948 412 1038 445 inter
1068 411 1219 457 opinari,
1242 418 1275 444 et
1297 409 1399 451 scire,
1420 408 1479 443 vel
1501 407 1661 442 conside-

101 480 178 504 rare
200 469 305 503 scita:
329 469 389 502 sed
413 467 654 502 consideratio
677 466 847 500 scientiae
870 477 943 499 non
967 473 1019 499 est
1041 464 1244 504 meritoria3
1267 462 1430 497 similiter
1451 469 1571 496 autem
1593 472 1659 494 nec

102 523 344 569 opini03ergo
368 522 477 555 etiam
498 531 614 566 neque
637 519 781 553 credere
804 527 857 552 est
880 518 1118 552 meritorium.

175 587 203 621 3.
227 576 461 610 PRAETEREA.
481 573 544 607 Ille
563 572 624 618 qui
642 573 788 606 assentit
807 571 912 606 alicui
930 571 992 613 rei,
1012 570 1203 611 credendo,
1223 578 1282 603 aut
1300 569 1407 603 habet
1426 579 1573 602 causam
1592 567 1661 602 suf-

102 629 262 663 ficienter
282 628 515 662 inducentem
536 627 654 672 ipsum
678 625 721 659 ad
744 625 977 666 credendum,
1000 632 1060 657 aut
1080 635 1172 657 non:
1193 624 1221 657 si
1240 623 1347 657 habet
1365 622 1544 657 sufficiens
1563 621 1662 655 indu-

103 683 237 717 ctivum
260 682 302 716 ad
326 681 556 721 credendum,
578 690 651 713 non
674 678 812 712 videtur
834 679 904 712 hoc
928 679 960 712 ei
982 689 1058 712 esse
1081 677 1327 718 meritorium3
1350 676 1432 722 quia
1454 686 1528 709 non
1550 683 1602 709 est
1629 675 1661 708 ei

101 737 174 782 iam
188 735 340 769 liberum
356 735 513 775 credere,
528 740 562 766 et
575 743 649 766 non
665 732 826 766 credere:
846 732 873 766 si
894 739 1014 766 autem
1032 742 1106 764 non
1121 731 1227 764 habet
1242 729 1422 763 sufficiens
1436 728 1660 762 inductivum

103 790 145 824 ad
162 789 392 830 credendum,
407 787 560 822 levitatis
580 794 631 820 est
650 786 806 827 credere,
825 785 1024 819 secundum
1042 784 1129 818 illud
1148 784 1258 818 Eccli.
1282 794 1352 830 19.:
1374 784 1444 827 Qui
1462 784 1523 817 cito
1546 782 1659 823 credit,

103 844 180 878 levis
201 848 245 878 est
265 842 381 877 corde:
404 850 440 876 et
461 841 511 876 sic
533 851 606 874 non
628 839 768 873 videtur
790 850 866 873 esse
889 839 1133 880 meritorium3
1156 848 1243 884 ergo
1266 837 1410 871 credere
1429 834 1529 869 nullo
1549 835 1659 869 modo

104 905 157 932 est
177 896 413 930 meritorium.

175 950 249 984 SED
272 959 427 984 CONTRA
450 956 512 990 est,
536 947 632 993 quod
655 946 785 980 dicitur
807 946 850 980 ad
873 946 981 980 Hebr.
1008 956 1076 979 11.:
1100 945 1196 991 quod
1221 945 1325 979 sancti
1347 950 1406 989 per
1432 942 1529 987 fidem
1555 942 1662 988 adepti

103 1009 177 1039 sunt
199 1004 479 1049 repromissiones:
503 1001 599 1047 quod
620 1011 694 1034 non
717 1008 820 1041 esset,
847 999 915 1033 nisi
945 999 1123 1033 credendo
1154 1006 1395 1039 mererentur3
1426 1007 1513 1041 ergo
1543 996 1661 1042 ipsum

105 1057 248 1092 credere
270 1064 324 1090 est
345 1055 583 1090 meritorium.

174 1110 402 1144 ResPONDEo
425 1108 629 1149 dicendum,
653 1107 761 1153 quod,
784 1107 875 1141 sicut
897 1118 1002 1152 supra
1025 1106 1161 1140 dictum
1189 1114 1241 1139 θεῖ
1269 1106 1357 1150 (1-2.
1390 1117 1418 1150 q.
1448 1115 1516 1148 114.
1544 1108 1607 1137 art.
1634 1115 1661 1148 3.

105 1170 134 1199 et
153 1165 216 1208 4.)‚
239 1171 339 1197 actus
367 1162 481 1196 nostri
507 1170 590 1195 sunt
620 1161 806 1202 meritorii,
836 1161 1050 1206 inquantum
1080 1159 1279 1205 procedunt
1306 1171 1347 1192 ex
1377 1158 1489 1192 libero
1519 1156 1662 1190 arbitrio

106 1225 207 1251 moto
229 1228 248 1250 a
270 1217 350 1250 Deo
372 1226 434 1261 per
461 1215 632 1260 gratiam3
656 1215 749 1248 unde
773 1214 891 1247 omnis
914 1222 1014 1247 actus
1043 1214 1236 1254 humanus,
1264 1212 1323 1258 qui
1346 1212 1529 1256 subjicitur
1550 1210 1663 1244 libero

107 1271 262 1312 arbitrio,
285 1270 313 1303 si
335 1270 378 1304 sit
400 1268 531 1302 relatus
550 1269 585 1302 in
604 1268 735 1309 Deum,
755 1276 873 1313 potest
894 1268 1100 1301 meritorius
1122 1277 1217 1301 esse:
1240 1267 1357 1311 ipsum
1379 1273 1500 1299 autem
1520 1264 1663 1297 credere

107 1332 159 1358 est
181 1331 279 1358 actus
299 1322 502 1357 intellectus
520 1322 743 1356 assentientis
761 1321 901 1355 veritati
921 1321 1060 1354 divinae
1081 1332 1122 1354 ex
1147 1320 1300 1366 imperio
1326 1318 1521 1352 voluntatis
1541 1329 1560 1351 a
1582 1317 1664 1350 Deo

108 1385 228 1411 motae
250 1388 311 1422 per
333 1376 503 1421 gratiam:
527 1383 561 1409 et
582 1375 631 1409 sic
654 1375 814 1419 subjacet
835 1374 947 1408 libero
971 1374 1115 1408 arbitrio
1138 1374 1174 1407 in
1196 1373 1321 1407 ordine
1345 1372 1388 1406 ad
1406 1373 1546 1413 Deum3
1570 1370 1663 1404 unde

109 1438 207 1464 actus
230 1429 311 1463 fidei
332 1437 449 1474 potest
470 1440 546 1462 esse
568 1428 783 1462 meritorius.

180 1484 238 1517 AD
260 1493 407 1517 PRIMUM
427 1493 512 1527 ergo
533 1482 736 1523 dicendum,
756 1480 852 1526 quod
871 1489 997 1514 natura
1017 1488 1247 1526 comparatur
1265 1479 1309 1513 ad
1329 1479 1554 1519 charitatem,
1573 1488 1664 1523 quae

112 1544 164 1570 est
185 1536 346 1570 merendi
367 1535 594 1581 principium,
616 1534 705 1568 sicut
728 1534 878 1567 materia
905 1534 947 1567 ad
974 1533 1146 1567 formam:
1174 1533 1261 1566 fides
1289 1540 1408 1566 autem
1436 1539 1665 1577 comparatur

112 1590 155 1623 ad
177 1589 400 1629 charitatem,
422 1588 513 1622 sicut
531 1587 716 1633 dispositio
740 1587 958 1633 praecedens
981 1587 1146 1620 ultimam
1168 1586 1336 1620 formam.
1358 1585 1590 1619 Manifestum
1613 1592 1665 1617 est

112 1651 243 1684 autem,
265 1642 360 1687 quod
382 1642 593 1685 subjectum,
615 1640 673 1674 vel
699 1640 848 1674 materia
875 1651 949 1673 non
974 1648 1092 1686 potest
1114 1651 1230 1685 agere,
1256 1639 1325 1672 nisi
1350 1639 1479 1672 virtute
1506 1637 1664 1678 formae3

110 1707 226 1741 neque
248 1696 356 1729 etiam
378 1695 563 1740 dispositio
586 1694 814 1740 praecedens,
839 1701 1031 1738 antequam
1050 1693 1167 1726 forma
1187 1693 1369 1726 adveniat:
1393 1692 1453 1726 sed
1473 1699 1665 1737 postquam

109 1748 226 1782 forma
249 1748 442 1788 advenerit,
463 1755 538 1781 tam
560 1748 771 1791 subjectum,
795 1758 903 1792 quam
925 1747 1112 1792 dispositio
1135 1746 1353 1792 praecedens
1376 1745 1448 1790 agit
1474 1745 1509 1778 in
1536 1745 1665 1778 virtute

110 1801 259 1843 formae,
281 1812 372 1846 quae
395 1809 447 1835 est
465 1800 660 1846 principale
683 1799 813 1844 agendi
835 1799 1069 1845 principium3
1094 1800 1185 1833 sicut
1207 1799 1306 1833 calor
1327 1799 1419 1844 ignis
1442 1799 1515 1844 agit
1535 1798 1571 1831 in
1601 1799 1667 1831 vir-

109 1862 182 1889 tute
203 1853 342 1888 formae
364 1853 623 1895 substantiali53
646 1853 695 1887 sic
719 1864 805 1897 ergo
828 1863 943 1898 neque
965 1861 1103 1894 natura,
1131 1863 1247 1898 neque
1277 1852 1364 1886 fides
1387 1852 1462 1886 sine
1493 1851 1666 1884 charitate

110 1915 259 1954 possunt
284 1907 481 1952 producere
509 1914 630 1940 actum
657 1905 900 1940 meritorium:
934 1906 1008 1947 sed,
1043 1905 1216 1940 charitate
1250 1905 1536 1951 superveniente,
1567 1913 1666 1938 actus

110 1961 192 1995 fidei
217 1960 255 1994 fit
276 1959 480 1994 meritorius
506 1971 567 2005 per
590 1959 814 2000 charitatem,
836 1959 927 1993 sicut
948 1967 982 1993 et
1005 1967 1104 1993 actus
1126 1967 1284 2002 naturae,
1308 1967 1342 1992 et
1369 1966 1468 1992 actus
1495 1957 1666 1991 naturalis

110 2014 211 2048 liberi
231 2013 374 2048 arbitrii.

181 2068 240 2102 AD
262 2077 468 2102 SECUNDUM
489 2066 694 2107 dicendum,
721 2066 817 2111 quod
844 2065 879 2099 in
906 2065 1054 2099 scientia
1081 2066 1143 2100 duo
1171 2074 1320 2112 possunt
1344 2065 1581 2099 considerari:
1603 2065 1667 2098 sci-

113 2121 197 2156 licet
216 2121 291 2167 ipse
314 2132 454 2154 assensus
475 2119 645 2154 scientiae
667 2119 703 2152 in
725 2130 801 2153 rem
823 2119 964 2159 scitam,
987 2127 1021 2153 et
1041 2120 1257 2154 consideratio
1280 2119 1330 2153 rei
1352 2119 1478 2153 scitae:
1501 2130 1665 2152 assensus

113 2182 233 2208 autem
254 2173 425 2208 scientiae
446 2184 520 2207 non
542 2173 725 2218 subjicitur
746 2172 859 2206 libero
888 2172 1053 2215 arbitrio;
1076 2173 1158 2219 quia
1180 2173 1295 2207 sciens
1318 2173 1459 2218 cogitur
1481 2172 1523 2205 ad
1552 2184 1667 2206 assen-

111 2228 270 2262 tiendum
286 2238 348 2273 per
363 2226 562 2260 efficaciam
575 2225 907 2260 demonstrationis:
926 2234 960 2260 et
974 2225 1056 2260 ideo
1072 2238 1238 2260 assensus
1253 2227 1423 2260 scientiae
1440 2237 1514 2260 non
1529 2233 1581 2259 est
1595 2237 1667 2259 me-

112 2281 273 2315 ritorius:
297 2280 358 2314 sed
381 2279 622 2314 consideratio
642 2279 791 2313 actualis
809 2280 859 2313 rei
877 2279 987 2313 scitae
1006 2280 1166 2325 subjacet
1183 2279 1294 2313 libero
1315 2279 1478 2313 arbitrio:
1499 2287 1551 2313 est
1569 2278 1663 2312 enim

111 2334 148 2368 in
169 2342 344 2380 potestate
365 2333 524 2367 hominis
546 2333 785 2373 considerare,
807 2331 865 2366 vel
885 2343 959 2366 non
981 2333 1227 2375 considerare3
1259 2341 1293 2367 et
1320 2333 1402 2367 ideo
1426 2331 1665 2366 consideratio

113 2388 282 2422 scientiae
304 2395 421 2433 potest
442 2397 519 2420 esse
542 2386 736 2427 meritoria,
759 2386 788 2420 si
808 2385 980 2420 referatur
1001 2387 1044 2420 ad
1071 2386 1181 2420 finem
1209 2387 1402 2428 charitatis,
1423 2387 1514 2420 idest
1541 2386 1584 2420 ad
1605 2386 1668 2419 ho-

113 2452 239 2474 norem
262 2440 342 2481 Dei,
363 2439 421 2473 vel
442 2439 633 2473 utilitatem
654 2439 826 2485 proximi:
848 2439 910 2473 sed
932 2441 967 2473 in
989 2439 1057 2473 fide
1080 2448 1271 2485 utrumque
1293 2440 1451 2485 subjacet
1473 2440 1586 2473 libero
1617 2450 1668 2472 ar-

112 2494 236 2536 bitri03
259 2501 293 2527 et
313 2493 407 2534 ideo,
429 2500 603 2538 quantum
625 2492 668 2526 ad
691 2499 893 2537 utrumque,
913 2499 1011 2526 actus
1030 2492 1113 2527 fidei
1130 2501 1247 2539 potest
1265 2504 1341 2527 esse
1361 2492 1582 2527 meritorius:
1605 2492 1666 2526 sed

115 2547 237 2593 opinio
258 2558 332 2580 non
353 2546 461 2579 habet
481 2545 627 2579 firmum
649 2556 851 2579 assensum:
874 2553 927 2579 est
948 2545 1044 2579 enim
1067 2546 1237 2591 quiddam
1268 2546 1394 2587 debile,
1417 2554 1451 2579 et
1471 2545 1666 2586 infirmum,

115 2600 313 2634 secundum
334 2599 471 2633 Philos.
492 2599 528 2632 in
555 2610 582 2632 1.
601 2599 738 2633 Poster.
759 2598 834 2642 (tex.
854 2599 940 2643 44),
960 2599 1053 2632 unde
1071 2610 1145 2632 non
1163 2599 1302 2633 videtur
1320 2599 1514 2644 procedere
1534 2609 1575 2632 ex
1593 2609 1669 2644 per-

115 2653 207 2688 fecta
223 2652 427 2686 voluntate:
446 2660 480 2685 et
497 2653 547 2686 sic
563 2662 604 2685 ex
618 2660 717 2697 parte
736 2663 900 2686 assensus
919 2663 992 2685 non
1010 2652 1165 2686 multum
1184 2652 1322 2686 videtur
1339 2652 1471 2685 habere
1490 2651 1667 2686 rationem

116 2707 252 2748 meriti;
273 2706 335 2740 sed
357 2718 399 2740 ex
421 2713 519 2751 parte
542 2705 839 2739 considerationis
862 2705 1010 2739 actualis
1032 2713 1150 2750 potest
1171 2705 1355 2738 meritoria
1377 2715 1464 2738 esse.

187 2761 246 2794 AD
269 2769 439 2794 TERTIUM
462 2759 665 2800 dicendum,
689 2758 784 2804 quod
806 2757 865 2791 ille
887 2759 947 2803 qui
969 2758 1092 2799 credit,
1113 2758 1221 2791 habet
1242 2757 1420 2791 sufficiens
1442 2757 1665 2792 inductivum

119 2814 161 2847 ad
183 2813 418 2847 credendum:
437 2811 616 2845 inducitur
634 2811 729 2846 enim
749 2811 959 2845 auctoritate
978 2811 1118 2844 divinae
1138 2811 1323 2845 doctrinae
1342 2810 1523 2845 miraculis
1543 2811 1668 2845 confir-

117 2874 245 2910 matae,
269 2874 314 2911 et,
336 2865 431 2914 quod
454 2864 532 2910 plus
554 2872 617 2906 est,
639 2864 800 2899 interiori
820 2864 988 2898 instinctu
1010 2864 1079 2897 Dei
1100 2863 1300 2906 invitantisg
1322 2864 1415 2898 unde
1442 2875 1516 2898 non
1542 2863 1667 2899 leviter
