1859 3122
550 173 771 209 QUAESTIO
806 173 903 203 CLV.
936 171 1180 203 ARTICULUS
1213 171 1270 201 IV.
1584 171 1693 215 1017

206 254 266 289 AD
288 264 436 289 PR1MUM
460 265 547 300 ergo
570 255 776 296 dicendum,
798 254 895 301 quod
915 254 1109 288 auctoritas
1124 252 1185 287 illa
1200 260 1317 299 potest
1335 252 1510 299 duplicilcr
1523 251 1696 297 intelligi:

136 319 200 342 uno
221 308 327 348 modo,
354 309 554 342 secundum
573 308 669 354 quod
693 308 865 353 accipitur
887 307 1119 349 continentia,
1147 314 1252 353 prout
1279 306 1431 340 abstinet
1457 306 1499 339 ab
1528 305 1697 339 omnibus

136 361 314 403 venereis;
337 369 370 395 et
391 361 461 395 hoc
483 362 593 395 modo
616 362 755 403 dicitur,
779 361 875 407 quod
894 362 998 395 omnis
1015 360 1210 407 ponderczlio
1226 372 1290 393 nou
1306 364 1348 393 est
1362 359 1461 403 digua
1476 360 1607 393 animae
1621 371 1698 393 cou-

137 415 268 449 tinentis
288 414 323 448 in
343 426 473 459 genere
497 415 687 457 castitati53
709 415 791 460 quia
813 426 878 448 nec
903 414 1011 448 etiam
1028 413 1253 448 foecunditas
1269 413 1396 454 carnis,
1411 424 1502 458 quae
1517 412 1699 458 quaeritur

135 467 171 501 in
187 467 433 509 matrimonio,
454 469 671 513 adaequatur
693 467 936 502 continentiae
957 467 1135 511 virginali,
1154 466 1211 500 vel
1226 466 1371 508 viduali,
1387 473 1423 499 ut
1442 477 1547 512 supra
1562 466 1698 499 dictum

137 528 191 554 est
213 520 258 566 (q.
286 532 351 566 152.
374 527 439 555 art.
463 533 493 565 4.
517 527 546 555 ct
565 522 631 566 5.).·
655 521 720 555 alio
756 521 849 555 modo
877 529 995 566 potest
1021 520 1183 564 intelligi,
1211 520 1410 554 secundum
1439 520 1534 565 quod
1563 530 1698 553 nornen

138 574 380 608 continentiae
400 575 552 608 sumitur
576 575 817 609 communiter
839 586 904 620 pro
933 574 1033 607 omni
1063 573 1276 607 abstinentia
1308 584 1326 606 a
1354 573 1459 606 rebus
1489 572 1639 614 illicitis3
1667 580 1701 606 et

137 626 188 661 sic
212 627 351 669 dicitur,
374 628 470 673 quod
493 628 612 661 omnis
634 628 846 674 ponderatio
869 638 943 660 non
970 635 1021 660 est
1052 627 1159 671 digna
1190 626 1333 659 animae
1362 626 1591 667 continentis,
1619 625 1701 670 quia

137 691 211 714 non
230 680 357 726 recipit
379 681 669 715 aestimationem
692 681 779 722 auri,
801 680 859 714 vel
886 680 1033 725 argenti,
1061 691 1151 725 quae
1180 687 1452 713 commutantur
1479 679 1522 713 ad
1548 678 1701 724 pondus.

210 734 270 768 AD
292 744 498 768 SECUNDUM
522 734 727 775 dicendum,
749 734 845 779 quod
868 733 1080 778 magnitudo
1104 732 1431 778 concupiscentiae,
1454 743 1515 766 seu
1538 731 1702 766 debilitas

140 787 216 832 ejus
239 798 280 821 ex
302 786 426 833 duplici
456 798 564 821 causa
595 787 790 832 procedere
819 794 956 832 potest:
987 785 1178 831 quaudoque
1209 785 1305 819 enim
1336 785 1499 831 procedit
1529 796 1570 819 ex
1593 795 1702 819 causa

141 839 341 884 corporali:
364 839 511 886 quidam
534 840 628 873 enim
653 851 694 873 ex
715 838 870 873 naturali
892 838 1145 884 complexione
1167 846 1249 872 sunt
1275 838 1390 883 magis
1419 838 1523 884 proni
1550 838 1593 872 ad
1621 849 1704 872 con-

140 893 411 939 cupiscendum,
439 904 546 939 quarn
575 892 652 926 alii:
681 900 716 926 et
741 893 871 926 iterum
899 892 1045 938 quidam
1071 892 1205 925 habent
1232 893 1517 937 opportunitates
1552 891 1705 926 delecta-

138 946 281 980 tionum
303 947 635 992 concupiscentiam
657 945 925 979 inflammantes
947 945 1063 990 magis
1086 953 1238 990 paratas,
1261 957 1369 991 quam
1393 945 1471 987 alii,
1491 954 1525 980 et
1545 945 1626 979 talis
1648 945 1704 979 de-

140 999 258 1033 bilitas
277 999 595 1045 concupiscentiae
618 999 786 1032 diminuit
807 999 993 1040 meritum;
1017 999 1230 1043 magnitudo
1248 1009 1335 1032 vero
1358 1007 1484 1043 auget,
1511 998 1704 1044 quandoque

139 1063 226 1087 vero
253 1053 428 1094 debilitas,
455 1052 514 1087 vel
545 1051 757 1098 magnitudo
787 1051 1101 1097 concupiscentiae
1128 1051 1295 1096 provenit
1324 1062 1365 1084 ex
1395 1063 1502 1085 causa
1529 1051 1705 1097 spirituali

140 1105 323 1148 laudabili,
345 1113 429 1152 puta
451 1116 492 1139 ex
513 1105 744 1139 vehementia
767 1104 961 1146 charitatis,
979 1103 1037 1138 vel
1058 1103 1265 1138 fortitudine
1288 1104 1448 1145 rationis,
1471 1105 1563 1138 sicut
1589 1113 1642 1138 est
1667 1105 1704 1138 in

140 1159 291 1193 homine
319 1166 540 1204 temperat03
571 1166 605 1192 et
630 1158 701 1191 hoc
728 1158 839 1191 modo
867 1157 1030 1191 debilitas
1057 1157 1373 1203 concupiscentiae
1400 1165 1508 1203 auget
1534 1157 1703 1192 meritum

141 1213 280 1246 ratione
301 1223 387 1246 suae
409 1222 558 1254 causae;
581 1210 794 1257 magnitudo
816 1221 902 1244 vero
925 1210 1066 1245 minuit.

212 1266 272 1299 AD
295 1275 466 1299 TERTtUM
488 1264 692 1313 dicendum,
715 1264 811 1310 quod
833 1263 1000 1298 voluntas
1018 1264 1256 1310 propinquior
1277 1272 1330 1298 est
1351 1264 1492 1306 rationi,
1521 1275 1630 1310 quarn
1651 1264 1705 1299 vis

144 1318 454 1364 concupiscibilis;
482 1318 575 1351 unde
602 1318 740 1352 bonum
769 1317 929 1359 rationis,
960 1328 1002 1351 ex
1031 1329 1103 1363 quo
1132 1318 1244 1351 virtus
1273 1317 1450 1359 laudatur,
1477 1319 1594 1363 majus
1628 1329 1706 1352 esse

144 1372 342 1406 ostenditur
364 1383 407 1406 ex
427 1371 511 1413 hoc,
534 1371 630 1417 quod
652 1370 819 1416 pertingit
837 1382 911 1404 non
933 1370 1052 1404 solum
1075 1382 1188 1416 usque
1204 1370 1248 1404 ad
1266 1370 1503 1412 voluntatem,
1518 1371 1580 1405 sed
1595 1371 1705 1405 etiam

144 1436 256 1471 usque
279 1425 323 1458 ad
343 1425 419 1458 vim
441 1423 773 1470 concupiscibilem,
795 1424 892 1469 quod
914 1424 1044 1457 accidit
1064 1424 1100 1457 in
1123 1435 1166 1458 eo
1189 1423 1250 1469 qui
1272 1432 1324 1458 est
1345 1431 1575 1469 temperatus,
1595 1435 1704 1470 quarn

145 1478 177 1513 si
197 1478 377 1524 pertingat
397 1478 517 1512 solum
537 1477 580 1511 ad
601 1477 840 1519 voluntatem,
862 1485 900 1511 ut
922 1477 1052 1511 accidit
1069 1477 1106 1511 in
1127 1488 1171 1511 eo
1193 1477 1255 1523 qui
1276 1485 1329 1511 est
1347 1477 1548 1512 continens.

646 1746 1000 1807 QUAESTIO
1043 1746 1214 1792 CLVI.

271 1870 335 1900 DE
361 1869 755 1908 INCONTINENTIA,
786 1869 837 1900 IN
863 1868 1090 1908 QUATUOR
1115 1868 1377 1900 ARTICULOS
1404 1868 1578 1899 DIVISA.

219 2008 351 2043 Postea
373 2008 676 2043 considerandum
698 2017 751 2043 est
771 2008 814 2043 de
835 2008 1106 2043 incontinentia.

610 2098 653 2131 Et
673 2098 763 2132 circa
784 2097 843 2131 hoc
864 2101 1071 2142 quaeruntur
1092 2101 1246 2142 quatuor.

221 2169 357 2203 Primo.
379 2168 512 2202 Utrum
532 2168 793 2202 incontinentia
810 2168 984 2214 pertineat
1006 2168 1048 2201 ad
1071 2168 1243 2210 animam,
1266 2166 1323 2201 vel
1345 2166 1388 2201 ad
1411 2177 1552 2213 corpus.

223 2222 403 2256 Secundo.
427 2222 559 2256 Utrum
580 2222 840 2255 incontinentia
862 2221 906 2255 sit
926 2229 1130 2266 peccatum.

223 2275 360 2310 Tertio.
383 2276 439 2309 De
459 2275 731 2321 comparatione
752 2274 1033 2309 incontinentiae
1056 2275 1100 2308 ad
1120 2274 1448 2320 intemperantiam.

226 2328 380 2369 Quarto.
404 2328 497 2369 Quis
519 2329 563 2362 sit
582 2328 731 2374 turpior,
753 2336 873 2362 utrum
893 2328 1122 2362 incontinens
1142 2328 1228 2369 irae,
1249 2327 1308 2361 vel
1333 2327 1560 2361 incontinens
1583 2337 1714 2360 concu-

152 2390 359 2429 piscentiae.

729 2504 1074 2550 ARTICULUS
1107 2505 1140 2546 1.
1647 2513 1714 2559 758

199 2613 353 2643 UTRUM
379 2611 731 2642 INCONTINENTIA
755 2611 998 2643 PERTINEAT
1026 2613 1084 2641 AD
1108 2611 1292 2650 ANIMAM,
1326 2611 1383 2640 AN
1409 2610 1467 2638 AD
1497 2609 1679 2640 CORPUS.

227 2700 286 2733 AD
317 2710 465 2734 PRIMUM
491 2698 542 2733 sic
563 2698 779 2744 proceditur.
800 2698 962 2740 Videtur,
984 2698 1081 2744 quod
1106 2697 1367 2731 incontinentia
1388 2707 1461 2729 non
1480 2695 1656 2741 pertineat
1673 2695 1718 2729 ad

158 2753 330 2794 animam,
353 2752 415 2786 sed
437 2752 481 2786 ad
504 2762 654 2798 corpus:
677 2751 862 2786 diversitas
885 2752 981 2786 enim
1009 2762 1159 2786 sexuum
1185 2762 1259 2784 non
1287 2758 1339 2792 est
1365 2761 1406 2783 ex
1431 2757 1530 2795 parte
1553 2749 1717 2790 animae3

157 2807 219 2840 sed
241 2817 283 2840 ex
303 2814 403 2851 parte
426 2805 606 2850 corporis:
629 2805 690 2839 sed
718 2805 902 2840 diversitas
928 2816 1079 2839 sexuum
1104 2804 1190 2838 facit
1215 2803 1459 2838 diversitatem
1481 2802 1576 2836 circa
1596 2802 1721 2836 incon-

156 2859 364 2894 tinentiam:
386 2859 472 2893 dicit
493 2859 590 2893 enim
611 2857 747 2893 Philos.
765 2858 803 2892 in
821 2869 853 2904 7.
874 2858 990 2893 Ethic.
1013 2859 1101 2904 (cap.
1119 2858 1178 2904 5.),
1195 2856 1292 2904 quod
1314 2855 1483 2891 mulieres
1504 2866 1579 2890 non
1598 2855 1718 2889 dicun-
