1859 3122
466 176 683 213 QUAESTIO
714 176 829 206 XXVI.
863 175 1106 206 ARTICULUS
1138 177 1194 206 VI.
1528 174 1607 204 221

61 258 219 293 ctionem
253 258 455 305 aliquorum
486 258 659 300 aliorum;
683 258 775 293 unde
806 258 918 292 Levit.
950 268 1004 292 20.
1032 257 1258 304 praecipitur,
1281 256 1377 303 quod
1399 257 1455 302 qui
1479 255 1615 290 maledi-

59 314 144 346 xerit
160 314 264 359 patri,
287 318 345 347 aut
365 314 480 355 matri,
502 317 605 347 morti:
626 314 817 352 moriatur,·
840 312 936 357 quod
957 322 1031 345 non
1053 311 1267 357 praecipitur
1288 310 1331 344 de
1352 309 1420 351 his,
1442 309 1503 355 qui
1524 309 1614 343 alios

59 365 228 400 homines
259 365 497 407 maledicunt3
520 377 606 411 ergo
634 365 810 411 quosdam
838 365 1085 410 proximorum
1114 364 1286 398 debemus
1312 364 1428 408 magis
1455 362 1616 407 diligere,

60 430 167 464 quam
195 418 295 453 alios.

131 472 358 507 RESPONDEO
386 472 591 513 dicendum,
619 472 713 517 quod
742 471 869 517 duplex
893 471 1015 516 opinio
1039 471 1134 504 circa
1155 470 1225 504 hoc
1248 469 1327 504 fuit:
1352 469 1498 515 quidam
1520 468 1613 502 enirn

59 525 232 567 dixerunt,
256 527 351 571 quod
375 536 501 559 omnes
520 525 673 571 proximi
693 533 774 559 sunt
793 524 986 570 acqualiter
1002 536 1043 558 ex
1059 523 1232 558 charitate
1252 523 1424 567 diligendi
1442 530 1614 568 quantum

60 578 103 612 ad
127 577 307 620 affectum,
333 579 395 613 sed
421 590 494 613 non
521 587 694 624 quantum
722 578 765 612 ad
794 578 1007 612 exteriorem
1035 577 1223 618 effectum3
1251 585 1424 622 ponentes
1451 576 1616 610 ordinem

59 631 260 666 dilectionis
283 643 360 666 esse
383 632 656 675 intelligendum
680 632 877 666 secundum
901 632 1077 665 exteriora
1103 629 1287 670 beneficia,
1311 641 1400 675 quae
1424 630 1539 674 magis
1562 629 1618 662 de-

57 685 183 719 bemus
205 686 412 731 impendere
435 685 618 730 proximis,
641 696 749 731 quam
773 684 913 726 alienis;
932 695 1005 718 non
1033 692 1154 718 autem
1180 682 1379 717 secundum
1406 682 1615 716 interiorem

60 737 240 780 affectum,
263 750 370 784 quem
385 738 582 784 aequaliter
599 739 771 772 debemus
792 737 1001 783 impendere
1024 737 1203 778 omnibus,
1226 737 1334 770 etiam
1356 736 1530 770 inimicis:
1553 736 1615 771 sed

35 791 129 828 ‚hoc
151 791 440 826 irrationabiliter
461 791 607 826 dicitur:
630 803 704 825 non
726 791 823 825 enim
845 791 963 825 minus
980 798 1032 824 est
1046 791 1230 824 ordinatus
1252 789 1400 823 affectus
1422 789 1616 830 charitatis,

58 846 117 890 qui
139 853 192 879 est
211 845 396 879 inclinatio
419 845 566 890 gratiae,
589 856 697 890 quam
731 845 906 890 appetitus
932 843 1116 885 naturalis,
1143 844 1204 889 qui
1227 851 1279 877 est
1305 842 1491 876 inclinatio
1513 850 1614 876 natu-

58 908 137 940 rae3
153 906 300 944 utraque
322 898 419 932 enim
440 898 626 932 inclinatio
648 910 690 932 ex
712 898 832 932 divina
853 897 1026 944 sapientia
1046 897 1226 943 procedit:
1248 897 1413 930 videmus
1436 903 1557 930 autem
1579 895 1615 929 in

58 951 290 993 naturalibus,
317 952 412 997 quod
440 951 627 986 inclinatio
661 951 832 985 naturalis
866 951 1160 997 proportionatur
1183 950 1288 992 actui,
1315 949 1374 984 vel
1399 949 1526 991 motui,
1556 949 1617 995 qui

60 1005 227 1039 convenit
253 1013 400 1039 naturae
427 1005 726 1051 uniuscujusque:
754 1005 846 1039 sicut
871 1012 966 1038 terra
998 1004 1107 1038 habet
1135 1005 1313 1049 majorem
1342 1003 1616 1037 inclinationem

60 1058 253 1104 gravitatis,
275 1070 383 1104 quam
407 1070 517 1104 aqua,
540 1059 622 1104 quia
644 1058 819 1104 competit
845 1058 875 1092 ei
903 1069 981 1092 esse
1002 1058 1068 1092 sub
1091 1069 1201 1103 aqua:
1225 1065 1368 1103 oportet:
1393 1068 1492 1102 ergo,
1521 1055 1617 1102 quod

60 1111 168 1146 etiam
188 1111 374 1145 inclinatio
397 1112 543 1157 gratiae,
560 1123 651 1158 quae
666 1119 719 1146 est
737 1110 884 1145 affectus
908 1111 1101 1152 charitatis,
1124 1111 1416 1157 proportionetur
1436 1110 1503 1152 his,
1526 1121 1617 1155 quae

60 1172 141 1198 sunt
162 1165 314 1200 exterius
337 1165 487 1210 agenda,
513 1165 561 1198 ita
584 1165 721 1199 scilicet
746 1173 784 1199 ut
811 1164 853 1198 ad
881 1175 943 1198 eos
969 1165 1204 1198 intensiorem
1234 1164 1417 1198 charitatis
1447 1163 1618 1197 affectum

59 1217 268 1260 habeamus,
291 1219 417 1264 quibus
439 1219 609 1252 convenit
630 1230 705 1252 nos>
719 1218 834 1263 magis
851 1217 1034 1252 beneficos
1059 1229 1156 1260 esse;
1179 1226 1214 1251 et
1234 1217 1316 1252 ideo
1336 1217 1530 1251 dicendum
1553 1223 1617 1258 est,

60 1271 156 1317 quod
171 1272 279 1305 etiarn
294 1272 491 1306 secundum
507 1271 675 1306 affectum
691 1280 834 1318 oportet
848 1272 964 1317 magis
978 1283 1091 1305 unum
1106 1271 1366 1317 proximorum,
1383 1282 1491 1316 quam
1506 1269 1617 1304 alium

62 1324 227 1370 diligere3
250 1333 284 1359 et
304 1326 395 1359 ratio
418 1334 482 1367 est,
504 1325 587 1371 quia
615 1337 698 1359 cum
724 1325 938 1371 principium
966 1325 1171 1359 dilectionis
1192 1325 1239 1358 sit
1258 1324 1370 1366 Deus,
1393 1332 1428 1358 et
1447 1324 1522 1370 ipse
1545 1323 1619 1357 dili-

61 1389 159 1423 gens,
180 1390 326 1413 necesse
349 1387 401 1413 est
422 1379 519 1424 quod
541 1379 739 1413 secundum
761 1379 1064 1424 propinquitatem
1092 1379 1270 1423 majorem
1292 1378 1336 1412 ad
1359 1377 1511 1412 alterum
1532 1377 1617 1411 isto-

60 1443 140 1465 rum
160 1432 417 1478 principiorum
439 1433 556 1477 maj0r
577 1433 621 1466 sit
642 1432 844 1466 dilectionis
865 1431 1032 1466 affectus:
1055 1431 1147 1466 sicut
1168 1431 1264 1465 enim
1286 1442 1392 1477 supra
1413 1431 1548 1465 dictum
1565 1439 1618 1465 est

62 1483 139 1528 (art.
158 1497 185 1519 Ι.
208 1485 274 1530 huj.
294 1486 339 1531 q.)
362 1485 398 1518 in
421 1486 599 1527 omnibus,
621 1485 657 1518 in
679 1485 818 1531 quibus,
840 1485 1020 1519 invenitur
1042 1485 1189 1530 aliquod
1211 1485 1439 1530 principium,
1458 1484 1547 1518 ordo
1571 1492 1617 1518 at-

59 1537 215 1571 tenditur
236 1538 433 1572 secundum
456 1538 768 1584 comparationem
791 1538 834 1572 ad
853 1538 940 1571 illud
962 1538 1188 1584 principium.

131 1591 190 1625 AD
212 1601 360 1625 PR1MUM
374 1602 459 1636 ergo
479 1591 683 1632 dicendum,
702 1592 798 1637 quod
813 1590 958 1625 dilectio
978 1599 1096 1636 potest
1111 1602 1188 1625 esse
1210 1590 1409 1636 inaequalis
1431 1590 1615 1637 dupliciter:

60 1655 125 1678 uno
149 1644 243 1678 modo
257 1655 298 1678 ex
314 1652 412 1690 parte
427 1645 502 1689 ejus
524 1645 620 1686 boni,
639 1645 736 1690 quod
751 1644 870 1678 amico
887 1653 1075 1689 optamus:
1091 1653 1125 1678 et
1143 1652 1317 1690 quantum
1333 1644 1375 1677 ad
1390 1644 1474 1686 hoc,
1489 1655 1616 1678 omnes

60 1697 230 1732 homines
253 1709 366 1743 aeque
394 1697 576 1743 diligimus
598 1709 640 1731 ex
663 1697 854 1739 charitateg
882 1697 965 1743 quia
987 1697 1154 1731 omnibus
1177 1705 1342 1743 optamus
1363 1697 1499 1731 bonum
1520 1697 1617 1731 idem

60 1751 97 1784 in
119 1762 261 1796 genere,
288 1751 425 1785 scilicet
453 1751 711 1785 beatitudinem
743 1759 947 1785 aeternam:
978 1751 1044 1784 alio
1066 1750 1162 1785 modo
1186 1751 1313 1784 dicitur
1335 1751 1452 1796 major
1472 1750 1617 1785 dilectio

61 1812 206 1850 propter
226 1805 461 1839 intensiorem
484 1813 604 1838 actum
626 1804 849 1839 dilectionis:
872 1812 907 1838 et
927 1805 978 1838 sic
999 1815 1073 1838 non
1096 1811 1239 1850 oportet
1265 1815 1393 1838 omnes
1416 1815 1528 1849 aeque
1546 1803 1620 1837 dili-

62 1869 164 1903 gere:
186 1857 245 1891 vel
267 1857 367 1892 aliter
385 1858 590 1900 dicendum,
612 1858 707 1904 quod
728 1857 872 1891 dilectio
892 1856 1129 1903 inaequaliter
1142 1865 1261 1903 potest
1275 1856 1319 1890 ad
1341 1856 1481 1902 aliquos
1494 1857 1620 1891 haberi

61 1911 254 1956 dupliciter:
272 1923 336 1945 uno
358 1911 453 1945 modo
477 1922 519 1944 ex
541 1922 584 1945 eo
604 1911 699 1957 quod
722 1911 870 1956 quidam
892 1910 1099 1956 diliguntur,
1122 1919 1156 1945 et
1176 1910 1235 1944 alii
1255 1922 1329 1944 non
1351 1910 1565 1955 diliguntur:
1586 1919 1620 1945 et

61 1964 155 1998 hanc
177 1965 286 1998 etiam
307 1964 604 2010 inaequalitatem
626 1972 770 2010 oportet
790 1975 932 1998 servare
953 1964 989 1997 in
1010 1963 1267 2006 beneficentia3
1289 1964 1372 2009 quia
1397 1975 1471 1998 non
1497 1975 1620 2010 possu-

63 2028 142 2052 mus
175 2018 341 2052 omnibus
367 2018 555 2064 prodesse:
583 2018 644 2052 sed
676 2019 713 2051 in
743 2017 1008 2060 benevolentia,
1045 2017 1247 2052 dilectionis
1274 2017 1354 2051 talis
1381 2017 1618 2064 inaequalitas

62 2070 187 2105 haberi
208 2082 283 2105 non
305 2071 426 2106 debet:
450 2072 518 2105 alia
538 2082 625 2105 vero
649 2079 702 2106 est
722 2071 936 2117 inequalitas
958 2070 1161 2105 dilectionis
1184 2082 1225 2105 ex
1247 2071 1331 2112 hoc,
1353 2071 1450 2116 quod
1473 2071 1619 2117 quidam

63 2123 142 2169 plus
158 2123 235 2158 aliis
257 2124 472 2170 diliguntur,
499 2125 722 2170 Augustinus
741 2136 828 2170 ergo
854 2135 929 2158 non
950 2124 1102 2158 intendit
1123 2124 1215 2158 hanc
1239 2123 1427 2158 excludere
1452 2124 1619 2170 inaequa-

64 2176 212 2219 litatem,
237 2178 299 2212 sed
320 2178 498 2224 primam3
521 2186 559 2212 ut
583 2186 681 2224 patet
702 2189 744 2212 ex
765 2178 832 2219 his,
848 2189 939 2224 quae
962 2178 1004 2212 de
1027 2178 1264 2212 beneficentia
1285 2178 1380 2211 dicit.

134 2230 194 2265 AD
220 2241 425 2266 SECUNDUM
444 2231 649 2273 dicendum,
671 2231 767 2277 quod
789 2242 862 2265 non
886 2242 1014 2265 omnes
1035 2232 1191 2277 proximi
1213 2231 1409 2277 aequaliter
1427 2243 1463 2266 se
1484 2231 1619 2266 habent

67 2283 110 2317 ad
134 2283 271 2318 Deum:
293 2284 355 2318 sed
385 2284 531 2330 quidam
553 2293 635 2319 sunt
656 2285 689 2319 ei
718 2285 995 2331 propinquiores
1024 2296 1086 2331 per
1116 2286 1294 2331 majorem
1321 2285 1531 2327 bonitatem,
1559 2286 1618 2331 qui

65 2344 147 2371 sunt
166 2337 280 2383 magis
301 2337 473 2383 diligendi
494 2349 537 2371 ex
559 2338 744 2380 charitate,
767 2349 876 2383 quarn
895 2337 971 2380 alii,
989 2338 1050 2383 qui
1071 2346 1153 2372 sunt
1173 2338 1206 2372 ei
1227 2340 1344 2372 minus
1366 2338 1569 2384 propinqui.

135 2390 196 2424 AD
215 2401 386 2425 TERTIUM
408 2391 613 2433 dicendum,
633 2391 729 2437 quod
751 2391 841 2425 ratio
864 2391 926 2425 illa
949 2392 1114 2443 procedit
1132 2391 1174 2426 de
1196 2392 1393 2437 quantitate
1415 2391 1617 2426 dilectionis

66 2453 108 2477 ex
127 2451 226 2489 parte
247 2444 344 2486 boni,
364 2444 460 2490 quod
479 2444 605 2478 amicis
629 2453 807 2490 optamus.

605 2561 949 2606 ARTICULUS
976 2561 1075 2604 vn.
1549 2582 1613 2618 154

318 2669 469 2699 UTRUM
496 2669 626 2698 MAGIS
654 2669 882 2698 DEBEAMUS
909 2669 1113 2698 DILIGERE
1135 2668 1363 2707 MELIORES,

502 2729 626 2763 QUAM
650 2729 777 2762 NOBIS
806 2728 1175 2770 CONJUNCTIORES.

137 2813 197 2848 AD
219 2824 409 2848 SEPTIMUM
431 2814 481 2848 sic
503 2815 718 2859 proceditur.
740 2814 902 2856 Videtur,
918 2814 1014 2860 quod
1036 2814 1152 2859 magis
1167 2813 1360 2846 debeamus
1383 2812 1531 2859 diligere
1545 2825 1619 2848 me-

73 2865 192 2908 liores,
213 2877 321 2912 quam
342 2867 446 2901 nobis
468 2867 854 2913 conjunctiore33illud
871 2868 967 2901 enim
988 2867 1126 2900 videtur
1148 2877 1225 2900 esse
1248 2866 1363 2911 magis
1381 2866 1616 2912 diligendum,
