1859 3122
199 205 282 234 222
594 204 814 239 QUAESTIO
847 204 965 234 XXVI.
997 204 1241 234 ARTICULUS
1274 204 1346 234 VII.

199 285 295 331 quod
317 285 415 318 nulla
442 285 580 318 ratione
608 285 713 319 debet
739 285 823 320 odio
849 285 985 327 haberi,
1007 297 1115 331 quam
1150 285 1248 327 illud,
1269 285 1366 331 quod
1393 285 1512 331 aliqua
1537 287 1675 320 ratione
1701 294 1754 321 est

200 338 415 372 odiendum:
444 338 536 372 sicut
562 346 596 372 et
623 338 736 372 albius
764 347 826 380 est,
853 339 949 384 quod
976 347 1028 372 est
1053 339 1158 384 nigro
1184 338 1464 384 impermixtius:
1492 339 1554 373 sed
1578 350 1754 385 personae

198 392 302 435 nobis
325 392 539 435 conjunctae
556 399 637 424 sunt
651 392 849 425 secundum
869 392 1027 437 aliquam
1049 392 1224 425 rationem
1242 392 1428 433 odiendae,
1450 392 1648 426 secundum
1665 392 1753 426 illud

199 445 286 478 Luc.
313 455 381 486 14:
405 445 440 479 Si
461 446 531 490 quis
551 446 640 478 venit
661 445 703 478 ad
724 458 785 487 me,
809 451 836 480 ct
858 457 922 478 non
941 445 1162 491 oditpcztrt’m,
1186 450 1215 479 et
1229 450 1380 486 matram,
1405 453 1490 480 etc.:
1511 445 1678 479 homines
1697 457 1755 479 au-

198 505 271 531 tem
294 498 379 531 boni
400 497 500 531 nulla
522 498 660 532 ratione
682 507 764 532 sunt
782 499 945 540 odiendi;
961 509 1047 543 ergo
1069 498 1219 540 videtur,
1239 498 1334 544 quod
1357 497 1525 532 meliores
1547 506 1629 532 sunt
1639 499 1753 544 magis

199 552 358 592 amandi,
380 562 488 596 quam
513 551 792 596 conjunctiores.

271 614 302 638 2.
326 605 562 639 PRAETEREA.
584 604 654 638 Per
676 605 888 638 charitatem
910 605 1023 638 homo
1046 604 1203 638 maxime
1225 605 1306 639 Deo
1323 604 1558 640 assimilatur:
1580 604 1641 639 sed
1654 605 1754 639 Deus

199 657 315 703 diligit
336 657 452 703 magis
475 657 688 698 meliorem:
712 669 799 703 ergo
822 667 856 692 et
869 658 983 692 homo
999 669 1060 704 per
1079 658 1290 692 charitatem
1312 658 1427 703 magis
1443 658 1548 692 debet
1564 658 1754 692 meliorem

199 711 361 757 diligere,
383 722 492 757 quarn
515 711 580 744 sibi
603 712 903 756 conjunctiorem.

272 776 300 810 3.
323 764 559 799 PRAETEREA.
584 764 792 798 Secundum
808 776 1100 810 unamquamque
1116 764 1313 798 amicitiam
1331 763 1419 798 illud
1431 772 1484 798 est
1505 764 1620 810 magis
1636 775 1756 798 arnan-

199 818 296 859 dum,
319 818 414 863 quod
436 818 552 863 magis
567 818 719 863 pertinet
741 818 784 851 ad
806 818 852 859 id,
867 829 973 864 supra
995 819 1089 864 quod
1107 818 1264 851 amicitia
1277 817 1462 852 fundatur:
1483 818 1640 852 amicitia
1658 817 1754 852 enim

198 871 353 905 naturali
390 871 506 916 magis
538 870 720 916 diligimus
756 882 830 912 eos,
865 872 925 916 qui
958 879 1039 905 sunt
1071 871 1175 905 nobis
1209 871 1325 916 magis
1358 871 1556 904 secundum
1588 879 1754 904 naturam

199 924 393 969 conjuncti,
423 932 508 970 puta
535 932 711 970 parentes,
740 924 799 957 vel
826 924 938 959 filios:
969 924 1030 958 sed
1062 924 1219 957 amicitia
1243 924 1426 958 charitatis
1454 923 1623 958 fundatur
1649 935 1756 972 super

199 978 532 1012 communicatione
555 977 796 1019 beatitudinis,
811 978 854 1010 ad
869 989 979 1023 quarn
998 978 1113 1023 magis
1135 978 1314 1023 pertinent
1327 977 1507 1019 meliores,
1529 989 1637 1023 quam
1650 977 1755 1011 nobis

199 1031 486 1076 conjunctiores3
503 1041 588 1076 ergo
605 1042 648 1064 ex
664 1030 837 1064 charitate
852 1031 968 1077 magis
983 1031 1154 1065 debemus
1170 1031 1319 1077 diligere
1334 1031 1515 1073 meliores,
1529 1043 1638 1077 quarn
1651 1031 1755 1065 nobis

199 1085 477 1130 conjunctiores.

270 1139 344 1173 Si-:D
368 1149 523 1173 CONTRA
546 1146 609 1180 est,
632 1138 728 1184 quod
752 1138 879 1172 dicitur
911 1149 938 1172 1.
963 1138 1006 1172 ad
1029 1137 1125 1171 Tim.
1162 1149 1211 1183 5.:
1237 1138 1272 1172 51·
1293 1139 1364 1184 quis
1392 1150 1539 1181 suorum,
1564 1143 1593 1172 et
1612 1139 1757 1172 maxime

198 1192 449 1227 domsticormn
471 1203 587 1226 curam
609 1203 673 1225 mon
689 1192 794 1233 habat,
810 1191 911 1237 fidem
937 1193 1081 1237 negavit,
1104 1197 1132 1226 et
1150 1197 1192 1226 est
1213 1192 1336 1233 infideli
1354 1191 1517 1226 deterior:
1532 1191 1593 1226 sed
1609 1191 1757 1225 interior

198 1246 380 1280 charitatis
407 1244 550 1279 affectio
578 1245 683 1279 debet
709 1245 926 1290 respondere
954 1245 1123 1279 exteriori
1150 1244 1312 1286 effectui3
1341 1255 1428 1289 ergo
1458 1245 1613 1278 charitas
1640 1244 1756 1290 magis

199 1300 304 1333 debet
324 1299 448 1333 haberi
470 1299 513 1332 ad
536 1298 822 1344 propinquiores,
846 1309 954 1344 quam
978 1299 1020 1332 ad
1043 1297 1223 1332 meliores.

269 1353 498 1387 RESPONDEO
521 1352 725 1393 dicendum,
749 1351 845 1397 quod
868 1352 986 1385 omnis
1008 1359 1106 1385 actus
1129 1359 1271 1396 oportet
1292 1351 1387 1396 quod
1414 1351 1705 1397 proportionetur
1723 1358 1758 1384 et

201 1407 356 1451 objecto,
379 1413 413 1439 et
435 1405 574 1450 agenti:
598 1406 659 1438 sed
679 1416 721 1438 ex
748 1405 890 1449 objecto
916 1405 1025 1438 habet
1050 1404 1220 1450 speciem,
1249 1416 1290 1438 ex
1316 1404 1445 1438 virtute
1472 1411 1593 1438 autem
1619 1404 1757 1449 agentis

201 1460 309 1494 habet
330 1459 481 1492 modum
503 1469 589 1492 suae
611 1458 840 1492 intensionis:
863 1458 955 1492 sicut
984 1466 1104 1491 motus
1130 1458 1238 1491 habet
1264 1457 1423 1502 speciem
1454 1468 1495 1491 ex
1521 1457 1689 1499 termino,
1712 1457 1755 1490 ad

200 1524 308 1559 quern
331 1520 395 1554 est,
417 1512 479 1545 sed
510 1511 751 1545 intensionem
773 1511 976 1545 velocitatis
1005 1511 1113 1545 habet
1135 1522 1176 1545 ex
1198 1510 1434 1556 dispositione
1456 1509 1612 1552 mobilis,
1634 1517 1669 1544 et
1692 1509 1759 1543 vir-

197 1573 272 1600 tute
290 1565 490 1606 moventi53
513 1565 563 1598 sic
586 1575 672 1610 ergo
695 1564 839 1598 dilectio
859 1564 1019 1610 speciem
1040 1564 1149 1598 habet
1175 1574 1217 1597 ex
1243 1564 1399 1609 objecto,
1425 1563 1487 1597 sed
1513 1563 1756 1598 intensionem

198 1620 308 1654 habet
329 1631 370 1653 ex
392 1628 490 1665 parte
512 1619 621 1665 ipsius
637 1618 828 1663 diligentis.
848 1619 1043 1664 Objectum
1059 1627 1177 1652 autem
1196 1618 1427 1652 charitativae
1442 1617 1644 1652 dilectionis
1657 1618 1757 1651 Deus

200 1682 270 1708 est:
293 1674 406 1707 homo
431 1680 551 1706 autem
573 1671 725 1717 diligens
747 1680 816 1714 est3
839 1672 1025 1706 diversitas
1040 1683 1127 1717 ergo
1147 1671 1360 1712 dilectionis,
1379 1682 1470 1717 quae
1485 1679 1539 1705 est
1559 1671 1757 1705 secundum

200 1727 424 1768 charitatem,
447 1733 622 1772 quantum
645 1726 687 1758 ad
709 1725 882 1771 speciem,
910 1732 962 1758 est
989 1725 1204 1759 attendenda
1231 1726 1266 1758 in
1294 1724 1466 1770 proximis
1493 1724 1683 1770 diligendis
1708 1735 1760 1758 se-

202 1781 361 1814 cundum
385 1780 696 1824 comparationem
728 1778 771 1812 ad
792 1778 934 1820 Deum3
957 1786 995 1812 ut
1015 1777 1152 1812 scilicet
1174 1778 1217 1819 ei,
1251 1778 1311 1823 qui
1332 1785 1385 1812 est
1406 1778 1486 1811 Deo
1512 1777 1759 1823 propinquior,

200 1834 316 1878 majus
338 1833 475 1866 bonum
503 1843 544 1865 ex
572 1831 745 1865 charitate
770 1830 941 1866 velimus:
970 1833 1052 1877 quia
1078 1830 1161 1865 licet
1195 1831 1344 1873 bonum,
1371 1830 1468 1876 quod
1496 1830 1663 1864 omnibus
1683 1829 1760 1864 vult

201 1886 369 1926 charitas,
391 1884 528 1919 scilicet
549 1884 733 1918 beatitudo
756 1893 912 1926 aeterna,
935 1884 979 1918 sit
999 1896 1112 1918 unum
1134 1884 1332 1918 secundum
1354 1895 1411 1926 se3
1434 1884 1542 1917 habet
1563 1891 1685 1917 tamen
1707 1883 1759 1917 di-

202 1949 326 1972 versos
349 1937 479 1983 gradus
500 1937 701 1971 secundum
723 1937 881 1971 diversas
895 1937 1122 1971 beatitudinis
1138 1937 1445 1982 participationes:
1476 1944 1509 1970 et
1528 1936 1599 1970 hoc
1617 1936 1660 1969 ad
1679 1936 1760 1969 cha—

201 1993 343 2025 ritatem
376 1990 540 2036 pertinet,
568 1998 606 2024 ut
631 1990 717 2024 velit
742 1990 914 2035 justitiam
948 1990 1018 2024 Dei
1044 1990 1188 2031 servari,
1219 1989 1418 2023 secundum
1450 2000 1559 2035 quam
1588 1989 1759 2023 meliores

202 2044 395 2091 perfectius
417 2043 676 2077 beatitudinem
703 2043 933 2088 participant:
962 2051 997 2076 et
1017 2043 1088 2077 hoc
1115 2043 1268 2089 pertinet
1289 2043 1332 2077 ad
1359 2043 1518 2088 speciem
1540 2042 1758 2077 dilectionis:

204 2105 284 2132 sunt
307 2097 404 2131 enirn
427 2097 586 2130 diversae
609 2095 812 2130 dilectionis
825 2096 961 2141 species
983 2096 1181 2130 secundum
1197 2097 1335 2130 diversa
1349 2096 1456 2137 bona,
1478 2107 1569 2142 quae
1592 2104 1758 2141 optamus

203 2152 272 2193 his,
294 2161 384 2196 quos
407 2150 606 2195 diligimus:
630 2150 690 2183 sed
714 2150 867 2183 intensio
890 2149 1092 2184 dilectionis
1127 2158 1179 2184 est
1203 2150 1418 2184 attendenda
1439 2160 1501 2195 per
1523 2150 1760 2196 comparatio-

204 2215 289 2239 nem
313 2204 355 2237 ad
379 2204 496 2249 ipsum
523 2203 724 2244 hominem,
751 2203 811 2248 qui
839 2202 972 2247 diligit:
1000 2211 1033 2237 et
1059 2203 1258 2237 secundum
1284 2203 1355 2237 hoc
1381 2202 1475 2244 illos,
1502 2203 1561 2249 qui
1587 2211 1669 2237 sunt
1693 2203 1759 2237 sibi

202 2256 490 2304 propinquiores,
510 2256 695 2290 intensiori
715 2255 843 2289 affectu
867 2255 981 2301 diligit
994 2256 1108 2290 homo
1131 2256 1174 2290 ad
1193 2256 1280 2290 illud
1294 2256 1444 2298 bonum,
1459 2255 1501 2289 ad
1517 2256 1613 2301 quod
1631 2267 1758 2290 omnes

206 2311 333 2355 diligit,
355 2321 462 2356 quam
486 2309 656 2343 meliores
678 2309 721 2342 ad
744 2310 859 2353 majus
881 2309 1028 2343 bonum.
1052 2310 1113 2343 Est
1135 2309 1244 2343 etiarn
1270 2309 1318 2342 ibi
1340 2309 1409 2343 alia
1431 2308 1629 2343 differentia
1651 2317 1760 2343 atten-

204 2364 339 2398 denda:
365 2374 450 2397 nam
473 2362 582 2408 aliqui
604 2363 758 2408 proximi
779 2370 861 2396 sunt
882 2363 1071 2408 propinqui
1093 2363 1196 2396 nobis
1215 2363 1413 2396 secundum
1431 2362 1633 2396 naturalem
1655 2362 1760 2408 origi-

205 2429 302 2459 nem,
324 2429 343 2451 a
366 2427 434 2462 qua
456 2415 638 2449 discedere
661 2426 734 2449 non
757 2422 921 2461 possunt:
945 2416 1027 2461 quia
1049 2416 1249 2450 secundum
1271 2427 1351 2450 eam
1370 2423 1452 2450 sunt
1476 2415 1511 2449 id
1533 2416 1629 2461 quod
1655 2423 1757 2450 sunt:

204 2471 265 2505 sed
288 2470 429 2504 bonitas
450 2469 600 2510 virtutis,
622 2469 821 2502 secundum
837 2480 945 2514 quam
968 2469 1076 2515 aliqui
1099 2469 1387 2515 appropinquant
1407 2469 1500 2510 Deo,
1522 2476 1641 2514 potest
1661 2480 1760 2503 acce-

204 2525 298 2566 dere,
321 2532 354 2558 et
373 2522 550 2564 recedere,
574 2522 708 2567 augeri,
732 2529 765 2555 et
788 2521 911 2563 minui,
934 2530 972 2556 ut
994 2534 1034 2556 ex
1061 2533 1167 2568 supra
1190 2523 1291 2556 dictis
1314 2530 1410 2567 patet
1428 2524 1472 2567 (q.
1491 2533 1545 2566 24.
1568 2527 1632 2556 art.
1654 2533 1686 2566 4.
1708 2534 1758 2557 10.

203 2583 231 2612 ct
253 2577 338 2620 11.);
363 2585 397 2610 et
418 2576 499 2609 ideo
522 2586 669 2621 possum
686 2586 726 2608 ex
751 2575 922 2608 charitate
938 2575 1041 2616 velle,
1065 2576 1160 2620 quod
1182 2575 1259 2616 iste,
1275 2575 1335 2620 qui
1354 2583 1406 2609 est
1428 2575 1517 2608 mihi
1536 2576 1759 2620 conjunctus,

203 2631 247 2664 sit
269 2629 399 2663 melior
421 2628 504 2669 alio,
527 2636 562 2662 et
583 2628 632 2661 sic
657 2628 699 2661 ad
723 2628 897 2671 majorem
921 2628 1150 2662 beatitudinis
1173 2628 1323 2671 gradum
1346 2628 1531 2673 pervenire
1554 2628 1675 2673 possit.
1698 2627 1760 2661 Est

205 2692 324 2717 autem
348 2691 381 2716 et
403 2682 492 2715 alius
515 2681 655 2722 modus,
675 2691 745 2726 quo
769 2681 847 2725 plus
875 2680 1056 2723 diligimus
1080 2693 1121 2715 ex
1144 2681 1316 2715 charitate
1344 2681 1459 2725 magis
1485 2681 1588 2714 nobis
1615 2681 1760 2725 conjun-

206 2745 298 2770 ctos:
328 2736 409 2781 quia
436 2735 593 2780 pluribus
624 2734 741 2767 modis
764 2744 825 2766 eos
851 2733 1051 2777 diligimus:
1076 2735 1118 2768 ad
1150 2746 1211 2768 eos
1239 2735 1346 2775 enim,
1371 2735 1429 2779 qui
1452 2745 1524 2767 non
1547 2741 1628 2767 sunt
1656 2733 1759 2767 nobis

207 2789 400 2833 conjuncti,
423 2799 495 2821 non
510 2787 684 2821 habemus
698 2786 765 2819 nisi
785 2786 981 2819 amicitiam
997 2787 1199 2821 charitatis:
1217 2788 1259 2821 ad
1283 2798 1344 2821 eos
1363 2798 1462 2828 vero,
1478 2788 1535 2832 qui
1559 2794 1640 2820 sunt
1656 2787 1758 2820 nobis

209 2841 402 2887 conjuncti,
425 2841 598 2874 habemus
623 2840 758 2885 aliquas
782 2839 867 2872 alias
885 2839 1072 2881 amicitias,
1099 2840 1298 2874 secundum
1326 2840 1477 2873 modum
1495 2839 1758 2884 conjunctionis

208 2906 334 2930 corum
357 2894 399 2928 ad
421 2905 506 2935 nos3
530 2905 610 2928 cum
634 2900 752 2927 autem
773 2892 921 2933 bonum,
943 2903 1046 2938 super
1068 2893 1163 2938 quod
1185 2891 1351 2927 fundatur
1377 2892 1556 2938 quaelibet
1581 2891 1649 2926 alia
1672 2892 1757 2925 ami-
