1859 3122
485 170 707 206 Qum-:sno
743 171 827 201 ειν.
863 171 1104 201 ARTICULus
1138 171 1198 202 111.
1545 174 1628 217 737

143 251 204 287 AD
233 262 404 288 TERTIUM
426 252 631 294 dicendum,
658 252 755 299 quod
781 252 900 300 duplex
926 261 979 288 est
1004 253 1159 288 bonum:
1187 253 1363 300 quoddam,
1391 255 1435 289 ad
1462 256 1558 301 quod
1584 255 1632 290 fa-

75 305 244 341 ciendum
265 306 380 340 homo
399 317 441 340 ex
463 307 676 341 necessitate
698 315 850 347 tenetur,
873 307 964 341 sicut
986 318 1107 341 amare
1130 308 1262 349 Deum,
1283 308 1340 342 vel
1363 307 1495 354 aliquid
1514 309 1634 355 hujus-

74 359 194 402 modi;
216 368 251 394 et
271 359 342 394 tale
360 360 497 394 bonum
519 359 620 394 nullo
639 361 751 394 modo
771 360 875 395 debet
889 361 1034 406 propter
1048 361 1291 395 obedientiam
1306 362 1557 408 praetermitti:
1580 371 1633 397 est

74 421 194 448 autem
217 413 308 447 aliud
327 414 474 455 bonurn,
494 414 537 448 ad
552 414 646 460 quod
666 414 780 448 horno
795 425 868 448 non
883 421 1023 448 tenetur
1038 426 1079 448 ex
1093 414 1305 449 necessitate
1321 426 1328 448 ε
1352 423 1386 449 et
1406 415 1477 449 tale
1495 416 1630 450 bonum

74 466 179 501 debet
199 467 314 501 homo
336 467 552 513 quandoque
574 476 720 514 propter
738 467 981 502 obedientiam
996 468 1304 514 praetermittere;
1325 469 1367 502 ad
1390 480 1499 514 quam
1515 480 1557 504 ex
1575 480 1634 504 ne-

75 521 239 555 cessitate
260 520 375 555 homo
396 529 555 563 tenetur3
579 521 661 567 quia
682 533 756 555 non
775 521 880 555 debet
893 521 1007 555 homo
1024 521 1169 567 aliquod
1191 522 1328 556 bonum
1347 521 1465 556 facere
1488 523 1632 569 culpam

74 574 309 609 incurrendo:
333 582 366 608 et
387 583 521 616 tamen,
543 575 634 609 sicut
657 575 790 609 ibidem
813 574 923 620 Greg.
951 575 1048 617 dicit,
1078 575 1171 621 «qui
1193 575 1234 608 ab
1262 587 1334 610 uno
1357 575 1518 621 quolibet
1535 577 1632 610 bono

75 628 256 674 subjectos
277 636 386 670 vetat,
407 639 554 662 necesse
577 637 629 663 est
650 637 687 662 ut
709 627 822 663 multa
849 628 1036 670 concedat,
1063 640 1108 662 ne
1131 628 1330 663 obedientis
1353 640 1455 664 mens
1476 628 1632 664 funditus

75 681 237 724 intereat,
258 681 288 716 si
309 693 329 715 a
346 682 450 716 bonis
465 682 633 717 omnibus
652 682 794 728 repulsa
813 682 952 727 penitus
971 683 1131 727 jejunet»
1147 694 1155 724 ;
1178 690 1212 716 et
1232 682 1282 717 sic
1301 694 1362 728 per
1378 683 1632 725 obedientiam,

77 742 112 769 et
132 734 202 769 alia
222 735 318 769 bona
340 743 457 781 potest
479 735 652 770 damnum
674 735 778 770 unius
800 735 886 769 boni
907 735 1188 781 recompensari.

616 876 958 921 ARTICULUS
993 876 1068 919 IV.
1569 901 1632 937 549

373 985 524 1014 UTRUM
550 985 594 1014 IN
617 984 808 1014 OMNIBUS
832 984 899 1013 SIT
922 984 1008 1013 DEO
1033 983 1336 1014 OBEDIENDUM.

597 1071 699 1116 (Infr.
723 1076 785 1105 art.
804 1083 832 1117 5.
860 1077 948 1117 corp.
970 1076 1000 1105 et
1021 1071 1062 1105 ad
1082 1082 1113 1105 2.

322 1130 350 1160 et
370 1136 400 1171 q.
422 1135 489 1171 154.
512 1130 575 1159 art.
598 1136 628 1160 2.
651 1125 692 1159 ad
713 1136 744 1159 2.
767 1130 797 1159 et
816 1136 847 1159 2.
870 1125 958 1159 Dist.
980 1135 1036 1168 44.
1059 1126 1094 1158 in
1114 1130 1186 1170 exp.
1209 1125 1257 1159 lit.
1281 1124 1321 1158 ad
1340 1125 1397 1170 7.).

150 1213 209 1247 AD
231 1223 419 1252 QUARTUM
441 1213 491 1247 sic
510 1213 726 1259 proceditur.
748 1213 912 1254 Videtur,
934 1213 1031 1259 quod
1052 1224 1127 1247 non
1148 1213 1184 1247 in
1206 1213 1374 1248 omnibus
1396 1214 1440 1248 sit
1453 1214 1534 1249 Deo
1556 1215 1637 1249 obe-

79 1266 268 1301 diendum:
292 1267 420 1300 dicitur
442 1267 550 1309 enim,
566 1267 693 1301 Mattli.
713 1278 758 1313 9.,
780 1267 877 1313 quod
895 1267 1078 1301 Dominus
1093 1267 1232 1302 duobus
1252 1269 1368 1301 caecis
1388 1268 1518 1302 curatis
1538 1280 1637 1314 prae-

80 1321 173 1367 cepit
198 1320 339 1355 dicens:
373 1320 492 1363 Videte,
518 1333 556 1355 ne
582 1322 652 1367 quis
677 1322 782 1356 sciat:
812 1321 860 1355 illi
888 1325 996 1355 autem
1030 1326 1177 1355 exeuntes
1202 1320 1458 1366 diffamia-avaricia!
1480 1334 1552 1356 eum
1572 1328 1635 1368 per

80 1379 183 1409 totam
205 1379 329 1409 terram
352 1374 466 1408 illam:
486 1385 551 1408 nec
573 1382 696 1408 tamen
718 1385 761 1408 ex
777 1374 849 1408 hoc
869 1373 1075 1420 culpantur;
1098 1385 1185 1420 ergo
1207 1374 1357 1416 videtur,
1379 1375 1476 1420 quod
1501 1386 1575 1408 non
1590 1383 1637 1409 te-

78 1439 231 1462 neamur
250 1427 287 1461 in
314 1427 481 1462 omnibus
505 1427 650 1462 obedire
671 1428 764 1462 Deo.

152 1492 183 1516 2.
210 1481 445 1516 PRAETEREA.
473 1482 604 1516 Nullus
629 1490 770 1516 tenetur
797 1481 928 1527 aliquid
955 1481 1072 1515 facere
1100 1489 1226 1515 contra
1251 1481 1436 1516 virtutem:
1459 1482 1522 1516 sed
1542 1482 1638 1516 invem

80 1536 226 1569 niuntur
247 1535 425 1581 quaedam
446 1543 637 1581 praecepta
651 1535 721 1569 Dei
735 1544 860 1569 contra
880 1536 1068 1568 virtutem:
1084 1534 1175 1568 sicut
1188 1534 1387 1580 praeceptis
1402 1534 1582 1577 Abrahae,
1600 1544 1638 1569 ut

80 1589 263 1623 occideret
282 1587 397 1622 filiurn
418 1589 663 1630 innocentem,
685 1596 721 1622 ut
742 1588 894 1622 habetur
917 1587 1009 1622 Gen.
1033 1597 1107 1629 22.;
1135 1595 1169 1621 et
1189 1587 1345 1632 Judaeis,
1373 1596 1410 1622 ut
1435 1587 1638 1623 furarentur

81 1653 138 1676 res
159 1641 437 1688 Aegyptiorum,
451 1649 490 1675 ut
506 1641 657 1676 habetur
670 1641 782 1675 Exod.
810 1652 872 1682 11.,
895 1652 986 1686 quae
1004 1650 1086 1674 sunt
1100 1648 1224 1674 contra
1245 1641 1437 1686 justitiam3
1456 1650 1490 1675 et
1505 1642 1637 1684 Oseae,

83 1695 179 1742 quod
202 1695 379 1741 acciperet
400 1694 590 1729 mulierem
613 1694 824 1736 adulteram,
840 1695 935 1741 quod
955 1702 1008 1729 est
1026 1703 1151 1728 contra
1167 1695 1388 1737 castitatem3
1407 1706 1494 1741 ergo
1509 1707 1584 1729 non
1601 1696 1638 1729 in

83 1748 251 1783 omnibus
274 1756 326 1783 est
347 1748 591 1782 obediendum
612 1748 705 1782 Deo.

156 1813 185 1848 3.
207 1802 443 1836 PRAETEREA.
469 1801 703 1847 Quicumque
725 1801 847 1836 obedit
867 1802 960 1843 Deo,
983 1800 1189 1835 conformat
1208 1801 1434 1836 voluntatem
1455 1813 1559 1836 suam
1580 1814 1639 1837 vo-

81 1856 210 1890 luntati
231 1855 384 1897 divinae,
407 1856 516 1890 etiam
541 1856 578 1889 in
604 1855 735 1890 volito:
763 1856 825 1890 sed
846 1866 921 1889 non
948 1863 1124 1901 quantum
1151 1855 1194 1889 ad
1222 1856 1345 1890 omnia
1371 1864 1536 1890 tenemur
1558 1868 1641 1891 con-

82 1909 241 1944 formare
261 1908 487 1943 voluntatem
508 1917 671 1943 nostram
691 1909 870 1943 voluntati
900 1909 1041 1943 divinae
1071 1908 1108 1942 in
1137 1908 1263 1951 volito,
1286 1918 1323 1943 ut
1349 1921 1456 1956 supra
1476 1911 1639 1945 habitum

84 1970 138 1997 est
159 1965 234 2006 (1-2.
257 1974 287 2008 q.
308 1974 360 2008 19.
383 1967 447 1997 art.
469 1963 562 2008 10.):
585 1973 673 2008 ergo
695 1974 769 1997 non
790 1963 827 1996 in
849 1962 1016 1996 omnibus
1038 1969 1178 1996 tenetur
1204 1962 1318 1996 homo
1340 1963 1420 1997 Deo
1444 1963 1599 1998 obedire.

153 2015 227 2050 SED
250 2025 405 2050 CONTRA
427 2023 490 2057 est,
512 2016 608 2061 quod
635 2016 763 2050 dicitur
789 2016 901 2050 Exod.
929 2025 1002 2058 24:
1033 2015 1171 2058 Omnia,
1199 2027 1418 2062 quaecumque
1445 2017 1570 2052 locutus
1596 2023 1639 2052 est

83 2070 264 2111 Dominus,
278 2069 456 2115 faciemus,
477 2074 506 2103 et
527 2070 647 2104 erimus
668 2069 856 2104 obedientes.

155 2122 384 2156 RESPONDJ-:o
412 2122 616 2164 dicendum,
638 2122 735 2168 quod
765 2122 857 2156 sicut
885 2133 990 2167 supra
1021 2121 1157 2155 dictum
1179 2129 1231 2156 est
1254 2121 1333 2166 (art.
1355 2135 1382 2157 I.
1405 2123 1473 2168 huj.
1495 2123 1555 2168 q),
1578 2122 1639 2157 ille

85 2175 146 2222 qui
167 2175 298 2217 obedit,
320 2182 487 2209 movetur
508 2185 569 2220 per
590 2175 784 2221 imperium
810 2176 897 2221 ejus,
920 2175 977 2208 cui
998 2175 1137 2217 obedit3
1160 2176 1251 2209 sicut
1277 2186 1332 2209 res
1357 2175 1538 2210 naturales
1565 2187 1640 2210 mo-

84 2236 213 2263 ventur
230 2239 293 2273 per
314 2239 399 2262 suos
421 2236 598 2262 motores:
618 2228 710 2263 sicut
730 2236 851 2263 autem
872 2227 971 2262 Deus
993 2236 1046 2262 est
1063 2228 1198 2274 primus
1217 2237 1338 2262 motor
1356 2229 1532 2271 omnium,
1547 2241 1639 2275 quae

86 2281 295 2316 naturaliter
316 2289 517 2323 moventur,
534 2281 584 2315 ita
605 2282 713 2315 etiam
735 2290 788 2316 est
808 2282 943 2327 primus
962 2289 1083 2315 motor
1100 2281 1265 2315 omnium
1283 2281 1524 2324 voluntatum,
1543 2290 1580 2316 ut
1597 2294 1640 2316 ex

86 2346 193 2381 supra
213 2334 316 2368 dictis
338 2342 435 2380 patet
457 2334 536 2378 (I·2.
559 2346 588 2380 q.
611 2347 644 2381 9.
665 2340 728 2369 art.
751 2335 799 2380 6.)
809 2347 821 2375 ;
845 2343 879 2368 et
899 2335 980 2368 ideo
1000 2334 1092 2368 sicut
1112 2334 1265 2368 naturali
1286 2335 1497 2369 necessitate
1517 2335 1640 2369 omnia

86 2388 263 2422 naturalia
284 2387 482 2421 subduntur
503 2387 643 2422 divinae
665 2388 837 2430 motioni;
859 2388 907 2422 ita
929 2388 1037 2421 etiam
1065 2388 1221 2433 quadam
1247 2388 1460 2422 necessitate
1485 2388 1640 2433 justitiae

87 2453 215 2476 omnes
236 2440 439 2475 voluntates
460 2448 626 2474 tenentur
647 2441 792 2475 obedire
811 2441 933 2474 divino
955 2441 1120 2486 imperio.

158 2495 218 2528 AD
248 2504 399 2528 PRIMUM
425 2504 512 2538 ergo
543 2493 746 2536 dicendum,
768 2494 864 2540 quod
886 2494 1067 2528 Dominus
1095 2493 1212 2527 caecis
1242 2493 1339 2535 dixit,
1362 2501 1399 2527 ut
1425 2493 1641 2528 miraculum

88 2547 323 2589 occultarent,
344 2557 418 2581 non
440 2546 542 2592 quasi
561 2546 748 2581 intendens
768 2558 830 2581 eos
850 2558 912 2593 per
932 2547 1102 2581 virtutem
1124 2547 1236 2580 divini
1258 2546 1438 2592 praecepti
1461 2547 1640 2593 obligare;

88 2601 150 2636 sed
171 2601 263 2635 sicut
285 2600 483 2646 Gregorius
505 2599 590 2634 dicit
615 2611 665 2647 19.
687 2600 815 2634 Moral.
838 2601 928 2646 (cap.
951 2601 1020 2644 14.)
1042 2600 1185 2634 «servis
1212 2600 1284 2634 suis
1312 2610 1389 2633 sese
1410 2600 1641 2645 sequentibus

87 2654 294 2701 exemplum
315 2654 422 2695 dedit,
444 2662 482 2688 ut
501 2654 568 2699 ipsi
589 2654 735 2700 quidem
755 2655 903 2688 virtutes
923 2665 1005 2688 suas
1028 2654 1202 2688 occultari
1229 2653 1440 2694 desiderent,
1463 2661 1496 2687 et
1517 2661 1640 2688 tamen

89 2716 126 2742 ut
147 2708 207 2742 alii
228 2718 354 2741 eorum
377 2707 542 2753 exemplo
565 2707 763 2753 proficiant,
785 2707 982 2753 prodantur
1001 2707 1103 2740 inviti
1120 2720 1151 2740 ›>.

160 2762 220 2795 AD
243 2770 449 2795 SECUNDUM
471 2760 675 2801 dicendum,
693 2761 788 2806 quod
806 2760 898 2794 sicut
914 2761 1014 2794 Deus
1028 2760 1117 2794 nihil
1131 2767 1299 2805 operatur
1313 2767 1437 2792 contra
1455 2767 1639 2802 naturam;

92 2814 174 2860 quia
191 2814 290 2847 «hoc
306 2820 359 2847 est
371 2821 498 2847 natura
512 2813 790 2859 uniuscujusque
805 2815 866 2855 rei,
883 2813 978 2859 quod
992 2814 1028 2847 in
1044 2825 1085 2847 ea
1100 2814 1198 2846 Deus
1214 2820 1422 2858 operatur»,
1439 2820 1476 2846 ut
1489 2813 1639 2847 habetur

92 2867 128 2901 in
151 2866 270 2901 Gloss.
293 2867 336 2900 ad
358 2866 464 2900 Rom.
491 2877 541 2900 11.
565 2866 618 2910 (ex
637 2867 722 2911 Aug.
745 2867 800 2900 lib.
823 2878 876 2901 20.
896 2872 978 2900 cont.
1002 2867 1115 2900 Faust.
1139 2871 1210 2911 cap.
1230 2866 1296 2910 3.),·
1325 2873 1492 2911 operatur
1517 2874 1637 2900 tamen
