1859 3122
477 187 696 223 QUAESTIO
731 186 879 216 CXXIII.
913 185 1155 216 ARTICULUS
1189 185 1215 214 1.
1535 171 1613 225 831

633 355 974 401 ARTICULUS
1012 355 1044 398 Ι.
1552 361 1620 407 617

473 463 624 493 UTRUM
656 463 909 494 FORTITUDO
943 463 1010 492 εῖτ
1043 462 1213 492 murus.

346 551 445 597 (Insr.
467 557 530 586 art.
549 564 576 598 3.
604 563 637 596 4.
659 557 686 586 et
702 563 732 598 5.
760 556 786 586 ct
804 563 833 597 q.
856 562 928 595 124.
951 556 1015 585 art.
1038 561 1068 585 2.
1090 554 1120 584 et
1137 561 1165 596 3.
1188 549 1274 583 Dist.
1294 561 1337 594 33.

270 616 299 650 q.
319 617 346 651 3.
368 609 431 639 art.
453 618 480 640 I.
502 617 532 651 q.
554 618 580 640 1.
603 610 632 640 ct
653 611 760 655 opusce
782 616 836 649 42.
859 611 931 650 cap.
954 615 1002 650 17.
1024 608 1052 638 et
1073 604 1194 638 Pstzlm.
1216 613 1264 648 17.
1286 608 1359 648 cap.
1382 613 1412 636 2.

624 664 653 694 et
670 670 698 704 3.
720 658 796 693 ΕΗ).
818 658 886 693 lect.
908 658 958 693 13.
972 657 1065 703 fin).

138 745 197 780 AD
223 755 372 780 PRIMUM
406 746 456 780 sic
484 746 698 793 proceditur.
720 746 881 788 Videtur,
904 746 1000 792 quod
1027 745 1197 780 fortitudo
1224 756 1297 779 non
1320 744 1364 779 sit
1385 744 1513 778 virtus:
1536 742 1622 777 dicit

67 799 164 834 enim
185 799 365 844 Apostol.,
380 809 410 833 2.
428 799 470 833 ad
494 800 579 834 Cor.
597 810 664 835 12.:
691 801 799 834 Virtus
820 802 854 834 in
877 801 1068 845 &firmitate
1082 799 1276 845 patficitztr:
1298 798 1360 832 sed
1379 797 1551 832 fortitudo
1574 797 1624 830 in-

66 852 225 886 firmitati
247 853 457 899 opponitur3
481 865 566 899 ergo
590 853 760 888 fortitudo
782 864 855 887 non
878 861 931 887 est
950 853 1072 886 virtus.

138 915 168 939 2.
191 905 426 941 PRAETEREA.
444 907 482 941 Si
500 915 553 941 est
573 907 694 948 virtus,
711 914 770 940 aut
792 914 844 940 est
865 905 1085 951 theologica,
1105 913 1164 938 aut
1185 903 1450 946 intellectualis,
1471 911 1531 937 aut
1549 914 1624 937 mo·

66 958 168 993 ralis:
191 959 252 993 sed
274 959 445 994 fortitudo
472 971 587 1006 neque
615 960 817 994 continetur
843 959 934 994 inter
955 959 1102 992 virtutes
1128 958 1366 1004 theologicas,
1388 968 1504 1003 neque
1532 957 1622 990 inter

66 1012 338 1056 intellectuales,
360 1021 398 1047 ut
419 1025 461 1047 ex
483 1013 693 1058 supradictis
714 1020 811 1058 patet
832 1013 909 1057 (ιζ-2.
932 1024 960 1058 q.
976 1023 1026 1058 57.
1046 1017 1110 1046 art.
1129 1023 1158 1046 2.
1181 1017 1210 1046 et
1231 1023 1260 1057 q.
1280 1011 1333 1046 62.
1350 1015 1411 1045 art.
1428 1011 1486 1056 3.).·
1505 1021 1621 1056 neque

69 1066 208 1100 videtur
230 1077 306 1101 esse
328 1067 438 1101 virtus
462 1067 628 1101 moralis:
652 1066 746 1113 quia,
770 1074 807 1100 ut
831 1065 1078 1111 Philosophus
1101 1065 1185 1098 dicit
1206 1065 1242 1098 in
1268 1076 1295 1110 3.
1318 1064 1433 1098 Ethic.
1458 1063 1545 1110 (cap.
1565 1064 1625 1109 7.),

70 1132 87 1150 «
108 1119 273 1154 videntur
295 1120 403 1166 aliqui
426 1131 502 1154 esse
524 1119 632 1154 fortes
654 1128 800 1166 propter
822 1119 1076 1165 ignorantiam,
1099 1126 1159 1152 aut
1180 1126 1326 1164 propter
1355 1117 1625 1164 experientiam,

66 1172 158 1206 sicut
179 1172 310 1207 milites
331 1186 368 1215 »3
392 1184 482 1219 quae
505 1173 620 1218 magis
641 1173 819 1219 pertinent
838 1173 880 1206 ad
904 1179 1029 1213 artem,
1049 1183 1157 1217 quam
1176 1171 1219 1205 ad
1238 1171 1408 1205 virtutem
1428 1169 1624 1204 moralem:

67 1226 213 1272 quidam
235 1226 343 1260 etiam
366 1226 531 1260 dicuntur
553 1238 630 1261 esse
652 1226 762 1261 fortes
781 1234 926 1272 propter
948 1225 1084 1271 aliquas
1106 1225 1304 1270 passiones,
1323 1233 1407 1271 puta
1427 1232 1571 1270 propter
1588 1223 1627 1257 ti-

67 1290 207 1313 morem
235 1280 576 1323 comminationum,
602 1279 660 1314 vel
694 1280 1003 1321 dehonorationis,
1027 1286 1087 1313 aut
1121 1278 1230 1313 etiam
1262 1286 1409 1325 propter
1434 1277 1626 1319 tristitiam,

66 1331 124 1366 vel
148 1332 250 1375 iram,
273 1344 335 1367 seu
361 1345 480 1379 spem:
503 1334 614 1368 virtus
637 1342 758 1368 autern
780 1333 927 1368 moralis
948 1344 1023 1367 non
1045 1340 1214 1379 operatur
1236 1344 1276 1367 ex
1300 1332 1479 1378 passione,
1501 1331 1562 1365 sed
1585 1341 1626 1365 ex

67 1384 256 1429 electione,
283 1395 321 1421 ut
346 1398 452 1433 supra
478 1387 640 1422 habitum
668 1395 721 1422 est
744 1387 824 1432 (1—2.
851 1399 880 1433 q.
903 1398 947 1433 55.
974 1391 1039 1422 art.
1067 1386 1138 1430 4.),·
1162 1397 1248 1432 ergo
1274 1384 1446 1420 fortitudo
1474 1396 1548 1419 non
1575 1392 1628 1418 est

66 1446 187 1473 virtus.

141 1503 170 1538 3.
185 1493 420 1528 PRAETEREA.
438 1493 560 1528 Virtus
585 1493 745 1528 humana
767 1493 923 1528 maxime
947 1493 1110 1528 consistit
1130 1493 1166 1527 in
1188 1492 1326 1527 anima:
1350 1500 1402 1527 est
1424 1492 1521 1527 enim
1543 1492 1626 1527 bona

68 1545 210 1591 qualitas
229 1548 356 1589 neentis,
379 1554 417 1580 ut
438 1558 544 1593 supra
565 1547 701 1581 dictum
723 1555 775 1582 est
795 1546 922 1592 (z'bid.):
943 1547 1005 1581 sed
1026 1546 1198 1580 fortitudo
1216 1546 1355 1580 videtur
1377 1545 1572 1580 consistere
1590 1545 1626 1578 in

69 1609 233 1645 corpore,
258 1599 315 1633 vel
338 1599 465 1633 saltem
489 1600 649 1646 corporis
676 1599 969 1646 complexionem
996 1600 1115 1646 sequi;
1135 1610 1221 1646 ergo
1243 1599 1392 1641 videtur,
1415 1599 1511 1646 quod
1532 1598 1628 1633 forti-

68 1652 154 1686 tudo
172 1663 245 1687 non
264 1652 309 1686 sit
326 1653 447 1687 virtus.

136 1705 210 1740 SED
237 1716 392 1740 CONTRA
419 1714 482 1748 est,
508 1706 605 1752 quod
627 1706 781 1752 August.
802 1706 838 1740 in
859 1706 919 1740 lib.
941 1705 985 1740 de
1006 1706 1167 1741 Moribus
1194 1705 1379 1741 Ecclesiae
1401 1705 1490 1752 (cap.
1512 1716 1555 1751 15.
1577 1716 1626 1740 21.

68 1764 98 1794 et
117 1760 187 1805 22.)
211 1758 458 1795 fortitudinem
484 1760 576 1794 inter
600 1760 747 1794 virtutes
769 1768 966 1794 enumerat.

139 1813 368 1848 RESPONDJ—:o
390 1814 594 1855 dicendum,
617 1814 722 1859 quod,
738 1814 936 1848 secundum
958 1813 1093 1848 Philos.
1116 1814 1151 1847 in
1174 1813 1331 1849 2.Ethic.
1351 1812 1438 1859 (cap.
1453 1812 1515 1858 6.),
1533 1813 1629 1846 «vir-

68 1874 124 1901 tus
146 1874 209 1909 est,
229 1878 319 1913 quae
341 1867 477 1901 bonum
498 1866 583 1901 facit
599 1867 805 1909 habentem,
821 1875 854 1901 et
869 1878 958 1912 opus
974 1867 1049 1911 ejus
1063 1867 1199 1900 bonum
1213 1866 1328 1901 reddit
1349 1880 1366 1898 »
1382 1879 1390 1909 ;
1410 1866 1502 1900 unde
1517 1865 1627 1899 virtus

68 1920 238 1962 hominis,
261 1920 304 1954 de
326 1931 395 1966 qua
415 1919 609 1966 loquimur,
631 1928 684 1954 est
705 1931 796 1966 quae
817 1919 902 1954 facit
923 1920 1059 1954 bonurn
1081 1920 1282 1962 hominem,
1305 1927 1338 1954 et
1360 1930 1450 1965 opus
1472 1920 1547 1964 ejus
1568 1919 1628 1952 bo-

68 1984 156 2006 num
177 1973 308 2007 reddit:
330 1973 468 2007 bonum
494 1981 614 2007 autem
635 1973 794 2007 hominis
816 1981 867 2007 est
889 1973 1088 2007 secundum
1112 1973 1291 2008 rationem
1319 1983 1407 2015 esse,
1429 1973 1627 2007 secundum

71 2026 179 2060 Dion.
201 2035 234 2069 4.
257 2037 333 2072 cap.
356 2026 399 2060 de
420 2026 502 2060 Div.
524 2026 633 2060 Nom.
656 2027 761 2073 (part.
776 2037 809 2071 4.
825 2026 892 2061 lect.
907 2026 993 2070 22.)‚·
1017 2034 1049 2060 et
1072 2026 1153 2060 ideo
1176 2026 1219 2060 ad
1240 2026 1407 2060 virtutem
1429 2025 1628 2059 humanam

68 2079 231 2125 pertinet,
258 2087 295 2113 ut
315 2079 452 2113 bonum
478 2079 585 2114 faciat
609 2079 810 2122 hominem,
833 2088 867 2113 et
888 2091 978 2126 opus
1000 2081 1075 2126 ejus
1097 2079 1296 2114 secundum
1318 2079 1497 2113 rationem
1524 2090 1623 2120 esse,

70 2132 166 2178 quod
188 2132 333 2178 quidem
355 2133 530 2178 tripliciter
551 2133 745 2178 contingit:
768 2145 832 2167 uno
850 2132 957 2174 modo,
982 2133 1180 2167 secundum
1202 2133 1298 2179 quod
1320 2133 1395 2178 ipsa
1416 2132 1508 2166 ratio
1529 2131 1629 2165 recti-

69 2186 213 2228 ficatur;
235 2186 331 2232 quod
356 2185 395 2220 fit
419 2197 482 2232 per
502 2187 647 2221 virtutes
675 2186 953 2221 intellectuales:
982 2187 1048 2221 alio
1072 2186 1181 2228 modo,
1209 2187 1408 2220 secundum
1430 2185 1525 2232 quod
1552 2185 1627 2230 ipsa

70 2239 245 2273 rectitudo
268 2239 415 2273 rationis
441 2239 478 2272 in
503 2239 608 2274 rebus
635 2239 803 2274 humanis
825 2240 1036 2282 instituitur3
1060 2240 1156 2286 quod
1183 2240 1335 2286 pertinet
1362 2239 1405 2273 ad
1435 2238 1627 2284 justitiam:

70 2294 164 2327 tertio
183 2292 290 2334 modo,
311 2293 508 2326 secundum
524 2293 620 2338 quod
641 2292 816 2327 tolluntur
837 2293 1096 2339 impedimenta
1111 2293 1217 2339 hujus
1233 2292 1452 2327 rectitudinis
1471 2291 1506 2325 in
1524 2291 1628 2325 rebus

70 2346 237 2380 humanis
259 2345 465 2391 ponendae:
488 2345 663 2392 dupliciter
689 2355 809 2380 autem
830 2346 1023 2392 impeditur
1043 2346 1210 2380 voluntas
1231 2347 1401 2387 humana,
1420 2356 1464 2379 ne
1486 2345 1628 2378 rectitu-

71 2399 191 2433 dinem
212 2399 359 2432 rationis
381 2407 564 2444 sequatur:
588 2411 651 2434 uno
675 2400 768 2434 modo
791 2411 852 2445 per
880 2400 951 2434 hoc
980 2400 1075 2445 quod
1107 2399 1294 2434 attrahitur
1324 2399 1365 2432 ab
1397 2398 1516 2444 aliquo
1539 2397 1630 2431 dele-

71 2452 188 2486 ctabili
212 2452 255 2485 ad
278 2452 409 2497 aliquid
433 2451 538 2493 aliud,
561 2464 669 2498 quam
691 2453 866 2487 rectitudo
890 2453 1037 2487 rationis
1061 2453 1232 2498 requirat:
1253 2460 1287 2486 et
1304 2453 1374 2486 hoc
1397 2451 1631 2497 impedimen-

69 2513 147 2539 tum
168 2504 262 2539 tollit
281 2505 391 2538 virtus
413 2505 671 2550 temperantiae
687 2519 694 2540 z
718 2506 782 2540 alio
805 2506 898 2540 modo
919 2517 980 2552 per
998 2506 1068 2539 hoc
1087 2506 1183 2551 quod
1199 2505 1365 2539 voluntas
1387 2503 1569 2550 repellitur
1587 2504 1628 2537 ab

71 2569 114 2592 eo
137 2559 232 2604 quod
255 2566 307 2592 est
328 2558 527 2592 secundum
550 2559 741 2601 rationem,
763 2568 906 2605 propter
929 2559 1074 2605 aliquod
1097 2558 1241 2593 difficile
1264 2559 1359 2604 quod
1381 2557 1572 2591 incumbit:
1596 2565 1630 2590 et

72 2611 115 2645 ad
137 2612 207 2645 hoc
230 2611 530 2656 impedimentum
560 2611 762 2645 tollendum
796 2612 985 2658 requiritur
1019 2611 1190 2646 fortitudo
1218 2611 1358 2652 mentis,
1391 2622 1460 2656 qua
1493 2610 1631 2644 scilicet

70 2664 281 2710 hujusmodi
302 2663 568 2698 difficultatibus
590 2665 748 2708 resistat;
771 2665 862 2699 sicut
878 2673 911 2700 et
926 2665 1040 2699 homo
1057 2677 1117 2711 per
1132 2665 1378 2699 fortitudinem
1401 2663 1628 2709 corporalem

72 2717 329 2763 impedimenta
351 2717 554 2763 corporalia
575 2726 729 2764 superat,
751 2725 786 2752 et
806 2718 963 2763 repellit3
986 2719 1079 2752 unde
1107 2717 1337 2752 manifestum
1361 2725 1423 2759 est,
1446 2717 1541 2762 quod
1562 2715 1630 2750 for-

71 2770 186 2804 titudo
209 2778 262 2804 est
281 2770 402 2812 virtus,
423 2770 636 2816 inquantum
658 2769 742 2805 facit
762 2771 952 2805 hominem
979 2772 1177 2806 secundum
1199 2771 1376 2805 rationem
1399 2781 1486 2804 esse.

144 2823 203 2857 AD
229 2833 377 2857 PRIMUM
399 2834 485 2869 ergo
507 2823 712 2866 dicendum,
734 2825 830 2870 quod
852 2825 961 2859 virtus
989 2825 1131 2858 animae
1158 2835 1232 2858 non
1265 2823 1446 2870 perficitur
1468 2824 1503 2857 in
1536 2822 1629 2856 infir-

75 2876 200 2911 mitate
222 2876 376 2919 animae,
397 2877 458 2911 sed
481 2877 516 2910 in
539 2876 743 2911 infirmitate
765 2878 894 2919 carnis,
917 2878 959 2912 de
986 2889 1055 2924 qua
1081 2876 1279 2923 Apostolus
1300 2876 1528 2923 loquebatur:
1556 2876 1626 2910 hoc
