1859 3122
168 195 279 237 1054
581 194 802 229 QUAESTIO
837 195 969 224 CLXII.
1003 195 1246 225 ARTICULUS
1279 197 1306 225 Ι.

236 275 390 316 Quarto.
413 275 469 308 De
491 275 677 320 speciebus
705 276 792 319 ejus.
822 319 826 323 η

238 328 389 368 Quinto.
414 327 545 361 Utrum
568 328 611 361 sit
633 336 823 372 peccatum
845 327 1010 364 mortale.

234 381 356 414 Sexto.
385 380 515 413 Utrum
537 381 580 414 sit
601 381 856 425 gravissimum
879 382 1044 415 omnium
1066 390 1310 427 peccatorum.

234 433 410 479 Septimo.
432 433 489 466 De
512 433 635 467 ordine
658 434 732 478 ejus
755 433 798 467 ad
821 433 889 467 alia
911 444 1069 479 peccata.

233 486 391 521 Octavo.
415 486 546 520 Utrum
569 487 695 520 debeat
714 488 798 532 poni
817 487 943 521 vitium
967 487 1128 532 capitale.

735 603 1079 648 ARTICULUS
1114 605 1145 646 Ι.
1653 619 1719 663 784

551 699 704 729 UTRUM
737 699 943 729 SUPERBIA
975 700 1042 729 SIT
1077 700 1325 730 PECCATUM.

385 775 461 818 (1-2.
485 787 514 821 q.
537 776 591 819 84.
615 780 676 810 art.
699 788 730 811 2.
753 782 783 811 et
804 777 887 811 Mal.
911 789 940 822 q.
963 777 994 811 8.
1017 781 1080 811 art.
1103 789 1133 812 2.
1157 777 1199 811 ad
1220 777 1271 811 16.
1293 782 1323 811 et
1343 777 1394 811 Ps.
1416 778 1495 822 45).

229 858 290 892 ΑΙ)
312 869 462 893 PRIMUM
477 859 526 892 sic
542 859 757 904 proceditur.
777 859 939 901 Videtur,
958 858 1055 905 quod
1077 859 1242 905 superbia
1263 870 1337 893 non
1359 859 1403 892 sit
1420 867 1627 904 peccatum:
1646 859 1720 893 nul-

158 911 234 944 lum
257 911 354 945 enim
376 920 566 958 peccatum
589 921 642 946 est
662 913 922 958 repromissum
937 924 956 946 a
975 912 1076 946 Deo:
1100 912 1277 957 promittit
1295 912 1392 946 enim
1406 912 1517 954 Deus,
1532 912 1628 958 quod
1645 913 1720 959 ipse

157 964 314 998 facturus
337 973 406 1006 est,
429 976 503 998 non
525 973 578 999 est
601 973 721 998 autem
743 974 844 999 actor
864 965 1021 1011 peccati:
1044 965 1106 999 sed
1129 965 1293 1011 superbia
1322 973 1604 1000 connumeratur
1628 966 1721 1000 inter

158 1018 459 1064 repromissiones
482 1018 639 1052 divinas:
663 1018 791 1052 dicitur
814 1018 910 1052 enim
933 1019 998 1051 Isa.
1022 1016 1097 1052 60.:
1123 1019 1247 1052 Ponam
1270 1023 1297 1052 te
1315 1020 1347 1051 in
1369 1020 1557 1064 superbiam
1581 1019 1721 1053 saeculo-

158 1084 244 1112 rum,
266 1071 424 1116 gaudimn
453 1073 486 1105 in
511 1073 765 1117 generationem,
793 1077 821 1105 cl.
844 1073 1109 1117 generati07mn;
1142 1082 1229 1117 ergo
1263 1071 1429 1117 superbia
1459 1083 1534 1105 non
1560 1079 1614 1106 est
1638 1083 1721 1118 pec-

159 1133 290 1159 catum.

229 1187 260 1212 2.
283 1178 518 1212 PRAETEREA.
543 1178 725 1223 Appetere
747 1177 907 1211 divinam
929 1177 1203 1212 similitudinem
1230 1189 1304 1212 non
1332 1186 1385 1212 est
1409 1186 1620 1224 peccatum:
1647 1178 1718 1212 hoc

157 1231 255 1265 enim
277 1231 486 1264 naturaliter
509 1231 642 1276 appetit
663 1230 844 1277 quaelibet
865 1238 1042 1272 creatura,
1056 1238 1090 1264 et
1104 1231 1139 1264 in
1159 1231 1229 1265 hoc
1249 1231 1429 1277 optimum
1445 1232 1520 1276 ejus
1540 1231 1718 1274 consistit3

157 1292 192 1318 et
212 1284 403 1330 praecipue
425 1284 495 1318 hoc
519 1284 689 1318 convenit
711 1284 877 1317 rationali
900 1292 1095 1325 creaturae,
1119 1295 1211 1330 quae
1238 1283 1333 1317 facta
1359 1293 1412 1318 est
1439 1284 1481 1318 ad
1507 1285 1719 1330 imaginem,

157 1345 190 1371 et
216 1337 489 1371 similitudinem
511 1337 598 1371 Dei:
623 1337 696 1378 sed,
719 1337 811 1370 sicut
837 1337 966 1371 dicitur
991 1336 1027 1370 in
1054 1336 1113 1370 lib.
1142 1336 1304 1371 Sentent.
1331 1337 1500 1383 Prosperi
1521 1339 1614 1382 (sent.
1640 1349 1717 1384 292.

158 1392 243 1425 inter
269 1397 320 1436 op.
341 1391 427 1435 Aug.
450 1395 480 1424 et
500 1391 556 1423 mv.
579 1402 624 1424 rr.
639 1396 707 1436 sup.
727 1390 925 1424 Gamadlit,
949 1397 1019 1436 cap.
1042 1390 1105 1433 4.),
1126 1402 1143 1421 «
1166 1390 1332 1436 superbia
1355 1399 1407 1424 est
1429 1401 1532 1424 amor
1553 1391 1718 1436 propriae

158 1442 403 1484 excellentiae,
431 1454 493 1488 per
520 1454 629 1488 quam
656 1443 769 1476 homo
797 1443 878 1476 Deo
906 1442 1135 1483 assimilatur,
1163 1443 1224 1488 qui
1252 1451 1305 1477 est
1332 1443 1656 1478 excellentissimus
1678 1457 1717 1487 »3

157 1496 250 1530 unde
272 1496 358 1530 dicit
379 1496 532 1541 August.
554 1496 589 1529 in
614 1507 643 1529 2.
668 1494 834 1529 Confess.
856 1496 946 1541 (cap.
963 1496 995 1530 6.
1011 1500 1085 1530 ante
1100 1495 1214 1540 malj:
1233 1495 1442 1540 «Superbia
1466 1495 1719 1531 celsitudinem

156 1550 326 1591 imitatur,
350 1560 433 1582 cum
455 1557 492 1582 tu
514 1549 562 1583 sis
584 1559 676 1582 unus
698 1559 804 1594 super
825 1549 949 1582 omnia
970 1549 1071 1583 Deus
1093 1548 1255 1582 excelsus
1277 1562 1294 1581 >›
1312 1561 1320 1591 ;
1343 1559 1430 1594 ergo
1453 1549 1619 1595 superbia
1644 1560 1718 1583 non

157 1610 209 1636 est
230 1610 433 1648 peccatum.
1083 1648 1086 1651 .

232 1667 260 1701 3.
288 1655 526 1690 PRAETEREA.
543 1655 740 1689 Peccatum
755 1665 829 1688 non
843 1654 963 1689 solum
987 1654 1225 1688 contrariatur
1245 1655 1378 1697 virtuti,
1397 1655 1459 1688 sed
1481 1655 1591 1688 etiam
1610 1666 1720 1701 oppo-

157 1709 225 1743 sito
246 1709 347 1749 vitio,
370 1716 408 1742 ut
429 1716 526 1754 patet
547 1719 610 1754 per
632 1708 767 1742 Philos.
794 1708 829 1741 in
853 1718 883 1742 2.
906 1707 1021 1742 Ethic.
1045 1707 1132 1753 (cap.
1148 1708 1210 1751 8.).·
1231 1708 1292 1741 sed
1314 1707 1455 1742 nullum
1476 1708 1604 1742 vitium
1625 1708 1721 1742 inve-

154 1764 249 1796 nitur
271 1762 479 1808 oppositum
502 1773 579 1795 esse
601 1761 805 1806 superbiae3
828 1772 914 1805 ergo
937 1761 1103 1806 superbia
1124 1772 1197 1794 non
1221 1769 1273 1795 est
1294 1769 1496 1807 peccatum.

227 1815 301 1850 SED
329 1825 483 1849 CONTRA
511 1822 574 1855 est,
597 1814 693 1860 quod
716 1814 846 1848 dicitur
868 1814 961 1848 Tob.
983 1823 1034 1856 4.:
1058 1814 1255 1860 Superbiam
1278 1826 1461 1860 numquam
1478 1816 1513 1848 in
1536 1820 1591 1849 tuo
1611 1827 1717 1857 sensu,

156 1873 212 1902 aut
234 1870 267 1902 in
290 1874 343 1903 tuo
366 1869 466 1902 -zvrlvo
489 1868 658 1901 domt'nari
678 1869 863 1913 permittas.

226 1923 455 1957 RESPONDEO
478 1921 684 1962 dicendum,
704 1922 799 1966 quod
822 1921 984 1967 superbia
1008 1922 1218 1955 nominatur
1236 1933 1277 1955 ex
1296 1922 1379 1963 hoc,
1394 1922 1490 1967 quod
1509 1922 1637 1967 aliquis
1656 1933 1720 1968 per

155 1975 380 2009 voluntatem
403 1975 516 2009 tendit
537 1985 643 2020 supra
664 1974 698 2008 id
721 1975 817 2020 quod
841 1983 909 2016 est3
932 1975 1025 2008 unde
1053 1974 1139 2008 dicit
1161 1974 1318 2008 Isidorus
1340 1975 1376 2008 in
1398 1974 1456 2008 lib.
1484 1985 1536 2009 10.
1559 1975 1718 2020 Etymol.

156 2029 216 2074 (ad
233 2030 279 2063 lit.
296 2029 348 2070 S).·
375 2041 392 2059 <‹
417 2028 598 2074 Superbus
621 2027 735 2061 dictus
758 2036 821 2068 est,
837 2028 920 2073 quia
939 2039 1046 2073 super
1060 2027 1135 2061 vult
1151 2028 1264 2061 videri
1284 2039 1393 2073 quarn
1412 2036 1466 2062 est
1483 2040 1523 2070 »3
1543 2029 1604 2074 qui
1621 2029 1718 2062 enim

155 2082 231 2116 vult
253 2081 462 2127 supergredi
483 2081 579 2126 quod
602 2088 665 2121 est,
689 2080 861 2126 superbus
885 2088 952 2114 est:
976 2080 1085 2114 habet
1111 2089 1232 2114 autem
1259 2081 1329 2114 hoc
1352 2081 1443 2114 ratio
1465 2089 1574 2123 recta,
1596 2089 1635 2115 ut
1655 2093 1719 2115 vo-

155 2134 273 2169 luntas
296 2135 576 2179 uniuscujusque
599 2133 732 2167 feratur
747 2134 780 2166 in
796 2134 842 2175 id,
858 2134 954 2179 quod
978 2141 1029 2167 est
1051 2134 1366 2179 proportionatum
1386 2134 1468 2175 sibi3
1491 2142 1524 2168 et
1542 2135 1624 2168 ideo
1644 2146 1719 2168 ma-

156 2188 326 2223 nifestum
341 2196 404 2230 est,
423 2188 519 2234 quod
535 2187 700 2232 superbia
723 2187 894 2232 importat
916 2187 1061 2232 aliquid,
1080 2187 1176 2233 quod
1196 2187 1404 2220 adversatur
1425 2187 1557 2221 rationi
1579 2195 1718 2222 rectae:

156 2242 226 2275 hoc
249 2249 371 2275 autem
393 2240 477 2274 facit
500 2240 678 2274 rationem
700 2241 858 2285 peccati:
875 2242 968 2285 quia,
985 2240 1185 2273 secundum
1200 2240 1419 2285 Dionysium
1435 2251 1511 2286 cap.
1531 2250 1562 2282 4.
1579 2241 1621 2274 de
1636 2240 1717 2274 Div.

155 2295 265 2329 Nom.
290 2295 392 2340 (part.
411 2305 440 2338 4.
459 2294 528 2329 lact.
547 2294 629 2337 22.)‚
653 2293 791 2326 malum
815 2294 956 2326 animae
979 2301 1033 2327 est
1054 2301 1193 2339 praeter
1215 2293 1394 2326 rationem
1414 2304 1510 2335 esse;
1534 2293 1627 2327 unde
1647 2304 1720 2326 ma-

158 2347 329 2381 nifestum
352 2355 414 2388 est,
439 2346 534 2392 quod
557 2345 722 2391 superbia
745 2353 797 2379 est
819 2354 1020 2390 peccatum.

229 2401 287 2434 AD
319 2410 466 2434 PRKMUM
492 2410 579 2444 ergo
603 2399 809 2440 dicendum,
840 2399 935 2444 quod
971 2399 1138 2444 superbia
1165 2399 1337 2445 dupliciter
1359 2399 1474 2445 accipi
1495 2407 1630 2445 potest:
1654 2411 1719 2433 uno

159 2454 253 2487 modo
276 2466 316 2487 ex
344 2464 387 2487 eo
411 2453 507 2498 quod
534 2452 799 2498 supergreditur
827 2451 988 2496 regulam
1015 2452 1183 2494 rationis;
1211 2460 1245 2485 et
1271 2452 1320 2486 sic
1351 2452 1504 2486 dicimus
1531 2464 1611 2486 eam
1640 2463 1718 2487 esse

160 2516 367 2552 peccatum:
392 2507 456 2540 alio
479 2506 574 2540 morlo
596 2513 713 2551 potest
735 2505 901 2550 superbia
924 2506 1104 2538 nominari
1123 2505 1333 2551 simpliciter
1351 2517 1370 2538 a
1390 2516 1666 2551 superexcessu3
1685 2514 1719 2540 et

158 2561 354 2594 secundum
379 2560 449 2593 hoc
473 2570 582 2593 omne
604 2558 890 2604 superexcedens
912 2566 1030 2603 potest
1056 2559 1237 2592 nominari
1263 2559 1445 2604 superbia;
1467 2567 1502 2593 et
1523 2559 1570 2592 ita
1597 2570 1720 2605 repro-

159 2613 309 2647 mittitur
325 2624 343 2646 a
358 2613 438 2646 Deo
454 2612 630 2658 superbia,
646 2611 747 2657 quasi
769 2610 912 2656 quidam
936 2622 1210 2656 superexcessus
1231 2612 1431 2653 bonorum3
1454 2612 1548 2645 unde
1567 2620 1602 2645 et
1617 2611 1717 2646 Glos.

160 2666 374 2712 Hieronymi
393 2672 474 2712 (sup.
493 2665 572 2699 illud
590 2666 630 2699 Is.
651 2665 723 2699 61..-
747 2664 806 2697 1⁷05
821 2669 926 2697 autem
944 2664 1146 2709 Sacerdotes)
1170 2665 1255 2698 dicit
1276 2665 1421 2706 ibidem,
1445 2665 1540 2710 quod
1565 2673 1652 2699 «est
1665 2676 1719 2698 su-

158 2720 277 2766 perbia
300 2720 406 2761 bona,
431 2728 464 2753 et
486 2718 601 2760 mala3
623 2717 680 2751 vel
703 2716 867 2763 superbia
882 2716 916 2749 in
932 2716 1018 2750 vitio
1039 2718 1094 2750 cui
1110 2718 1208 2751 Deus
1231 2718 1371 2759 resistit,
1386 2726 1420 2752 et
1441 2718 1605 2764 superbia
1627 2729 1718 2764 quae

160 2774 332 2819 accipitur
354 2784 418 2818 pro
442 2772 557 2817 gloria
581 2783 689 2817 quam
712 2770 867 2804 confert:
891 2771 1055 2815 quamvis
1075 2771 1183 2804 etiam
1206 2771 1275 2804 dici
1298 2772 1420 2817 possit,
1440 2772 1534 2817 quod
1554 2771 1717 2816 superbia

159 2826 204 2859 ibi
229 2826 400 2872 accipitur
427 2825 660 2859 materialiter
686 2835 750 2870 pro
774 2823 990 2857 abundantia
1012 2834 1143 2865 rerum,
1166 2824 1209 2858 de
1232 2824 1357 2870 quibus
1379 2832 1529 2870 possunt
1550 2824 1717 2858 homines

158 2880 351 2924 superbire.
