1920 3142
681 590 906 687 I'ND

942 619 1091 685 EX

69 802 362 864 «QUAEST.
394 801 439 854 81
469 800 743 853 ARTICUL.
776 798 1084 851 SECUNDAE
1115 798 1422 851 SECUNDAE
1452 798 1670 850 PARTIS

371 1253 564 1285 QUAESTIO
584 1253 606 1279 1.

248 1326 287 1352 De
306 1321 448 1357 virtutibus,
463 1330 486 1350 et
497 1325 566 1350 vitiis
580 1325 606 1349 in
619 1324 722 1359 speciali
734 1334 741 1349 :

134 1374 158 1395 ct
168 1369 252 1404 primo
266 1368 294 1393 de
307 1367 440 1393 virtutibus
455 1367 611 1402 theologicis:
627 1366 743 1401 etprimo
757 1365 786 1391 de
797 1364 850 1400 fide

305 1414 426 1444 quantum
439 1408 472 1433 ad
485 1409 536 1443 ejus
549 1408 680 1443 objectum.
743 1403 755 1409 ”

138 1496 160 1514 1.
182 1487 280 1513 Utrum
295 1487 434 1521 objectum
448 1485 510 1511 fidei
525 1486 560 1510 sit
579 1486 678 1511 veritas
692 1485 787 1520 prima.

135 1538 159 1555 2.
181 1529 277 1554 Utrum
290 1529 429 1563 objectum
443 1527 506 1553 fidei
519 1528 555 1552 sit
568 1527 670 1562 aliquid
685 1527 868 1561 complexum,

204 1570 246 1596 vel
262 1569 474 1604 incomplexum,
487 1569 557 1593 idest
568 1577 621 1599 res,
633 1575 679 1593 aut
690 1567 867 1593 enuntiabile.

137 1620 160 1645 3.
181 1611 280 1638 Utrum
294 1611 356 1636 fidei
370 1611 459 1645 possit
473 1611 586 1635 subesse
600 1609 709 1634 falsum.

134 1662 160 1686 4.
181 1652 278 1679 Utrum
294 1653 431 1686 objectum
445 1651 507 1676 fidei
526 1652 614 1686 possit
634 1659 693 1676 esse
711 1650 812 1685 aliquid
832 1651 870 1676 vi-

205 1703 275 1719 sum.

136 1743 160 1768 5.
179 1735 277 1761 Utrum
298 1735 386 1769 possit
405 1742 464 1759 esse
479 1734 581 1768 aliquid
600 1734 709 1759 scitum.

134 1777 160 1802 6.
182 1776 279 1802 Utrum
291 1776 431 1802 credibilia
445 1777 562 1801 debeant
573 1776 705 1810 distingui
719 1784 766 1810 per
781 1781 870 1800 certos

205 1818 346 1843 articulos.

134 1867 160 1893 7.
181 1859 278 1884 Utrum
292 1859 374 1884 iidem
394 1858 502 1884 articuli
522 1859 629 1884 subsint
643 1858 705 1884 fidei
720 1858 869 1884 secundum

206 1909 287 1926 omne
301 1907 417 1935 tempus.

135 1942 160 1968 8.
181 1942 222 1967 De
235 1951 349 1967 nurnero
363 1941 550 1970 articulorum.

135 1992 160 2016 9.
182 1983 223 2008 De
237 1984 321 2008 modo
336 1983 459 2009 tradendi
472 1983 603 2008 articulos
617 1984 645 2008 in
659 1982 797 2017 symbolo.

121 2032 160 2050 ιο.
181 2024 222 2049 Ad
237 2033 316 2058 quem
336 2025 470 2059 pertineat
487 2025 655 2050 constituere
669 2024 824 2058 symbolum
838 2024 870 2049 fi-

207 2065 259 2091 dei.

370 2160 561 2192 QUAESTIO
583 2161 620 2186 II.

191 2232 230 2258 De
239 2231 291 2267 fide
305 2236 426 2267 quantum
439 2232 473 2257 ad
486 2237 569 2257 actum
583 2233 634 2267 ejus
647 2232 799 2263 interiorem!

392 2274 435 2308 qui
448 2278 482 2299 est
493 2273 598 2299 credere.

140 2353 163 2371 ι.
185 2344 259 2375 Quid
270 2345 305 2370 sit
316 2345 435 2377 credere,
448 2346 521 2380 quod
535 2352 576 2371 est
587 2352 663 2372 actus
674 2346 789 2371 interior
799 2345 870 2371 fidei.

139 2394 163 2412 2.
186 2386 264 2417 Quot
278 2387 368 2412 modis
383 2387 498 2414 dicatur.

140 2436 163 2461 3.
184 2427 282 2453 Utrum
303 2429 411 2453 credere
427 2428 530 2463 aliquid
545 2437 624 2463 supra
637 2429 772 2454 rationem
794 2435 873 2454 natu-

208 2469 293 2495 ralem
306 2470 342 2495 sit
361 2471 545 2495 necessarium
560 2471 593 2496 ad
613 2470 740 2496 salutem.

138 2519 164 2543 4.
186 2510 283 2536 Utrum
302 2511 411 2536 credere
431 2520 472 2543 ea,
493 2512 527 2537 ad
553 2520 621 2546 quae
646 2512 715 2537 ratio
743 2511 874 2537 naturalis

210 2553 349 2586 pervenire
363 2559 466 2587 potest,
487 2554 522 2578 sit
541 2554 737 2580 necessarium.

141 2600 164 2625 5.
185 2593 283 2618 Utrum
295 2594 330 2618 sit
340 2595 523 2620 necessarium
533 2595 566 2619 ad
577 2594 692 2620 salutem
704 2595 811 2620 credere
823 2594 874 2620 ali-

211 2643 263 2668 qua
277 2635 413 2670 explicite.

141 2675 166 2701 6.
187 2675 284 2701 Utrum
305 2677 338 2702 ad
365 2677 528 2702 credendum
556 2677 682 2712 explicite
709 2686 806 2703 omnes
833 2684 875 2703 te-

211 2724 326 2742 neantur
339 2718 497 2752 aequaliter.

140 2765 166 2792 7.
187 2758 285 2784 Utrum
306 2758 404 2784 habere
424 2760 505 2785 fidem
529 2760 684 2795 explicitam
711 2761 743 2786 de
764 2760 874 2786 Christo

213 2809 318 2835 semper
332 2801 367 2825 sit
385 2803 569 2827 necessarium
584 2803 616 2828 ad
629 2802 755 2829 salutem.

141 2842 166 2867 8.
187 2841 286 2868 Utrum
297 2842 405 2867 credere
417 2842 580 2869 Trinitatem
591 2843 718 2879 explicite
729 2845 764 2869 sit
779 2844 811 2869 de
825 2852 874 2869 ne-

214 2883 340 2909 cessitate
360 2883 464 2910 salutiS.

267 2952 294 2979 S.
316 2952 436 2979 Tuomst
459 2953 563 2980 Summa
589 2954 750 2989 Tlaeologica.
771 2954 836 2982 Vol.
858 2951 916 2981 111>

937 1259 962 1285 9.
984 1251 1081 1277 Utrum
1101 1258 1178 1277 actus
1198 1251 1261 1277 fidei
1275 1251 1312 1277 sit
1331 1251 1498 1277 meritorius.

923 1301 961 1319 10.
985 1293 1081 1319 Utrum
1095 1294 1165 1319 ratio
1186 1293 1304 1318 humana
1318 1293 1451 1318 diminuat
1462 1293 1588 1318 meritum
1599 1291 1672 1317 fidei.

1163 1369 1357 1401 QUAESTIO
1379 1369 1431 1396 111.

993 1429 1032 1455 De
1041 1429 1093 1464 fide
1107 1434 1228 1464 quantum
1241 1429 1275 1455 ad
1288 1434 1370 1454 actum
1385 1429 1436 1463 ejus
1451 1428 1605 1459 exteriorem,

1187 1471 1229 1506 qui
1241 1476 1276 1496 est
1288 1470 1408 1505 confiteri.

925 1539 948 1556 1.
969 1529 1066 1555 Utrum
1087 1529 1228 1555 confessio
1242 1530 1278 1554 sit
1297 1535 1373 1554 actus
1394 1528 1468 1556 fidei.

923 1580 949 1597 2.
970 1571 1067 1597 Utrum
1088 1571 1228 1597 confessio
1243 1572 1279 1596 sit
1298 1571 1451 1596 necessaria
1471 1570 1503 1595 ad
1523 1569 1648 1595 salutern.

1166 1652 1358 1684 QUAESTIO
1381 1652 1429 1678 IV.

1012 1714 1050 1740 De
1060 1714 1112 1749 fide
1125 1719 1252 1749 quantum
1261 1713 1293 1738 ad
1306 1714 1385 1748 ipsum
1401 1713 1513 1738 habitum
1523 1712 1596 1747 fidei,

1104 1761 1127 1781 et
1140 1760 1261 1790 quantum
1275 1755 1308 1780 ad
1320 1755 1400 1790 ipsam
1409 1753 1498 1788 fidem.

944 1836 949 1841 .
971 1815 1045 1846 Quid
1059 1816 1093 1840 sit
1113 1814 1190 1840 fides.

969 1856 999 1881 In
1014 1866 1066 1891 qua
1080 1857 1106 1882 vi
1120 1857 1225 1881 animae
1240 1856 1275 1881 sit
1290 1856 1360 1881 sicut
1374 1855 1402 1880 in
1416 1854 1551 1888 subjecto.

970 1898 1068 1924 Utrum
1089 1898 1178 1923 forma
1193 1898 1251 1932 ejus
1264 1898 1300 1922 sit
1318 1897 1445 1922 charitas.

970 1940 1067 1965 Utrum
1082 1940 1176 1965 eadem
1190 1947 1303 1964 numero
1321 1939 1356 1963 sit
1376 1938 1442 1963 fides
1462 1936 1579 1963 formata
1599 1942 1626 1962 et
1639 1937 1679 1962 in-

1012 1981 1117 2006 formis.

970 2022 1070 2048 Utrum
1084 2022 1151 2047 fides
1165 2022 1200 2047 sit
1218 2022 1313 2047 virtus.

971 2063 1067 2089 Utrum
1083 2064 1118 2088 sit
1138 2072 1191 2088 una
1205 2064 1298 2088 virtus.

971 2105 1011 2130 De
1033 2105 1128 2130 ordine
1149 2105 1207 2138 ejus
1228 2104 1260 2129 ad
1274 2103 1341 2129 alias
1355 2104 1478 2129 virtutes.

971 2147 1012 2172 De
1027 2147 1233 2181 comparatione
1247 2145 1418 2170 certitudinis
1439 2145 1496 2178 ejus
1517 2143 1550 2169 ad
1570 2144 1679 2169 certitu-

1014 2188 1105 2213 dinem
1119 2188 1250 2213 virtutum
1270 2185 1509 2211 intellectualium.

922 1825 949 1973 fure*

924 2114 950 2173 ‚007¹
924 2031 950 2090 5³⁸5*

1182 2268 1375 2300 QUAESTIO
1396 2268 1430 2294 V.

991 2336 1030 2362 De
1045 2336 1130 2361 habitu
1139 2334 1203 2370 fidei
1215 2339 1336 2369 quantum
1349 2333 1382 2358 ad
1397 2333 1513 2358 babentes
1526 2332 1614 2367 ipsam.

929 2405 952 2422 1.
973 2395 1071 2422 Utrum
1090 2394 1215 2430 angelus,
1231 2400 1276 2419 aut
1296 2393 1380 2418 homo
1398 2393 1425 2417 in
1446 2400 1494 2416 sua
1507 2391 1593 2426 prima
1612 2398 1681 2416 con-

1015 2437 1120 2462 ditione
1140 2436 1265 2461 habuerit
1278 2435 1368 2460 fidem.

927 2488 952 2505 2.
974 2478 1072 2504 Utrum
1087 2479 1235 2503 daemones
1249 2477 1367 2501 habeant
1382 2475 1473 2500 fidem.

929 2529 952 2554 3.
974 2520 1073 2546 Utrum
1092 2519 1223 2545 haeretici
1237 2525 1356 2543 errantes
1370 2518 1398 2542 in
1412 2525 1466 2541 uno
1488 2513 1604 2540 articulo
1618 2514 1681 2539 fidei

1015 2561 1134 2586 habeant
1147 2560 1227 2585 fidem
1241 2560 1273 2584 de
1287 2559 1348 2584 aliis
1362 2557 1494 2583 articulis.

927 2613 953 2636 4.
975 2602 1073 2629 Utrum
1088 2603 1167 2627 fidem
1182 2602 1341 2626 habentium
1356 2608 1426 2624 unus
1441 2598 1495 2623 alio
1510 2597 1609 2623 habeat
1623 2605 1679 2622 ma—

1016 2645 1103 2678 jorem
1117 2644 1207 2669 fidem.

1174 2722 1366 2754 QUAESTIO
1386 2721 1435 2747 VI.

1013 2784 1052 2809 De
1067 2784 1153 2809 babitu
1161 2782 1224 2817 fidei
1236 2786 1357 2816 quantum
1372 2780 1406 2806 ad
1419 2781 1469 2815 ejus
1483 2788 1591 2805 causam.

933 2853 955 2869 1.
977 2843 1074 2869 Utrum
1095 2842 1160 2867 fides
1175 2842 1210 2866 sit
1228 2841 1335 2866 homini
1348 2839 1439 2865 infusa
1452 2848 1468 2865 a
1480 2839 1550 2864 Deo.

932 2894 957 2911 2.
978 2884 1076 2911 Utrum
1090 2883 1156 2909 fides
1170 2882 1295 2909 informis
1309 2882 1345 2907 sit
1359 2882 1471 2907 donum.
