1859 3122
499 175 718 211 QUAESTIO
752 175 867 205 LVIII.
900 175 1143 205 ARTICULUS
1175 176 1202 205 1.
1539 177 1620 220 423

634 333 975 378 ARTICULUS
1011 334 1044 377 Ι.
1559 347 1623 392 318

73 442 226 473 UTRUM
253 441 589 473 CONVENIENTER
617 443 881 473 DEFINIATUR
899 443 1110 484 JUSTITIA,
1137 442 1261 478 QUOD
1286 443 1364 472 EST
1387 442 1627 482 PERPETUA,

203 508 259 538 ET
278 508 504 539 CONSTANS
525 508 756 538 VOLUNTAS
774 508 845 549 JUS
864 508 980 538 SUUM
998 508 1242 543 UNICUIQUE
1260 508 1508 539 TRIBUENDI.

281 595 328 640 (4.
351 596 437 631 Dist.
456 608 501 642 31.
525 608 553 642 q.
572 608 600 642 3.
623 601 684 630 art.
707 608 733 630 1.
757 595 798 630 acl
815 608 842 642 3.
865 601 892 630 ct
920 596 1006 630 Vari.
1029 608 1058 642 q.
1085 608 1112 630 1.
1135 601 1198 630 art.
1217 607 1245 642 5.
1265 595 1307 630 ad
1332 598 1410 642 12).

142 684 201 719 AD
217 695 365 719 PR1MUM
387 686 437 719 sic
456 685 670 732 proceditur.
686 684 847 727 Videtur,
867 685 962 731 quod
977 685 1273 719 inconvenienter
1289 685 1477 720 definiatur
1496 698 1515 720 a
1529 687 1628 732 juris-

72 737 193 784 peritis
216 737 289 782 (lib.
322 751 372 774 ro.
388 739 426 785 ff.
448 739 483 773 de
499 740 580 783 Just.
602 743 630 773 et
646 739 755 783 sure),
791 738 887 784 quod
920 739 1054 784 justitia
1076 746 1128 772 est
1158 746 1373 784 «perpetua,
1397 747 1430 773 et
1457 747 1626 774 constans

71 790 238 826 voluntas
258 793 312 838 jus
334 804 439 827 suurn
460 792 652 838 unicuique
673 792 850 826 tribuendi
865 803 906 825 »z
928 792 1061 837 justitia
1088 791 1185 826 enim
1206 792 1406 826 secundum
1428 792 1564 827 Philos.
1591 793 1627 827 in

75 855 103 890 5.
126 844 241 879 Ethic.
259 845 407 893 (cap.1.)
438 854 491 881 est
514 846 699 888 «habitus,
722 857 741 879 a
763 857 834 892 quo
853 854 936 880 sunt
957 845 1067 892 aliqui
1089 846 1263 892 operativi
1293 847 1481 891 justorum,
1501 855 1535 881 et
1553 859 1624 892 quo

72 905 277 944 operantur,
311 907 346 934 et
373 899 499 934 volunt
529 900 621 945 justa
635 912 674 934 »ε
705 899 766 933 sed
795 898 962 933 voluntas
996 900 1162 933 nominat
1189 899 1400 945 potentiam,
1429 899 1487 934 vel
1516 901 1625 934 etiam

73 959 213 995 actum3
234 963 320 999 ergo
342 953 636 987 inconvenienter
655 953 788 998 justitia
810 952 938 986 dicitur
955 965 1015 987 essa
1039 953 1202 987 voluntas.

143 1015 175 1039 2.
197 1006 432 1041 PRAETEREA.
448 1006 639 1040 Rectitudo
655 1005 851 1040 voluntatis
864 1017 938 1040 non
953 1015 1006 1041 est
1018 1005 1202 1049 voluntas;
1225 1005 1396 1052 alioquin,
1413 1008 1441 1041 si
1458 1007 1626 1041 voluntas

73 1067 166 1094 essct
186 1071 250 1094 sua
270 1060 459 1102 rectitudo,
474 1068 682 1106 sequeretur
701 1060 796 1106 quod
811 1059 911 1094 nulla
924 1059 1092 1094 voluntas
1111 1068 1204 1095 esset
1218 1071 1401 1106 perversa:
1425 1062 1485 1095 sed
1502 1073 1624 1096 secun-

72 1113 159 1147 dum
180 1113 344 1148 Anselm.
365 1114 402 1147 in
422 1113 482 1147 lib.
505 1113 548 1148 de
570 1114 666 1148 Veri.
685 1113 1025 1160 (cap213.):chst1'tia
1039 1119 1080 1148 est
1094 1113 1276 1155 rectitud0;
1301 1126 1388 1160 ergo
1402 1115 1536 1160 justitia
1551 1126 1624 1149 non

73 1174 126 1201 cst
145 1165 324 1201 voluntas.

146 1231 174 1266 3.
197 1220 432 1255 PRAETEREA.
455 1219 543 1254 Sola
568 1220 638 1254 Dei
658 1219 827 1254 voluntas
849 1228 902 1255 est
934 1228 1129 1267 perpetua;
1158 1221 1188 1255 si
1215 1231 1303 1267 ergo
1325 1221 1459 1267 justitia
1481 1229 1533 1256 est
1553 1233 1627 1268 per-

72 1281 179 1320 petua
199 1273 378 1316 voluntas,
396 1273 432 1308 in
454 1273 534 1308 solo
555 1274 636 1308 Deo
660 1274 726 1308 erit
746 1274 891 1320 justitia.

141 1337 174 1370 4.
193 1327 428 1362 PRAETEREA.
453 1327 576 1362 Omne
599 1336 810 1389 perpetuum
833 1336 886 1362 est
908 1336 1095 1370 constans;
1123 1328 1205 1374 quia
1227 1336 1281 1362 est
1300 1327 1546 1371 immutabile;
1573 1340 1627 1363 su-

72 1380 206 1428 perflue
229 1392 315 1426 ergo
338 1389 529 1427 utrumque
551 1381 696 1427 ponitur
718 1382 753 1415 in
775 1381 982 1416 definitione
1004 1381 1171 1427 justitiae,
1194 1387 1387 1428 perpetuum
1415 1387 1443 1417 et
1468 1387 1625 1417 constans.

148 1445 175 1479 ς.
198 1434 433 1469 PRAETEREA.
455 1434 617 1469 Reddere
640 1435 694 1480 jus
716 1435 908 1480 unicuique
934 1436 1087 1480 pertinet
1109 1436 1152 1469 ad
1173 1435 1391 1482 principem,
1419 1447 1505 1481 ergo
1528 1437 1558 1470 si
1578 1437 1628 1481 ju-

75 1487 169 1522 stitia
191 1487 234 1521 sit
256 1487 448 1533 unicuique
461 1488 523 1548 ,jus
549 1499 655 1522 suurn
682 1488 851 1530 tribuens,
876 1489 1034 1534 sequitur
1061 1489 1156 1535 quod
1177 1489 1310 1534 justitia
1336 1500 1410 1523 non
1432 1490 1476 1523 sit
1501 1489 1570 1524 nisi
1591 1489 1628 1523 in

74 1541 246 1588 principe,
268 1541 364 1587 quod
387 1549 440 1575 est
459 1541 729 1575 inconveniens.

144 1594 175 1629 6.
198 1594 433 1629 PRAETEREA.
456 1595 608 1640 August.
632 1594 745 1628 dicit
737 1606 774 1628 111
795 1593 854 1628 lib.
877 1594 920 1628 de
943 1595 1034 1628 Mor.
1050 1595 1148 1629 Eccl.
1165 1596 1324 1642 (aiij.)
1340 1596 1436 1642 quod
1462 1596 1626 1641 «Justitia

74 1656 127 1683 est
148 1659 251 1682 amor
271 1648 352 1681 Deo
375 1656 515 1682 tanturn
537 1648 695 1682 serviens
710 1660 742 1690 »3
765 1659 838 1681 non
861 1659 948 1693 ergo
971 1649 1085 1682 reddit
1106 1649 1298 1695 unicuique
1321 1650 1417 1695 quod
1432 1661 1537 1683 suum
1565 1658 1629 1684 est.

143 1702 372 1736 RESPONDEO
395 1701 599 1743 dicendum,
623 1701 718 1747 quod
745 1701 927 1747 praedicta
948 1702 1103 1747 justitiae
1128 1702 1288 1737 definitio
1322 1703 1541 1737 conveniens
1563 1712 1628 1745 est,

73 1756 102 1791 si
122 1763 218 1790 recte
240 1754 476 1801 intelligatur:
500 1766 583 1788 curn
606 1755 702 1789 enim
725 1755 844 1789 omnis
865 1755 975 1789 virtus
994 1755 1039 1789 sit
1058 1756 1212 1798 habitus,
1243 1757 1304 1803 qui
1334 1765 1386 1791 est
1411 1758 1626 1803 principium

72 1809 159 1843 boni
180 1816 291 1850 actus,
312 1819 461 1843 necesse
485 1817 538 1843 est
558 1808 654 1855 quod
680 1808 791 1843 virtus
814 1808 1003 1843 definiatur
1024 1820 1087 1854 per
1109 1817 1230 1843 actum
1262 1810 1399 1844 bonum
1430 1811 1524 1844 circa
1550 1822 1631 1857 pro-

72 1863 187 1909 priam
209 1862 399 1896 materiam
420 1862 575 1896 virtutis:
599 1870 651 1896 est
673 1870 793 1896 autern
814 1862 946 1907 justitia
968 1862 1111 1908 proprie
1134 1863 1228 1897 circa
1247 1874 1288 1897 ea
1310 1875 1400 1910 quae
1416 1864 1459 1897 ad
1476 1864 1627 1898 alterum

73 1923 166 1958 sunt,
187 1915 280 1950 sicut
300 1915 394 1949 circa
415 1915 598 1962 propriam
620 1915 821 1957 materiam,
836 1923 874 1949 ut
894 1914 985 1949 infra
1006 1916 1140 1962 patebit
1153 1917 1234 1961 (art.
1248 1917 1350 1962 seq.);
1375 1925 1408 1951 et
1422 1917 1503 1952 ideo
1526 1925 1625 1952 actus

73 1969 227 2015 justitiae
260 1979 322 2015 per
348 1969 659 2015 comparationem
683 1969 725 2003 ad
747 1970 930 2015 propriam
953 1970 1152 2012 materiam,
1180 1978 1215 2004 et
1245 1971 1427 2016 objectum
1456 1971 1626 2016 tangitur,

75 2034 158 2057 cum
184 2022 328 2058 dicitur:
351 2023 411 2067 Jus
436 2034 529 2057 suum
547 2024 721 2068 unicuique
749 2023 911 2058 tribuens:
939 2023 1033 2068 quia,
1061 2031 1099 2056 ut
1124 2023 1281 2058 Isidorus
1309 2023 1394 2057 dicit
1418 2025 1454 2058 in
1481 2024 1540 2058 lib.
1571 2035 1623 2059 10.

74 2076 192 2122 Etym.
219 2075 278 2121 (ad
299 2075 345 2110 lit.
372 2076 550 2121 1).·Justus
569 2075 701 2118 dicitur,
725 2077 803 2122 quia
821 2078 875 2121 jus
896 2075 1040 2110 custodit.
1063 2076 1121 2110 Ad
1142 2077 1213 2110 hoc
1238 2085 1358 2111 autem
1379 2078 1475 2124 quod
1499 2077 1626 2123 aliquis

75 2137 174 2164 actus
196 2129 291 2163 circa
311 2140 578 2175 quamcumque
600 2129 789 2164 materiam
816 2129 860 2164 sit
881 2129 1073 2172 virtuosus,
1099 2130 1289 2176 requiritur
1310 2131 1407 2176 quod
1433 2131 1477 2165 sit
1502 2131 1626 2165 volun-

73 2183 195 2224 tarius,
217 2190 252 2217 et
272 2182 368 2228 quod
390 2182 435 2216 sit
455 2182 590 2217 stabilis
612 2191 647 2217 et
668 2183 811 2225 firmus3
834 2182 917 2228 quia
938 2182 1074 2217 Philos.
1093 2183 1179 2218 dicit
1199 2183 1236 2217 in
1257 2194 1288 2218 2.
1310 2183 1426 2218 Ethic.
1451 2184 1537 2230 (cap.
1560 2184 1623 2229 4.),

75 2235 170 2282 quod
194 2235 237 2269 ad
251 2235 390 2270 virtutis
405 2243 526 2269 actum
539 2236 740 2282 requiritur,
756 2236 874 2282 primo
889 2235 1034 2281 quidem
1050 2236 1146 2282 quod
1165 2241 1316 2283 operatur
1327 2238 1451 2272 sciens:
1466 2237 1625 2272 secundo

76 2297 196 2323 autem
219 2288 315 2335 quod
337 2289 461 2334 eligens,
481 2294 509 2323 et
523 2295 663 2336 propter
683 2289 826 2324 debitum
839 2290 969 2335 finem:
991 2290 1097 2323 tertio
1120 2291 1217 2336 quod
1238 2291 1453 2326 immobiliter
1467 2297 1624 2337 operetur.

76 2344 228 2377 Primum
251 2351 372 2376 autem
393 2342 526 2376 horum
547 2343 740 2377 includitur
760 2344 796 2378 in
817 2343 975 2378 secundo:
998 2344 1080 2389 quia
1095 2345 1191 2390 quod
1213 2356 1276 2391 per
1297 2345 1537 2391 ignorantiam
1558 2345 1627 2390 agi-

78 2404 145 2438 tur,
168 2403 220 2430 est
240 2395 535 2437 involuntarium,
557 2404 595 2430 ut
617 2396 744 2430 dicitur
765 2397 802 2430 in
827 2408 855 2442 3.
879 2396 994 2430 Ethic.
1019 2398 1106 2443 (cap.
1121 2398 1182 2442 1.);
1205 2406 1239 2432 et
1260 2398 1341 2432 ideo
1365 2399 1399 2431 in
1416 2398 1623 2432 definitione

75 2449 229 2494 justitiae
244 2449 360 2495 primo
376 2449 519 2494 ponitur
533 2450 696 2491 voluntas,
707 2450 750 2483 ad
766 2450 1029 2484 ostendendum
1041 2451 1136 2496 quod
1152 2459 1251 2485 actus
1263 2451 1416 2496 justitiae
1428 2451 1531 2484 debet
1547 2462 1622 2484 esse

76 2502 316 2536 voluntarius:
334 2502 473 2536 additur
488 2510 608 2536 autem
624 2503 666 2537 de
683 2504 882 2537 constantia
898 2512 932 2537 et
945 2504 1180 2549 perpetuitate
1195 2505 1237 2538 ad
1253 2505 1510 2549 designandam
1527 2512 1626 2537 actus

75 2555 300 2597 firmitatem3
324 2564 358 2588 et
378 2555 460 2589 ideo
482 2555 663 2601 praedicta
689 2556 850 2590 definitio
878 2564 930 2590 est
956 2556 1137 2602 completa
1171 2557 1329 2590 definitio
1359 2557 1533 2601 justitiae3
1560 2557 1628 2590 nisi

78 2608 174 2654 quod
197 2617 295 2642 actus
318 2609 462 2653 ponitur
482 2619 545 2654 pro
568 2608 702 2651 habitu,
725 2609 784 2654 qui
805 2620 867 2655 per
889 2617 1009 2643 actum
1033 2610 1272 2655 specificatur:
1295 2610 1436 2643 habitus
1459 2609 1555 2642 enim
1582 2610 1625 2643 ad

79 2669 198 2695 actum
220 2661 365 2695 dicitur:
389 2669 423 2694 et
444 2661 473 2695 si
495 2661 572 2706 quis
589 2661 698 2696 vellet
719 2673 799 2696 eam
813 2663 848 2695 in
865 2662 1020 2696 debitam
1036 2663 1192 2696 formam
1208 2663 1425 2697 definitionis
1443 2663 1627 2704 reducere,

78 2723 199 2760 posset
220 2715 269 2748 sic
292 2715 422 2756 dicere,
444 2715 540 2760 quod
560 2715 694 2760 justitia
716 2723 768 2749 est
786 2716 939 2757 habitus,
954 2717 1152 2750 secundum
1169 2727 1275 2761 quem
1294 2715 1421 2760 aliquis
1437 2716 1626 2758 constanti,

80 2775 114 2802 et
133 2775 303 2814 perpetua
324 2767 510 2802 voluntate
531 2768 585 2812 jus
607 2779 711 2801 suurn
732 2768 924 2814 unicuique
945 2769 1085 2802 tribuit:
1109 2777 1142 2802 et
1164 2768 1265 2814 quasi
1287 2776 1339 2802 est
1360 2769 1485 2802 eadem
1508 2768 1628 2802 defini-

77 2821 129 2855 tio
151 2833 234 2855 cum
256 2832 309 2862 ea,
331 2832 441 2866 quam
460 2820 596 2855 Philos.
611 2821 714 2867 ponit
733 2821 769 2854 in
788 2832 816 2866 5.
832 2821 947 2855 Ethic.
963 2822 1050 2867 (cap.
1069 2821 1116 2867 5.)
1140 2821 1260 2855 dicens
1278 2834 1295 2852 ‹<
1310 2822 1405 2867 quod
1420 2821 1552 2866 justitia
1575 2830 1627 2856 est

78 2873 231 2916 habitus,
243 2873 440 2907 secundum
452 2884 558 2919 quem
570 2873 697 2919 aliquis
712 2874 839 2908 dicitur
850 2875 1051 2919 operativus
1063 2874 1261 2908 secundum
1272 2873 1486 2909 electionem
1501 2876 1581 2921 justi
1595 2888 1625 2908 ».
