1859 3122
447 140 669 178 QUAESTIO
703 140 819 172 CXLI.
853 140 1097 172 ARTICULUS
1130 139 1190 169 111.
1526 141 1608 183 919

52 236 180 260 omnes
199 223 341 259 animae
359 223 565 269 passiones;
584 233 670 269 ergo
689 223 839 266 videtur,
858 222 955 270 quod
972 222 1210 269 temperantia
1228 232 1301 255 non
1320 221 1364 256 sit
1377 220 1496 256 solum
1517 221 1610 256 circa

52 277 374 324 concupiscentias,
397 284 431 310 et
452 276 721 311 delectationes.

123 341 155 366 2.
176 331 411 366 PRAETEREA.
439 329 562 364 Virtus
584 338 637 364 est
659 330 754 363 circa
776 329 931 372 difficile,
954 337 988 363 et
1008 329 1165 363 bonum:
1189 328 1250 362 sed
1272 327 1451 362 difficilius
1472 328 1613 363 videtur

52 396 129 420 csse
162 393 363 430 temperare
395 383 578 425 timorem,
609 383 765 418 maxime
796 383 890 418 circa
920 381 1079 428 pericula
1109 383 1255 423 mortis,
1286 393 1394 427 quam
1430 381 1613 416 moderari

52 436 377 484 concupiscentias,
407 444 441 470 et
468 435 737 478 delectationes,
764 448 855 482 quae
878 444 1023 483 propter
1053 435 1210 476 dolores,
1242 443 1275 468 et
1305 435 1464 481 pericula
1487 435 1613 469 mortis

53 498 344 537 contemnuntur,
367 498 406 524 ut
426 490 581 535 August.
603 491 689 524 dicit
710 491 744 524 in
764 490 823 524 lib.
847 490 901 536 83.
934 489 1021 530 QQ.
1043 489 1088 535 (q.
1112 488 1207 535 36.)‚·
1232 499 1318 534 ergo
1340 488 1490 530 videtur,
1513 489 1610 534 quod

50 543 311 590 temperantiae
343 543 454 577 virtus
488 554 561 577 non
596 543 639 578 sit
673 543 864 590 praecipue
904 543 999 577 circa
1033 542 1356 587 concupiscentias,
1393 549 1427 576 et
1461 541 1613 576 delecta-

51 598 179 633 tiones.

126 663 154 697 3.
176 650 412 686 PRAETEREA.
428 649 484 683 Ad
500 649 777 696 temperantiam
796 649 949 696 pertinet
966 649 1225 684 moderationis
1241 648 1366 695 gratia,
1382 656 1421 682 ut
1440 648 1612 682 Ambros.

52 704 138 739 dicit
158 704 194 738 in
215 714 240 737 1.
257 703 299 737 de
316 702 390 738 Off.
410 703 474 747 (tit.
490 703 525 737 da
547 703 690 750 Tama),
707 703 802 749 quod
819 703 861 736 ad
882 702 1159 748 temperantiam
1174 703 1327 748 pertinet
1341 701 1460 736 omnis
1475 701 1611 736 sedatio

51 756 343 804 pertubationum
366 756 489 798 animi,
511 764 545 790 et
574 768 693 790 rerum
717 756 866 790 modus:
891 764 1035 802 oportet
1062 763 1181 789 autem
1204 756 1356 789 modum
1378 766 1511 801 ponere
1539 765 1613 788 non

52 810 172 845 solum
193 810 228 843 in
251 809 563 855 concupiscentiis,
580 817 613 843 et
632 809 940 850 delectationibus,
956 810 1017 843 sed
1033 809 1141 843 etiam
1160 809 1195 842 in
1211 809 1445 843 exterioribus
1464 808 1613 850 actibus,

53 871 86 898 et
108 862 323 910 quibuslibet
344 862 594 905 exterioribus3
617 874 703 908 ergo
733 863 971 908 temperantia
993 874 1065 895 non
1094 870 1146 896 est
1173 862 1292 896 solum
1320 862 1414 896 circa
1446 861 1624 910 concupi-v

53 917 218 958 scentias,
241 924 274 950 et
295 915 565 950 delectationes.

125 969 199 1004 SED
222 979 376 1004 CONTRA
399 977 462 1011 est,
485 969 580 1015 quod
602 968 759 1003 Isidorus
778 969 863 1002 dicit
877 968 912 1002 in
934 968 994 1002 lib.
1010 968 1231 1015 Etymolog.,
1257 969 1354 1015 quod
1375 968 1612 1015 temperantia

53 1031 116 1066 est,
138 1035 207 1069 qua
229 1023 339 1056 libido
363 1022 725 1068 concupiscentiaque
748 1021 980 1056 refraenatur.

122 1076 351 1111 RESPONDEO
374 1076 578 1116 dicendum,
597 1075 706 1121 quod,
725 1075 817 1109 sicut
838 1086 944 1121 supra
961 1075 1098 1109 dictum
1114 1083 1166 1109 est
1183 1075 1228 1121 (q.
1251 1087 1316 1121 123.
1332 1080 1440 1110 art.1.
1456 1080 1484 1110 ct
1497 1087 1525 1121 q.
1544 1075 1612 1122 136.

52 1135 117 1165 art.
140 1131 200 1175 L),
224 1130 266 1163 ad
287 1129 457 1163 virtutem
479 1127 655 1162 moralem
684 1128 836 1173 pertinet
857 1129 1085 1163 conservatio
1106 1129 1194 1162 boni
1216 1129 1364 1163 rationis
1393 1137 1516 1163 contra
1538 1140 1614 1174 pas-

52 1183 172 1218 siones
198 1182 329 1216 rationi
355 1189 610 1227 repugnantes:
639 1189 759 1216 motus
792 1189 912 1215 autem
934 1182 1144 1228 passionum
1180 1182 1323 1216 animae
1346 1190 1399 1216 est
1420 1182 1550 1229 duplex,
1574 1190 1611 1216 ut

51 1247 157 1282 supra
190 1235 352 1269 habitum
387 1242 439 1269 est
472 1235 550 1280 (1-2.
573 1247 601 1280 q.
624 1246 671 1281 23.
693 1240 756 1269 art.
779 1235 826 1278 2.)
861 1246 944 1269 cum
980 1235 1023 1270 de
1058 1235 1285 1281 passionibus
1320 1243 1504 1280 ageretur:
1530 1247 1613 1269 unus

52 1289 210 1336 quidem,
234 1289 433 1323 secundum
461 1289 558 1334 quod
585 1288 761 1334 appetitus
786 1288 976 1322 sensitivus
1003 1289 1231 1335 prosequitur
1261 1288 1454 1331 sensibilia,
1482 1296 1516 1322 et
1539 1300 1615 1322 cor-

52 1342 190 1390 poralia
210 1343 324 1376 bona:
355 1343 439 1377 alins
461 1349 594 1384 autem,
624 1342 823 1376 secundum
846 1342 943 1388 quod
965 1341 1095 1387 refugit
1122 1342 1314 1384 sensibilia,
1345 1350 1379 1376 et
1409 1341 1613 1388 corporalia

53 1396 166 1431 mala:
194 1396 329 1442 primus
363 1404 484 1430 autem
511 1403 631 1429 motus
658 1395 834 1441 appetitus
860 1395 1021 1430 sensitivi
1054 1396 1246 1441 praecipue
1272 1404 1449 1441 repugnat
1481 1395 1613 1430 rationi

52 1461 115 1496 per
139 1449 477 1483 immoderantiam:
509 1459 593 1482 nam
620 1449 716 1482 bona
745 1448 938 1491 sensibilia,
973 1456 1007 1483 et
1041 1448 1242 1495 corporalia
1278 1449 1478 1483 secundum
1509 1459 1612 1482 suam

52 1503 212 1550 speciem
234 1502 461 1536 considerata
475 1513 548 1536 non
565 1509 768 1548 repugnant
788 1502 930 1544 rationi,
946 1503 1007 1536 sed
1023 1502 1139 1548 magis
1155 1502 1312 1536 serviunt
1331 1502 1363 1536 ei
1383 1502 1475 1536 sicut
1488 1502 1613 1536 instru-

54 1564 188 1598 menta,
209 1556 335 1602 quibus
362 1557 453 1589 ratio
480 1555 589 1589 utitur
611 1555 654 1588 ad
677 1555 975 1589 consecutionem
996 1555 1131 1601 proprii
1152 1555 1248 1597 finis;
1271 1563 1472 1601 repugnant
1491 1563 1611 1589 autem

53 1610 85 1644 ei
106 1609 297 1656 praecipue
319 1608 517 1643 secundum
540 1609 635 1654 quod
658 1608 833 1654 appetitus
853 1608 1041 1642 sensitivus
1062 1608 1099 1641 in
1121 1620 1162 1642 ea
1183 1609 1296 1642 tendit
1317 1619 1391 1642 non
1412 1608 1612 1642 secundum

53 1663 205 1697 modum
227 1662 394 1704 rationi53
417 1669 452 1695 et
478 1661 560 1696 ideo
589 1661 631 1695 ad
653 1662 821 1696 virtutem
848 1661 1026 1696 moralem
1055 1662 1208 1708 pertinet
1233 1662 1377 1708 proprie
1403 1661 1614 1707 hujusmodi

53 1717 239 1763 passiones
261 1715 453 1757 moderari,
475 1726 566 1761 quae
589 1717 785 1761 important
799 1715 1091 1760 prosecutionem
1110 1715 1206 1749 boni.
1226 1715 1347 1749 Motus
1367 1723 1486 1749 autem
1510 1726 1614 1761 appe-

52 1770 137 1805 titus
158 1769 315 1804 sensitivi
338 1768 543 1814 refugientis
570 1768 666 1802 mala
693 1768 872 1802 sensibilia
894 1768 1086 1814 praecipue
1109 1769 1346 1802 contrariatur
1371 1769 1512 1811 rationi,
1538 1780 1613 1802 non

53 1822 199 1869 quidem
220 1822 419 1856 secundum
449 1833 551 1856 suam
582 1821 910 1863 immoderantiam,
941 1822 1002 1856 sed
1029 1822 1186 1855 maxime
1212 1822 1412 1856 secundum
1439 1833 1545 1856 suum
1567 1821 1614 1855 di-

53 1887 230 1911 scessum:
252 1883 359 1922 prout
380 1874 517 1909 scilicet
535 1874 662 1920 aliquis
681 1873 893 1919 refugiendo
917 1874 1013 1908 mala
1028 1875 1220 1917 sensibilia,
1240 1883 1274 1909 et
1288 1875 1502 1921 corporalia,
1521 1885 1613 1921 quae

53 1929 233 1963 interdum
263 1928 555 1962 concomitantur
581 1928 719 1962 bonum
744 1928 904 1970 rationis,
931 1939 993 1974 per
1030 1939 1256 1974 consequens
1286 1929 1437 1963 discedit
1465 1929 1506 1962 ab
1534 1928 1613 1974 ipso

52 1983 150 2016 bono
176 1982 344 2024 rationis;
371 1989 405 2015 et
425 1981 507 2015 ideo
531 1981 574 2014 ad
595 1981 764 2014 virtutem
786 1981 964 2015 moralem
986 1981 1139 2028 pertinet
1164 1982 1200 2015 in
1221 1982 1432 2027 hujusmodi
1453 1982 1613 2016 discessu

53 2035 261 2069 firmitatem
283 2042 463 2080 praestare
484 2034 520 2068 in
541 2034 638 2068 bono
661 2034 820 2068 rationis.
841 2034 942 2068 Sicut
963 2045 1049 2081 ergo
1068 2035 1178 2069 virtus
1200 2035 1429 2077 fortitudinis,
1451 2035 1494 2069 de
1514 2036 1613 2080 cujus

54 2089 193 2123 ratione
220 2096 273 2122 est
293 2088 501 2122 firmitatem
532 2095 724 2133 praestare,
751 2088 943 2134 praecipue
967 2088 1129 2122 consistit
1155 2088 1249 2123 circa
1282 2089 1490 2134 passionem
1512 2088 1615 2134 perti-

54 2150 202 2176 nentem
224 2141 266 2175 ad
289 2140 413 2187 fugam
444 2140 688 2186 corporalium
709 2141 902 2183 malorum,
929 2140 1066 2175 scilicet
1087 2142 1184 2175 circa
1214 2142 1397 2184 timorem,
1428 2153 1469 2176 ex
1492 2153 1615 2176 conse-

55 2195 176 2241 quenti
197 2202 319 2229 autem
341 2194 435 2228 circa
451 2193 651 2236 audaciam,
673 2205 764 2239 quae
779 2194 986 2240 aggreditur
1002 2194 1173 2229 terribilia
1187 2195 1251 2229 sub
1267 2207 1329 2241 spe
1345 2195 1494 2241 alicujus
1508 2195 1614 2237 boni;

55 2249 104 2283 ita
118 2248 227 2282 etiam
249 2249 479 2294 temperantia,
495 2258 586 2293 quae
605 2247 776 2292 importat
797 2247 1085 2281 moderationem
1102 2249 1307 2294 quamdam,
1323 2249 1515 2294 praecipue
1532 2259 1616 2282 con-

56 2301 146 2336 sistit
167 2301 261 2336 circa
282 2301 468 2347 passiones
489 2300 675 2334 tendentes
697 2300 733 2334 in
751 2300 848 2334 bona
868 2300 1060 2343 sensibilia,
1083 2301 1221 2336 scilicet
1243 2302 1338 2335 circa
1362 2302 1616 2347 concupiscen-

55 2355 156 2397 tiam,
178 2362 213 2388 et
233 2354 524 2395 delectationem,
539 2364 581 2387 ex
601 2353 835 2399 consequenti
854 2361 975 2388 autem
997 2354 1091 2388 circa
1105 2355 1276 2397 tristitias,
1295 2366 1386 2400 quae
1402 2354 1616 2399 contingunt

57 2419 100 2441 ex
121 2407 280 2442 absentia
294 2406 422 2440 talium
445 2405 742 2440 delectationum:
764 2418 849 2441 nam
871 2407 963 2441 sicut
983 2408 1132 2441 audacia
1155 2407 1412 2453 praesupponit
1432 2407 1614 2449 terribilia,

56 2461 105 2495 ita
126 2460 234 2495 etiam
264 2460 404 2494 tristitia
430 2459 511 2493 talis
532 2459 696 2505 provenit
725 2470 767 2493 ex
795 2459 955 2494 absentia
976 2460 1241 2506 praedictarum
1263 2460 1549 2495 dilectationum.

127 2514 187 2548 AD
201 2523 350 2548 PRIMUM
365 2523 452 2558 ergo
471 2512 675 2554 dicendum,
691 2512 799 2558 quod,
819 2513 911 2547 sicut
924 2525 1031 2559 supra
1053 2514 1188 2548 dictum
1211 2522 1264 2548 est
1286 2513 1370 2557 (1-2.
1394 2526 1423 2559 q.
1445 2525 1492 2559 23.
1507 2518 1572 2548 art.
1587 2526 1614 2548 1.

56 2571 84 2601 et
104 2577 135 2601 2.
154 2578 184 2612 q.
203 2578 250 2612 25.
273 2571 336 2600 art.
362 2565 410 2609 1.)
433 2576 516 2599 cum
538 2565 581 2599 de
603 2565 828 2611 passionibus
852 2574 1027 2612 ageretur,
1049 2567 1235 2612 passiones
1257 2578 1347 2612 quae
1370 2567 1548 2612 pertinent
1571 2567 1613 2600 ad

57 2618 182 2665 fugam
196 2619 294 2660 mali,
310 2626 603 2664 praesupponunt
616 2619 800 2664 passiones
822 2630 913 2665 quae
935 2621 1113 2665 pertinent
1132 2619 1175 2653 ad
1196 2620 1490 2665 'prosecutionem
1510 2620 1614 2662 boni3

58 2680 94 2707 et
113 2672 298 2718 passiones
324 2671 511 2705 irascibilis
538 2680 831 2717 praesupponunt
851 2673 1036 2718 passiones
1065 2672 1373 2717 concupiscibilis,
1396 2680 1431 2706 et
1451 2672 1501 2706 sic
1530 2673 1615 2706 dum

57 2724 294 2771 temperantia
317 2724 450 2758 directe
472 2724 658 2758 modificat
677 2725 863 2770 passiones
885 2725 1175 2771 concupiscibilis
1203 2726 1388 2759 tendentes
1409 2725 1446 2759 in
1466 2726 1615 2768 bonum,

58 2790 119 2824 per
138 2778 334 2824 quamdam
353 2778 649 2824 consequentiam
671 2778 856 2813 modificat
876 2790 1004 2813 omnes
1027 2779 1112 2813 alias
1134 2778 1330 2824 passiones,
1345 2779 1557 2824 inquantum
1573 2778 1616 2812 ad

58 2831 323 2866 moderantiam
338 2831 499 2877 priorum
514 2831 723 2877 passionum
745 2832 903 2878 sequitur
925 2832 1149 2866 moderantia
1167 2833 1428 2878 posteriorum:
1444 2833 1503 2878 qui
1519 2833 1616 2867 enim
