1859 3122
405 190 625 225 QUAESTIO
661 191 897 221 CLXXXVIII.
932 192 1175 222 ARTICULUS
1209 192 1268 222 111.
1504 194 1609 236 1255

56 271 158 306 detur
179 272 274 318 quod
297 284 370 306 non
394 272 500 307 liccat
522 273 571 307 eis
598 272 732 307 bellum
756 285 898 319 gerere;
925 282 960 308 et
981 274 1029 308 ita
1056 274 1098 308 ad
1124 274 1195 308 hoc
1226 285 1299 308 non
1330 282 1449 321 potest
1477 275 1614 310 institui

56 324 174 371 aliqua
196 325 351 371 Religio.

126 377 199 412 SED
229 389 383 414 CONTRA
413 388 476 422 est,
498 380 594 426 quod
622 380 715 426 Aug.
744 380 828 414 dicit
851 381 893 414 ad
917 380 1145 415 Bonifacium
1172 381 1266 427 (epit.
1295 393 1364 427 205.
1392 394 1478 416 manc
1505 383 1610 428 189.):

56 444 74 463 <t
92 431 179 466 Noli
201 433 405 468 existimare
425 434 610 469 neminem
633 434 714 468 Deo
737 434 879 480 placere
900 445 1018 480 posse,
1041 435 1101 481 qui
1123 436 1231 468 armis
1253 435 1392 470 bellicis
1414 436 1609 470 ministrat:

53 485 87 519 in
107 485 163 520 his
186 495 261 520 erat
282 496 427 522 sanctus
449 488 579 529 David,
603 488 660 522 cui
680 488 862 522 Dominus
888 499 1062 533 magnum
1088 488 1338 522 testimonium
1372 488 1552 535 perhibuit
1573 502 1611 523 »z

55 539 116 573 sed
140 540 183 573 ad
205 540 274 573 hoc
298 540 480 575 institutae
503 549 585 575 sunt
606 541 811 587 religiones,
833 549 871 575 ut
893 541 1059 575 homines
1086 541 1166 576 Deo
1194 541 1379 588 placeant,
1407 553 1495 587 ergo
1522 542 1614 576 nihil

54 592 232 637 prohibet,
255 592 410 639 aliquam
436 594 666 639 Religionem
690 595 824 628 institui
846 595 888 628 ad
910 594 1147 628 militandum.

123 644 352 680 Rnspos-Dsso
372 646 578 689 dicendum,
599 648 707 693 quod,
730 649 820 682 sicut
841 648 977 682 dictum
993 656 1046 682 est
1060 648 1140 693 (art.
1153 648 1296 694 praec),
1312 647 1456 694 Religio
1475 649 1613 683 institui

54 706 172 744 potest
192 709 266 732 non
289 699 407 733 solum
432 700 475 734 ad
498 711 609 746 opera
630 701 723 734 vitae
747 700 1063 747 contemplativae,
1090 701 1150 735 sed
1174 701 1282 735 etiam
1311 701 1354 735 ad
1382 712 1491 747 opera
1517 702 1612 736 vitae

52 751 203 793 activae,
225 752 438 798 inquantum
461 754 640 799 pertinent
668 754 709 787 ad
734 754 1008 788 subventionem
1038 755 1299 800 proximorum,
1333 763 1368 788 et
1397 755 1611 801 obsequium

49 804 137 846 Dei;
159 815 233 838 non
249 813 368 839 autem
385 806 599 852 inquantum
621 807 799 853 pertinent
820 807 863 841 ad
879 806 1009 853 aliquid
1026 807 1248 841 mundanum
1265 808 1520 843 obtinendum:
1536 816 1610 854 pot-

50 865 104 892 est
125 865 245 892 autem
267 858 427 892 officium
451 859 603 894 militare
627 861 783 894 ordinari
811 861 853 894 ad
882 861 1156 894 subventionem
1183 862 1444 907 proximorum,
1462 873 1536 896 non
1558 873 1612 896 so-

49 910 126 944 lum
145 920 318 957 quantum
343 913 385 946 ad
409 913 563 958 privatas
586 925 770 959 personas,
792 913 853 947 sed
876 914 984 947 etiam
1007 922 1178 959 quantum
1203 914 1246 948 ad
1264 915 1373 949 totius
1391 915 1610 961 reipublicae

49 963 317 1007 defensionem3
343 966 436 1000 unde
456 966 498 1000 de
515 966 605 1011 Juda
628 966 865 1009 Machabaeo,
893 977 919 1000 1.
942 967 1108 1000 Machab.
1135 979 1175 1013 5.,
1197 968 1337 1010 dicitur,
1351 969 1447 1014 quod
1463 969 1610 1015 praelia-

51 1018 150 1051 batur
162 1019 331 1064 praelium
347 1019 450 1053 Israel
464 1031 537 1053 cum
556 1019 702 1059 laelilia;
718 1024 746 1053 et
759 1019 913 1053 dilatavit
923 1020 1044 1066 populo
1065 1032 1121 1054 suo
1138 1021 1304 1066 gloriam:
1329 1021 1487 1055 ordinari
1501 1022 1610 1056 etiam

50 1078 169 1116 potest
191 1072 234 1105 ad
257 1073 574 1106 conservationem
593 1073 703 1106 divini
719 1071 853 1114 cultus;
876 1073 970 1106 unde
984 1073 1117 1107 ibidem
1131 1074 1303 1116 subditur,
1315 1074 1446 1119 Judam
1461 1075 1607 1109 dixisse:

51 1124 120 1158 Nos
134 1126 362 1171 pugnabimus
374 1132 438 1171 pro
459 1127 632 1159 animabus
652 1126 782 1166 nostris,
803 1130 831 1159 ct
852 1125 973 1170 legibus
991 1127 1109 1160 nostris
1122 1138 1134 1166 ,·
1163 1134 1197 1160 et
1222 1126 1312 1161 infra
1339 1139 1416 1173 cap.
1444 1139 1494 1174 13.
1522 1128 1608 1162 dicit

52 1176 201 1211 Simon:
235 1179 307 1220 Vos,
329 1180 428 1219 scitis,
452 1183 573 1223 quanta
599 1189 666 1223 ego,
690 1178 860 1223 ctsratres
889 1180 964 1219 mei,
983 1183 1012 1212 ct
1028 1178 1141 1213 domus
1158 1181 1269 1225 patris
1290 1182 1364 1222 mei,
1385 1181 1528 1226 fecimus
1543 1188 1608 1228 pro

51 1230 183 1275 legibus,
203 1235 302 1276 etpro
315 1232 434 1265 sanctis
442 1231 595 1276 praesta,-
614 1230 707 1264 unde
731 1232 987 1265 convenienter
1001 1239 1118 1277 potest
1131 1233 1267 1266 institui
1287 1232 1406 1279 aliqua
1420 1233 1548 1280 religio
1565 1234 1607 1268 ad

53 1283 293 1325 militandum,
307 1295 380 1318 non
397 1284 545 1330 quidem
560 1292 706 1330 propter
721 1283 852 1330 aliquid
867 1285 1103 1327 mundanum,
1119 1285 1179 1319 sed
1195 1294 1341 1332 propter
1362 1285 1610 1321 defensionem

50 1337 162 1371 divini
183 1336 311 1378 cultus,
331 1345 365 1371 et
387 1337 551 1383 publicae
574 1337 710 1379 salutis,
731 1337 787 1371 vel
803 1338 912 1371 etiam
927 1349 1136 1383 pauperum,
1152 1347 1186 1372 et
1201 1350 1468 1385 oppressorum,
1482 1351 1609 1374 secun-

51 1389 139 1423 dum
159 1389 247 1424 illud
270 1390 327 1424 Ps.
350 1391 417 1424 81.:
440 1392 570 1437 Eripite
588 1397 781 1437 pauperem,
801 1396 831 1425 et
847 1402 981 1435 agemon
1003 1391 1040 1425 de
1062 1403 1163 1425 manur
1181 1394 1364 1437 peccatoris
1386 1393 1530 1428 liberate.

119 1443 179 1477 AD
205 1454 355 1478 PRIMUM
377 1455 464 1489 ergo
487 1444 693 1486 dicendum,
712 1444 807 1489 quod
831 1443 959 1489 aliquis
980 1452 1099 1490 potest
1115 1456 1189 1478 non
1204 1445 1367 1479 resistere
1386 1445 1484 1480 malo
1506 1446 1610 1493 dupli-

49 1498 151 1530 citer:
172 1508 237 1531 uno
256 1497 364 1539 modo,
389 1497 633 1531 condonando
655 1499 839 1543 propriam
859 1497 1050 1542 injuriam,
1079 1506 1113 1532 et
1133 1498 1182 1531 sic
1210 1507 1330 1544 potest
1359 1499 1401 1532 ad
1423 1499 1609 1546 perfectio-

49 1561 135 1583 nem
157 1550 345 1596 pertinere,
367 1550 512 1596 quando
534 1550 581 1584 ita
602 1550 678 1584 fieri
699 1550 841 1596 expedit
862 1551 904 1584 ad
926 1550 1079 1584 salutem
1102 1550 1275 1586 aliorum:
1297 1552 1363 1585 alio
1389 1552 1498 1594 modo,
1521 1552 1608 1587 tole-

47 1603 160 1637 rando
176 1603 352 1649 patienter
370 1603 518 1649 injurias
530 1603 684 1637 aliorum
698 1616 706 1646 3
723 1612 758 1637 et
775 1603 846 1637 hoc
862 1603 905 1637 ad
920 1603 1233 1650 imperfectionem
1248 1605 1411 1650 pertinet,
1425 1605 1483 1640 vel
1498 1606 1606 1640 etiam

49 1656 92 1689 ad
114 1656 254 1698 vitium,
277 1657 307 1690 si
330 1656 457 1702 aliquis
471 1664 589 1702 potest
603 1657 858 1690 convenienter
878 1657 1061 1702 injurianti
1074 1658 1256 1692 resistere:
1282 1658 1375 1692 unde
1391 1659 1606 1693 Ambrosius

48 1709 136 1743 dicit
156 1709 192 1742 in
220 1708 279 1742 lib.
299 1720 326 1743 1.
342 1709 385 1743 de
410 1708 517 1744 Offic.
535 1710 626 1756 (cap.
649 1711 735 1755 27.):
756 1709 983 1751 «Fortitudo,
998 1721 1089 1756 quae
1108 1711 1143 1744 in
1161 1710 1256 1745 bello
1271 1719 1390 1745 tuetur
1412 1723 1431 1744 a
1448 1712 1606 1746 barbaris

50 1762 215 1808 patriam,
236 1761 295 1796 vel
317 1763 417 1796 dorni
439 1762 596 1796 defendit
618 1762 792 1804 infirmos,
815 1762 872 1797 vel
893 1774 912 1796 a
933 1762 1131 1798 latronibus
1153 1765 1285 1805 socios,
1304 1763 1411 1810 plena
1438 1773 1492 1799 est
1511 1765 1608 1810 justi-

47 1815 96 1849 tia
110 1827 142 1848 »ι
165 1815 257 1849 sicut
279 1815 390 1849 etiam
411 1815 545 1849 ibidem
567 1815 748 1849 Dominus
771 1815 871 1849 dicit:
896 1816 991 1860 Quae
1012 1821 1067 1850 tua
1087 1821 1171 1858 sunt,
1195 1829 1233 1851 ne
1251 1822 1396 1863 repetas;
1421 1826 1455 1852 et
1483 1826 1606 1852 tamen

45 1868 75 1902 si
98 1867 226 1914 aliquis
247 1879 321 1902 non
343 1876 521 1914 repeteret
543 1879 585 1902 ea
606 1879 697 1914 quae
720 1876 802 1902 sunt
823 1867 989 1910 aliorum,
1005 1870 1033 1903 si
1055 1869 1099 1902 ad
1121 1881 1204 1903 eum
1218 1870 1405 1916 pertineat,
1428 1879 1606 1916 peccaret,

44 1921 159 1955 homo
182 1922 280 1955 enim
302 1921 529 1955 laudabiliter
555 1921 667 1955 donat
691 1933 767 1962 sua,
793 1932 868 1955 non
895 1930 1017 1956 autem
1043 1921 1180 1956 aliena:
1214 1931 1248 1956 et
1277 1923 1392 1957 multo
1415 1924 1533 1958 minus
1561 1935 1602 1958 ea

44 1985 136 2020 quae
158 1982 241 2008 sunt
253 1974 334 2016 Dei,
349 1986 421 2009 non
438 1983 519 2008 sunt
537 1973 774 2020 negligenda3
790 1974 884 2020 quia,
899 1982 936 2008 ut
951 1974 1238 2021 Chrysostomus
1258 1976 1343 2010 dicit
1357 1987 1464 2021 super
1477 1976 1604 2011 Matth.

43 2027 149 2072 (hom.
167 2038 196 2073 5.
218 2029 253 2061 in
275 2034 326 2073 op.
349 2028 513 2074 imperf),
538 2027 717 2073 «injurias
738 2027 809 2060 Dei
829 2027 1055 2061 dissimulare
1075 2027 1183 2062 nimis
1203 2036 1255 2062 est
1274 2028 1429 2075 impium
1443 2043 1475 2063 υ.

117 2080 176 2114 AD
199 2091 406 2115 SECUNDUM
426 2081 633 2122 dicendum,
652 2080 748 2126 quod
764 2091 930 2114 exercere
945 2080 1193 2114 advocationis
1208 2080 1368 2115 officium
1384 2090 1531 2128 propter
1545 2082 1603 2116 ali-

45 2133 131 2179 quid
153 2133 393 2176 mundanum,
415 2141 591 2179 repugnat
613 2133 714 2167 omni
735 2132 915 2179 religioni:
938 2144 1012 2167 non
1031 2142 1151 2167 autem
1166 2134 1194 2167 si
1211 2134 1282 2168 hoc
1299 2134 1426 2180 aliquis
1441 2143 1604 2170 exerceat

46 2186 245 2221 secundum
269 2187 545 2232 dispositionem
567 2187 621 2220 sui
640 2185 789 2232 praelati
803 2197 867 2232 pro
882 2188 1103 2220 monasterio
1119 2198 1196 2228 suo,
1212 2195 1249 2221 ut
1264 2188 1299 2220 in
1315 2188 1443 2222 eadem
1457 2188 1602 2222 Decret.

44 2239 217 2282 subditur,
233 2251 350 2285 neque
362 2240 473 2274 etiam
488 2251 552 2285 pro
564 2239 772 2273 defensione
783 2250 992 2285 pauperum,
1007 2247 1067 2273 aut
1076 2239 1282 2282 viduarum;
1298 2240 1391 2274 unde
1406 2241 1442 2274 in
1457 2241 1602 2275 Decret.

45 2291 136 2326 Dist.
160 2292 214 2326 88.
238 2296 325 2338 (cap.
345 2293 388 2337 r.)
409 2293 559 2327 dicitur:
584 2306 601 2324 «
618 2292 789 2326 Decrevit
810 2292 943 2326 Sancta
966 2293 1146 2339 Synodus,
1167 2293 1307 2327 nullum
1328 2293 1496 2340 deinceps
1519 2293 1603 2329 Cle-

46 2345 162 2378 ricum
193 2353 252 2379 aut
273 2345 520 2391 possessiones
543 2345 758 2387 conducere,
794 2354 854 2379 aut
883 2345 1126 2380 saecularibus
1147 2346 1302 2392 negotiis
1324 2358 1362 2380 se
1383 2347 1602 2389 immiscere,

45 2398 115 2431 nisi
140 2406 286 2444 propter
308 2410 433 2433 curam
455 2398 687 2444 pupillorum,
709 2406 775 2432 etc.
790 2412 822 2441 »3
857 2407 891 2433 et
920 2399 1084 2433 similiter
1112 2399 1266 2433 militare
1293 2408 1440 2445 propter
1469 2400 1601 2446 aliquid

44 2451 282 2493 mundanum,
305 2460 358 2485 est
381 2451 482 2484 omni
503 2450 671 2497 religioni
692 2452 934 2486 contrarium:
956 2463 1030 2485 non
1053 2459 1175 2486 autern
1196 2452 1350 2486 militare
1372 2461 1518 2499 propter
1544 2454 1604 2487 ob-

44 2505 210 2550 sequium
232 2504 312 2538 Dei.

115 2557 174 2591 AD
197 2567 371 2592 TERTmM
393 2558 598 2600 dicendum,
620 2558 716 2604 quod
731 2558 858 2593 militia
871 2558 1065 2593 saecularis
1080 2559 1303 2593 interdicitur
1316 2559 1600 2605 poenitentibus:

43 2610 106 2644 sed
127 2609 265 2651 militia,
283 2621 373 2656 quae
396 2619 448 2645 est
462 2619 608 2656 propter
621 2611 782 2645 divinum
797 2612 1020 2657 obsequium,
1035 2612 1232 2657 imponitur
1248 2612 1354 2646 alicui
1369 2613 1403 2646 in
1419 2613 1603 2658 poeniten-

42 2663 150 2706 tiam3
172 2663 263 2697 sicut
285 2671 382 2709 patet
403 2663 446 2698 de
468 2664 535 2705 his,
559 2664 685 2710 quibus
717 2665 914 2711 injungitur
941 2673 978 2698 ut
996 2665 1151 2699 militent
1176 2665 1211 2698 in
1239 2665 1437 2700 subsidium
1465 2665 1600 2700 Terrae

45 2715 210 2750 Sanctae.

115 2769 174 2803 AD
201 2780 392 2808 QUARTUM
419 2770 625 2812 dicendum,
647 2771 742 2816 quod
764 2770 890 2817 religio
912 2783 986 2805 non
1007 2772 1057 2805 sic
1076 2771 1271 2806 instituitur
1292 2772 1336 2805 ad
1358 2771 1600 2813 militandum,

43 2822 141 2867 quod
161 2821 340 2867 religiosis
364 2823 508 2868 propria
531 2824 741 2858 auctoritate
762 2823 868 2858 liceat
885 2823 979 2858 bella
1000 2835 1136 2870 gerere,
1159 2825 1220 2859 sed
1243 2825 1362 2859 solum
1385 2825 1598 2860 auctoritate

42 2875 257 2921 principum,
279 2875 338 2909 vel
365 2875 560 2910 Ecclesiae.
