1859 3122
242 200 328 254 264
420 228 423 229 ν
649 208 869 243 QUAESTIO
902 208 1036 237 XXXII.
1070 207 1314 238 ARTICULUS
1347 208 1404 237 IV.

315 302 343 336 3.
363 291 598 325 PRAETEREA.
618 288 858 335 Multiplicata
880 301 1000 331 causa,
1022 289 1281 335 multiplicatur
1300 288 1465 332 effectu53
1488 289 1517 323 si
1535 300 1622 335 ergo
1645 289 1800 324 eleemo-

242 355 329 390 syna
345 342 541 389 corporalis
558 350 720 376 causaret
735 342 957 388 spiritualem
973 342 1152 383 effectum,
1168 350 1385 387 sequeretur,
1402 342 1497 388 quod
1516 343 1632 388 major
1646 342 1800 377 eleemo-

241 408 329 443 syna
344 396 459 441 magis
481 395 709 440 spiritualiter
724 395 928 441 proficeret:
949 396 1045 442 quod
1061 404 1113 430 est
1128 403 1252 429 contra
1266 394 1366 436 illud,
1381 395 1477 441 quod
1492 395 1622 441 legitur
1643 396 1730 430 Luc.
1744 406 1799 430 21.

243 452 284 483 de
306 450 412 483 vidua
442 449 605 482 mittente
628 449 699 482 duo
723 460 805 482 aera
827 449 965 482 minuta
988 449 1024 482 in
1047 448 1363 494 gazophylacium,
1391 459 1481 494 quae
1503 449 1704 483 secundum
1725 460 1801 483 sen-

242 503 391 537 tentiam
413 502 565 536 Domini
582 502 657 548 plus
678 503 827 536 omnibns
853 504 961 543 misit5
985 514 1058 536 non
1081 513 1167 547 ergo
1202 501 1435 547 eleemosyna
1469 501 1667 548 corporalis
1693 502 1801 536 habet

242 556 465 602 spiritualem
485 555 664 589 effectum.

314 609 388 643 SED
411 619 566 643 CONTRA
589 617 651 650 est,
675 608 770 654 quod
793 609 921 642 dicitur
943 608 1051 642 Eccli.
1076 619 1148 654 29*
1176 609 1388 654 Elmnosyna
1405 609 1476 642 viri
1494 610 1641 654 gratiam
1661 609 1802 643 hominis

243 664 335 709 quasi
351 663 515 709 pupillam
538 664 755 697 conservabit.

314 717 542 751 RESPONDEO
565 716 770 758 dicendum,
790 715 886 762 quod
910 715 1143 761 eleemosyna
1167 715 1363 761 corporalis
1383 715 1559 761 tripliciter
1580 722 1699 761 potest
1720 725 1803 748 con-

244 770 408 805 siderari:
432 781 495 803 mlo
518 769 611 803 modo
634 769 833 803 secundum
854 780 958 803 suam
991 768 1244 802 substantiam:
1269 776 1303 802 et
1322 767 1496 802 wczmdmn
1529 768 1588 802 hoc
1622 779 1687 802 non
1708 768 1803 802 habet

246 825 308 857 nisi
333 823 535 870 culpet-ulem
563 824 706 868 effictum
720 835 732 863 ;
756 822 969 867 inquantum
991 821 1127 856 scilicet
1148 821 1290 867 supplet
1316 820 1524 867 corporales
1546 820 1704 855 defectus
1725 831 1803 866 pro-

245 877 437 911 ximorum:
460 877 525 910 alio
549 876 640 910 modo
661 884 778 922 potest
801 876 1021 909 considerari
1043 887 1084 909 ex
1103 884 1202 921 parte
1225 886 1354 909 causae
1376 876 1470 920 ejus3
1493 875 1707 920 inquantum
1736 874 1803 908 sci-

245 931 329 964 licet
343 930 470 976 aliquis
485 929 759 975 eleemosynam
775 929 1003 975 corporalem
1015 929 1073 962 dat
1088 936 1233 974 propter
1248 928 1479 962 dilectionem
1494 928 1574 970 Dei,
1585 935 1618 962 et
1628 927 1803 974 proximi3

246 993 280 1018 et
301 992 475 1030 quantum
498 983 541 1016 ad
563 983 633 1017 hoc
658 982 759 1017 affert
792 982 948 1016 fructum
978 981 1212 1028 spiritualem,
1246 982 1446 1015 secundum
1480 981 1568 1015 illud
1594 981 1704 1015 Eccli.
1728 991 1803 1027 29.:

245 1037 347 1072 Perde
367 1038 542 1083 paramum
562 1036 879 1083 prosilui*fratrem&
898 1042 984 1081 ponc
1018 1036 1204 1070 thanim-nm
1227 1036 1260 1069 [aa
1281 1037 1461 1081 praeruptis
1483 1035 1658 1075 Alfissimi,
1681 1040 1711 1069 et
1727 1041 1806 1080 pro-

245 1091 329 1126 derit
350 1092 408 1124 tim
430 1092 543 1135 magis,
567 1101 665 1135 (licam
685 1101 829 1124 aarum:
853 1091 947 1123 tertio
967 1089 1062 1122 modo
1083 1102 1125 1123 ex
1139 1097 1236 1134 parte
1257 1088 1421 1123 effectus:
1446 1096 1479 1122 et
1501 1088 1550 1122 sic
1566 1089 1675 1122 etiam
1697 1088 1805 1122 habet

246 1143 468 1190 spiritualem
489 1143 665 1185 fructum3
688 1143 902 1188 inquantum
924 1141 1061 1176 scilicet
1080 1142 1275 1187 proximus,
1300 1142 1356 1176 cui
1377 1153 1440 1187 per
1467 1140 1696 1187 corporalem
1718 1140 1807 1175 elee-

247 1208 440 1243 mosynam
462 1196 680 1238 subvenitur,
704 1204 870 1230 movetur
893 1197 936 1229 ad
963 1195 1141 1229 orandum
1163 1207 1227 1241 pro
1243 1195 1491 1237 benefactore3
1511 1195 1604 1229 unde
1619 1203 1654 1229 et
1672 1194 1806 1228 ibidem

247 1251 424 1285 subditur:
451 1250 617 1284 Commio
651 1250 881 1295 elaestlosymmh
910 1251 941 1282 [η
971 1250 1044 1283 sime
1073 1250 1243 1295 pauperis,
1277 1255 1306 1284 et
1332 1249 1408 1283 lmc’c
1434 1253 1501 1293 pro
1536 1253 1562 1283 tc
1595 1249 1745 1283 exorabit
1766 1249 1806 1283 ab

249 1305 340 1339 011ιηί
365 1304 464 1337 malo.

319 1357 378 1390 AD
400 1367 548 1391 PRIMUM
564 1367 650 1401 ergo
667 1355 871 1398 dicendum,
894 1356 990 1401 quod
1012 1355 1103 1389 ratio
1125 1355 1187 1389 illa
1207 1355 1370 1401 procedit
1391 1355 1434 1390 de
1453 1355 1633 1402 corporali
1653 1354 1808 1390 eleemo-

249 1421 338 1456 syna
359 1410 558 1444 secundum
579 1420 682 1443 suam
703 1409 950 1443 substantiam.

321 1463 380 1497 AD
412 1473 617 1497 SECUNDUM
644 1462 849 1504 dicendum,
880 1462 975 1508 quod
1002 1461 1062 1496 ille
1085 1463 1145 1508 qui
1163 1462 1223 1497 dat
1253 1462 1536 1509 eleemosynam,
1558 1462 1809 1497 non'intendit

252 1527 371 1551 emere
395 1516 527 1562 aliquid
542 1515 723 1562 spirituale
744 1527 805 1561 per
820 1515 1026 1561 corporale;
1042 1516 1124 1561 quia
1143 1516 1208 1550 scit
1226 1515 1423 1562 spiritualia
1440 1516 1475 1549 in
1490 1515 1669 1550 infinitum
1685 1527 1809 1562 corpo-

253 1570 384 1604 ralibus
400 1570 663 1616 praeeminere:
680 1569 741 1603 sed
754 1569 907 1603 intendit
928 1580 991 1614 per
1018 1569 1199 1603 charitatis
1222 1568 1391 1603 affectum
1417 1569 1639 1614 spiritualem
1653 1568 1809 1603 fructum

253 1623 463 1670 promereri.

323 1677 382 1710 AD
411 1686 581 1711 TERTIUM
609 1676 814 1717 dicendum,
837 1676 933 1722 quod
963 1676 1081 1718 vidua,
1104 1687 1195 1722 quae
1217 1676 1336 1711 minus
1362 1676 1459 1710 dedit
1484 1676 1682 1711 secundum
1704 1688 1812 1723 quan-

252 1731 403 1772 titatem,
424 1730 502 1776 plus
524 1730 620 1764 dedit
641 1731 841 1764 secundum
868 1741 971 1764 suam
993 1730 1287 1776 proportionem;
1310 1742 1352 1764 ex
1386 1742 1457 1776 quo
1479 1739 1648 1776 pensatur
1673 1731 1709 1764 in
1734 1731 1812 1776 ipsa

255 1786 370 1829 major
392 1784 574 1818 charitatis
608 1782 769 1826 affectus,
792 1794 833 1817 ex
856 1795 926 1829 quo
955 1783 1154 1829 corporalis
1176 1783 1410 1830 eleemosyna
1443 1783 1665 1830 spiritualem
1698 1783 1814 1819 effica-

255 1839 348 1872 ciam
375 1837 493 1871 habet.

842 1975 1187 2021 ARTICULUS
1215 1977 1268 2020 V.
1749 1990 1813 2037 189

481 2084 634 2114 UTRUM
656 2084 769 2114 DARE
790 2084 1114 2115 ELEEMOSYNAM
1147 2085 1214 2114 SIT
1246 2085 1290 2116 IN
1323 2085 1591 2115 PRAECEPTO.

578 2172 626 2216 (4.
650 2173 736 2206 Dist.
759 2183 802 2218 15.
821 2184 850 2217 q.
874 2184 904 2207 2.
932 2177 996 2207 art.
1018 2185 1045 2207 I.
1068 2178 1097 2207 et
1119 2172 1240 2216 chodl.
1263 2172 1314 2207 16.
1341 2178 1405 2208 art.
1428 2174 1506 2218 12.).

332 2262 391 2295 AD
415 2271 593 2300 QUINTUM
617 2261 666 2295 sic
688 2261 903 2307 proceditur.
919 2261 1080 2303 Videtur,
1103 2261 1199 2307 quod
1219 2262 1302 2295 dare
1325 2262 1598 2309 eleemosynam
1619 2274 1694 2297 non
1715 2262 1760 2297 sit
1778 2262 1816 2296 in

260 2323 470 2362 praecepto:
495 2314 645 2348 consilia
668 2315 764 2348 enim
787 2327 805 2348 a
833 2315 1032 2361 praeceptis
1051 2315 1332 2361 distinguuntur:
1352 2316 1413 2350 sed
1436 2316 1519 2350 dare
1542 2315 1816 2362 eleemosynam

262 2377 315 2403 est
336 2368 540 2410 consilium,
562 2368 761 2402 secundum
784 2368 870 2402 illud
892 2368 984 2401 Dan.
1006 2379 1056 2411 4:
1083 2369 1263 2403 Consilimn
1286 2381 1393 2403 melun
1416 2371 1495 2415 Regi
1506 2370 1656 2416 placeat:
1679 2370 1816 2405 Peccata
1856 2375 1859 2415 ξ

261 2428 319 2457 tua
345 2423 546 2467 elamtzosynis
566 2421 709 2462 malim&
737 2432 822 2466 ergo
846 2421 929 2455 dare
952 2421 1224 2467 eleemosynam
1246 2433 1320 2455 non
1347 2431 1399 2456 est
1419 2423 1455 2456 in
1477 2430 1681 2469 praecepto.
1855 2448 1859 2465 ἃ

333 2486 364 2510 2.
386 2475 621 2510 PRAETEREA.
645 2474 803 2508 Cuilibet
823 2474 907 2508 licet
932 2486 996 2508 sua
1022 2486 1059 2508 re
1086 2475 1147 2516 uti,
1171 2482 1204 2508 et
1231 2486 1311 2508 eam
1339 2476 1514 2518 retinere3
1541 2476 1602 2510 sed
1629 2475 1815 2510 retinendo

262 2540 338 2564 rem
361 2540 463 2563 suam
491 2527 618 2574 aliquis
645 2527 916 2573 eleemosynam
942 2539 1017 2561 non
1044 2528 1155 2569 dabit3
1183 2540 1269 2573 ergo
1298 2528 1437 2562 licitum
1464 2537 1517 2563 est
1543 2528 1816 2575 eleemosynam
1852 2571 1855 2577 ι

261 2594 335 2616 non
357 2582 458 2624 dare;
480 2592 553 2615 non
576 2592 662 2627 ergo
684 2580 768 2614 dare
790 2581 1062 2627 eleemosynam
1085 2588 1137 2614 est
1157 2581 1193 2614 in
1215 2590 1419 2627 praecepto,
1850 2624 1852 2629 Ι

338 2647 365 2681 3.
393 2635 628 2669 PRAETEREA.
653 2634 775 2669 Omne
797 2634 892 2679 quod
920 2634 1015 2668 cadit
1035 2634 1098 2667 sub
1122 2643 1324 2680 praecepto,
1348 2635 1469 2681 aliquo
1491 2643 1654 2682 tempore
1682 2634 1819 2681 obligat
1850 2649 1853 2667 ῑ

262 2697 526 2734 trangressores
548 2688 591 2721 ad
618 2695 806 2734 peccatum
833 2686 1003 2728 mortale3
1027 2687 1109 2732 quia
1132 2695 1320 2733 praecepta
1342 2687 1554 2722 affirmativa
1573 2687 1734 2734 obligant
1752 2699 1816 2734 pro
1848 2715 1849 2718 ,

264 2750 427 2786 tempore
442 2741 680 2775 determinato
695 2753 702 2782 ;
725 2751 811 2785 ergo
826 2740 855 2774 si
874 2740 957 2773 dare
973 2740 1244 2786 eleemosynam
1260 2742 1403 2775 caderet
1420 2742 1484 2775 sub
1503 2749 1708 2787 praecepto,
1727 2751 1818 2775 esset
1845 2754 1849 2774 ;

265 2795 503 2829 determinare
526 2794 671 2840 aliquod
692 2802 846 2838 tempus,
868 2793 902 2826 in
930 2804 1001 2839 quo
1024 2793 1137 2826 homo
1160 2802 1327 2839 peccaret
1344 2794 1554 2836 mortaliter,
1575 2794 1644 2828 nisi
1665 2793 1820 2828 eleemo-
1844 2836 1846 2838 v

267 2859 393 2894 synam
416 2848 533 2882 daret:
557 2848 617 2881 sed
632 2847 703 2881 hoc
718 2858 791 2880 non
813 2847 970 2888 videtur;
989 2846 1071 2892 quia
1089 2858 1231 2892 semper
1246 2847 1476 2891 probabiliter
1491 2847 1673 2882 aestimari
1689 2855 1817 2893 potest,
1843 2862 1844 2868 ¹

269 2901 364 2948 quod
386 2901 532 2947 pauperi
555 2900 656 2935 aliter
677 2900 855 2935 subveniri
877 2899 999 2946 possit,
1018 2909 1052 2934 et
1069 2900 1164 2946 quod
1179 2900 1213 2933 id
1231 2900 1326 2946 quod
1346 2908 1399 2935 est
1416 2901 1452 2935 in
1474 2900 1725 2947 eleemosynas
1745 2911 1819 2936 ero-
1841 2907 1844 2947 :²
