1920 3142
450 177 587 208 INDEX
620 177 849 207 SECUNDAE
882 177 1112 207 SECUNDAE
1144 177 1308 208 PARTIS.
1607 181 1656 222 17

299 258 492 290 QUAESTIO
513 258 647 285 CXXXI.

153 320 191 346 De
211 319 357 350 ambitione,
377 328 439 354 quae
458 318 575 343 similiter
588 317 797 353 magnanimitati

407 360 548 396 opponitur.

103 437 125 454 1.
141 427 237 454 Utrum
252 427 366 453 ambitio
381 428 417 452 sit
430 433 581 461 peccatum.

99 479 125 496 2.
138 469 235 496 Utrum
246 475 401 504 opponatur
411 468 629 502 magnanimitati
640 475 687 502 per
697 475 847 493 excessum.

294 567 486 599 QUAESTIO
506 567 654 594 CXXXII.

172 627 211 654 De
230 628 303 654 inani
319 627 411 664 gloria,
432 637 494 663 quae
513 627 630 653 similiter
648 627 780 663 opponitur

364 669 583 705 magnanimitati.

103 750 125 767 1.
141 740 239 767 Utrum
252 742 387 776 appetitus
407 741 512 776 gloriae
526 741 561 766 sit
574 747 726 775 peccatum.

101 791 126 808 2.
142 782 238 808 Utrum
253 783 471 817 magnanimitati
486 788 651 816 opponatur.

102 833 125 857 3.
143 823 238 849 Utrum
253 825 288 849 sit
301 831 444 858 peccatum
458 823 582 849 mortale.
599 833 602 835 ’

100 875 127 899 4.
142 865 238 891 Utrum
253 866 288 890 sit
301 867 397 891 vitium
412 865 536 900 capitale.

103 914 127 940 5.
142 907 183 933 De
195 907 303 932 filiabus
317 908 385 941 ejus,
400 913 477 942 quot,
492 913 519 932 et
532 915 599 941 quae
613 907 678 931 sint.

286 1007 479 1038 QUAESTIO
500 1006 662 1033 CXXXIII.

103 1067 142 1093 De
159 1067 380 1103 pusillanimitate,
401 1076 463 1102 quae
488 1067 620 1102 opponitur
646 1067 855 1102 magnanimitati

330 1109 463 1134 secundum
488 1107 621 1144 defectum.

106 1189 115 1206 1
124 1201 129 1206 .
144 1180 241 1206 Utrum
255 1181 290 1206 sit
303 1187 456 1216 peccatum.

103 1231 128 1248 2.
145 1222 197 1249 Cui
210 1224 303 1249 virtuti
317 1229 480 1258 opponatur.

292 1322 485 1354 QUAESTIO
506 1323 665 1349 CXXXIV.

351 1382 390 1408 De
410 1382 606 1419 magnificentia.

126 1475 130 1479 .
146 1454 243 1480 Utrum
256 1455 460 1490 magnificentia
474 1455 509 1480 sit
523 1455 618 1480 virtus.

127 1516 131 1520 .
146 1495 243 1522 Utrum
257 1497 292 1521 sit
305 1497 391 1521 virtus
405 1495 542 1530 specialis.

125 1557 132 1562 .
148 1537 226 1567 Quae
241 1538 276 1562 sit
290 1538 403 1562 materia
417 1538 483 1571 ejus.

126 1599 131 1603 .
148 1578 245 1604 Utrum
259 1579 294 1604 sit
308 1587 368 1613 pars
382 1578 562 1604 fortitudinis.

106 1463 122 1610 ,μυιυκ

303 1678 495 1709 QUAESTIO
517 1679 660 1705 CXXXV.

238 1737 278 1763 De
295 1738 366 1763 vitiis
385 1739 502 1773 oppositis
519 1738 732 1774 magnificentiae.

111 1818 134 1834 1.
150 1809 247 1835 Utrum
259 1809 446 1844 parvificentia
459 1810 494 1834 sit
507 1810 614 1835 vitium.

107 1860 132 1876 2.
145 1850 242 1877 Utrum
253 1851 455 1886 parvificentiae
465 1851 577 1886 aliquod
586 1852 683 1877 vitium
695 1858 857 1887 opponatur.

297 1951 489 1982 QUAESTIO
510 1951 669 1978 CXXXVI.

394 2009 432 2035 De
439 2011 575 2045 patientia.

128 2102 134 2108 .
150 2082 247 2108 Utrum
261 2083 391 2117 patientia
404 2083 441 2108 sit
452 2084 547 2109 virtus.

129 2144 135 2149 .
151 2124 248 2150 Utrum
262 2125 298 2149 sit
310 2125 427 2149 maxIma
440 2125 581 2150 virtutum.

130 2186 135 2190 .
151 2165 249 2191 Utrum
262 2166 351 2200 possit
364 2166 457 2191 haberi
472 2167 531 2191 sine
545 2167 642 2201 gratia.

131 2227 136 2232 .
152 2207 249 2233 Utrum
264 2208 298 2232 sit
312 2215 372 2241 pars
387 2207 568 2233 fortitudinis.

131 2268 136 2274 .
152 2248 250 2274 Utrum
263 2249 299 2274 sit
312 2249 384 2274 idem
398 2257 459 2274 cum
473 2248 693 2284 longanimitate.

110 2091 127 2282 xlx-§wiot-

298 2348 490 2380 QUAESTIO
511 2349 685 2375 CXXXVII.

361 2407 400 2434 De
419 2409 616 2443 perseverantia.

133 2499 138 2504 .
153 2478 252 2505 Utrum
265 2479 465 2513 perseverantia
478 2479 513 2504 sit
526 2480 621 2505 virtus.

133 2541 139 2545 .
154 2520 252 2546 Utrum
266 2521 302 2545 sit
314 2528 374 2554 pars
388 2519 569 2545 fortitudinis.

135 2580 141 2586 .
155 2560 253 2586 Utrum
267 2561 421 2586 constantia
434 2562 568 2595 pertineat
580 2562 613 2586 ad
625 2563 864 2596 perseverantiam.

135 2622 140 2627 .
156 2601 254 2627 Utrum
267 2602 389 2636 indigeat
403 2602 504 2628 auxilio
520 2604 632 2637 gratiae.

114 2488 131 2634 -βωυκ

287 2707 478 2738 QUAESTIO
501 2707 690 2734 CXXXVIII.

249 2765 287 2790 De
305 2766 375 2790 vitiis
392 2766 509 2800 oppositis
523 2766 734 2801 perseverantiae.

121 2845 144 2862 1.
161 2835 258 2862 Utrum
271 2835 402 2861 mollities
417 2842 571 2870 opponatur
582 2837 807 2871 perseverantiae.

119 2886 143 2904 2.
166 2877 263 2903 Utrum
282 2877 432 2912 pertinacia
451 2883 605 2912 opponatur
622 2878 848 2912 perseverantiae.

1094 258 1286 289 QUAESTIO
1308 258 1470 286 CXXXIX.

1021 316 1060 342 De
1079 317 1143 344 dono
1164 317 1365 353 correspondente
1379 317 1540 353 fortitudini.

908 391 929 407 1.
947 381 1044 407 Utrum
1059 382 1193 408 fortitudo
1207 383 1243 408 sit
1255 383 1367 408 donum.

906 432 930 449 2.
947 423 1044 450 Utrum
1067 431 1161 459 quarta
1184 425 1336 456 beatitudo,
1363 424 1489 450 scilicet:
1514 424 1597 457 Beati,
1618 426 1660 460 qui

976 466 1093 496 esuriunt,
1109 470 1132 490 et
1144 466 1377 500 sitiuntjustitiam,
1398 467 1564 501 respondeat
1585 467 1659 493 dono

977 506 1156 532 fortitudinis.

1136 600 1330 631 QUAESTIO
1351 600 1435 627 CXL.

1094 659 1133 685 De
1149 660 1288 695 praeceptis
1303 659 1475 695 fortitudinis.

910 734 931 750 1.
947 725 988 751 De
1002 725 1153 760 praeceptis
1168 725 1252 759 ipsius
1267 724 1445 751 fortitudinis.

908 775 932 792 2.
948 767 989 792 De
1003 768 1155 802 praeceptis
1169 767 1286 801 partium
1301 767 1368 800 ejus.

1127 868 1320 899 QUAESTIO
1341 868 1439 895 CXLI.

1166 927 1206 953 De
1227 929 1402 964 temperantia.

913 1002 934 1018 x.
951 993 1048 1019 L'trum
1063 994 1244 1028 temperantia
1258 994 1294 1019 sit
1306 994 1403 1019 virtus.

909 1043 935 1060 2.
951 1035 1049 1061 Utrum
1063 1036 1098 1060 sit
1111 1037 1198 1061 virtus
1211 1035 1348 1070 specialis.

912 1086 935 1110 3.
952 1077 1048 1103 Utrum
1063 1079 1099 1102 sit
1112 1077 1202 1103 solum
1223 1078 1294 1102 circa
1314 1078 1564 1112 concupiscentias,
1579 1084 1605 1102 et
1620 1078 1664 1103 de-

999 1119 1173 1145 lectatioues.

910 1170 935 1194 4.
952 1160 1050 1186 Utrum
1065 1162 1101 1186 sit
1114 1161 1205 1186 solum
1221 1161 1291 1186 circa
1306 1161 1505 1187 delectationes
1520 1167 1618 1186 tactus.

913 1211 936 1235 ς.
950 1202 1047 1228 Utrum
1062 1203 1096 1227 sit
1110 1203 1181 1228 circa
1205 1202 1404 1228 delectationes
1425 1209 1532 1237 gustus,
1553 1203 1665 1237 inquan-

999 1250 1057 1269 tum
1071 1250 1113 1269 est
1135 1250 1242 1278 gustus,
1266 1244 1310 1269 vel
1333 1244 1423 1269 solum
1443 1245 1603 1278 inquantum
1624 1251 1666 1269 est

1000 1292 1089 1310 tactus
1103 1285 1221 1319 quidam.

911 1327 935 1352 6.
954 1326 1032 1356 Quae
1047 1327 1082 1351 sit
1095 1327 1191 1361 regula
1210 1328 1415 1361 temperantiae.

931 1388 936 1393 .
954 1367 1050 1393 Utrum
1063 1369 1099 1393 sit
1112 1369 1198 1393 virtus
1213 1368 1367 1400 cardinalis,
1383 1377 1430 1394 seu
1444 1368 1611 1403 principalis.

931 1429 936 1434 .
953 1409 1050 1435 Utrum
1065 1410 1101 1435 sit
1114 1410 1260 1444 potissima
1274 1411 1414 1436 virtutum.

1126 1509 1319 1540 QUAESTIO
1338 1509 1452 1536 CXLII.

1054 1568 1094 1594 De
1111 1569 1181 1594 vitiis
1199 1569 1315 1604 oppositis
1335 1568 1522 1604 temperantiae.

916 1644 938 1661 x.
955 1635 1052 1661 Utrum
1067 1633 1265 1659 insensibilitas
1279 1634 1314 1659 sit
1328 1640 1482 1668 peccatum.

913 1686 938 1703 2.
954 1677 1051 1703 Utrum
1066 1677 1274 1711 intemperantia
1287 1677 1323 1701 sit
1336 1676 1431 1701 vitium
1446 1674 1560 1710 puerile.

916 1728 938 1752 3.
955 1719 1052 1744 Utrum
1066 1718 1199 1742 timiditas
1213 1718 1248 1742 sit
1262 1718 1348 1751 majus
1359 1717 1467 1748 vitium,
1480 1725 1559 1751 quam
1570 1716 1667 1741 intem-

1002 1766 1133 1794 perantia.

913 1811 939 1834 4.
955 1801 1053 1827 Utrum
1065 1801 1161 1826 vitium
1170 1801 1394 1835 intemperantiae
1406 1801 1441 1825 sit
1449 1800 1565 1825 maxime
1574 1808 1668 1834 expro-

1003 1842 1114 1868 brabile.

1119 1936 1312 1967 QUAESTIO
1335 1935 1464 1962 CXLIII.

1013 1995 1052 2021 De
1068 1996 1183 2031 partibus
1207 1995 1385 2030 temperantiae
1404 1995 1431 2020 in
1449 1995 1570 2030 generali.

916 2060 1014 2087 Utrum
1027 2062 1225 2087 convenienter
1237 2061 1412 2095 assignentur
1419 2067 1508 2095 partes
1518 2067 1669 2095 temperan-

1004 2109 1068 2129 tiae.

1120 2196 1312 2228 QUAESTIO
1334 2196 1458 2222 CXLIV.

962 2257 1000 2282 De
1019 2257 1123 2292 singulis
1139 2256 1254 2292 partibas
1274 2255 1450 2290 temperantiae
1470 2255 1497 2280 in
1515 2254 1633 2290 speciali:

1006 2304 1029 2324 et
1045 2299 1127 2333 primo
1147 2297 1177 2323 de
1195 2296 1355 2328 verecundia,
1376 2305 1437 2331 quae
1458 2301 1492 2321 est
1511 2296 1582 2330 quasi

1084 2344 1143 2374 pars
1162 2338 1293 2373 integralis
1313 2337 1500 2372 temperantiae.

923 2414 945 2430 1.
961 2404 1058 2430 Utrum
1071 2403 1236 2429 verecundia
1249 2403 1284 2427 sit
1297 2403 1393 2428 virtus.

921 2455 945 2472 2.
960 2446 1001 2471 De
1015 2445 1112 2480 quibus
1127 2445 1162 2469 sit
1175 2443 1348 2470 verecundia.

922 2496 945 2521 3.
960 2488 984 2512 A
997 2487 1094 2521 quibus
1107 2487 1192 2512 homo
1206 2485 1412 2511 verecundetur.

920 2539 945 2562 4.
962 2529 1088 2559 Quorum
1102 2529 1138 2553 sit
1150 2527 1337 2553 verecundari.

1134 2625 1326 2658 QUAESTIO
1347 2625 1457 2651 CXLV.

922 2687 960 2713 De
981 2687 1114 2718 honestate,
1135 2695 1196 2721 quae
1211 2691 1315 2720 estpars
1329 2684 1460 2719 integralis
1481 2684 1670 2718 temperantiae.

925 2761 947 2778 1.
962 2752 1112 2782 Quomodo
1127 2751 1273 2776 honesturn
1289 2758 1317 2774 se
1331 2749 1429 2774 habeat
1443 2748 1475 2773 ad
1488 2749 1626 2774 virtutem.

922 2803 947 2819 2.
963 2793 1113 2824 Quomodo
1128 2801 1155 2817 se
1170 2792 1269 2817 habeat
1281 2791 1314 2816 ad
1329 2791 1469 2815 decorum.

924 2845 947 2869 3.
962 2834 1113 2864 Quomodo
1128 2842 1156 2858 se
1170 2833 1269 2857 habeat
1282 2832 1315 2856 ad
1329 2831 1407 2862 utile,
1422 2838 1448 2856 et
1464 2830 1634 2856 delectabile.

921 2886 949 2909 4.
964 2875 1061 2901 Utrum
1076 2875 1206 2900 honestas
1220 2874 1254 2899 sit
1268 2873 1461 2907 temperantiae
1475 2880 1544 2906 parS.
