1859 3122
198 191 283 233 934
534 187 755 223 QUAESTIO
789 186 936 217 CXLIII.
970 186 1216 218 ARTICULUS
1249 186 1424 218 UNICUS.

196 269 436 305 condividitur
456 268 596 303 virtuti:
620 268 790 303 convenit
811 276 932 303 tamen
956 280 1040 303 cum
1056 269 1305 315 temperantia,
1321 277 1354 304 et
1368 270 1405 303 in
1419 271 1579 314 materia,
1601 271 1684 317 quia
1703 279 1756 306 est

196 323 290 357 circa
305 321 563 356 delectationes
577 329 705 363 tactus,
721 329 755 356 et
768 322 804 356 in
819 322 943 364 modo,
962 322 1045 368 quia
1062 322 1098 356 in
1118 322 1275 368 quadam
1292 322 1555 359 refraenatione
1574 324 1755 368 consistit3

195 384 230 410 et
250 376 331 410 ideo
354 375 610 410 convenienter
632 375 776 421 ponitur
798 387 878 421 pars
899 376 1171 422 temperantiae.

267 430 326 463 AD
349 440 556 464 SECUNDUM
579 429 784 471 dicendum,
807 429 903 475 quod
927 429 1130 471 clementia,
1153 429 1227 463 sive
1250 429 1491 464 mansuetudo
1510 441 1584 465 non
1609 430 1755 477 ponitur

195 494 275 529 pars
297 482 556 529 temperantiae
580 490 725 529 propter
744 482 1037 516 convenientiam
1059 483 1250 525 materiae3
1279 483 1340 517 sed
1367 483 1449 529 quia
1476 485 1646 519 convenit
1672 495 1755 518 cum

197 547 238 570 ea
259 536 295 569 in
318 536 429 570 modo
452 535 688 578 refraenandi,
711 544 746 570 et
767 535 992 578 moderandi,
1014 543 1052 570 ut
1074 536 1210 570 dictum
1233 544 1285 570 est
1306 537 1358 582 (in
1381 543 1468 583 corp.
1491 538 1585 583 art).

266 589 325 624 AD
349 599 520 624 TERTIUM
543 589 748 631 dicendum,
779 590 876 635 quod
905 589 999 623 circa
1022 589 1214 624 exteriores
1244 598 1342 624 actus
1372 590 1504 635 justitia
1535 590 1684 625 attendit
1708 591 1756 634 id,

196 643 291 688 quod
314 651 367 676 est
388 642 548 676 debitum
571 642 690 683 alteri,
712 643 783 677 hoc
807 650 927 676 autem
949 643 1128 677 modestia
1148 654 1222 677 non
1250 643 1410 686 attendit,
1441 643 1503 678 sed
1532 643 1652 678 solum
1681 655 1757 679 mo-

196 697 421 730 derationem
443 696 659 741 quamdam3
682 704 716 730 et
737 696 818 730 ideo
841 707 913 730 non
936 696 1081 742 ponitur
1103 708 1183 742 pars
1204 697 1371 742 justitiae,
1393 697 1456 732 sed
1483 698 1754 743 temperantiae.

266 749 326 783 AD
349 760 537 789 QUARTUM
560 749 764 791 dicendum,
784 750 879 795 quod
897 748 1038 784 Tullius
1054 750 1117 784 sub
1137 750 1315 784 modestia
1337 750 1613 797 comprehendit
1632 751 1756 786 omnia

194 802 267 845 illa,
290 814 380 849 quae
408 803 585 849 pertinent
615 804 658 837 ad
689 803 978 838 moderationem
1001 803 1246 850 corporalium
1277 812 1455 846 motuum,
1478 812 1512 839 et
1539 805 1755 839 exteriorum

196 867 327 899 rerum,
350 864 384 890 et
406 857 516 891 etiam
538 856 828 891 moderationem
851 857 938 903 spei,
961 869 1069 903 quam
1092 857 1247 892 diximus
1269 858 1321 903 (in
1343 865 1433 905 corp.
1452 859 1531 904 art.)
1553 858 1596 892 ad
1614 858 1757 893 humili-

195 918 306 945 tatem
328 910 515 957 pertinere.

658 1165 1013 1226 QUAESTIO
1056 1165 1280 1213 CXLIV.

460 1289 523 1320 DE
549 1289 775 1321 PARTIBUS
801 1289 1171 1320 TEMPERANTIAE
1198 1289 1249 1320 IN
1275 1289 1499 1329 SPECIALI,

231 1360 290 1391 ET
315 1360 462 1391 PRIMO
483 1360 546 1391 DE
566 1359 889 1398 VERECUNDIA,
920 1360 971 1390 IN
998 1359 1226 1400 QUATUOR
1251 1360 1513 1393 ARTICULOS
1540 1361 1715 1394 DIVISA.

265 1495 407 1529 Deinde
429 1495 733 1530 considerandum
756 1503 808 1529 est
829 1495 872 1529 de
894 1495 1051 1540 partibus
1072 1495 1333 1541 temperantiae
1354 1495 1390 1529 in
1409 1494 1576 1541 speciali;
1594 1502 1629 1530 et
1639 1496 1752 1542 primo

196 1549 239 1583 de
258 1549 414 1595 partibus
438 1549 540 1595 quasi
561 1549 806 1595 integralibus,
829 1560 921 1595 quae
943 1556 1025 1584 sunt
1045 1548 1274 1591 verecundia,
1297 1556 1331 1583 et
1352 1549 1534 1583 honestas.

537 1639 638 1674 Circa
659 1639 892 1674 verecundiam
915 1644 1021 1673 autem
1044 1644 1249 1685 quaeruntur
1270 1644 1424 1685 quatuor.

264 1711 400 1745 Primo.
424 1710 556 1745 Utrum
578 1711 795 1745 verecundia
817 1711 861 1745 sit
881 1711 1003 1745 virtus.

266 1765 446 1799 Secundo.
473 1765 528 1799 De
551 1765 678 1811 quibus
701 1764 746 1799 sit
767 1764 996 1798 verecundia.

266 1818 402 1854 Tertio.
427 1819 459 1852 A
482 1819 609 1864 quibus
631 1819 745 1852 homo
767 1818 1038 1852 verecundetur.

268 1872 421 1913 Quarto.
446 1872 616 1914 Quorum
638 1872 683 1906 sit
703 1871 949 1906 verecundari.

768 2012 1113 2057 ARTICULUS
1142 2013 1176 2055 1.
1687 2022 1755 2072 696

597 2122 750 2152 UTRUM
776 2121 1057 2152 VERECUNDIA
1084 2121 1151 2150 SIT
1177 2120 1347 2150 VIRTUS.

334 2211 378 2256 (3.
400 2209 486 2243 Dist.
509 2219 555 2254 23.
578 2220 607 2253 q.
630 2221 656 2243 I.
680 2213 742 2243 art.
761 2220 787 2254 3.
810 2219 840 2253 q.
863 2220 893 2242 2.
916 2207 958 2242 ad
978 2219 1009 2242 2.
1031 2213 1061 2242 et
1089 2207 1174 2242 Veri.
1197 2219 1226 2253 q.
1248 2206 1304 2242 26.
1327 2211 1393 2242 art.
1415 2206 1447 2242 6.
1470 2206 1512 2241 ad
1532 2207 1605 2253 15).

266 2298 325 2332 AD
347 2308 495 2332 PRIMUM
517 2297 567 2331 sic
590 2297 805 2343 proceditur.
819 2297 982 2338 Videtur,
1001 2296 1097 2342 quod
1116 2296 1333 2331 verecundia
1352 2296 1396 2330 sit
1413 2296 1542 2330 virtus:
1563 2306 1640 2330 esse
1658 2295 1755 2329 enim

194 2351 230 2385 in
253 2351 374 2385 medio
397 2351 596 2385 secundum
619 2351 959 2384 determinationem
982 2350 1129 2383 rationis
1153 2358 1205 2384 est
1226 2350 1410 2395 proprium
1433 2349 1583 2391 virtutis,
1602 2356 1639 2383 ut
1659 2356 1755 2394 patet

196 2416 237 2438 ex
261 2404 468 2438 definitione
490 2404 639 2445 virtutis,
663 2415 752 2449 quae
772 2403 917 2449 ponitur
939 2403 973 2436 in
993 2413 1023 2436 2.
1040 2403 1337 2449 Ethic.(rc1p.5.):
1360 2403 1421 2437 sed
1443 2402 1659 2436 verecundia
1674 2413 1756 2436 con-

195 2458 285 2491 sistit
307 2458 339 2491 in
363 2457 426 2491 tali
448 2458 580 2499 medio,
604 2465 641 2491 ut
663 2465 758 2503 patet
780 2468 841 2502 per
871 2456 1006 2490 Philos.
1038 2456 1171 2490 ibidem
1202 2457 1292 2503 (cap.
1323 2457 1390 2502 7.);
1423 2467 1509 2501 ergo
1540 2454 1755 2490 verecundia

195 2519 248 2545 est
269 2512 390 2545 virtus.

268 2575 297 2598 2.
321 2565 556 2598 PRAE-rmm.
582 2564 704 2598 Omne
727 2562 904 2597 laudabile
927 2562 983 2596 vel
1007 2571 1058 2596 est
1084 2563 1206 2604 virtus,
1233 2562 1289 2596 vel
1317 2563 1358 2595 ad
1386 2562 1553 2596 virtutem
1584 2562 1753 2608 pertinet:

195 2617 255 2651 sed
279 2618 495 2651 verecundia
518 2625 570 2651 est
592 2617 772 2663 quoddam
796 2616 995 2650 laudabile:
1018 2627 1091 2649 non
1116 2624 1167 2650 est
1190 2624 1308 2649 autem
1329 2627 1409 2661 pars
1429 2615 1577 2660 alicujus
1596 2616 1752 2649 virtutis:

195 2682 267 2704 non
291 2673 386 2704 enim
410 2679 461 2704 est
484 2682 562 2716 pars
582 2670 809 2715 prudentiae3
830 2669 998 2714 quianon
1015 2669 1116 2703 estin
1133 2669 1281 2711 ratione,
1297 2669 1357 2703 sed
1381 2669 1417 2702 in
1440 2668 1616 2714 appetitu:
1637 2679 1754 2714 neque

196 2724 303 2757 etiam
327 2732 379 2758 est
401 2735 480 2769 pars
502 2724 673 2768 justitiae,
702 2723 784 2768 quia
811 2723 1025 2756 verecundia
1055 2724 1259 2767 passionem
1286 2722 1481 2768 quamdam
1503 2722 1684 2767 importat,
1706 2723 1755 2766 ju—

194 2777 288 2810 stitia
311 2786 430 2810 autem
453 2788 525 2810 non
549 2785 600 2810 est
620 2777 713 2810 circa
734 2776 934 2822 passiones:
951 2775 1114 2809 similiter
1130 2775 1238 2809 etiam
1255 2787 1327 2808 non
1351 2783 1403 2809 est
1424 2786 1503 2820 pars
1518 2774 1753 2816 fortitudinis3

195 2830 278 2875 quia
301 2830 343 2863 ad
365 2830 611 2864 fortitudinem
634 2832 786 2876 pertinet
807 2829 1006 2875 persistere,
1034 2838 1068 2862 et
1095 2829 1252 2873 aggredi,
1281 2829 1323 2862 ad
1350 2828 1605 2862 verecundiam
1633 2835 1753 2861 autem

195 2882 357 2929 refugere
373 2883 521 2929 aliquid:
539 2895 654 2929 neque
670 2883 778 2917 etiam
793 2890 846 2916 est
860 2893 940 2928 pars
955 2883 1231 2928 temperantiae3
1248 2882 1330 2927 quia
1346 2881 1582 2927 temperantia
1596 2888 1649 2915 est
1657 2880 1753 2914 circa
