1859 3122
454 198 676 236 QUAESTIO
712 200 891 230 CLXXIII.
924 200 1169 231 ARTICULUS
1203 200 1263 231 111.
1533 201 1640 244 1125

152 278 382 314 RESPONDEo
409 280 614 323 dicendum,
633 281 740 327 quod,
764 282 855 316 sicut
876 281 1010 316 dictum
1035 289 1088 316 est
1105 281 1186 326 (art.
1200 282 1343 328 praec),
1365 281 1577 328 prophetica
1595 294 1645 316 re-

82 332 214 366 velatio
236 331 274 366 fit
295 334 496 367 secundum
518 339 681 380 qual1cor5
704 334 860 369 scilicet:
882 335 1056 370 secundum
1083 334 1257 369 influxum
1283 335 1518 381 intelligibilis
1539 335 1644 369 lumi-

81 386 152 427 nis3
165 386 339 420 secundum
355 387 621 421 immissionem
636 388 916 433 intelligibilium
931 388 1130 434 specierum
1144 400 1152 430 ;
1166 387 1340 422 secundum
1354 388 1644 434 impressionem,

80 438 139 473 vel
159 439 424 474 ordinationem
448 441 735 485 imaginabilium
757 441 968 483 formarum,
985 450 1020 475 et
1031 441 1207 476 sermidam
1226 441 1495 486 expressionem
1514 441 1646 476 forma-

80 504 160 526 rum
182 492 416 526 sensibilium.
439 493 670 528 Manifestum
694 502 747 528 est
773 503 905 537 autem,
927 495 1023 540 quod
1050 506 1123 528 non
1146 494 1183 528 fit
1210 495 1401 529 abstractio
1429 507 1449 528 a
1471 495 1644 537 sensibus,

81 546 224 592 quando
253 545 384 592 aliquid
412 555 697 592 repraesentatur
724 548 835 582 menti
862 548 1066 594 Prophetae
1092 559 1154 593 per
1180 548 1317 593 species
1344 548 1540 590 sensibiles,
1567 549 1643 583 sive

81 599 124 633 ad
146 599 217 634 hoc
239 600 440 645 specialiter
460 600 632 634 formatas
655 601 840 643 divinitus3
863 602 953 635 sicut
980 602 1088 635 rubus
1115 609 1279 635 ostensus
1301 602 1421 648 Moysi
1442 602 1564 646 (Exod.
1582 602 1642 648 3.),

80 660 115 686 et
135 653 308 699 scriptura
331 662 475 688 ostensa
496 654 640 688 Danieli
664 655 772 698 (Dan.
791 655 850 701 5.),
874 657 948 689 sive
971 655 1079 689 etiam
1100 666 1161 701 per
1184 655 1271 689 alias
1295 667 1420 689 causas
1438 655 1642 702 productas,

78 706 126 740 ita
147 714 269 741 tamen
291 707 387 752 quod
409 707 606 741 secundum
627 708 786 742 divinam
805 708 1070 754 providentiam
1089 708 1132 742 ad
1152 708 1283 754 aliquid
1303 709 1513 754 prophetice
1533 709 1625 753 signi

79 759 259 793 ficandum
288 760 488 794 ordinetur:
517 761 608 794 sicut
634 772 696 806 per
724 773 844 795 arcam
871 761 952 795 Noe
979 761 1248 807 significabatur
1270 761 1444 796 Ecclesia.
1469 761 1643 796 Similiter

43 838 47 842 .
79 813 186 846 etiam
208 824 282 847 non
305 822 357 848 est
377 825 537 855 necesse,
561 822 599 848 ut
618 814 678 848 fiat
693 814 862 848 alienatio
882 826 900 848 a
923 815 1085 849 sensibus
1101 815 1336 849 exterioribus
1359 826 1421 861 per
1443 815 1526 857 hoc,
1546 815 1642 861 quod

79 878 181 901 mens
202 867 404 913 Prophetae
432 867 627 901 illustratur
653 867 869 912 intelligibili
895 867 1044 909 lumine,
1072 876 1132 902 aut
1158 867 1334 902 formatur
1360 868 1643 914 intelligibilibus

78 920 283 966 speciebus;
306 921 389 966 quia
410 921 445 954 in
467 921 570 954 nobis
593 920 791 966 perfectum
813 921 986 965 judicium
1014 921 1216 955 intellectus
1238 922 1390 955 habetur
1410 932 1474 967 per
1496 933 1644 956 conver-

78 974 218 1008 sionem
241 975 284 1008 ad
307 973 499 1016 sensibilia,
523 986 614 1020 quae
636 983 718 1008 sunt
739 975 854 1020 prima
875 983 1020 1008 nostrae
1043 975 1263 1020 cognitionis
1285 975 1472 1021 principia,
1494 983 1533 1009 ut
1553 975 1589 1009 in
1613 986 1640 1009 1.

77 1027 240 1061 habitum
264 1036 317 1062 est
340 1027 383 1072 (q.
411 1028 466 1071 84.
494 1033 557 1061 art.
586 1028 642 1072 7.).
671 1028 741 1061 Sed
769 1027 912 1073 quando
940 1027 977 1061 fit
1004 1027 1176 1062 revelatio
1202 1028 1416 1074 prophetica
1442 1029 1642 1063 secundum

76 1079 212 1114 formas
234 1080 477 1126 imaginarias,
499 1091 648 1114 necesse
671 1087 725 1114 est
744 1079 821 1114 fieri
841 1080 1121 1115 abstractionem
1143 1092 1163 1114 a
1185 1082 1358 1123 sensibus,
1380 1089 1419 1115 ut
1436 1081 1516 1116 talis
1539 1092 1644 1128 appa-

78 1134 158 1168 ritio
170 1134 466 1180 phantasmatum
476 1145 550 1168 non
561 1133 734 1168 referatur
749 1134 793 1167 ad
808 1145 849 1168 ea
864 1145 955 1179 quae
971 1134 1123 1168 exterius
1138 1134 1356 1169 sentiuntur:
1371 1134 1434 1168 sed
1450 1134 1642 1168 abstractio

78 1198 97 1221 a
119 1187 280 1221 sensibus
302 1186 518 1233 quandoque
540 1186 578 1221 fit
593 1187 758 1233 perfecta·
782 1195 819 1221 ut
840 1187 977 1221 scilicet
1003 1187 1093 1221 nihil
1119 1187 1234 1221 homo
1261 1188 1423 1222 sensibus
1450 1188 1642 1234 percipiat:

76 1241 293 1286 quandoque
316 1248 436 1274 autem
456 1241 662 1286 imperfect&
686 1248 723 1274 ut
744 1239 882 1275 scilicet
904 1239 1036 1286 aliquid
1052 1241 1227 1287 percipiat
1241 1241 1415 1283 sensibus,
1430 1252 1505 1275 non
1519 1249 1643 1275 tamen

76 1293 181 1339 plene
203 1293 382 1327 discernat
403 1304 445 1327 ea
467 1304 558 1339 quae
586 1294 739 1328 exterius
761 1293 922 1339 percipit,
950 1294 992 1327 ab
1019 1293 1075 1328 his
1102 1305 1193 1340 quae
1220 1294 1502 1340 imaginabiliter
1527 1295 1643 1337 videt3

75 1346 171 1381 unde
192 1347 416 1391 Augustinus
439 1346 525 1380 dicit
549 1357 600 1381 12.
623 1358 729 1392 super
752 1347 843 1381 Gen.
866 1347 910 1381 ad
928 1346 1018 1381 liter.
1037 1347 1227 1393 (cap.12.):
1250 1361 1267 1380 «
1283 1348 1343 1382 Sic
1358 1348 1536 1390 videntur,
1551 1359 1642 1394 quae

74 1402 112 1436 in
133 1401 257 1449 spiritu
279 1401 379 1443 fiunt,
401 1401 578 1446 imagines
601 1412 808 1447 corporum,
828 1401 1138 1447 quemadmodum
1154 1413 1308 1448 corpora
1322 1402 1399 1447 ipsa
1414 1413 1476 1447 per
1490 1413 1642 1448 corpus;

75 1455 124 1489 ita
146 1463 184 1489 ut
204 1454 313 1489 simul
339 1463 505 1488 cernatur
531 1453 646 1488 homo
666 1454 793 1500 aliquis
820 1465 989 1500 praesens
1017 1454 1143 1496 oculis,
1172 1463 1207 1489 et
1234 1455 1361 1489 absens
1389 1454 1479 1489 alius
1506 1455 1642 1500 spiritu,

74 1517 261 1555 tamquam
284 1508 444 1542 oculis».
469 1507 570 1541 Talis
592 1515 713 1542 tamen
737 1507 906 1542 alienatio
929 1520 949 1542 a
970 1509 1131 1542 sensibus
1153 1520 1227 1542 non
1245 1508 1283 1542 fit
1301 1509 1336 1542 in
1351 1509 1542 1554 Prophetis
1558 1520 1641 1542 cum

76 1562 196 1608 aliqua
216 1562 483 1596 inordinatione
498 1570 646 1595 naturae
669 1561 778 1606 (sicut
799 1563 835 1595 in
858 1561 1059 1608 arreptitiis,
1080 1561 1139 1596 vel
1160 1562 1197 1595 in
1217 1561 1390 1606 furiosis),
1413 1562 1475 1596 sed
1497 1573 1559 1607 per
1582 1562 1641 1595 ali-

76 1627 185 1663 quam
208 1627 356 1650 causam
379 1615 583 1649 ordinatam
599 1628 605 1649 :
627 1616 679 1649 vel
699 1614 913 1657 naturalem,
929 1616 1022 1649 sicut
1040 1627 1103 1661 per
1120 1617 1324 1657 somnium3
1342 1615 1394 1649 vel
1407 1614 1642 1661 spiritualem,

75 1670 166 1704 sicut
179 1681 242 1715 per
257 1668 590 1714 comtemplationis
603 1668 893 1711 vehementiam,
909 1669 999 1703 sicut
1014 1669 1056 1702 de
1079 1669 1187 1703 Petro
1210 1668 1341 1714 legitur
1359 1668 1440 1709 Act.
1461 1679 1524 1710 10.,
1544 1669 1639 1714 quod

76 1735 150 1758 cnm
168 1727 280 1757 oraret
300 1724 333 1756 in
353 1722 538 1764 coenarum,
559 1722 667 1766 factus
689 1727 732 1757 est
751 1723 786 1756 in
807 1734 932 1756 excessu
950 1723 1085 1763 menti&
1109 1722 1160 1756 vel
1177 1722 1306 1756 virtute
1329 1722 1449 1756 divina
1465 1722 1638 1768 rapiente,

75 1777 275 1811 secundum
296 1775 383 1810 illud
405 1775 535 1810 Ezech.
563 1786 612 1810 1.:
638 1775 747 1810 Facta
769 1781 812 1810 est
831 1782 930 1822 super
951 1788 1023 1810 eum
1044 1787 1162 1810 manus
1182 1776 1335 1810 Domini.

147 1831 207 1864 AD
228 1840 377 1864 PRIMUM
404 1840 490 1875 ergo
518 1828 723 1870 dicendum,
751 1829 847 1875 quod
875 1829 1068 1863 auctoritas
1095 1828 1156 1862 illa
1182 1827 1341 1874 loquitur
1367 1828 1410 1863 de
1436 1828 1638 1874 Prophetis,

75 1883 203 1930 quibus
237 1882 548 1929 imprimebantur,
580 1881 638 1916 vel
668 1882 926 1916 ordinabantur
957 1882 1193 1927 imaginariae
1223 1881 1381 1916 formae:
1413 1882 1465 1916 vel
1496 1883 1532 1916 in
1562 1881 1641 1916 dor-

75 1936 235 1978 miendo,
262 1935 359 1982 quod
380 1935 602 1982 significatur
623 1946 686 1981 per
707 1935 911 1977 somnium3
936 1935 988 1970 vel
1013 1935 1050 1969 in
1075 1934 1272 1981 vigilando,
1299 1934 1395 1981 quod
1417 1934 1638 1981 significatur

74 2002 139 2036 per
156 1990 348 2024 visionem.

145 2044 206 2078 AD
228 2053 435 2078 SECUNDUM
457 2042 662 2084 dicendum,
685 2041 781 2088 quod
804 2041 948 2088 quando
970 2052 1074 2076 mens
1094 2041 1290 2076 intenditur
1310 2041 1346 2075 in
1361 2052 1426 2075 suo
1442 2049 1523 2075 actu
1542 2041 1636 2075 circa

77 2097 250 2138 absentia,
272 2107 363 2142 quae
390 2103 473 2130 sunt
494 2107 513 2129 a
535 2095 697 2130 sensibus
723 2103 874 2137 remota,
901 2103 986 2129 tunc
1012 2103 1158 2141 propter
1182 2095 1454 2129 vehementiam
1473 2094 1638 2128 intentio-

74 2151 130 2184 nis
151 2149 310 2196 sequitur
344 2148 514 2183 alienatio
538 2159 557 2182 a
579 2148 757 2182 sensibus:
780 2148 842 2183 sed
873 2148 1016 2194 quando
1043 2159 1146 2182 mens
1176 2148 1370 2182 intenditur
1398 2148 1434 2181 in
1461 2158 1526 2182 suo
1554 2155 1635 2182 actu

76 2203 171 2237 circa
193 2202 479 2248 dispositionem,
505 2200 564 2236 vel
583 2201 758 2248 judicium
783 2200 1018 2243 sensibilium,
1044 2212 1119 2235 non
1145 2209 1288 2248 oportet
1314 2202 1411 2247 quod
1433 2212 1452 2234 a
1473 2201 1633 2235 sensibus

76 2256 311 2291 abstrahatur.

146 2310 206 2344 AD
228 2319 399 2344 TERTIUM
421 2307 627 2350 dicendum,
642 2309 738 2354 quod
753 2316 872 2342 motus
889 2308 1019 2342 mentis
1033 2308 1266 2354 propheticae
1281 2318 1355 2341 non
1371 2315 1423 2342 est
1436 2307 1634 2341 secundum

73 2363 243 2397 virtutem
264 2362 459 2408 propriam,
474 2362 536 2395 sed
550 2361 750 2395 secundum
764 2361 933 2395 virtutem
947 2361 1139 2408 superioris
1152 2361 1323 2403 influxus;
1339 2369 1373 2395 et
1389 2361 1470 2394 ideo
1490 2360 1634 2406 quando

75 2427 118 2450 ex
138 2416 311 2462 superiori
332 2415 467 2449 influxu
490 2426 591 2448 mens
614 2414 818 2460 Prophetae
840 2414 1032 2448 inclinatur
1055 2414 1098 2447 ad
1116 2414 1360 2459 judicandum,
1374 2413 1433 2447 vel
1446 2413 1636 2458 disponen-

75 2469 161 2503 dum
184 2469 316 2514 aliquid
339 2469 433 2502 circa
454 2467 646 2510 sensibilia,
668 2479 743 2501 non
764 2467 801 2501 fit
823 2467 993 2502 alienatio
1021 2479 1040 2501 a
1067 2467 1238 2510 sensibus,
1260 2467 1322 2500 sed
1343 2466 1462 2500 solum
1489 2465 1634 2512 quando

75 2521 235 2556 elevatur
252 2532 355 2555 mens
378 2521 420 2554 ad
444 2520 763 2565 contemplandum
785 2520 902 2566 aliqua
925 2520 1147 2555 sublimiora.

146 2575 206 2609 AD
229 2584 417 2613 QUARTUM
440 2574 645 2615 dicendum,
668 2573 764 2619 quod
787 2574 929 2620 spiritus
951 2573 1218 2619 Prophetarum
1239 2573 1405 2606 dicuntur
1427 2583 1504 2606 esse
1519 2571 1632 2616 subje-

76 2629 122 2662 cti
143 2627 347 2673 Prophetis,
370 2635 545 2672 quantum
567 2627 610 2660 ad
632 2627 882 2672 propheticam
897 2627 1195 2668 enuntiationem,
1211 2625 1253 2659 de
1270 2637 1338 2671 qua
1359 2625 1408 2659 ibi
1428 2624 1627 2670 Apostolus

71 2680 248 2727 loquitur:
272 2681 354 2726 quia
386 2679 523 2714 scilicet
556 2691 597 2714 ex
628 2680 773 2726 proprio
807 2691 913 2714 sensu
939 2679 1135 2725 loquuntur
1162 2690 1203 2712 ea
1242 2690 1332 2724 quae
1354 2678 1529 2719 viderunt,
1555 2689 1630 2711 non

72 2742 194 2768 mente
221 2733 436 2779 perturbata,
459 2733 551 2766 sicut
573 2733 744 2778 arreptitii
763 2733 817 2778 (ut
838 2733 1001 2766 dixerunt
1022 2731 1196 2773 Priscilla,
1212 2739 1246 2765 et
1260 2732 1484 2775 Montanus),
1507 2730 1569 2764 sed
1590 2732 1625 2764 in

74 2787 150 2832 ipsa
170 2786 379 2832 prophetica
404 2785 623 2820 revelatione
651 2785 771 2832 potius
794 2786 863 2832 ipsi
886 2786 1120 2832 subjiciuntur
1140 2785 1277 2830 spiritui
1302 2784 1524 2831 prophetiae,
1545 2783 1636 2818 idest

74 2839 172 2874 dono
195 2839 422 2885 prophetico.

218 2972 246 3000 S.
267 2973 389 2999 Tuomst
411 2972 515 2999 Summa
540 2972 701 3007 Theologica.
722 2972 786 3000 Vol.
807 2972 868 3014 ΙΙΙ..
1453 2979 1485 3006 72
