1859 3122
490 164 710 200 QUAESTIO
744 164 904 195 CLXVII.
930 163 1174 196 ARTICULUS
1208 163 1252 193 11.
1551 148 1658 203 1087

103 244 188 279 bilia
222 246 490 291 cognoscenda,
524 246 696 293 dupliciter
726 254 844 293 potest
888 257 965 281 esse
998 246 1189 280 vitiosum:
1226 256 1291 279 uno
1318 243 1413 278 modo
1448 244 1661 289 inquantum

105 299 265 344 cognitio
287 300 455 333 sensitiva
479 311 551 334 non
575 301 759 335 ordinatur
773 301 809 334 in
825 300 958 345 aliquid
981 299 1078 340 utile,
1100 299 1162 332 sed
1185 299 1303 344 potius
1327 297 1452 331 avertit
1473 297 1662 331 hominem

105 352 147 385 ab
170 351 289 397 aliqua
311 352 387 386 utili
416 354 724 395 consideratione3
747 354 841 388 unde
863 354 1015 398 August.
1036 353 1121 387 dicit
1142 353 1177 386 in
1206 364 1255 386 10.
1280 351 1445 386 Confess.
1466 351 1556 397 (cap.
1581 351 1662 396 35.):

108 418 125 436 «
148 405 289 440 Canem
317 415 519 440 currentem
541 417 621 453 post
642 407 803 452 leporem
827 408 899 452 jam
921 418 994 440 non
1017 415 1149 452 specto.
1176 417 1259 440 cum
1282 406 1316 439 in
1339 406 1435 439 circo
1459 404 1512 438 fit:
1530 411 1565 437 at
1577 414 1663 437 vero

104 459 141 492 in
163 469 263 503 agro,
285 460 313 492 si
336 471 420 494 casu
443 469 636 502 transeam,
659 462 785 495 avertit
807 473 865 495 me
888 460 1047 496 fortassis
1071 460 1110 493 ai*
1136 459 1253 505 aliqua
1277 470 1409 503 magna
1432 457 1664 503 cogitatione,

106 520 211 558 atquc
234 513 277 546 ad
299 524 336 547 se
360 515 536 548 com-ertit
558 514 617 548 illa
639 515 802 548 venatio:
826 523 860 549 et
881 514 949 548 nisi
969 515 1041 558 jam
1065 513 1154 546 mihi
1188 513 1433 547 demonstrata
1458 510 1665 545 infirmitate

106 576 186 599 mea
208 566 278 600 cito
303 567 510 608 admoneas,
535 576 594 601 aut
616 580 656 601 ex
684 568 759 613 ipsa
788 568 925 601 visione
948 579 1010 613 per
1033 566 1189 612 aliquam
1213 565 1542 600 considerationem
1568 564 1604 598 in
1631 571 1665 596 te

106 629 303 664 assurgere,
324 628 383 654 aut
408 629 525 654 totum
553 629 785 655 contemnere
813 630 918 666 atque
941 621 1105 661 transire,
1120 631 1234 653 vanus
1249 620 1404 653 hebesco
1424 632 1441 650 »
1460 630 1467 651 ι
1483 618 1548 651 alio
1570 616 1665 650 modo

106 673 318 718 inquantum
342 674 502 719 cognitio
530 674 698 708 sensitiva
726 675 911 708 ordinatur
933 673 975 707 ad
1012 673 1156 719 aliquod
1178 673 1350 707 noxium:
1378 674 1469 706 sicut
1489 670 1665 716 inspectio

107 725 266 760 mulieris
301 727 486 761 ordinatur
513 727 555 761 ad
587 727 938 774 concupiscendum,
961 734 995 761 et
1022 726 1175 772 diligens
1209 726 1392 772 inquisitio
1420 736 1547 759 eorum
1574 734 1665 769 quae

107 780 148 813 ab
169 779 245 814 aliis
267 780 367 822 fiunt,
390 781 585 823 ordinatur,
613 781 656 814 ad
678 781 963 815 detrahendum:
999 781 1027 814 si
1055 780 1132 826 quis
1167 787 1288 813 autem
1323 778 1522 824 cognitioni
1559 776 1666 811 sensi-

106 833 232 867 bilium
266 834 417 868 intendit
450 835 613 869 ordinate
649 843 793 881 propter
825 834 1080 868 necessitatem
1115 832 1368 866 sustentandae
1406 840 1566 873 naturae,
1607 829 1666 864 vel

104 895 251 933 propter
272 888 430 922 studium
452 888 706 933 intelligendae
730 888 896 929 veritatis,
920 895 972 922 est
992 887 1152 921 virtuosa
1177 886 1383 920 studiositas
1405 886 1500 920 circa
1522 883 1667 919 sensibi-

105 940 195 974 lium
218 941 476 986 cognitionem.

177 994 237 1030 AD
273 1002 421 1029 PRIMUM
451 1005 537 1040 ergo
567 994 772 1036 dicendum,
795 994 891 1040 quod
918 993 1067 1035 luxuria,
1089 1001 1124 1027 et
1149 992 1234 1038 gula
1266 1000 1349 1026 sunt
1381 992 1477 1027 circa
1509 990 1667 1025 delecta-

104 1047 234 1089 tiones,
264 1059 355 1094 quae
381 1056 463 1083 sunt
495 1048 531 1081 in
561 1058 626 1082 usu
660 1059 780 1082 rerum
814 1045 1060 1092 tangibilium:
1088 1045 1150 1080 sed
1178 1046 1274 1079 circa
1300 1045 1580 1080 delectationem
1609 1055 1666 1079 co-

106 1101 277 1146 gnitionis
312 1101 477 1135 omnium
512 1112 683 1135 sensuum
713 1108 766 1134 est
800 1100 1012 1141 curiositas;
1047 1107 1081 1133 et
1114 1107 1265 1133 vocatur
1298 1099 1561 1145 concupiscentia
1595 1109 1670 1132 ocu-

105 1155 227 1198 lorum,
249 1156 331 1201 quia
367 1168 385 1187 «
407 1154 504 1189 oculi
529 1163 611 1189 sunt
648 1155 692 1188 ad
723 1154 1021 1200 cognoscendum
1054 1153 1090 1186 in
1121 1153 1283 1187 sensibus
1305 1151 1539 1198 principales3
1571 1152 1666 1186 unde

106 1209 230 1242 onmia
263 1207 443 1243 sensibilia
472 1208 584 1243 videri
618 1208 784 1242 dicuntur
805 1221 837 1249 n,
872 1216 909 1241 ut
927 1207 1151 1253 Augustinus
1174 1206 1260 1240 dicit
1281 1206 1316 1239 in
1348 1216 1398 1240 10.
1421 1206 1481 1239 lib.
1502 1204 1667 1239 Confess.

108 1262 195 1308 (cap.
218 1262 307 1308 35.);
331 1270 376 1303 et,
398 1262 490 1296 sicut
510 1262 664 1307 August.
698 1261 831 1295 ibidem
866 1261 996 1302 subdit,
1021 1273 1038 1292 ‹<
1062 1272 1103 1294 ex
1125 1260 1196 1294 hoc
1220 1259 1419 1294 evidentius
1442 1258 1667 1300 discernitur,

106 1315 190 1361 quid
211 1315 416 1361 voluptatis,
440 1316 523 1361 quid
555 1315 770 1349 curiositatis
797 1322 923 1360 agatur
945 1325 1007 1360 per
1035 1324 1171 1354 sensus,
1199 1313 1295 1359 quod
1317 1312 1483 1358 voluptas
1505 1311 1667 1358 pulchra,

106 1369 240 1411 suavia,
263 1380 406 1411 canora,
429 1369 564 1414 sapida,
586 1368 682 1402 lenia
715 1376 888 1402 sectatur:
912 1368 1100 1401 curiositas
1123 1375 1244 1400 autem
1267 1366 1375 1401 etiam
1398 1366 1454 1400 his
1486 1365 1667 1399 contraria

105 1422 268 1457 tentandi
288 1434 407 1465 causa,
429 1434 503 1457 non
533 1423 576 1457 ad
605 1422 829 1456 subeundam
858 1421 1076 1462 molestiam,
1098 1421 1160 1455 sed
1182 1420 1398 1466 experiendi,
1420 1419 1667 1465 noscendique

106 1476 291 1510 libidinem
309 1490 342 1510 2).

177 1530 236 1565 AD
263 1540 471 1565 SECUNDUM
489 1529 694 1571 dicendum,
723 1529 819 1575 quod
838 1529 1013 1575 inspectio
1035 1527 1327 1574 spectaculorum
1345 1527 1475 1563 vitiosa
1496 1527 1666 1568 redditur,

106 1583 321 1629 inquantum
339 1595 402 1629 per
422 1583 493 1616 hoc
523 1583 638 1616 homo
667 1582 707 1616 fit
735 1594 870 1628 pronus
897 1582 941 1616 ad
962 1584 1047 1616 vitia
1068 1581 1126 1616 vel
1151 1581 1334 1623 lasciviae,
1354 1581 1413 1615 vel
1436 1580 1666 1622 crudelitatis,

106 1648 169 1682 per
191 1648 233 1671 ea
254 1648 345 1682 quae
360 1637 409 1670 ibi
423 1644 749 1682 repraesentantur3
772 1637 865 1670 unde
889 1636 1078 1681 Chrysost.
1094 1635 1179 1670 dicit
1195 1635 1549 1680 (hom.6.inMatth.)‚
1569 1634 1666 1679 quod

110 1703 127 1721 «
150 1690 342 1732 adulteros,
365 1698 399 1724 et
420 1689 682 1724 inverecundos
705 1690 926 1723 constituunt
946 1689 1035 1723 tales
1058 1689 1299 1734 inspectiones
1322 1701 1353 1722 ».

178 1744 238 1778 AD
254 1754 425 1779 TERTIUM
443 1743 649 1784 dicendum,
664 1743 760 1788 quod
779 1743 983 1788 prospicere
1001 1742 1093 1776 facta
1114 1742 1281 1783 aliorum,
1299 1741 1358 1776 vel
1375 1741 1554 1787 inquirere
1569 1741 1666 1775 bono

107 1797 243 1838 animo,
264 1796 322 1831 vel
344 1797 387 1830 ad
410 1796 600 1830 utilitatem
622 1796 816 1842 propriam,
839 1803 876 1829 ut
897 1795 1035 1829 scilicet
1056 1796 1170 1829 homo
1193 1806 1235 1829 ex
1260 1795 1364 1829 bonis
1395 1795 1562 1841 operibus
1591 1806 1669 1840 pro-

106 1850 194 1884 ximi
214 1858 432 1896 provocetur
453 1850 497 1883 ad
519 1849 659 1891 melius,
682 1848 740 1882 vel
761 1849 869 1883 etiam
892 1849 935 1882 ad
958 1849 1146 1883 utilitatem
1168 1848 1274 1890 illius,
1298 1856 1336 1882 ut
1357 1848 1496 1883 scilicet
1515 1849 1669 1893 corriga-

106 1912 173 1945 tur,
195 1904 225 1937 si
246 1903 329 1949 quid
352 1904 393 1937 ab
416 1914 459 1937 eo
483 1903 598 1948 agitur
631 1902 770 1944 vitiose,
805 1903 1003 1936 secundum
1035 1901 1199 1947 regulam
1231 1902 1425 1943 charitatis,
1449 1910 1483 1935 et
1505 1902 1665 1936 debitum

107 1956 228 1998 officii,
250 1965 303 1991 est
323 1955 513 1998 laudabile,
535 1955 734 1989 secundum
755 1955 842 1989 illud
865 1955 907 1989 ad
931 1955 1038 1989 Hebr.
1065 1966 1134 1989 to.:
1160 1954 1371 1990 Considerate:
1390 1967 1449 1989 vos
1470 1956 1612 1989 invicem
1630 1955 1667 1988 ‘in

102 2012 375 2057 provocationem
396 2010 576 2049 cluit-itatis,
603 2014 630 2042 et
652 2010 811 2042 bonorum
833 2015 991 2055 operum:
1014 2008 1075 2042 sed
1098 2008 1194 2054 quod
1210 2007 1337 2053 aliquis
1352 2008 1513 2042 intendat
1527 2008 1570 2042 ad
1587 2019 1670 2042 con-

107 2063 295 2097 sideranda
315 2063 402 2096 vitia
423 2063 683 2108 proximorum,
707 2061 750 2094 ad
773 2061 1055 2108 despiciendum,
1077 2061 1134 2096 vel
1157 2061 1430 2103 detrahendum,
1452 2061 1510 2095 vel
1539 2061 1668 2095 saltem

108 2116 278 2150 inutiliter
298 2116 583 2162 inquietandum,
606 2123 659 2150 est
678 2115 866 2157 vitiosum3
889 2115 982 2149 unde
1005 2115 1132 2149 dicitur
1153 2115 1261 2149 Prov.
1284 2125 1358 2157 245
1378 2115 1428 2150 Ne
1446 2115 1621 2157 insidieris,
1641 2121 1670 2151 et

109 2180 249 2214 quaeras
271 2171 466 2215 impietatem
489 2171 523 2202 in
544 2168 639 2202 domo
657 2169 751 2213 justi,
779 2180 877 2214 nequa
897 2173 1001 2203 vastas
1020 2169 1163 2214 requiem
1185 2170 1262 2213 ejus.

556 2421 908 2481 QUAESTIO
953 2422 1221 2470 CLXVIII.

135 2543 198 2574 DE
224 2543 479 2582 MODESTIA,
510 2543 768 2576 SECUNDUM
796 2544 927 2584 QUOD
955 2544 1196 2576 CONSISTIT
1223 2544 1272 2574 IN
1301 2543 1645 2574 EXTERIORIBUS

653 2615 878 2647 CORPORIS
905 2615 1125 2653 MOTIBUS,

475 2685 525 2715 IN
564 2685 790 2725 QUATUOR
829 2686 1089 2717 ARTICULOS
1130 2686 1302 2717 DIVISA.

183 2807 314 2841 Postea
336 2807 639 2842 considerandum
661 2816 713 2843 est
733 2808 776 2842 de
798 2809 987 2851 modestia,
1009 2808 1207 2843 secundum
1230 2808 1325 2853 quod
1345 2803 1507 2842 consistit
1525 2807 1561 2840 in
1579 2815 1671 2842 exte-

113 2860 266 2895 rioribus
287 2861 445 2895 motibus
467 2861 639 2906 corporis.
