1859 3122
533 192 752 228 QUAESTIO
786 193 944 223 CLXXX.
980 193 1224 224 ARTICULUS
1258 193 1285 223 1.
1576 183 1681 224 1161

199 274 258 308 AD
278 283 448 308 TERTIUM
471 273 675 317 dicendum,
697 274 792 320 quod
814 275 866 308 vis
889 275 1081 321 appetitiva
1109 283 1232 309 movet
1265 286 1338 309 non
1372 274 1490 309 solum
1526 275 1690 310 membra

129 326 332 373 corporalia
355 328 396 360 ad
420 327 612 362 exteriores
637 329 796 362 actiones
819 329 1047 371 exercendas,
1069 329 1130 363 sed
1153 330 1261 363 etiam
1284 328 1507 363 intellectum
1530 329 1573 363 ad
1596 340 1692 363 exer-

94 395 98 398 *
128 381 280 415 cendam
304 383 552 428 operationem
576 382 904 428 contemplationis,
927 391 964 416 ut
986 383 1120 416 dictum
1145 391 1197 417 est
1221 385 1272 426 (in
1294 389 1384 430 corp.
1407 384 1499 427 art).

699 543 1043 588 ARTICULUS
1078 545 1133 587 II.
1622 554 1690 601 849

129 661 283 692 UTRUM
299 661 514 693 vauTES
533 663 732 694 uoaALES
751 665 1026 696 PERTINEANT
1044 665 1101 695 AD
1116 665 1253 695 vrTAu
1270 663 1689 696 CONTEMPLATIVAM.

295 762 399 808 (Infr.
422 774 451 809 q.
475 764 543 798 181.
566 768 629 798 art.
651 777 678 799 Ι.
701 765 742 798 ad
762 777 787 809 3.
809 770 839 800 et
859 777 890 800 2.
913 770 940 800 et
958 770 1024 800 art.
1045 776 1078 810 4.
1105 765 1147 800 ad
1168 778 1194 801 r.
1216 770 1245 800 et
1266 778 1295 811 q.
1318 766 1389 800 182.
1412 770 1476 800 art.
1495 777 1523 811 3.

162 819 191 850 et
216 821 323 862 opusc.
352 827 399 862 17.
428 824 499 863 cap.
526 829 555 863 7.
583 817 624 851 acl
650 829 679 864 7.
707 823 734 853 et
756 819 829 852 Lib.
851 831 879 865 3.
910 819 1023 853 Contr.
1049 830 1079 863 g.
1107 824 1179 866 cap.
1202 830 1252 865 37.
1280 824 1310 854 et
1331 819 1424 865 Phys.
1447 829 1476 864 7.
1499 818 1570 853 lect.
1593 817 1656 863 6.).

200 915 259 950 AD
282 926 487 951 SECUNDUM
511 918 559 952 sic
583 918 798 964 proceditur.
820 917 981 961 Videtur,
1004 919 1099 965 quod
1121 919 1268 953 virtutes
1302 918 1458 953 morales
1493 918 1694 964 pertineant

130 969 172 1003 ad
195 969 307 1003 vitam
331 970 668 1016 contemplativam:
693 971 777 1005 dicit
799 971 895 1005 enim
920 971 1028 1017 Greg.
1058 983 1164 1018 super
1189 972 1319 1007 Ezech.
1346 973 1449 1017 (hom.
1477 973 1559 1016 14),
1594 971 1691 1018 quod

131 1035 148 1054 t<
170 1023 453 1069 contemplativa
475 1026 545 1058 vita
569 1032 621 1058 est
643 1025 855 1058 charitatem
878 1024 958 1066 Dei,
981 1033 1015 1059 et
1037 1026 1191 1070 proximi
1218 1033 1293 1059 tota
1327 1034 1448 1059 mente
1484 1025 1636 1059 retinere
1659 1038 1690 1059 »ς

127 1076 189 1110 sed
212 1088 339 1111 omnes
365 1077 511 1111 virtutes
534 1077 704 1119 morales,
726 1077 768 1111 de
792 1089 944 1123 quarum
967 1079 1103 1112 actibus
1126 1079 1253 1112 dantur
1267 1087 1457 1124 praecepta
1472 1078 1574 1124 legis,
1594 1078 1696 1112 redu-

127 1138 256 1163 cuntur
279 1131 321 1164 ad
345 1130 578 1164 dilectionem
600 1130 680 1173 Dei,
704 1139 737 1164 et
758 1131 931 1176 proximi:
955 1131 1037 1176 quia
1055 1132 1226 1177 plenitudo
1250 1132 1325 1177 Iagis
1343 1132 1469 1166 dilectio
1499 1136 1554 1173 cst,
1586 1139 1625 1165 ut
1646 1131 1693 1165 di-

127 1183 218 1217 citur
239 1183 281 1217 ad
304 1183 411 1217 Rom.
437 1194 507 1228 13.;
530 1194 617 1229 ergo
638 1183 788 1226 videtur,
811 1184 907 1230 quod
929 1185 1078 1219 virtutes
1099 1184 1258 1219 morales
1288 1185 1490 1230 pertineant
1511 1184 1554 1218 ad
1575 1185 1689 1218 vitam

126 1237 457 1283 contemplativam.

198 1302 228 1325 2.
251 1291 486 1326 PRAETEREA.
509 1292 592 1326 Vita
616 1292 897 1338 contemplativa
919 1293 1110 1339 praecipue
1134 1293 1318 1327 ordinatur
1352 1292 1394 1326 ad
1429 1291 1500 1326 Dei
1533 1299 1694 1326 contem-

125 1343 343 1391 plationem:
367 1345 452 1379 dicit
474 1345 570 1379 enim
594 1345 703 1391 Greg.
726 1357 832 1392 super
853 1347 983 1381 Ezech.
1008 1347 1085 1389 (loc.
1110 1347 1181 1391 cit.)
1198 1347 1293 1392 quod
1313 1345 1492 1380 «calcatis
1508 1346 1601 1380 curis
1620 1356 1696 1379 om-

125 1398 241 1440 nibus,
264 1399 307 1432 ad
328 1398 522 1432 videndam
545 1398 678 1433 faciem
699 1399 754 1433 sui
773 1399 958 1434 Creatoris
975 1400 1115 1434 animus
1130 1399 1322 1434 inardescit
1344 1412 1380 1434 »1
1397 1399 1458 1433 sed
1474 1399 1517 1433 ad
1532 1399 1603 1433 hoc
1617 1398 1694 1433 nul-

125 1451 179 1485 lus
194 1459 314 1498 potest
333 1452 532 1497 pervenire,
554 1452 623 1486 nisi
644 1464 706 1498 per
728 1453 955 1495 munditiam,
978 1465 1084 1499 quam
1110 1462 1233 1488 causat
1253 1453 1363 1487 virtus
1380 1452 1548 1488 moralis:
1565 1452 1693 1486 dicitur

127 1505 225 1539 enim
246 1505 374 1540 Matth.
393 1516 440 1550 5.:
464 1506 556 1540 Beati
571 1506 690 1540 mundo
706 1506 812 1548 corde,
828 1508 984 1552 quoniam
1001 1508 1061 1553 ipsi
1074 1508 1183 1542 Deum
1197 1507 1375 1543 videbunt:
1393 1514 1426 1540 et
1441 1507 1484 1540 ad
1500 1506 1606 1540 Hebr.
1628 1516 1694 1540 12.:

128 1559 245 1593 Pacem
267 1560 441 1604 sequimini
462 1571 535 1593 cnm
557 1561 718 1601 onzm'lucs,
746 1565 775 1594 et
798 1562 1065 1602 sanctimoniam,
1100 1562 1166 1595 sim
1193 1572 1257 1606 qna
1291 1572 1383 1594 nemo
1410 1560 1532 1594 videbit
1565 1561 1691 1600 Dezmu

127 1623 214 1658 ergo
235 1612 386 1654 videtur,
408 1612 503 1658 quod
525 1613 673 1647 virtutes
695 1613 852 1648 morales
875 1613 1077 1660 pertineant
1099 1614 1141 1647 ad
1164 1614 1275 1647 vitam
1299 1613 1631 1658 contemplativam.

201 1677 229 1711 3.
252 1665 487 1700 PRAETEREA.
511 1666 709 1711 Gregorius
732 1667 817 1700 dicit
838 1678 944 1712 super
964 1667 1093 1701 Ezech.
1117 1667 1195 1712 (loc.
1217 1669 1299 1711 cit),
1319 1667 1415 1713 quod
1437 1680 1454 1698 «
1473 1665 1696 1712 contempla-

125 1718 198 1753 tiva
219 1719 291 1753 vita
313 1719 477 1765 speciosa
499 1727 551 1753 est
572 1719 607 1752 in
631 1720 753 1753 animo
776 1733 808 1762 »3
831 1720 925 1754 unde
947 1720 1169 1765 significatur
1187 1732 1248 1766 per
1266 1719 1477 1762 Rachelem,
1498 1720 1540 1754 de
1558 1731 1627 1766 qua
1646 1720 1695 1754 di-

128 1773 230 1814 citur,
247 1772 338 1806 Gen.
361 1782 428 1819 29„
451 1772 546 1818 quod
569 1778 639 1807 erat
654 1773 797 1819 pulchra
818 1774 925 1817 sucis,-
953 1774 1013 1807 sed
1036 1773 1266 1819 pulchritudo
1290 1774 1401 1807 animi
1424 1774 1615 1807 attenditur
1636 1785 1690 1808 se-

128 1826 287 1859 cundum
309 1826 456 1860 virtutes
478 1825 646 1868 morales,
669 1834 703 1860 et
724 1827 914 1872 praecipue
937 1827 1134 1861 secundum
1155 1827 1444 1873 temperantiam,
1464 1835 1501 1861 ut
1520 1827 1691 1861 Ambros.

128 1879 213 1913 dicit
234 1879 270 1913 in
296 1890 323 1914 1.
346 1879 389 1913 de
414 1878 521 1914 Offic.
546 1879 632 1925 (cup.
654 1891 702 1926 43.
725 1891 772 1925 45.
795 1885 823 1914 et
843 1880 933 1925 46.);
956 1891 1044 1926 ergo
1066 1881 1217 1923 videtur,
1239 1881 1335 1927 quod
1358 1880 1507 1915 virtutes
1533 1880 1691 1915 morales

127 1934 330 1980 pertineant
351 1933 394 1966 ad
415 1933 527 1966 vitam
555 1933 885 1979 contemplativam.

200 1987 274 2021 SED
297 1997 452 2021 CONTRA
474 1995 538 2029 est,
560 1987 656 2033 quod
678 1987 824 2021 virtutes
847 1987 1004 2021 morales
1027 1987 1236 2022 ordinantur
1251 1988 1293 2021 ad
1309 1987 1501 2022 exteriores
1517 1987 1690 2021 actiones:

127 2041 190 2075 sed
212 2040 412 2086 Gregorius
435 2040 519 2074 dicit
540 2040 576 2073 in
598 2041 628 2074 6.
652 2040 780 2074 Moral.
803 2041 892 2087 (cap.
917 2041 964 2076 18.
987 2046 1016 2075 et
1037 2042 1096 2075 loc.
1118 2047 1188 2087 sup.
1211 2041 1284 2086 cit.)
1307 2041 1403 2087 quod
1429 2054 1446 2072 ((
1466 2040 1509 2074 ad
1531 2048 1692 2074 contem-

127 2093 301 2140 plativam
322 2095 434 2127 vitam
457 2093 610 2139 pertinet
632 2094 673 2126 ab
697 2094 864 2128 exteriori
887 2094 1028 2129 actione
1051 2094 1236 2140 quiescere
1259 2107 1299 2137 »3
1322 2106 1408 2140 ergo
1438 2094 1586 2128 virtutes
1615 2105 1692 2128 mo-

128 2146 219 2181 rales
242 2158 316 2180 non
337 2146 516 2192 pertinent
538 2147 580 2180 ad
603 2147 714 2181 vitam
737 2147 1067 2194 contemplativam.

199 2200 428 2235 RESPONDEO
451 2200 655 2242 dicendum,
678 2201 773 2246 quod
796 2201 838 2235 ad
856 2201 968 2235 vitam
987 2201 1309 2248 contemplativam
1327 2208 1446 2247 potest
1465 2200 1598 2247 aliquid
1616 2212 1694 2247 per-

127 2255 241 2289 tinere
262 2254 459 2300 dupliciter:
487 2266 550 2288 uno
572 2254 667 2288 (modo
690 2254 943 2289 essentialiter:
974 2255 1039 2289 alio
1067 2255 1161 2289 modo
1189 2254 1407 2301 dispositive.
1444 2254 1693 2289 Essentialiter

128 2308 273 2354 quidem
295 2309 442 2341 virtutes
464 2306 621 2341 morales
643 2318 716 2341 non
738 2308 915 2353 pertinent
937 2308 980 2341 ad
1001 2309 1113 2343 vitam
1137 2307 1476 2353 contemplativam3
1504 2308 1587 2354 quia
1608 2307 1688 2342 finis

129 2361 432 2406 contemplativae
454 2362 546 2394 vitae
569 2367 621 2394 est
643 2361 882 2395 consideratio
903 2362 1084 2396 veritatis:
1121 2362 1163 2395 ad
1197 2362 1344 2395 virtutes
1379 2369 1499 2395 autem
1534 2360 1692 2395 morales

129 2415 219 2449 scire
242 2414 398 2460 quidem,
423 2415 518 2460 quod
541 2414 693 2460 pertinet
715 2414 757 2448 ad
780 2415 1107 2449 considerationem
1125 2415 1296 2456 veritatis,
1310 2426 1458 2460 parvam
1474 2422 1692 2460 potestatem

128 2468 247 2509 habet,
271 2476 308 2502 ut
328 2467 464 2501 Philos.
488 2468 573 2501 dicit
593 2468 629 2501 in
652 2478 682 2502 2.
704 2467 819 2503 Ethic.
842 2469 932 2514 (rap.
960 2481 991 2503 2.
1014 2470 1047 2502 in
1064 2470 1176 2515 princ.
1200 2473 1227 2502 et
1245 2468 1300 2502 lib.
1322 2480 1373 2502 10.
1393 2475 1464 2514 cup.
1484 2468 1573 2512 ult.);
1593 2467 1688 2501 unde

129 2529 163 2555 et
183 2521 259 2567 ipse
281 2521 316 2554 in
343 2531 393 2555 10.
417 2520 533 2555 Ethic.
555 2521 643 2567 (cap.
666 2532 695 2566 7.
718 2526 747 2555 et
767 2521 817 2566 8.)
838 2521 986 2556 virtutes
1009 2521 1166 2555 morales
1190 2521 1275 2554 dicit
1296 2521 1473 2566 pertinere
1508 2521 1552 2554 ad
1581 2519 1691 2554 felici-

127 2583 240 2609 tatem
262 2574 429 2616 activam,
450 2585 523 2608 non
547 2582 667 2608 autem
690 2574 733 2607 ad
752 2574 1083 2620 contemplativam.
1100 2575 1298 2620 Dispositiw
1314 2582 1434 2608 autern
1449 2575 1596 2608 virtutes
1614 2585 1692 2608 mo-

128 2627 220 2661 rales
242 2627 420 2673 pertinent
441 2627 483 2661 ad
504 2627 616 2661 vitam
638 2627 974 2673 contemplativam:
999 2628 1190 2673 impeditur
1211 2627 1308 2661 enim
1337 2636 1436 2661 actus
1471 2627 1694 2673 contempla-

128 2682 248 2723 tionis,
270 2681 304 2714 in
327 2692 398 2726 quo
421 2680 656 2714 essentialiter
690 2681 853 2715 consistit
872 2682 944 2714 vita
968 2680 1260 2727 contemplativa,
1283 2688 1317 2714 et
1337 2692 1400 2726 per
1420 2681 1691 2715 vehementiam

129 2735 350 2780 passionum,
372 2745 433 2780 per
455 2745 563 2779 quam
586 2734 800 2768 abstrahitur
821 2735 970 2768 intentio
995 2735 1136 2768 animae
1168 2734 1208 2767 ab
1240 2733 1524 2779 intelligibilibus
1547 2734 1588 2767 ad
1611 2745 1692 2772 sen-

129 2787 256 2829 sibilia,
279 2796 313 2821 et
333 2798 395 2833 per
415 2787 589 2821 tumultus
613 2787 821 2821 exteriores:
844 2787 992 2821 virtutes
1016 2795 1137 2821 autem
1166 2786 1323 2821 morales
1357 2787 1558 2833 impediunt
1586 2787 1693 2821 vehe-

130 2840 303 2874 mentiam
326 2842 547 2886 passionum,
571 2848 605 2874 et
626 2841 751 2874 sedant
772 2841 989 2875 exteriorum
1021 2841 1307 2886 occupationum
1339 2840 1532 2883 tumultus3
1554 2848 1589 2875 et
1609 2841 1691 2874 ideo

129 2895 276 2928 virtutes
299 2894 454 2928 morales
478 2894 688 2939 dispositive
710 2895 753 2928 ad
775 2895 886 2928 vitam
909 2894 1231 2940 contemplativam
1252 2894 1440 2940 pertinent.
