1859 3122
201 135 284 178 688
609 145 830 181 QUAEsrto
864 144 981 175 xcv1.
1015 144 1259 175 ARTICULUS
1293 144 1352 175 111.

199 237 283 270 tem,
305 239 379 262 non
401 235 453 262 est
467 226 652 268 illicitum3
671 237 758 272 ergo
781 226 973 260 observare
994 226 1203 271 hujusmodi
1221 225 1409 272 praesagia
1427 236 1501 260 non
1519 225 1660 260 videtur
1681 236 1759 260 esse

198 282 376 316 illicitum.

271 334 344 368 SED
368 344 522 368 CONTRA
550 341 614 375 est,
651 333 748 379 quod
775 333 928 378 August.
957 332 1043 367 dicit
1063 332 1099 366 in
1121 342 1152 366 2.
1182 332 1225 366 de
1255 332 1381 366 Doctr.
1417 331 1551 366 Christ.
1575 332 1661 378 (cap.
1688 332 1760 376 20.)

198 387 295 434 quod
320 401 338 419 (ε
360 387 403 421 ad
425 395 531 433 pacta
553 398 637 420 cum
659 386 896 420 daemonibus
914 386 1001 420 inita
1020 386 1199 431 pertinent
1224 385 1339 419 millia
1360 385 1522 419 inanium
1546 385 1762 419 observatio-

198 453 304 484 num;
338 449 422 487 puta
456 441 486 475 si
516 441 722 475 membrum
756 440 902 486 aliquod
932 439 1082 481 salierit3
1112 439 1142 473 si
1174 440 1325 485 junctim
1347 438 1612 473 ambulantibus
1635 438 1761 473 amicis

198 494 287 540 lapis
310 502 370 528 aut
389 496 498 536 canis,
531 502 590 528 aut
623 504 710 540 puer
732 493 872 527 medius
894 493 1145 534 intervenerit3
1178 492 1290 526 limen
1317 492 1469 533 calcare,
1492 503 1575 526 cum
1597 500 1680 526 ante
1702 491 1763 526 do-

199 559 299 581 mum
321 559 424 582 suam
447 547 574 594 aliquis
596 547 741 588 transit;
763 546 878 580 redire
901 546 944 580 ad
971 546 1117 587 lectum,
1133 546 1162 580 si
1184 546 1261 592 quis
1285 557 1367 579 cum
1383 557 1419 579 se
1437 544 1598 587 calcieat,
1621 552 1759 579 sternu-

197 601 340 644 taverit3
363 601 479 635 redire
502 601 665 642 domum,
688 600 717 634 si
738 599 937 646 procedens
961 598 1169 641 offenderit;
1193 610 1276 632 cum
1297 598 1405 632 vestis
1427 609 1447 631 a
1473 598 1648 632 soricibus
1670 597 1762 632 rodi-

198 663 265 697 tur,
287 654 366 700 plus
387 655 514 689 timere
537 654 783 700 suspicionem
802 652 889 686 mali
909 652 1029 694 futuri,
1057 664 1165 698 quam
1188 663 1358 698 praesens
1379 651 1553 685 damnum
1571 650 1737 685 dolere».

269 709 499 744 RESPONDEO
514 708 720 750 dicendum,
732 707 828 753 quod
850 707 1018 740 homines
1039 706 1252 752 hujusmodi
1270 705 1541 740 observationes
1564 704 1761 746 attendunt,

200 774 274 797 non
297 771 334 797 ut
357 763 532 809 quasdam
560 773 698 803 causas,
721 760 782 795 sed
805 768 843 794 ut
864 760 966 806 signa
997 759 1175 806 quaedam
1208 758 1410 793 futurorum
1433 765 1627 792 eventuum
1652 757 1764 792 bono-

200 828 292 858 rum,
314 815 373 850 vel
394 815 578 850 malorum
596 828 604 858 3
627 826 702 849 non
725 814 960 848 observantur
988 821 1107 847 autern
1136 813 1226 846 sicut
1252 812 1354 857 signa
1377 823 1397 846 a
1417 812 1498 846 Deo
1519 811 1659 853 tradita,
1681 822 1764 845 cum

200 881 275 904 non
297 870 367 904 sint
387 869 592 903 introducta
631 880 674 902 ex
707 867 920 901 auctoritate
951 866 1083 908 divina,
1105 865 1166 900 sed
1201 866 1316 912 magis
1339 876 1382 899 ex
1406 865 1564 900 vanitate
1590 865 1763 906 humana,

201 931 421 969 cooperante
453 922 675 956 daemonum
709 920 860 962 malitia,
882 921 942 966 qui
971 920 1132 954 nituntur
1156 919 1298 953 animos
1329 918 1522 953 hominum
1554 917 1765 963 hujusmodi

200 977 414 1011 vanitatibus
436 975 642 1022 implicare3
665 982 699 1009 et
724 974 806 1008 ideo
830 972 1062 1008 manifestum
1085 981 1148 1015 est,
1167 983 1294 1006 omnes
1316 972 1526 1017 hujusmodi
1546 971 1765 1006 observatio-

200 1042 262 1065 nes
287 1041 364 1064 esse
379 1029 655 1076 superstitiosas,
678 1035 713 1062 et
733 1027 894 1062 illicitas:
919 1035 953 1061 et
973 1027 1139 1061 videntur
1161 1037 1238 1060 esse
1265 1025 1444 1072 quaedam
1459 1025 1630 1071 reliquiae
1651 1024 1764 1059 idolo-

201 1084 339 1125 latriae,
376 1083 573 1118 secundum
597 1093 707 1128 quam
735 1081 1017 1115 observabantur
1039 1079 1200 1125 auguria,
1223 1087 1257 1113 et
1283 1079 1428 1125 quidem
1461 1079 1535 1113 dies
1567 1078 1685 1120 fausti,
1705 1077 1764 1113 vel

202 1137 371 1172 infausti:
406 1137 501 1183 quod
532 1135 807 1182 quodammodo
835 1136 988 1181 pertinet
1022 1134 1065 1167 ad
1093 1133 1366 1174 divinationem,
1389 1144 1480 1179 quae
1514 1132 1552 1166 fit
1573 1143 1636 1178 per
1657 1139 1763 1174 astra,

202 1191 403 1225 secundum
425 1201 516 1236 quae
544 1189 828 1223 diversificantur
851 1188 942 1222 dies:
977 1187 1045 1221 nisi
1070 1186 1130 1232 [al.
1152 1186 1284 1221 videtur
1305 1186 1396 1231 ergo]
1431 1186 1527 1232 quod
1554 1185 1765 1231 hujusmodi

199 1244 469 1278 observationes
502 1244 572 1277 sint
601 1243 677 1277 sine
708 1243 858 1283 ratione,
883 1249 916 1276 et
938 1248 1032 1283 arte3
1059 1240 1152 1274 unde
1180 1247 1261 1274 sunt
1288 1239 1404 1285 magis
1430 1250 1557 1281 vanae,
1587 1246 1622 1273 et
1643 1250 1764 1285 super-

199 1297 371 1331 stitiosae.

271 1351 331 1384 AD
353 1360 502 1385 PRIMUM
524 1360 611 1395 ergo
626 1348 832 1390 dicendum,
860 1347 956 1393 quod
983 1346 1233 1380 infirmitatum
1256 1357 1385 1380 causae
1408 1346 1625 1391 praecedunt
1646 1345 1682 1379 in
1703 1356 1766 1380 no-

200 1404 264 1445 bis,
287 1415 329 1437 ex
351 1403 478 1449 quibus
501 1402 620 1448 aliqua
642 1402 742 1448 signa
778 1401 999 1447 praecedunt
1024 1400 1227 1434 futurorum
1256 1399 1480 1441 morborum,
1503 1410 1594 1444 quae
1625 1398 1722 1433 licite
1744 1409 1764 1433 a

201 1457 350 1491 medicis
373 1457 627 1497 observantur3
646 1456 740 1489 unde
763 1463 797 1489 et
815 1456 843 1488 si
858 1456 935 1500 quis
957 1453 1186 1499 praesagium
1208 1452 1412 1486 futurorum
1435 1460 1630 1486 eventuum
1652 1451 1766 1486 consi-

203 1511 302 1544 deret
333 1522 375 1544 ex
409 1521 473 1544 sua
507 1520 626 1550 causa,
663 1520 737 1542 non
760 1508 825 1542 erit
846 1507 1031 1549 illicitumg
1064 1515 1102 1540 ut
1135 1507 1165 1540 si
1186 1518 1309 1540 servus
1330 1506 1455 1540 timeat
1476 1505 1619 1551 flagella
1640 1505 1765 1540 videns

200 1564 292 1597 iram
315 1563 453 1597 domini
472 1563 544 1597 sui:
569 1571 602 1596 et
617 1561 733 1596 simile
749 1562 859 1595 etiam
875 1572 952 1595 esse
967 1568 1099 1606 posset,
1115 1560 1143 1594 si
1159 1561 1236 1606 quis
1258 1560 1402 1594 timeret
1422 1567 1685 1593 nocumentum
1707 1558 1766 1593 ali-

202 1618 259 1651 cui
285 1628 396 1663 puero
418 1628 459 1651 ex
482 1616 589 1650 oculo
613 1615 822 1656 fascinante,
851 1614 893 1648 de
925 1625 995 1660 quo
1024 1614 1160 1647 dictum
1195 1621 1248 1647 est
1265 1613 1301 1646 in
1328 1624 1354 1647 1.
1377 1612 1435 1646 lib.
1468 1613 1515 1658 (q.
1550 1622 1624 1658 117.
1649 1617 1712 1648 art.
1735 1624 1763 1659 3.

200 1671 242 1705 ad
262 1672 331 1716 2.);
356 1671 406 1704 sic
428 1678 549 1704 autem
568 1681 641 1703 non
665 1677 717 1702 est
731 1670 765 1702 in
781 1667 992 1713 hujusmodi
1015 1666 1338 1701 observationibus.

272 1725 331 1758 AD
354 1733 560 1758 SECUNDUM
583 1722 788 1763 dicendum,
811 1721 908 1766 quod
930 1721 1000 1754 hoc
1029 1720 1125 1766 quod
1149 1731 1168 1753 a
1195 1720 1370 1766 principio
1393 1720 1428 1753 in
1454 1719 1530 1754 istis
1549 1719 1765 1754 observatio-

200 1778 303 1812 nibus
325 1776 458 1822 aliquid
485 1776 561 1810 veri
582 1775 751 1809 homines
779 1775 912 1820 experti
935 1781 1026 1818 sunt,
1056 1773 1186 1807 accidit
1213 1784 1317 1807 casu:
1341 1773 1402 1807 sed
1424 1774 1660 1819 postmodum
1682 1784 1765 1807 curn

200 1831 367 1865 homines
403 1830 580 1876 incipiunt
613 1839 719 1863 suum
742 1828 905 1861 animum
926 1826 1138 1873 hujusmodi
1160 1826 1396 1860 observantiis
1422 1825 1620 1872 implicare,
1651 1825 1764 1860 multa

202 1884 401 1918 secundum
422 1882 633 1927 hujusmodi
656 1881 927 1916 observationes
959 1880 1129 1914 eveniunt
1163 1891 1225 1926 per
1247 1879 1500 1925 deceptionem
1523 1879 1764 1922 daemonum;

204 1952 220 1969 α.
244 1946 281 1971 ut
302 1938 337 1970 in
359 1937 414 1970 his
435 1936 746 1970 observationibus
772 1934 941 1968 homines
968 1933 1145 1979 implicati
1172 1933 1389 1968 curiosiores
1416 1932 1513 1974 fiant,
1537 1942 1571 1967 et
1592 1944 1629 1967 se
1648 1932 1765 1978 magis

202 1990 355 2024 inferant
376 1989 632 2035 multiplicibus
654 1988 791 2034 laqueis
814 1987 1007 2034 perniciosi
1029 1987 1158 2021 erroris
1180 1999 1212 2029 »ς
1236 1994 1272 2021 ut
1303 1986 1397 2032 Aug.
1422 1986 1507 2020 dicit
1537 1996 1567 2020 2.
1591 1987 1634 2020 de
1655 1986 1762 2021 Doct.

207 2044 339 2078 Christ.
362 2044 447 2088 (sap.
467 2055 514 2088 23.
533 2043 636 2089 paulo
660 2043 831 2088 aprina).

273 2097 332 2130 AD
350 2106 520 2130 TERTIUM
543 2096 748 2136 dicendum,
771 2094 866 2140 quod
889 2094 925 2127 in
947 2093 1082 2139 populo
1101 2093 1334 2138 Judaeorum,
1350 2104 1391 2126 ex
1414 2104 1485 2139 quo
1504 2092 1669 2127 Christus
1691 2101 1766 2127 erat

203 2150 415 2190 nasciturus,
437 2160 511 2182 non
533 2148 654 2182 solum
676 2148 782 2189 dicta,
810 2147 872 2181 sed
895 2147 1005 2181 etiam
1031 2146 1126 2181 facta
1147 2146 1291 2180 fuerunt
1312 2146 1534 2192 prophetica,
1553 2154 1590 2180 ut
1612 2146 1765 2192 August.

203 2204 288 2237 dicit
310 2211 436 2237 contra
458 2202 576 2236 Faust.
599 2202 672 2246 (lili.
696 2212 728 2245 4.
752 2208 823 2247 cup.
844 2213 874 2235 2.
897 2206 924 2235 et
951 2201 1006 2234 lib.
1034 2212 1086 2235 22,
1107 2206 1179 2246 rap.
1195 2200 1283 2244 24.);
1307 2207 1340 2233 et
1364 2200 1445 2233 ideo
1467 2199 1605 2233 licitum
1628 2208 1680 2234 est
1705 2199 1766 2234 illa

204 2257 295 2290 sacta
326 2267 508 2290 assumere
543 2255 586 2288 ad
621 2262 784 2288 nostram
816 2254 1104 2295 instructionem,
1140 2253 1232 2287 sicut
1253 2253 1354 2298 signa
1377 2253 1545 2286 divinitus
1567 2253 1664 2286 data:
1691 2264 1765 2287 non

204 2319 324 2344 autem
347 2309 481 2350 omnia,
505 2319 595 2354 quae
619 2316 772 2353 aguntur
794 2319 855 2353 per
878 2307 1037 2341 divinam
1056 2307 1332 2353 providentiam,
1352 2306 1379 2340 si
1402 2306 1622 2349 ordinantur,
1642 2314 1679 2341 ut
1697 2306 1766 2341 sint

202 2364 405 2398 futurorum
427 2363 548 2408 signa;
565 2361 658 2396 unde
679 2361 768 2394 ratio
788 2372 861 2394 non
884 2361 1054 2406 sequitur.

746 2501 1090 2545 ARTICULUS
1126 2502 1201 2543 lv.
1694 2510 1765 2556 516

234 2612 383 2642 UTRUM
417 2610 690 2641 SUSPENDERE
724 2609 876 2637 DIVINA
909 2610 1045 2638 VERBA
1079 2609 1136 2637 AD
1172 2609 1348 2639 COLLUM
1381 2609 1448 2638 SIT
1482 2607 1723 2637 ILLICITUM.

771 2696 911 2741 (Qtwdl.
939 2708 987 2731 12.
1011 2702 1081 2741 rap.
1110 2697 1190 2741 14).

276 2789 335 2821 ΑΙ)
357 2797 543 2827 QUARTUM
578 2787 628 2821 sic
659 2785 874 2831 proceditur.
897 2784 1058 2825 Videtur,
1091 2784 1186 2830 quod
1210 2785 1427 2829 suspendere
1450 2785 1569 2818 divina
1591 2784 1698 2818 verba
1720 2783 1763 2817 ad

206 2841 341 2874 collum
364 2853 436 2874 non
460 2841 503 2874 sit
525 2840 709 2874 illicitum:
736 2850 808 2873 non
825 2839 920 2872 enim
937 2838 1056 2872 divina
1068 2839 1174 2872 verba
1198 2838 1347 2872 minoris
1370 2847 1450 2872 sunt
1472 2838 1666 2878 efficaciae,
1681 2848 1762 2871 cum
