1859 3122
475 173 693 210 QUAESTIO
726 173 888 204 Lxxxu.
922 172 1165 203 ART1cuLus
1200 172 1262 201 111.
1563 171 1647 214 577

93 268 199 292 meum
230 267 250 290 a
285 256 443 297 Domino,
465 256 522 301 qui
547 255 630 301 fecit
650 254 785 296 coelum,
819 259 847 289 et
880 259 1026 289 terram:
1050 261 1085 288 et
1105 253 1195 287 haec
1224 252 1467 287 consideratio
1495 251 1652 286 excludit

91 309 434 356 praesumptionem,
455 319 517 355 per
533 319 643 354 quam
665 307 791 354 aliquis
812 307 1005 354 impeditur
1025 318 1070 341 ne
1092 307 1172 340 Deo
1195 317 1232 340 se
1250 306 1428 352 subjiciat,
1450 305 1537 339 dum
1565 316 1651 340 suae

92 363 213 398 virtuti
232 362 405 396 innititur.

162 416 221 451 AD
250 426 399 451 1>R1MUM
433 426 519 460 ergo
547 415 751 456 dicendum,
778 415 875 460 quod
902 413 1143 448 consideratio
1171 424 1311 455 eorum,
1339 423 1431 459 quae
1457 420 1541 447 nata
1564 419 1652 446 sunt

93 469 325 504 dilectionem
357 468 427 503 Dei
458 469 624 510 excitare,
658 468 890 502 devotionem
925 475 1069 501 causat:
1102 466 1344 501 consideratio
1373 477 1458 500 vero
1485 476 1654 512 quorum-

93 534 247 569 cumque
271 523 314 557 ad
335 523 406 557 hoc
427 534 501 557 non
522 522 790 568 pertinentium,
809 522 869 556 sed
889 521 931 555 ab
952 521 1001 556 eis
1021 529 1181 555 mentem
1201 520 1490 562 distrahentium,
1505 519 1654 565 impedit

93 576 342 611 devotionern.

164 630 223 664 AD
251 640 457 664 SECUNDUM
484 629 688 670 dicendum,
711 628 807 674 quod
829 639 870 662 ea
893 638 984 674 quae
1006 635 1088 661 sunt
1109 627 1317 668 divinitatis,
1344 635 1427 661 sunt
1452 626 1654 661 secundum

92 695 129 718 se
152 683 309 717 maxime
331 683 522 717 excitantia
544 680 787 723 dilectionem,
804 689 838 715 et
859 692 922 727 per
937 691 1163 726 consequens
1179 680 1411 714 devotionem
1429 692 1436 713 :
1457 680 1540 726 quia
1554 680 1654 714 Deus

94 745 146 771 est
167 747 273 782 super
295 736 417 770 omnia
440 736 660 782 diligendu53
683 734 744 768 sed
768 746 810 769 ex
829 734 1009 768 debilitate
1026 734 1156 768 mentis
1171 734 1353 767 humanae
1368 742 1431 775 est,
1451 734 1548 779 quod
1562 733 1655 767 sicut

92 790 228 835 indiget
257 789 538 823 manuductione
566 788 610 822 ad
637 787 886 833 cognitionem
921 788 1139 829 divinorum,
1174 788 1223 821 ita
1250 787 1294 821 ad
1321 787 1556 821 dilectionem
1590 798 1652 832 per

94 843 212 889 aliqua
234 842 414 877 sensibilia
436 842 539 876 nobis
560 849 669 882 nota;
695 841 787 875 inter
813 852 905 886 quae
932 842 1168 886 praecipuum
1194 848 1247 874 est
1271 840 1479 874 humanitas
1506 840 1653 882 Christi,

93 896 292 931 secundum
311 895 407 942 quod
428 896 464 929 in
485 894 715 929 Praefatione
738 894 886 928 dicitur:
916 895 968 936 Ut,
992 894 1069 928 dum
1091 894 1267 928 visibiliter
1288 894 1399 928 Deum
1421 895 1652 939 cognoscimus,

90 957 150 996 per
170 950 254 984 lmnc
274 951 309 983 in
330 949 549 983 invisibilium
568 960 714 982 amorem
729 949 928 994 rapiamur;
949 956 983 982 et
1003 948 1085 981 ideo
1101 959 1142 982 ea
1161 959 1252 994 quae
1267 947 1446 994 pertinent
1461 947 1503 981 ad
1520 947 1655 981 Christi

94 1003 369 1044 humanitatem,
402 1012 465 1048 per
497 1001 649 1035 modum
681 1001 869 1047 cujusdam
901 1001 1206 1043 manuductionis,
1233 1001 1390 1034 maxime
1421 1000 1654 1034 devotionem

94 1057 271 1098 excitant3
304 1067 388 1090 cum
414 1063 536 1089 tamen
563 1054 708 1089 devotio
743 1055 987 1101 principaliter
1019 1055 1114 1089 circa
1141 1066 1194 1097 ea,
1222 1066 1313 1101 quae
1340 1062 1423 1089 sunt
1450 1054 1655 1095 divinitatis,

95 1117 278 1144 consistat.

164 1162 224 1196 AD
247 1171 418 1196 TERTIUM
439 1160 644 1202 dicendum,
662 1160 759 1207 quod
780 1160 941 1202 scientia,
957 1169 991 1195 et
1006 1161 1177 1207 quidquid
1196 1160 1292 1194 aliud
1309 1160 1352 1194 ad
1367 1160 1656 1206 magnitudinem

93 1215 256 1261 pertinet,
277 1214 422 1249 occasio
445 1222 497 1248 est
519 1214 615 1260 quod
636 1214 750 1248 homo
774 1214 932 1248 confidat
953 1214 996 1248 de
1018 1214 1154 1260 seipso:
1175 1222 1210 1248 et
1229 1214 1312 1248 ideo
1334 1225 1409 1248 non
1430 1213 1592 1248 totaliter
1618 1225 1656 1248 se

94 1269 175 1302 Deo
193 1268 324 1309 tradat3
348 1275 383 1302 et
402 1267 485 1302 inde
507 1275 571 1309 est,
593 1267 690 1313 quod
712 1267 921 1312 hujusmodi
948 1268 1164 1314 quandoque
1193 1267 1470 1302 occasionaliter
1497 1267 1656 1302 devotio-

94 1333 180 1355 nem
200 1321 417 1367 impediunt:
441 1329 476 1355 et
496 1321 533 1354 in
554 1320 788 1367 simplicibus,
808 1328 842 1355 et
863 1320 1073 1355 mulieribus
1088 1321 1233 1355 devotio
1248 1321 1442 1362 abundant,
1461 1320 1655 1355 elationem

95 1374 391 1420 comprimendo:
406 1375 436 1409 si
449 1383 572 1408 tamen
587 1375 788 1416 scientiam,
804 1382 838 1408 et
852 1386 1120 1420 quamcumque
1140 1374 1248 1408 aliam
1266 1373 1527 1421 perfectionem
1541 1375 1655 1408 homo

95 1427 251 1474 perfecte
272 1427 353 1462 Deo
375 1428 514 1470 subdat,
537 1439 579 1462 ex
599 1428 671 1461 hoc
693 1428 771 1473 ipso
795 1427 940 1462 devotio
963 1435 1123 1473 augetur.

643 1550 988 1596 ARTICULUS
1021 1551 1097 1593 iv.
1587 1572 1656 1608 437

353 1659 507 1689 UTRUM
532 1659 740 1689 LAETITIA
767 1660 833 1688 SIT
861 1659 1132 1689 DEVOTIONIS
1160 1658 1394 1688 EFFECTUS.

167 1747 227 1781 AD
254 1756 442 1785 QUARTUM
470 1746 521 1780 sic
549 1746 766 1792 proceditur.
794 1745 957 1787 Videtur,
988 1746 1084 1792 quod
1112 1745 1247 1779 laetitia
1277 1756 1352 1779 non
1381 1745 1426 1779 sit
1455 1745 1659 1780 devotionis

97 1800 263 1835 effectus:
291 1801 386 1846 quia,
412 1809 450 1834 ut
475 1800 611 1834 dictum
638 1808 691 1834 est
717 1800 797 1845 (art.
816 1806 930 1846 praec.
950 1799 991 1833 ad
1011 1800 1071 1844 2.),
1096 1799 1214 1845 passio
1238 1798 1374 1832 Christi
1400 1799 1591 1844 praecipue
1613 1799 1656 1833 ad

97 1854 331 1889 devotionem
354 1854 499 1888 excitat:
519 1854 582 1888 sed
597 1865 638 1887 ex
654 1854 729 1898 ejus
744 1853 1033 1887 consideratione
1049 1852 1279 1898 consequitur
1293 1852 1330 1885 in
1346 1852 1466 1885 anima
1481 1852 1659 1898 quaedam

98 1907 258 1949 afflictio,
280 1908 479 1941 secundum
504 1906 593 1940 illud
620 1906 756 1941 Thren.
788 1918 835 1952 3.:
863 1906 1049 1941 Recordare
1069 1906 1280 1952 paupertatis
1305 1917 1407 1947 meae,
1435 1905 1605 1944 absinthii,
1632 1910 1659 1940 et

89 1961 201 2006 sellis;
225 1960 322 2007 quod
343 1960 497 2006 pertinet
518 1960 561 1994 ad
580 1960 799 2006 passionem,
816 1968 850 1994 et
868 1968 994 2005 postea
1013 1959 1194 1993 subditur:
1218 1959 1385 1992 Memoria
1402 1971 1528 1993 memor
1546 1971 1612 2000 ero,
1633 1963 1660 1993 et

99 2015 233 2049 tabescet
258 2015 294 2048 in
319 2026 369 2048 me
391 2015 506 2048 anima
526 2025 616 2054 meas
645 2024 731 2059 ergo
759 2012 964 2055 delectatio,
987 2013 1062 2047 sive
1089 2011 1263 2057 gaudium
1284 2022 1359 2046 non
1381 2020 1435 2046 est
1455 2011 1659 2046 devotionis

99 2066 258 2102 effectus.

169 2131 200 2155 2.
223 2121 458 2155 PRAETEREA.
481 2120 639 2154 Devotio
661 2120 853 2166 praecipue
876 2119 1040 2153 consistit
1060 2119 1096 2152 in
1117 2118 1280 2152 interiori
1301 2118 1478 2152 sacrificio
1496 2119 1657 2165 spiritus:

99 2173 160 2208 sed
181 2174 218 2207 in
236 2173 293 2207 Ps.
312 2183 363 2218 50.
379 2173 524 2207 dicitur:
539 2174 749 2219 Sacrificium
766 2174 836 2207 Deo
851 2174 987 2219 spiritus
1001 2172 1262 2212 contribulatus;
1279 2182 1365 2217 ergo
1382 2171 1527 2206 afflictio
1542 2172 1659 2218 magis

101 2235 154 2261 est
171 2227 374 2262 devotionis
397 2225 555 2268 effectus,
578 2237 688 2272 quarn
709 2226 924 2272 jucunditas,
946 2226 1020 2259 sive
1043 2225 1225 2270 gaudium.

174 2292 203 2326 3.
224 2280 460 2314 PRAETEREA.
484 2279 681 2325 Gregorius
699 2280 888 2325 Nyssenus
910 2279 995 2312 dicit
1008 2279 1044 2312 in
1062 2278 1121 2312 lib.
1141 2279 1184 2312 de
1202 2277 1361 2312 Homine
1377 2278 1466 2324 (cap.
1480 2279 1546 2323 12.)
1562 2278 1659 2324 quod

99 2334 190 2367 sicut
210 2334 300 2367 risus
322 2333 485 2378 procedit
506 2344 548 2367 ex
571 2333 725 2378 gaudio;
747 2333 795 2367 ita
818 2332 1015 2378 lacrymae,
1037 2340 1072 2365 et
1090 2331 1246 2377 gemitus
1263 2339 1346 2365 sunt
1359 2331 1461 2376 signa
1477 2331 1658 2365 tristitiae:

99 2386 161 2420 sed
181 2398 223 2421 ex
241 2386 435 2420 devotione
455 2386 643 2431 contingit,
663 2386 760 2432 quod
776 2385 884 2431 aliqui
899 2392 1135 2431 prorumpant
1148 2385 1185 2418 in
1199 2384 1397 2430 lacrymas3
1413 2395 1498 2429 ergo
1514 2383 1660 2425 laetitia,

99 2439 158 2473 vel
179 2439 351 2485 gaudium
372 2450 446 2472 non
469 2447 521 2472 est
543 2438 745 2473 devotionis
769 2438 930 2473 effectus.

172 2493 246 2527 SED
270 2503 425 2527 CONTRA
447 2500 510 2533 est,
533 2492 629 2537 quod
650 2492 686 2525 in
714 2492 880 2526 Collecta
902 2491 1049 2525 dicitur:
1075 2491 1165 2535 Quos
1187 2492 1318 2536 jejunia
1344 2492 1459 2524 votiva
1487 2491 1659 2536 castigant,

100 2547 169 2592 ipsa
194 2558 318 2591 quoque
340 2546 469 2579 devotio
491 2550 606 2579 sancta
628 2545 784 2590 laetificet.

171 2599 399 2633 Rssspoxmao
423 2598 628 2639 dicendum,
655 2598 751 2643 quod
777 2597 922 2631 devotio
945 2609 1008 2643 per
1030 2608 1066 2630 se
1094 2596 1252 2642 quidem,
1275 2604 1309 2630 et
1330 2595 1574 2641 principaliter
1595 2595 1662 2641 spi-

102 2651 269 2685 ritualem
287 2651 461 2685 laetitiam
476 2651 605 2684 mentis
621 2658 759 2684 causat:
776 2661 817 2684 ex
833 2651 1069 2696 consequenti
1084 2657 1216 2690 autem,
1232 2657 1266 2682 et
1280 2660 1341 2694 per
1355 2649 1522 2682 accidens
1538 2656 1661 2682 causat

102 2705 302 2739 tristitiam:
324 2704 461 2737 dictum
483 2711 536 2737 est
557 2703 654 2737 enirn
679 2704 759 2747 (art.
775 2705 918 2749 praec),
946 2704 1042 2749 quod
1070 2703 1214 2736 devotio
1243 2713 1284 2735 ex
1311 2702 1434 2747 duplici
1460 2701 1662 2735 considera-

103 2758 201 2791 t'one
223 2757 402 2802 procedit:
421 2757 653 2803 principaliter
674 2756 818 2801 quidem
841 2768 882 2790 ex
905 2757 1193 2790 consideratione
1213 2755 1354 2788 divinae
1370 2754 1558 2788 bonitatis:
1577 2755 1660 2800 quia

104 2809 171 2843 ista
194 2809 434 2843 consideratio
461 2810 614 2855 pertinet
640 2809 741 2854 quasi
767 2809 811 2843 ad
837 2810 1032 2843 terminum
1059 2816 1179 2842 motus
1205 2807 1401 2841 voluntatis
1426 2807 1596 2842 tradentis
1623 2819 1660 2842 se

105 2863 204 2896 Deo:
227 2870 262 2896 et
283 2873 325 2896 ex
345 2862 412 2896 ista
434 2861 722 2896 consideratione
743 2872 806 2907 per
827 2873 864 2896 se
887 2862 1032 2907 quidem
1054 2861 1213 2906 sequitur
1234 2859 1438 2902 delectatio,
1461 2860 1659 2894 secundum
