1859 3122
216 118 302 172 716
675 126 896 161 QUAESTIO
931 127 969 156 C.
1005 126 1247 156 ARTICULUS
1279 127 1336 156 VI.

215 209 414 244 simoniace
438 207 670 252 consequitur
693 207 824 253 aliquid
853 207 1036 252 spirituale
1064 207 1337 253 procurantibus
1357 207 1445 249 aliis,
1466 218 1509 242 eo
1529 207 1714 241 nesciente
1741 214 1775 240 et

214 262 378 303 nolente,
401 272 486 306 ergo
510 271 583 293 non
607 260 711 294 debet
733 260 850 306 puniri
874 272 935 306 per
956 260 1197 306 privationem
1220 262 1305 305 ejus,
1337 261 1433 306 quod
1456 261 1488 294 ei
1511 260 1685 295 collatum
1712 268 1774 294 est.

285 325 317 357 4.
340 315 575 348 PRAETEREA.
604 313 734 347 Nullus
759 314 862 347 debet
889 322 1070 359 reportare
1100 314 1337 347 commodum
1367 314 1408 347 de
1431 325 1496 347 suo
1524 322 1691 359 peccato:
1714 313 1776 346 sed

215 369 243 402 si
266 368 324 401 ille
347 368 407 413 qui
430 375 644 401 consecutus
667 375 719 400 est
733 366 951 400 beneficium
968 366 1255 400 ecclesiasticum
1275 378 1337 411 per
1352 367 1557 407 simoniam,
1576 368 1777 400 restitueret

216 421 312 467 quod
334 421 504 466 percepit,
527 420 743 465 quandoque
766 420 836 453 hoc
860 420 1077 454 redundaret
1103 420 1137 453 in
1166 420 1357 453 utilitatem
1384 431 1522 462 eorum,
1551 420 1610 465 qui
1636 419 1778 453 suerunt

215 475 393 508 simoniae
415 474 624 520 participes,
647 482 730 519 puta
754 474 897 519 quando
913 474 1103 519 praelatus,
1124 482 1157 507 et
1179 482 1295 508 totum
1312 473 1506 519 collegium
1526 474 1561 507 in
1583 473 1777 507 simoniam

216 528 417 569 consensit3
441 539 528 572 ergo
551 538 623 560 non
639 538 781 573 semper
797 535 850 561 est
872 527 1144 568 restituendum,
1161 527 1256 572 quod
1279 538 1341 573 per
1360 527 1554 561 simoniam
1571 526 1777 572 acquiritur.

292 592 318 626 5.
346 581 582 615 PRAETEREA.
613 580 843 626 Quandoque
881 580 1008 626 aliquis
1035 592 1098 626 per
1124 580 1318 614 simoniam
1346 580 1380 613 in
1409 579 1529 625 aliquo
1557 578 1777 612 monasterio

215 634 395 680 recipitur,
419 642 453 668 et
473 642 599 668 votum
623 633 787 668 solemne
809 634 857 667 ibi
878 633 964 667 facit
984 633 1206 680 profitendo:
1234 633 1295 668 sed
1314 632 1434 667 nullus
1457 633 1561 666 debet
1583 631 1721 666 absolvi
1736 631 1777 664 ab

175 719 179 723 Δ
217 687 438 732 obligatione
460 687 536 721 voti
551 694 697 733 propter
712 686 856 732 culpam
877 687 1112 721 commissam
1126 699 1133 728 ;
1145 698 1231 732 ergo
1246 697 1320 720 non
1336 686 1439 720 debet
1453 685 1667 727 monachus,
1682 684 1778 730 quod

217 741 418 774 simoniace
441 740 642 786 acquisivit,
666 740 840 774 amittere.

287 792 319 827 6.
342 794 578 828 PRAETEREA.
602 793 766 827 Exterior
787 804 904 839 poena
927 793 962 826 in
984 793 1055 826 hoc
1079 793 1216 827 mundo
1238 804 1312 827 non
1334 792 1506 837 infligitur
1532 803 1597 838 pro
1619 790 1779 825 interiori

216 855 319 881 motu
342 847 472 889 cordis,
495 847 538 880 de
561 857 632 892 quo
655 845 767 880 solius
784 847 853 880 Dei
877 847 1119 891 estjudicare:
1143 846 1204 880 sed
1219 846 1375 880 simonia
1391 845 1629 879 committitur
1643 856 1684 878 ex
1703 843 1780 878 sola

217 900 430 942 intentione,
457 900 514 934 vel
540 899 746 942 voluntate;
774 900 868 934 unde
896 908 929 933 et
956 911 1018 945 per
1044 900 1269 934 voluntatem
1297 899 1474 940 definitur,
1501 906 1539 932 ut
1566 899 1701 932 dictum
1729 905 1782 931 est

218 953 296 998 (art.
319 966 345 988 r.
369 954 437 999 lmj.
461 954 531 1000 q.)‚·
560 964 646 999 ergo
669 964 743 987 non
766 953 871 987 debet
892 964 1034 999 semper
1065 953 1193 999 aliquis
1214 953 1345 999 privari
1372 964 1428 994 eo,
1455 953 1551 998 quod
1581 951 1780 986 simoniace

219 1007 418 1053 acquisivit.

289 1072 319 1106 7.
343 1061 578 1095 PRAETEREA.
602 1060 717 1094 Multo
741 1061 857 1105 majus
873 1068 925 1094 est
946 1060 1156 1106 promoveri
1179 1060 1222 1093 ad
1244 1061 1396 1105 maiora,
1419 1070 1526 1105 quam
1551 1059 1586 1092 in
1605 1059 1779 1104 susceptis

216 1125 446 1160 permanere,
482 1114 543 1148 sed
580 1114 796 1159 quandoque
830 1114 1023 1147 simoniaci
1058 1125 1099 1147 ex
1143 1113 1410 1159 dispensatione
1444 1119 1705 1158 promoventur
1738 1111 1781 1145 ad

217 1169 372 1213 majora3
396 1179 483 1212 ergo
505 1178 579 1200 non
602 1178 746 1213 semper
768 1167 899 1200 debent
921 1167 1095 1212 susceptis
1117 1166 1259 1212 privari.

289 1221 363 1254 SED
387 1231 541 1254 CONTRA
576 1228 639 1260 est,
663 1220 759 1266 quod
784 1220 912 1253 dicitur
938 1231 965 1255 1.
991 1231 1022 1265 q.
1051 1231 1077 1253 1.
1102 1231 1199 1265 cap.:
1230 1220 1265 1254 Si
1287 1221 1356 1265 quis
1377 1220 1559 1266 Episcopus
1586 1220 1646 1263 (ex
1666 1218 1781 1253 Conc.

219 1273 347 1309 Chalc.
371 1285 447 1320 cap.
471 1274 539 1318 2.):
566 1286 583 1305 ‹(
608 1273 683 1313 Qui
705 1273 889 1307 ordinatus
909 1281 962 1307 est
983 1274 1171 1314 simoniace,
1194 1273 1285 1306 nihil
1307 1285 1349 1307 ex
1371 1273 1611 1314 ordinatione,
1626 1271 1684 1306 vel
1705 1283 1784 1317 pro-

218 1328 393 1368 motione,
412 1338 503 1373 quae
523 1335 575 1360 est
597 1338 659 1372 per
676 1327 964 1372 negotiationem
993 1326 1099 1368 facta,
1118 1326 1300 1372 proficiat;
1320 1326 1381 1360 sed
1408 1326 1451 1360 sit
1473 1325 1610 1360 alienus
1630 1337 1648 1359 a
1671 1324 1783 1370 digni-

217 1388 301 1422 tate,
323 1380 380 1413 vel
399 1379 639 1421 solicitudine,
663 1391 770 1425 quam
794 1379 955 1425 pecuniis
979 1379 1168 1425 acquisivit
1186 1393 1217 1412 ».

289 1434 518 1468 REsPoNDEo
554 1433 758 1475 dicendum,
782 1434 877 1479 quod
900 1432 1018 1466 nullus
1042 1440 1159 1479 potest
1179 1432 1276 1466 licite
1298 1433 1451 1466 retinere
1470 1432 1517 1475 id,
1540 1432 1636 1478 quod
1656 1440 1780 1466 contra

218 1487 443 1521 voluntatem
472 1487 610 1520 domini
638 1487 845 1532 acquisivit:
866 1495 951 1532 puta
981 1487 1010 1520 si
1038 1486 1165 1532 aliquis
1193 1486 1418 1532 dispensator
1445 1487 1487 1520 de
1513 1486 1618 1520 rebus
1645 1486 1783 1520 domini

218 1541 273 1575 sui
294 1541 394 1574 daret
416 1540 524 1574 alicui
547 1548 672 1574 contra
694 1539 932 1582 voluntatem,
962 1548 996 1574 et
1018 1540 1285 1574 ordinationem
1313 1540 1451 1574 domini
1473 1539 1539 1582 sui,
1561 1539 1622 1574 ille
1647 1539 1708 1586 qui
1730 1551 1784 1574 ac-

219 1595 364 1640 ciperet,
386 1593 482 1627 licite
502 1593 655 1627 retinere
677 1604 751 1627 non
773 1601 913 1639 posset:
936 1593 1119 1627 Dominus
1143 1601 1276 1635 autem,
1299 1594 1399 1638 cujus
1419 1592 1665 1627 Ecclesiarum
1686 1604 1783 1640 prae-

217 1647 280 1682 lati
309 1656 390 1682 sunt
420 1647 697 1693 dispensatores,
729 1655 763 1681 et
784 1647 950 1689 ministri,
981 1647 1162 1681 ordinavit
1183 1654 1221 1680 ut
1242 1646 1439 1692 spiritualia
1469 1647 1578 1692 gratis
1601 1646 1781 1689 darentur,

217 1701 417 1735 secundum
443 1700 530 1734 illud
546 1700 673 1734 Matth.
693 1711 763 1735 10.:
791 1700 906 1735 Gratis
927 1701 1114 1746 accepistin
1136 1701 1238 1746 gratis
1256 1700 1348 1735 date:
1376 1708 1410 1734 et
1431 1700 1513 1733 ideo
1535 1699 1595 1746 qui
1617 1701 1777 1734 muneris

218 1755 419 1788 interventu
446 1753 643 1800 spiritualia
673 1765 925 1800 quaecumque
949 1753 1160 1800 assequitur,
1187 1765 1228 1787 ea
1253 1753 1349 1787 licite
1376 1753 1528 1787 retinere
1550 1764 1624 1787 non
1643 1761 1779 1799 potest:

218 1808 364 1854 insuper
386 1815 507 1842 autem
523 1807 715 1841 simoniaci
729 1815 804 1841 tam
819 1807 1028 1850 vendentes,
1043 1818 1152 1853 quam
1176 1815 1337 1841 ementes
1359 1806 1567 1852 spiritualia,
1591 1814 1650 1840 aut
1672 1806 1781 1840 etiam

219 1862 436 1895 mediatores
461 1860 537 1895 aliis
576 1861 702 1906 poenis
724 1861 937 1907 puniuntur3
965 1860 1121 1895 scilicet:
1152 1859 1313 1902 infamia,
1335 1868 1370 1894 et
1396 1860 1636 1906 depositione,
1665 1859 1694 1894 si
1715 1860 1785 1894 sint

220 1915 377 1957 Clerici,
400 1922 433 1948 et
457 1914 848 1956 excommunicatione,
871 1915 900 1948 si
921 1914 993 1948 sint
1013 1914 1108 1956 laici,
1136 1922 1173 1949 ut
1199 1914 1352 1949 habetur
1369 1925 1396 1948 1.
1420 1926 1452 1960 q.
1479 1925 1507 1948 1.
1527 1925 1628 1961 cap.:
1657 1914 1694 1948 Si
1714 1915 1785 1960 quis

220 1970 409 2015 Episcopus.

291 2023 350 2056 AD
366 2032 514 2056 PRIMUM
538 2033 625 2066 ergo
649 2022 854 2063 dicendum,
878 2022 973 2067 quod
996 2021 1056 2055 ille
1079 2022 1140 2068 qui
1161 2022 1360 2056 simoniace
1383 2021 1509 2067 recipit
1529 2033 1670 2056 sacrum
1695 2021 1785 2055 ordi-

220 2087 317 2117 nem,
338 2075 465 2121 recipit
487 2075 633 2121 quidem
656 2075 904 2109 characterem
927 2076 1061 2109 ordinis
1084 2083 1229 2121 propter
1245 2075 1443 2109 efficaciam
1460 2075 1688 2116 sacramenti,
1710 2085 1783 2108 non

220 2138 341 2163 tamen
368 2128 494 2174 recipit
528 2129 693 2173 gratiam,
721 2140 837 2174 neque
865 2129 999 2162 ordinis
1027 2131 1291 2171 executionem,
1325 2140 1367 2162 eo
1396 2129 1492 2174 quod
1523 2128 1624 2174 quasi
1655 2127 1783 2162 furtive

221 2183 377 2228 suscepit
399 2183 647 2216 characterem
671 2190 796 2215 contra
818 2182 1024 2228 principalis
1047 2183 1186 2216 domini
1207 2183 1453 2224 voluntatem,
1477 2190 1511 2216 et
1532 2183 1613 2216 ideo
1637 2190 1689 2216 est
1707 2182 1784 2227 ipso

222 2238 296 2282 jure
316 2247 534 2282 suspensus;
558 2243 591 2269 et
613 2236 732 2281 quoad
761 2247 810 2277 se,
834 2244 871 2269 ut
892 2235 1030 2270 scilicet
1052 2236 1093 2270 de
1117 2237 1328 2270 executione
1351 2236 1404 2269 sui
1427 2235 1561 2270 ordinis
1583 2247 1620 2269 se
1642 2247 1715 2269 non
1736 2235 1787 2268 in-

221 2290 415 2332 tromittat3
439 2298 473 2323 et
495 2289 614 2335 quoad
638 2289 728 2322 alios
750 2297 787 2323 ut
810 2289 948 2323 scilicet
973 2289 1092 2324 nullus
1121 2291 1151 2324 ei
1175 2290 1422 2324 communicet
1448 2290 1484 2323 in
1507 2289 1641 2323 ordinis
1663 2300 1786 2323 execu-

221 2345 319 2379 tione
347 2344 421 2378 sive
448 2345 492 2377 sit
514 2351 704 2389 peccatum
728 2344 803 2388 ejus
831 2343 1027 2388 publicum,
1055 2344 1128 2378 sive
1157 2343 1362 2378 occultum:
1392 2355 1459 2377 nec
1482 2351 1600 2389 potest
1626 2351 1784 2389 repetere

222 2398 427 2444 pecuniam,
451 2408 559 2442 quam
581 2397 730 2442 turpiter
752 2397 858 2437 dedit,
879 2396 963 2431 licet
986 2397 1076 2431 alius
1099 2398 1228 2442 injuste
1256 2397 1434 2432 detineat:
1454 2397 1482 2430 si
1503 2408 1590 2431 vero
1613 2397 1656 2431 sit
1678 2398 1787 2430 simo—

221 2452 358 2492 niacus,
381 2451 463 2496 quia
486 2449 638 2484 contulit
660 2449 824 2483 ordinem
853 2451 1063 2493 simoniace,
1087 2451 1143 2484 vel
1173 2451 1255 2496 quia
1282 2450 1389 2491 dedit,
1413 2450 1470 2484 vel
1495 2450 1631 2496 recepit
1656 2449 1787 2483 benefi-

223 2505 320 2538 cium
343 2504 555 2545 simoniace,
582 2502 640 2536 vel
665 2502 730 2536 fuit
757 2503 936 2536 mediator
962 2505 1150 2545 simoniae,
1174 2504 1201 2537 si
1230 2512 1282 2537 est
1303 2503 1498 2549 publicum,
1527 2511 1578 2537 est
1604 2504 1683 2549 ipso
1709 2504 1785 2548 jure

222 2569 414 2603 suspensus
437 2566 471 2591 et
493 2557 611 2602 quoad
634 2568 682 2598 se,
705 2564 738 2590 et
761 2557 878 2601 quoad
899 2557 1009 2599 alios,
1033 2559 1058 2591 si
1084 2566 1203 2591 autem
1227 2566 1280 2591 est
1302 2558 1498 2599 occultum,
1518 2565 1570 2591 est
1592 2567 1784 2602 suspensus

224 2612 300 2657 ipso
323 2612 397 2656 jure
413 2611 531 2656 quoad
555 2622 591 2644 se
614 2617 766 2650 tantum,
792 2621 864 2642 non
889 2618 1009 2644 autem
1033 2611 1151 2656 quoad
1175 2611 1275 2644 alios.

294 2665 353 2698 AD
377 2674 582 2698 SECUNDUM
610 2662 812 2704 dicendum,
835 2663 930 2708 quod
958 2675 1022 2697 nec
1047 2671 1191 2709 propter
1212 2672 1444 2710 praeceptum
1467 2665 1553 2709 ejus,
1576 2674 1641 2697 nec
1671 2663 1781 2697 etiam

224 2726 369 2764 propter
398 2716 828 2757 excommunicationem,
863 2716 967 2749 debet
998 2716 1124 2762 aliquis
1156 2717 1313 2762 recipere
1348 2717 1615 2750 ordinationem
1637 2716 1678 2750 ab
1704 2716 1786 2762 Epi-

224 2782 348 2817 scopo,
371 2782 478 2816 quem
501 2770 566 2804 scit
587 2770 785 2803 simoniace
812 2778 1042 2814 promotum:
1065 2778 1099 2804 et
1121 2771 1148 2803 si
1178 2771 1372 2812 ordinetur,
1400 2781 1473 2804 non
1496 2770 1620 2816 recipit
1647 2769 1781 2803 ordinis

225 2824 488 2865 executionem,
511 2824 620 2858 etiam
646 2825 674 2857 si
700 2823 883 2869 ignoraret
910 2834 993 2857 eum
1021 2834 1096 2857 csse
1119 2823 1373 2866 simoniacum,
1400 2824 1461 2857 sed
1483 2823 1619 2868 indiget
1646 2823 1784 2869 dispen-
