1859 3122
244 167 329 196 200
648 165 864 201 QUAESTIO
896 166 1014 195 XXIV.
1047 165 1292 196 ARTICULUS
1323 167 1398 198 XII.

244 247 327 293 quid
351 246 447 281 enirn
470 247 706 281 contrariatur
728 247 926 293 praeceptis
942 249 1028 293 ejus,
1043 247 1231 282 manifeste
1251 248 1488 283 contrariatur
1505 249 1688 293 charitati3
1706 249 1802 283 unde

245 301 287 335 de
309 312 346 334 se
368 301 488 342 habet,
511 301 607 346 quod
630 300 843 335 charitatem
865 300 1055 335 excludere
1077 301 1201 347 possit.

315 353 359 387 Et
373 353 401 387 si
416 353 561 399 quidem
577 354 730 387 charitas
749 363 841 388 esset
855 355 995 388 habitus
1011 354 1205 400 acquisitus
1220 366 1262 388 ex
1275 354 1404 389 virtute
1419 355 1567 400 subiecti
1581 355 1798 402 dependens,

244 418 318 441 non
341 415 533 453 oporteret,
549 408 645 453 quod
660 407 778 441 statim
794 419 858 453 per
873 419 986 441 unum
1002 416 1122 441 actum
1139 408 1360 442 contrarium
1374 407 1575 442 tolleretur:
1592 416 1691 443 actus
1706 410 1803 443 enim

243 460 318 494 non
340 460 473 494 directe
497 461 734 494 contrariatur
754 461 902 502 habitui,
926 461 987 494 sed
1010 461 1120 495 actui:
1142 461 1365 495 continuatio
1385 469 1506 495 autem
1520 461 1662 496 habitus
1676 462 1713 495 in
1727 463 1806 496 sub-

243 515 339 559 jecto
361 525 435 547 non
453 513 601 559 requirit
624 514 898 548 continuitatem
918 522 1034 556 actus;
1057 514 1151 548 unde
1174 526 1216 548 ex
1231 514 1505 560 superveniente
1520 515 1700 549 contrario
1723 523 1804 549 actu

243 578 318 601 non
339 567 461 600 statim
474 567 616 601 habitus
633 567 826 613 acquisitus
842 567 1056 601 excluditur:
1072 567 1134 601 sed
1155 567 1321 609 charitas,
1336 579 1420 601 cum
1433 568 1479 601 sit
1492 568 1634 602 habitus
1653 567 1804 610 infusus,

244 620 422 666 dependet
444 631 486 654 ex
501 620 642 654 actione
657 621 727 654 Dei
747 620 977 662 infundentis,
1001 621 1061 666 qui
1081 621 1131 655 sic
1153 632 1190 655 se
1211 621 1320 655 habet
1339 621 1376 654 in
1395 620 1586 663 infusione,
1609 631 1644 656 et
1665 633 1806 656 conser-

243 673 389 707 vatione
412 673 606 715 charitatis,
628 674 719 707 sicut
740 673 795 708 sol
816 674 851 706 in
873 673 1267 715 illuminationea‘e'ris3
1289 682 1327 708 ut
1341 674 1477 708 dictum
1492 682 1545 708 est
1561 674 1638 717 (art.
1661 687 1712 710 ro.
1734 675 1803 721 huj.

245 739 275 773 q.
297 739 367 773 arg.
383 739 410 773 3.
433 729 489 762 alvi
510 729 562 762 cit.
586 729 724 771 August.
744 730 835 773 cujus
851 728 928 761 haec
948 729 1051 762 verba
1060 729 1171 773 sunt)‚·
1192 735 1227 761 et
1252 728 1334 762 ideo
1349 728 1441 762 sicut
1457 727 1583 762 lumen
1597 729 1719 763 statim
1733 740 1806 763 ces-

245 789 339 815 saret
364 792 440 815 esse
461 781 497 814 in
525 784 605 815 aere
627 792 689 827 per
702 781 786 822 hoc,
814 781 909 826 quod
925 780 1071 827 aliquod
1086 780 1313 816 obstaculum
1333 789 1527 826 poneretur
1547 781 1805 816 illuminationi

245 834 348 876 solis,
370 834 418 868 ita
449 835 558 868 etiam
585 835 738 868 charitas
759 835 881 868 statim
902 834 1021 869 deficit
1042 845 1119 868 esse
1148 835 1185 868 in
1207 835 1327 868 anima
1349 845 1412 880 per
1432 834 1515 876 hoc,
1538 835 1635 881 quod
1657 835 1803 881 aliquod

246 887 473 921 obstaculum
496 887 640 933 ponitur
671 887 878 922 influentiae
901 888 1084 922 charitatis
1106 899 1126 921 a
1146 888 1227 922 Deo
1250 888 1286 921 in
1309 888 1479 922 animam.
1501 888 1734 923 Manifestum
1753 897 1806 923 est

247 949 379 982 autem,
403 941 498 987 quod
525 952 588 987 per
620 941 804 986 quodlibet
831 941 983 975 mortale
1005 950 1207 987 peccatum,
1230 941 1326 987 quod
1353 941 1481 975 divinis
1503 942 1702 988 praeceptis
1724 953 1808 976 con-

246 995 423 1036 trariatur,
445 995 589 1040 ponitur
623 995 825 1040 praedictae
858 994 1030 1029 infusioni
1052 995 1296 1029 obstaculum:
1319 995 1402 1041 quia
1436 1006 1477 1029 ex
1498 995 1569 1029 hoc
1602 996 1682 1042 ipso
1709 996 1805 1042 quod

247 1048 362 1082 homo
385 1048 552 1093 eligendo
579 1047 733 1094 praefert
754 1056 944 1094 peccatum
968 1048 1109 1082 divinae
1132 1049 1326 1090 amicitiae,
1354 1059 1444 1094 quae
1463 1049 1653 1095 requiritur
1678 1057 1718 1083 ut
1736 1049 1806 1083 Dei

248 1101 473 1135 voluntatem
500 1113 705 1147 sequamur,
741 1112 965 1147 consequens
999 1110 1062 1144 est,
1085 1110 1123 1136 ut
1149 1103 1267 1136 statim
1296 1112 1358 1148 per
1379 1113 1492 1135 unum
1525 1110 1647 1136 actum
1667 1103 1808 1148 peccati

249 1153 412 1188 mortalis
433 1155 575 1188 habitus
604 1155 787 1189 charitatis
809 1155 994 1200 perdatur;
1017 1155 1110 1189 unde
1133 1163 1168 1189 et
1188 1156 1341 1201 August.
1364 1155 1450 1189 dicit
1463 1155 1495 1189 8.
1518 1166 1623 1202 super
1645 1156 1737 1190 Gen.
1760 1156 1804 1190 ad

247 1208 389 1242 literam
406 1208 558 1254 (cap.12.
580 1209 615 1242 in
637 1208 734 1251 mad.)
759 1208 855 1254 quod
876 1209 991 1242 homo
1006 1209 1087 1242 Deo
1107 1209 1173 1242 sibi
1199 1216 1385 1254 praesente
1403 1208 1637 1250 illuminatur,
1663 1209 1808 1243 absente

249 1270 371 1295 autem
386 1262 559 1295 continuo
571 1263 788 1303 tenebratur,
804 1273 823 1295 a
841 1273 913 1307 quo
932 1273 1006 1296 non
1020 1261 1188 1296 locorum
1203 1261 1412 1303 intervallis,
1427 1262 1489 1296 sed
1502 1261 1698 1297 voluntatis
1713 1273 1809 1296 aver-

251 1315 352 1349 sione
375 1315 579 1349 disceditur.

319 1369 378 1402 AD
393 1379 541 1403 PRIMUM
564 1379 649 1414 ergo
673 1369 877 1410 dicendum,
900 1368 996 1414 quod
1018 1369 1168 1402 verbum
1192 1368 1363 1414 Origenis
1384 1376 1503 1413 potest
1522 1379 1596 1402 uno
1617 1369 1730 1403 modo
1752 1369 1804 1403 sic

249 1422 411 1468 intelligi,
434 1423 529 1468 quod
552 1423 678 1464 homo,
698 1423 757 1467 qui
780 1431 833 1456 est
854 1422 889 1455 in
913 1430 1004 1456 statu
1026 1421 1199 1467 perfecto,
1213 1433 1287 1456 non
1310 1422 1426 1456 subito
1448 1422 1613 1466 procedit
1630 1423 1665 1456 in
1687 1430 1809 1456 actum

249 1476 389 1522 peccati
409 1475 585 1517 mortalis,
608 1476 669 1510 sed
689 1476 730 1509 ad
750 1476 820 1510 hoc
836 1475 1037 1521 disponitur
1054 1486 1116 1521 per
1139 1474 1297 1521 aliquam
1314 1474 1576 1520 negligentiam
1596 1476 1811 1521 praeceden-

249 1538 343 1571 tem,
365 1529 458 1563 unde
478 1538 511 1563 et
532 1537 681 1575 peccata
701 1529 856 1564 venialia
875 1529 1041 1563 dicuntur
1056 1540 1132 1563 esse
1149 1529 1335 1575 dispositio
1353 1529 1396 1562 ad
1411 1528 1576 1570 mortale,
1591 1529 1683 1563 sicut
1703 1540 1810 1575 supra

250 1583 385 1617 dictum
408 1591 461 1617 est
482 1583 564 1628 (1-2.
587 1595 616 1629 q.
639 1584 692 1618 88.
713 1583 862 1629 ‹11·t.3.),·
885 1582 947 1616 sed
968 1590 1091 1616 tamen
1113 1593 1175 1628 per
1196 1593 1308 1616 unum
1331 1590 1453 1616 actum
1473 1582 1613 1628 peccati
1634 1582 1809 1625 mortalis,

250 1636 280 1671 si
301 1648 384 1670 cum
407 1637 641 1678 commiserit,
663 1636 805 1678 decidit,
828 1636 1003 1670 charitate
1026 1636 1178 1670 amissa:
1201 1635 1263 1670 sed
1281 1637 1364 1682 quia
1379 1636 1454 1682 ipse
1476 1635 1612 1670 subdit:
1633 1636 1670 1670 Si
1690 1636 1810 1682 aliquis

251 1691 357 1725 brevis
378 1690 485 1737 lapsus
506 1690 672 1731 acciderit,
701 1695 730 1724 et
762 1691 826 1724 cito
849 1691 1027 1735 resipiscat,
1050 1701 1115 1723 non
1135 1691 1266 1735 penitus
1286 1701 1380 1723 ruere
1404 1689 1549 1732 videtur,
1571 1697 1689 1735 potest
1709 1689 1811 1723 aliter

251 1744 332 1785 dici,
353 1743 450 1790 quod
470 1744 547 1790 ipse
568 1743 746 1788 intelligit,
769 1754 851 1777 eum
875 1743 1014 1788 penitus
1039 1743 1217 1784 evacuari,
1241 1751 1275 1776 et
1303 1742 1480 1784 decidere,
1503 1742 1565 1788 qui
1593 1742 1644 1776 sic
1666 1742 1809 1787 decidit,

251 1805 289 1832 ut
309 1808 351 1831 ex
373 1797 510 1831 malitia
531 1805 675 1843 peccet;
691 1797 787 1843 quod
808 1808 883 1830 non
905 1796 1026 1830 statim
1047 1796 1083 1829 in
1097 1796 1175 1830 viro
1197 1795 1358 1842 perfecto
1381 1807 1401 1829 a
1421 1795 1599 1842 principio
1621 1796 1810 1842 contingit.

321 1852 381 1885 AD
400 1861 605 1886 SECUNDUM
627 1851 831 1891 dicendum,
854 1850 950 1896 quod
973 1850 1128 1884 charitas
1150 1850 1323 1884 amittitur
1341 1849 1536 1895 dupliciter:
1557 1861 1622 1883 uno
1643 1849 1738 1884 modo
1761 1850 1814 1884 di-

251 1913 346 1939 recte
365 1916 427 1951 per
442 1903 622 1938 actualem
637 1912 906 1949 contemptum:
930 1911 964 1937 et
981 1903 1052 1937 hoc
1075 1903 1187 1937 modo
1202 1903 1329 1937 Petrus
1352 1902 1565 1936 charitatem
1577 1913 1652 1936 non
1671 1903 1809 1938 amisit:

252 1959 316 1992 alio
338 1957 432 1991 modo
458 1957 642 1999 indirecte,
665 1958 808 2003 quando
825 1957 1063 1991 committitur
1084 1956 1217 2003 aliquid
1234 1957 1455 1991 contrarium
1470 1956 1645 1998 charitati,
1667 1965 1812 2004 propter

253 2011 411 2058 aliquam
432 2011 638 2057 passionem
661 2010 987 2057 concupiscentiae,
1005 2009 1063 2044 vel
1083 2010 1243 2044 timoris:
1267 2019 1302 2044 et
1315 2010 1386 2044 hoc
1409 2010 1521 2044 modo
1535 2010 1662 2044 Petrus
1684 2019 1810 2046 contra

254 2065 466 2101 charitatem
486 2064 622 2099 faciens
644 2065 857 2098 charitatem
879 2064 1009 2105 amisit,
1031 2063 1092 2098 sed
1116 2075 1197 2097 eam
1219 2064 1291 2098 cito
1314 2063 1549 2110 recuperavit.

324 2119 384 2153 AD
407 2128 577 2153 TERTIUM
595 2126 692 2164 patet
712 2117 899 2164 responsio
927 2128 968 2151 ex
991 2117 1091 2151 dictis
1114 2118 1166 2162 (in
1183 2117 1300 2163 corp).

325 2173 385 2207 AD
407 2182 595 2211 QUARTUM
617 2172 820 2212 dicendum,
837 2171 933 2217 quod
954 2182 1028 2204 non
1050 2170 1229 2216 quaelibet
1241 2170 1460 2204 inordinatio
1483 2169 1697 2212 affectionis,
1718 2181 1811 2216 quae

255 2234 308 2261 est
329 2226 423 2260 circa
445 2236 487 2259 ea
509 2237 600 2271 quae
622 2233 703 2259 sunt
717 2225 760 2258 ad
781 2224 903 2266 finem,
924 2224 1016 2258 idest
1036 2224 1131 2257 circa
1147 2224 1243 2257 bona
1265 2232 1395 2265 creata,
1418 2224 1603 2258 constituit
1620 2232 1810 2270 peccatum

254 2279 425 2320 mortale3
448 2279 508 2312 sed
529 2278 649 2313 solum
676 2277 820 2324 quando
843 2285 895 2312 est
916 2277 996 2311 talis
1017 2277 1248 2318 inordinatio,
1275 2288 1367 2323 quae
1386 2286 1563 2323 repugnat
1584 2277 1726 2312 divinae
1750 2288 1811 2310 vo-

254 2333 400 2367 luntati:
423 2340 457 2366 et
477 2332 566 2366 haec
593 2332 810 2365 inordinatio
834 2332 966 2365 directe
989 2330 1227 2364 contrariatur
1249 2330 1425 2372 charitati,
1448 2338 1486 2365 ut
1519 2331 1656 2365 dictum
1683 2338 1737 2365 est
1759 2330 1809 2375 (in

255 2393 344 2433 corp.
362 2391 389 2420 et
410 2398 439 2432 q.
462 2397 515 2420 20.
543 2391 607 2420 art.
627 2386 686 2431 3.).

327 2439 385 2474 AD
420 2448 599 2478 QUINTUM
621 2438 825 2479 dicendum,
856 2438 951 2484 quod
975 2437 1129 2471 charitas
1162 2437 1335 2483 importat
1348 2437 1523 2472 unionem
1545 2436 1740 2483 quamdam
1767 2437 1811 2471 ad

255 2494 388 2535 Deum,
410 2503 483 2526 non
499 2500 619 2526 autem
640 2491 738 2533 fides,
757 2503 873 2537 neque
891 2503 989 2537 spes:
1009 2501 1117 2525 omne
1135 2499 1256 2525 autem
1275 2499 1466 2536 peccatum
1480 2490 1634 2525 mortale
1649 2491 1813 2525 consistit

255 2547 292 2580 in
314 2546 501 2580 aversione
524 2556 542 2579 a
564 2545 656 2586 Deo,
673 2554 710 2579 ut
731 2556 834 2590 supra
857 2545 993 2578 dictum
1015 2552 1067 2578 est
1080 2544 1211 2588 (i11id.);
1229 2552 1262 2578 et
1277 2544 1359 2578 ideo
1380 2555 1489 2578 omne
1507 2552 1698 2590 peccatum
1719 2555 1813 2578 mor-

255 2599 326 2633 tale
349 2599 586 2633 contrariatur
607 2599 787 2632 charitati:
811 2609 884 2632 non
912 2606 1032 2632 autem
1055 2609 1164 2632 omne
1186 2606 1377 2643 peccatum
1398 2597 1552 2631 mortale
1575 2597 1812 2631 contrariatur

256 2653 350 2694 fidei,
372 2652 430 2686 vel
451 2653 536 2698 spei,
558 2652 619 2686 sed
641 2652 818 2698 quaedam
839 2652 1074 2686 determinata
1096 2659 1255 2697 peccata,
1278 2662 1340 2697 per
1362 2661 1454 2696 quae
1475 2651 1617 2684 habitus
1639 2650 1732 2692 fidei,
1753 2650 1812 2684 vel

259 2707 333 2753 spei
354 2706 505 2740 tollitur:
529 2707 621 2740 sicut
641 2714 675 2740 et
689 2717 750 2751 per
772 2717 881 2739 omne
903 2713 1093 2752 peccatum
1115 2704 1268 2738 mortale
1290 2705 1432 2738 habitus
1454 2704 1636 2738 charitatis
1656 2703 1810 2739 tollitur:

259 2760 352 2794 unde
375 2767 481 2805 patet,
496 2760 592 2806 quod
615 2759 769 2793 charitas
787 2770 861 2792 non
875 2766 993 2805 potest
1005 2769 1191 2793 remanere
1205 2757 1381 2799 informis,
1401 2769 1483 2791 curn
1498 2758 1541 2791 sit
1555 2757 1681 2791 ultima
1695 2756 1811 2792 forma

258 2813 430 2847 virtutum
461 2825 503 2847 ex
524 2813 608 2854 hoc,
642 2812 737 2859 quod
761 2812 904 2858 respicit
924 2813 1044 2846 Deum
1066 2812 1102 2845 in
1128 2812 1266 2846 ratione
1289 2811 1367 2845 finis
1390 2811 1517 2853 ultimi,
1540 2819 1577 2845 ut
1597 2811 1733 2845 dictum
1759 2819 1812 2846 est

263 2868 308 2913 (q.
335 2878 381 2913 23.
405 2871 469 2901 art.
492 2867 553 2911 8.).
