1859 3122
488 159 708 194 QUAESTIO
744 158 904 188 CXLVII.
939 158 1183 188 ARTICULUS
1216 159 1256 187 V.
1569 159 1649 201 955

91 248 172 286 post
194 251 212 273 a
237 239 334 281 Tito,
356 240 533 285 templum
560 241 824 286 Hierosolymis
847 249 900 275 est
925 240 1134 274 incensum:
1158 240 1193 273 in
1217 240 1372 286 septimo
1396 252 1494 282 vero,
1518 241 1578 286 qui
1600 253 1656 286 ap-

91 293 244 339 pellatur
259 294 419 334 october,
432 293 608 327 Godolias
620 295 761 328 occisus
777 302 839 335 est,
852 301 886 328 et
901 293 1070 339 reliquiae
1087 293 1210 339 populi
1222 294 1411 339 dissipatae
1425 294 1557 338 (sarem.
1571 297 1654 339 41.):

90 347 126 381 in
146 347 288 381 decimo
305 358 390 381 vero
411 358 546 389 mense,
562 349 619 393 qui
637 348 728 393 apud
745 359 810 381 nos
826 347 1006 392 januarius
1023 347 1162 389 dicitur,
1179 347 1332 393 populus
1349 359 1431 381 cum
1451 347 1654 391 Ezechiele‚

90 401 127 434 in
150 401 354 446 captivitate
376 401 524 446 positus,
549 401 682 434 audivit
703 401 881 447 templum
903 412 979 434 esse
1003 401 1214 435 subversum
1237 401 1370 445 (Erech.
1391 401 1476 445 24).

163 455 222 488 ΑΙ)
252 465 421 489 TERTIUM
450 455 654 495 dicendum,
686 456 781 500 quod
806 456 970 500 jajzmimn
996 455 1206 489 exultationis
1241 466 1283 488 ex
1304 454 1474 488 instinctu
1498 455 1650 501 Spiritus

93 506 217 541 Sancti
241 508 414 553 procedit,
437 508 495 554 qui
519 516 571 542 est
585 508 728 554 spiritns
744 508 934 549 libertati53
958 515 990 542 et
1006 508 1086 542 ideo
1104 508 1174 542 hoc
1189 507 1364 553 jejunium
1381 508 1444 541 sub
1461 517 1653 554 praecepto

92 560 218 595 cadere
246 572 319 595 non
342 561 468 602 debet3
491 561 624 606 jejunia
648 573 746 607 ergo,
770 573 860 607 quae
882 569 1074 607 praecepto
1097 561 1282 595 Ecclesiae
1303 561 1546 603 instituuntur,
1571 570 1653 596 sunt

92 614 207 660 magis
225 616 355 660 jejunia
371 615 564 660 afflictionis,
581 626 672 659 quae
687 626 760 648 non
777 614 997 648 conveniunt
1013 615 1049 648 in
1064 614 1187 648 diebus
1201 613 1376 656 laetitiae3
1395 622 1541 660 propter
1555 615 1651 660 quod

91 678 164 701 non
188 676 240 701 est
261 668 436 713 jejunium
455 667 497 701 ab
521 667 683 701 Ecclesia
705 668 906 702 institutum
929 667 964 700 in
987 675 1065 701 toto
1088 667 1246 713 paschali
1270 675 1447 713 tempore,
1462 679 1527 702 nec
1544 668 1653 702 etiam

90 720 125 754 in
149 721 273 755 diebus
295 721 519 755 Dominicis:
548 722 582 754 in
611 722 736 767 quibus
759 722 788 756 si
815 722 892 767 quis
915 723 1090 766 jejunaret
1117 730 1242 756 contra
1265 722 1567 756 consuetudinem
1592 733 1654 767 po-

91 773 166 820 puli
187 775 383 816 christiani,
406 785 508 820 quae,
544 782 580 808 ut
602 775 826 820 Augustinus
849 774 934 808 dicit
960 775 1068 821 (epist.
1091 775 1178 820 86),
1208 783 1260 809 est
1284 786 1348 821 pro
1371 775 1451 821 lege
1478 775 1654 817 habenda,

91 827 148 861 vel
170 828 279 862 etiam
303 840 345 862 ex
368 827 489 873 aliquo
510 839 630 862 errore
654 829 762 872 (sicut
784 827 988 862 Manichaei
1010 829 1170 873 jejunant
1193 829 1294 874 quasi
1315 830 1561 863 necessarium
1583 829 1654 864 tale

90 881 267 926 jejunium
291 881 520 923 arbitrantes)
543 893 616 915 non
639 890 733 915 esset
752 893 770 914 a
786 889 936 926 peccato
950 881 1141 916 immunis:
1165 882 1328 928 quamvis
1347 883 1465 929 ipsum
1481 884 1656 928 jejunium

91 935 289 968 secundum
306 947 342 968 se
360 935 629 969 consideratum
644 935 922 979 omnitempore
939 934 982 968 sit
996 934 1194 977 laudabile3
1210 936 1408 969 secundum
1424 937 1520 982 quod
1533 937 1658 971 Hiero-

90 998 221 1032 nymus
243 988 329 1022 dicit
351 988 393 1022 ad
417 988 609 1022 Lucinium
633 987 735 1034 (epist.
751 988 804 1022 28.
821 993 850 1022 ct
871 987 944 1021 hab.
964 995 1055 1034 cap:
1082 989 1230 1031 Utinmn,
1246 989 1334 1023 Dist.
1355 990 1447 1035 76.).·
1472 1004 1489 1022 «
1507 990 1656 1024 Utinam

90 1041 193 1075 omni
213 1049 377 1088 tempore
399 1043 559 1087 jejunare
582 1053 771 1087 possemus
792 1054 824 1074 >›.

651 1171 995 1215 ARTICULUS
1030 1172 1107 1215 VI.
1590 1196 1652 1230 711

329 1278 528 1308 UTRUM
566 1279 953 1315 REQUIRATUR
999 1280 1070 1309 AD
1103 1281 1421 1322 JEJUNIUM,

420 1343 545 1379 QUOD
572 1344 700 1373 HOMO
725 1344 910 1375 TANTUM
932 1345 1069 1375 SEMEL
1097 1346 1326 1376 COMEDAT.

199 1430 247 1475 (4.
267 1431 355 1464 Dist.
374 1431 406 1466 8.
425 1443 454 1476 q.
473 1443 500 1466 1.
524 1437 588 1466 art.
610 1443 642 1475 4.
662 1443 691 1477 q.
714 1444 745 1466 2.
768 1432 809 1466 ad
822 1444 853 1467 2.
876 1437 906 1467 et
924 1433 1012 1467 Dist.
1032 1444 1081 1479 15.
1104 1445 1133 1479 q.
1148 1445 1175 1479 3.
1198 1438 1262 1468 art.
1281 1445 1314 1478 4.
1337 1446 1366 1480 q.
1388 1446 1416 1469 Ι.
1439 1439 1466 1468 et
1487 1434 1561 1480 2.).2

165 1519 224 1552 AD
241 1529 393 1554 SEXTUM
406 1519 456 1553 sic
471 1520 687 1565 proceditur.
702 1520 863 1563 Videtur,
879 1521 975 1567 quod
990 1533 1063 1556 non
1078 1522 1278 1568 requiratur
1296 1523 1339 1556 ad
1354 1523 1542 1569 jejunium,
1557 1525 1654 1571 quod

90 1571 204 1606 homo
226 1580 367 1606 tantum
389 1572 503 1607 semel
522 1574 706 1607 comedat:
729 1574 905 1620 jejunium
928 1575 1036 1616 enim,
1059 1583 1097 1609 ut
1119 1575 1255 1610 dictum
1278 1584 1329 1610 est
1353 1576 1473 1620 (art.2.
1497 1578 1565 1624 huj.
1592 1580 1653 1624 q.)‚

90 1633 143 1659 est
169 1633 269 1659 actus
284 1626 422 1660 virtutis
443 1626 689 1668 abstinentiae,
704 1638 795 1673 quae
811 1627 957 1673 quidem
972 1639 1045 1662 non
1061 1628 1179 1663 minus
1195 1629 1362 1664 observat
1376 1630 1534 1664 debitam
1549 1643 1658 1677 quan-

89 1678 229 1712 titatem
252 1679 332 1720 cibi,
355 1691 464 1724 quam
487 1680 722 1714 comestionis
746 1692 958 1715 numerum:
988 1693 1063 1715 non
1094 1690 1215 1716 autem
1247 1690 1388 1717 taxatur
1415 1684 1655 1728 jejunantibus

90 1732 269 1777 quantitas
292 1732 380 1774 cibi;
403 1744 490 1778 ergo
511 1744 578 1766 nec
601 1745 773 1767 numerus
796 1734 1031 1769 comestionis
1052 1736 1166 1769 taxari
1187 1736 1302 1770 debet.

160 1795 191 1819 2.
207 1786 443 1820 PRAETEREA.
464 1786 565 1820 Sicut
585 1787 699 1821 homo
721 1787 874 1821 nutritur
897 1789 989 1830 cibo,
1011 1788 1059 1822 ita
1082 1799 1117 1822 et
1137 1797 1244 1834 potu;
1266 1790 1361 1823 unde
1385 1798 1419 1824 et
1440 1799 1545 1836 potus
1566 1792 1654 1836 jeju-

88 1839 191 1873 nium
212 1838 337 1874 solvit:
360 1847 505 1886 propter
526 1840 623 1886 quod
644 1851 718 1874 non
740 1852 933 1886 possumus
948 1849 1029 1887 post
1046 1850 1172 1887 potum
1189 1842 1455 1877 Eucharistiam
1470 1844 1650 1890 accipere:

89 1892 151 1926 sed
171 1903 247 1926 non
269 1900 322 1926 est
342 1893 576 1939 prohibitum,
599 1894 685 1939 quin
706 1893 838 1940 pluries
861 1894 1026 1929 bibamus
1048 1895 1197 1929 diversis
1218 1895 1318 1930 horis
1334 1896 1423 1939 diei3
1441 1909 1527 1943 ergo
1544 1899 1653 1932 etiam

88 1956 163 1980 non
185 1945 290 1979 debet
308 1957 385 1980 esse
407 1946 631 1992 prohibitum
649 1947 903 1992 jejunantibus,
926 1947 1011 1994 quin
1033 1947 1166 1994 pluries
1189 1949 1394 1984 comedant.

163 2010 192 2044 3.
214 1999 450 2034 PRAETEREA.
473 1999 676 2034 Electuaria
696 2001 843 2046 quidam
863 2001 932 2035 cibi
947 2009 1049 2044 sunt3
1068 2013 1160 2048 quae
1173 2011 1328 2037 tamena
1342 2003 1463 2038 multis
1477 2004 1514 2038 in
1530 2005 1653 2040 diebus

88 2051 212 2097 jejunii
233 2061 316 2097 post
333 2053 601 2087 comestionem
623 2062 830 2096 sumuntur;
849 2065 937 2099 ergo
955 2056 1072 2089 unitas
1093 2056 1328 2091 comestionis
1352 2068 1426 2091 non
1454 2066 1506 2092 est
1533 2058 1575 2092 de
1602 2070 1652 2093 ra-

89 2105 188 2139 tione
206 2105 341 2150 jejunii.

163 2158 237 2192 SED
260 2169 299 2193 IN
322 2169 577 2194 CONTRARIUM
600 2168 653 2194 est
675 2161 881 2195 communis
904 2163 1128 2197 consuetudo
1151 2162 1276 2209 populi
1299 2163 1496 2198 christiani.

160 2211 390 2246 RESPONDEO
413 2212 619 2254 dicendum,
641 2213 737 2259 quod
759 2214 935 2260 jejunium
956 2215 998 2248 ab
1020 2215 1183 2250 Ecclesia
1204 2217 1400 2251 instituitur
1419 2218 1462 2251 ad
1483 2218 1652 2264 concupi-

92 2266 268 2299 scentiam
289 2264 584 2299 refraenandam:
606 2266 654 2300 ita
676 2274 798 2301 tamen
821 2268 918 2313 quod
939 2276 1066 2302 natura
1086 2269 1260 2304 salvetur:
1284 2270 1327 2304 ad
1349 2270 1419 2305 hoc
1445 2279 1565 2305 autem
1587 2271 1655 2305 suf-

91 2317 197 2352 ficere
219 2318 360 2352 videtur
381 2320 488 2353 unica
510 2320 699 2362 comestio,
721 2331 783 2365 per
805 2332 914 2366 quam
932 2321 1046 2356 homo
1069 2331 1188 2368 potest
1208 2331 1356 2357 naturae
1375 2323 1600 2367 satisfacere3
1620 2332 1654 2359 et

90 2380 212 2406 tamen
232 2372 547 2418 concupiscentiae
570 2372 703 2419 aliquid
725 2373 888 2416 detrahit,
916 2374 1151 2410 diminuendo
1180 2377 1448 2411 comestionum
1474 2377 1590 2420 vices;
1619 2386 1654 2413 et

90 2424 172 2459 ideo
199 2424 384 2459 Ecclesiae
408 2425 659 2460 moderatione
681 2434 854 2461 statutum
876 2435 939 2470 est,
962 2435 999 2462 ut
1020 2428 1136 2463 semel
1156 2429 1192 2462 in
1215 2429 1269 2464 die
1293 2441 1312 2463 a
1332 2430 1573 2475 jejunantibus
1596 2442 1653 2466 co-

92 2478 268 2513 medatur.
486 2475 494 2484 “

160 2532 220 2566 AD
235 2542 385 2566 PRIMUM
404 2543 491 2577 ergo
507 2532 712 2574 dicendum,
727 2534 823 2579 quod
839 2535 1018 2580 quantitas
1034 2535 1103 2569 cibi
1117 2547 1191 2569 non
1206 2537 1321 2581 potuit
1336 2536 1462 2570 eadem
1482 2537 1649 2572 omnibus

90 2585 203 2618 taxari
229 2593 375 2630 propter
405 2585 561 2619 diversas
592 2597 785 2631 corporum
813 2587 1096 2633 complexiones,
1125 2600 1167 2622 ex
1193 2589 1319 2634 quibus
1352 2590 1527 2635 contingit
1556 2591 1652 2636 quod

91 2649 182 2672 unus
204 2639 346 2683 majori,
369 2637 459 2672 alter
477 2639 609 2672 minori
633 2640 712 2674 cibo
734 2640 887 2686 indiget:
907 2642 969 2675 sed
991 2650 1029 2675 ut
1046 2641 1243 2687 plurimum
1265 2653 1393 2676 omnes
1415 2651 1564 2687 possunt
1588 2655 1653 2677 na-

90 2699 191 2725 turae
213 2690 418 2725 satisfacere
438 2703 500 2737 per
521 2692 666 2726 unicam
687 2694 964 2728 comestionem.

163 2744 223 2778 AD
240 2755 447 2778 SECUNDUM
467 2745 671 2787 dicendum,
690 2746 787 2792 quod
801 2746 919 2793 duplex
937 2755 990 2781 est
1007 2747 1199 2792 jejunium:
1214 2759 1317 2782 unum
1332 2748 1476 2794 quidem
1491 2757 1650 2792 naturae,

91 2796 190 2843 quod
212 2797 402 2843 requiritur
424 2798 467 2831 ad
488 2797 735 2833 Eucharistiae
757 2800 1021 2846 sumptionem;
1045 2808 1078 2834 et
1098 2800 1169 2834 hoc
1191 2800 1342 2834 solvitur
1367 2813 1429 2847 per
1455 2802 1652 2848 quemlibet

90 2858 228 2895 potum,
248 2850 358 2884 etiam
381 2862 506 2897 aquae,
528 2859 610 2897 post
636 2864 744 2898 quem
772 2853 881 2887 etiarn
908 2864 983 2887 non
1010 2853 1093 2887 licet
1119 2853 1385 2889 Eucharistiam
1411 2866 1571 2890 sumere:
1599 2864 1652 2890 est
