1859 3122
195 149 280 191 286
595 160 813 195 QUAESTIO
843 159 993 190 XXXIV.
1028 160 1272 190 ARTICULUS
1306 160 1333 189 Ι.

265 243 340 277 SED
363 252 517 277 CONTRA
539 249 602 283 est,
625 241 722 287 quod
745 241 873 276 dicitur
893 242 929 276 in
951 241 1046 276 Psal.
1069 252 1145 288 73.:
1171 241 1334 288 Superbia
1347 253 1473 284 eorum,
1488 242 1586 287 quite
1600 241 1748 284 oderunt,

193 296 336 331 ascendit
355 302 489 341 semper.
512 295 555 329 Et
571 295 674 340 Joan.
701 305 770 340 15.:
797 296 895 331 Nunc
914 301 1023 331 autem
1038 301 1066 330 et
1086 294 1253 337 viderunt,
1276 299 1304 329 et
1325 295 1462 329 oderunt
1481 307 1542 337 me,
1565 300 1595 330 et
1615 296 1749 330 Patrem

193 361 312 390 mamm,
334 356 400 382 etc.

264 399 492 436 RESPONDEO
515 401 720 443 dicendum,
739 402 847 448 quod,
867 403 958 436 sicut
973 414 1014 436 ex
1029 413 1135 448 supra
1150 401 1253 435 dictis
1267 409 1364 447 patet
1381 402 1460 447 (1-2.
1476 413 1505 447 q.
1521 413 1576 448 29.
1596 407 1659 437 art.
1674 401 1721 446 1.)
1735 428 1744 442 ,

194 455 317 488 odium
346 463 398 488 est
424 454 571 500 quidam
602 463 721 488 motus
753 456 968 501 appetitivae
995 455 1187 501 potentiae,
1215 466 1306 500 quae
1327 466 1402 488 non
1424 463 1592 489 movetur
1611 454 1680 488 nisi
1706 455 1747 488 ab

193 508 314 553 aliquo
338 509 575 554 apprehenso.
598 509 698 542 Deus
721 517 841 542 autem
863 509 1034 555 dupliciter
1057 509 1097 542 ab
1120 509 1270 542 homine
1293 508 1513 554 apprehendi
1531 516 1665 554 potest:
1684 519 1748 542 uno

192 561 287 594 modo
311 561 512 595 secundum
534 562 711 607 seipsum3
733 570 818 608 puta
838 573 918 596 cuni
942 574 1004 607 per
1026 562 1218 596 essentiam
1237 562 1395 596 videtur:
1419 562 1483 596 alio
1505 561 1600 596 modo
1621 573 1684 607 per
1705 560 1751 595 ef-

192 614 305 648 fectus
329 625 432 657 suos;
453 626 535 648 curn
558 615 695 649 scilicet
714 617 895 650 invisibilia
922 617 999 657 Dei,
1017 622 1079 662 par
1105 627 1152 657 ιτα,
1176 627 1256 661 qmzit
1276 616 1367 659 facta
1387 621 1475 658 sunt,
1498 615 1657 650 intellecta
1678 626 1750 649 con-

191 670 393 714 spiciuntur:
408 668 508 702 Deus
530 677 650 702 autem
673 680 734 714 per
756 670 949 703 essentiam
971 681 1072 703 suam
1095 677 1148 703 est
1168 669 1245 715 ipsa
1259 669 1412 711 bonitas,
1427 680 1536 715 quarn
1554 668 1672 702 nullus
1690 668 1751 701 ha-

193 721 276 755 bere
299 721 383 755 odio
405 730 540 766 potest3
563 722 646 767 quia
668 722 710 755 de
732 722 862 756 rationi
883 723 969 756 boni
984 731 1046 764 est,
1062 730 1100 756 ut
1116 730 1276 756 ametur:
1301 730 1335 756 et
1352 722 1432 756 ideo
1446 721 1671 768 impossibile
1685 729 1749 763 est,

194 775 290 820 quod
314 775 440 821 aliquis
461 776 586 809 videns
608 775 728 808 Deum
750 787 812 821 per
835 776 1039 817 essentiam,
1062 787 1143 809 eum
1161 775 1245 809 odio
1261 775 1411 809 habeat:
1435 775 1495 809 sed
1511 774 1658 809 effectus
1674 775 1749 820 ejus

194 828 300 873 aliqui
321 836 414 870 sunt,
437 829 495 874 qui
517 827 618 862 nullo
641 829 752 862 modo
774 837 926 874 possunt
948 840 1024 863 esse
1048 829 1217 862 contrarii
1237 828 1416 862 voluntati
1435 828 1636 863 humanae:
1667 828 1750 874 quia

195 893 266 924 esse,
287 883 412 923 vivere,
441 887 470 916 et
490 882 667 927 intelligere
689 890 742 915 est
756 881 958 928 appetibile,
974 890 1008 916 et
1023 881 1175 916 amabile
1193 882 1379 924 omnibus3
1402 892 1493 928 quae
1507 889 1590 916 sunt
1603 881 1750 927 quidam

194 935 343 969 effectus
364 935 452 978 Dei3
475 935 568 969 unde
591 937 699 969 etiarn
721 936 919 969 secundum
942 935 1038 981 quod
1060 936 1159 969 Deus
1181 935 1461 981 apprehenditur
1481 943 1520 969 ut
1541 943 1667 969 auctor
1686 934 1751 968 ho-

194 1001 275 1023 rum
298 988 504 1030 effectuum,
525 1000 600 1023 non
622 997 740 1035 potest
761 989 846 1023 odio
868 989 1010 1024 haberi:
1034 997 1115 1023 sunt
1134 997 1254 1023 autem
1269 989 1403 1034 quidam.
1425 988 1572 1023 effectus
1593 988 1674 1030 Dei,
1689 988 1751 1034 qui

192 1050 392 1088 repugnant
412 1043 638 1076 inordinatae
670 1042 868 1084 voluntati,
901 1043 994 1076 sicut
1018 1042 1168 1077 inflictio
1202 1054 1353 1088 poenae,
1380 1050 1415 1076 et
1437 1042 1546 1077 etiam
1575 1041 1749 1076 cohibitio

192 1104 427 1142 peccatorum
449 1107 512 1142 per
532 1095 652 1141 legem
668 1096 838 1137 divinam,
854 1107 945 1141 quae
960 1104 1161 1142 repugnant
1174 1095 1351 1130 voluntati
1366 1095 1582 1142 depravatae
1596 1107 1659 1142 per
1671 1097 1751 1142 pecss

194 1157 332 1183 catum:
356 1157 389 1183 et
411 1157 585 1195 quantum
607 1149 650 1183 ad
674 1149 1002 1183 considerationem
1023 1149 1150 1183 talium
1173 1148 1378 1191 effectuum,
1395 1150 1436 1183 ab
1457 1149 1633 1195 aliquibus
1650 1149 1750 1183 Deus

194 1203 278 1237 odio
300 1203 425 1237 haberi
447 1211 583 1249 potest3
604 1203 817 1249 inquantum
841 1203 978 1237 scilicet
999 1203 1277 1249 apprehenditur
1290 1211 1524 1249 peccatorum
1538 1203 1750 1250 prohibitor,

197 1265 232 1291 et
252 1268 453 1302 poenarum
473 1257 639 1290 inflictor.

266 1311 325 1344 AD
347 1321 495 1345 PRIMUM
515 1321 601 1356 ergo
625 1310 830 1352 dicendum,
853 1311 950 1356 quod
972 1310 1062 1344 ratio
1082 1309 1142 1344 illa
1156 1310 1318 1356 procedit
1333 1318 1508 1356 quantum
1524 1310 1567 1344 ad
1582 1309 1676 1352 illos,
1691 1310 1751 1356 qui

194 1364 317 1398 vident
338 1364 408 1398 Dei
430 1365 634 1406 essentiam,
658 1375 748 1410 quae
771 1372 823 1398 est
844 1364 919 1410 ipsa
943 1364 1096 1398 essentia
1117 1364 1297 1398 bonitatis.

266 1418 325 1452 AD
353 1428 559 1452 SECUNDUM
581 1418 787 1459 dicendum,
810 1417 905 1463 quod
924 1418 1014 1451 ratio
1037 1417 1098 1451 illa
1120 1418 1283 1463 procedit
1301 1425 1475 1463 quantum
1494 1418 1537 1451 ad
1552 1415 1634 1459 hoc,
1654 1417 1750 1463 quod

195 1471 473 1516 apprehenditur
493 1471 592 1504 Deus
614 1479 652 1504 ut
674 1482 781 1505 causa
803 1470 949 1504 illorum
973 1469 1178 1512 effectuum,
1202 1471 1261 1516 qui
1280 1471 1488 1505 naturaliter
1511 1471 1552 1504 ab
1581 1471 1749 1505 omnibus

195 1533 378 1558 amantur:
408 1524 500 1558 inter
521 1535 612 1570 quos
634 1532 716 1558 sunt
737 1535 847 1570 opera
868 1524 1027 1558 veritatis
1048 1524 1250 1570 praebentis
1277 1535 1380 1558 suam
1411 1524 1659 1570 cognitionem
1689 1524 1752 1558 ho-

193 1578 359 1612 minibus.

265 1632 323 1665 AD
352 1641 522 1666 TERTIUM
550 1631 755 1673 dicendum,
778 1631 874 1677 quod
896 1631 995 1665 Deus
1023 1632 1200 1666 convertit
1221 1631 1345 1665 omnia
1363 1631 1406 1665 ad
1421 1631 1590 1677 seipsum,
1606 1631 1752 1677 inquan-

192 1693 270 1719 tum
293 1693 345 1719 est
367 1685 507 1718 essendi
529 1685 763 1730 principium:
787 1685 868 1730 quia
891 1685 1027 1727 omnia,
1048 1685 1262 1731 inquantum
1284 1692 1377 1726 sunt,
1398 1685 1549 1719 tendunt
1568 1684 1604 1718 in
1626 1684 1696 1718 Dei
1711 1684 1752 1718 si-

193 1738 446 1780 militudinem,
470 1738 530 1784 qui
552 1746 605 1772 est
626 1739 743 1783 ipsum
766 1749 856 1772 esse.

747 1909 1090 1954 ARTICULUS
1120 1910 1176 1952 Π.
1683 1931 1751 1965 204

408 2022 561 2053 UTRUM
595 2024 740 2053 ODIUM
772 2024 845 2053 DEI
879 2024 945 2052 SIT
980 2023 1187 2053 MAXIMUM
1218 2023 1528 2053 PECCATORUM.

471 2117 570 2162 (Infr.
594 2128 623 2162 q.
643 2128 694 2163 39.
717 2121 781 2151 art.
805 2128 836 2151 2.
858 2116 900 2150 ad
917 2129 944 2162 3.
965 2121 994 2151 et
1014 2128 1074 2151 1-2.
1094 2128 1123 2162 q.
1147 2127 1191 2162 73.
1214 2121 1277 2150 art.
1299 2127 1331 2161 4.
1347 2116 1388 2151 ad
1405 2116 1462 2162 3.).

264 2217 324 2252 AD
346 2228 552 2252 SECUNDUM
575 2217 624 2252 sic
647 2217 864 2263 proceditur.
886 2217 1048 2259 Videtur,
1065 2217 1161 2262 quod
1177 2217 1301 2251 odium
1316 2217 1385 2251 Dei
1400 2228 1474 2251 non
1489 2217 1533 2251 sit
1551 2217 1750 2252 maximum

193 2279 447 2316 peccatorum3
464 2271 718 2316 gravissimum
734 2272 829 2305 enim
842 2279 1031 2316 peccatum
1052 2278 1104 2304 est
1118 2278 1309 2316 peccatum
1323 2270 1358 2304 in
1376 2270 1549 2315 Spiritum
1565 2270 1750 2313 Sanctum,

194 2325 290 2371 quod
314 2332 366 2359 est
386 2324 642 2367 irremissibile,
665 2332 703 2358 ut
724 2324 853 2357 dicitur
874 2323 1001 2357 Matth.
1029 2333 1098 2358 12‚:
1122 2324 1183 2357 sed
1205 2324 1329 2357 odium
1348 2324 1419 2358 Dei
1432 2335 1507 2358 non
1522 2332 1752 2370 computatur

193 2379 286 2412 inter
307 2379 444 2423 species
466 2377 605 2423 peccati
627 2377 662 2410 in
686 2377 859 2422 Spiritum
887 2376 1073 2418 Sanctum,
1103 2384 1141 2410 ut
1168 2388 1209 2410 ex
1239 2388 1345 2423 supra
1373 2377 1476 2411 dictis
1505 2385 1602 2423 patet
1630 2382 1674 2424 (q.
1697 2387 1750 2422 14.

193 2437 257 2467 art.
280 2433 349 2477 2.);
378 2442 464 2477 ergo
487 2431 612 2465 odium
634 2431 702 2464 Dei
725 2441 798 2464 non
822 2438 874 2464 est
895 2430 1149 2475 gravissimum
1172 2438 1417 2476 peccatorum.

265 2495 296 2519 2.
319 2485 554 2519 PRAETEm-:m
577 2484 773 2517 Peccatum
798 2483 960 2517 consistit
981 2483 1016 2516 in
1040 2482 1272 2527 elongatione
1296 2495 1315 2517 a
1337 2484 1437 2518 Deo:
1468 2484 1530 2519 sed
1561 2484 1678 2530 magis
1704 2485 1752 2518 vi-

193 2539 297 2572 detur
323 2549 400 2572 esse
423 2537 612 2583 elongatus
635 2548 654 2570 a
675 2537 755 2570 Deo
779 2536 944 2577 infidelis,
966 2536 1025 2582 qui
1047 2547 1113 2570 nec
1136 2537 1205 2570 Dei
1229 2537 1476 2581 cognitionem
1496 2537 1614 2579 habet,
1642 2548 1750 2583 quam

193 2591 319 2633 fidelis,
341 2591 401 2637 qui
423 2591 552 2625 saltem
573 2590 738 2636 quamvis
759 2590 879 2623 Deum
903 2589 986 2623 odio
1009 2590 1281 2634 habeat,ipsum
1296 2598 1418 2624 tamen
1435 2591 1643 2636 cognoscit3
1663 2601 1750 2635 ergo

194 2645 344 2686 videtur,
360 2645 455 2690 quod
471 2644 613 2690 gravius
629 2644 673 2677 sit
686 2651 878 2689 peccatum
896 2642 1128 2684 infidelitatis,
1144 2655 1253 2688 quam
1272 2652 1462 2689 peccatum
1478 2644 1550 2678 odii
1568 2644 1604 2677 in
1618 2644 1750 2677 Deum.

269 2711 296 2743 3.
320 2700 556 2733 PRAETEREA.
579 2698 678 2732 Deus
701 2697 851 2731 habetur
873 2697 957 2730 odio
980 2696 1098 2730 solum
1122 2697 1261 2731 ratione
1284 2708 1431 2732 suorum
1455 2697 1661 2739 effectuum,
1691 2697 1752 2743 qui

195 2760 395 2797 repugnant
415 2751 612 2793 voluntati3
635 2751 724 2784 inter
743 2762 833 2796 quos
855 2750 1069 2796 praecipuus
1085 2758 1137 2783 est
1152 2762 1269 2795 poena
1285 2762 1292 2783 :
1316 2751 1376 2784 scd
1392 2751 1491 2784 odire
1506 2761 1662 2796 poenam
1677 2761 1751 2783 non

196 2813 248 2838 est
269 2806 468 2839 maximum
491 2812 744 2851 peccatorum,
767 2814 853 2849 ergo
876 2803 1001 2836 odium
1023 2802 1093 2836 Dei
1119 2815 1191 2836 non
1215 2811 1268 2837 cst
1289 2805 1489 2837 maximum
1504 2810 1749 2850 peccatorum·

267 2858 340 2892 SED
368 2869 522 2893 CONTRA
545 2866 608 2900 cst,
631 2857 726 2904 quod
750 2857 889 2903 optimo
912 2856 1108 2902 opponitur
1131 2857 1340 2901 pessimum,
1356 2865 1393 2891 ut
1410 2864 1507 2902 patet
1528 2867 1591 2902 per
1612 2855 1749 2890 Philos.
