1859 3122
471 211 692 247 QUAESTIO
728 211 919 241 CLXXXII.
956 210 1199 241 ARTICULUS
1234 211 1290 239 IV.
1551 196 1656 252 1183

101 294 199 329 enim
221 293 374 340 Gregor.
397 294 432 328 in
455 293 486 328 6.
509 295 641 331 Moral.
660 295 748 341 (cap.
780 295 862 341 17.).·
889 308 906 326 «
929 294 1045 340 Saepe
1067 294 1127 340 qui
1149 293 1389 340 contemplari
1408 293 1528 326 Deum
1551 292 1661 338 quieti

99 354 276 394 poterant,
299 348 598 394 occupationibus
620 349 732 394 pressi
754 349 979 382 ceciderunt:
1000 356 1034 382 et
1051 359 1157 393 saepe
1173 347 1232 393 qui
1249 347 1416 393 occupati
1431 347 1520 380 bene
1541 346 1661 380 usibus

99 401 268 435 humanis
289 401 461 443 viverent,
487 401 608 447 gladio
635 413 719 436 suae
747 402 874 448 quietis
897 401 1041 436 extincti
1064 409 1146 435 sunt
1167 413 1207 442 »3
1230 412 1303 434 non
1331 411 1418 446 ergo
1445 400 1517 434 vita
1545 399 1661 433 activa

99 454 196 500 prior
218 462 282 495 est,
304 466 413 500 quam
437 454 728 500 contemplativa.

171 508 244 542 SED
264 518 418 542 CONTRA
441 516 504 550 est,
527 508 622 554 quod
647 508 798 555 Gregor.
823 509 908 543 dicit
929 520 1034 554 super
1056 507 1188 541 Exech.
1212 508 1390 554 (hom.3.):
1407 521 1424 539 «
1440 507 1570 541 Activa
1589 506 1661 539 vita

99 561 196 607 prior
217 570 270 596 est
290 570 466 608 tempore,
487 574 596 608 quam
619 561 919 608 contemplativa;
941 562 1024 608 quia
1040 573 1081 596 ex
1097 562 1193 595 bono
1213 572 1321 607 opere
1341 561 1497 595 tenditur
1515 560 1558 594 ad
1579 570 1662 594 con-

98 614 376 660 templationem
398 629 429 649 n.

170 668 398 703 RESPONDEO
419 669 623 711 dicendum,
639 669 735 715 quod
758 669 891 715 aliquid
914 669 1042 703 dicitur
1063 679 1140 702 esse
1162 668 1258 713 prius
1280 667 1469 714 dupliciter:
1488 679 1551 701 uno
1566 665 1660 701 modo

99 722 298 756 secundum
321 733 424 756 suam
446 730 624 767 naturam,
655 731 689 756 et
710 723 779 756 hoc
803 722 914 756 modo
936 723 1008 756 vita
1035 721 1316 767 contemplativa
1340 729 1392 755 est
1422 721 1529 767 prior,
1550 731 1660 766 quam

100 776 236 817 activa;
257 775 470 821 inquantum
497 776 685 822 prioribus,
714 784 748 810 et
773 775 983 810 melioribus
1010 775 1158 816 insistit3
1185 774 1280 808 unde
1307 782 1342 808 et
1368 775 1523 808 activam
1549 773 1661 807 vitam

99 836 236 870 movet,
259 836 293 862 et
314 829 450 874 dirigit:
473 829 563 863 ratio
586 831 683 864 enim
705 829 878 875 superior,
901 840 992 875 quae
1015 828 1316 874 contemplationi
1342 828 1542 873 deputatur,
1565 838 1663 862 com-

99 890 244 928 paratur
266 882 308 915 ad
331 881 551 925 inferiorem,
573 894 665 928 quae
690 882 879 928 deputatur
902 882 1046 923 actioni,
1073 882 1165 916 sicut
1190 882 1244 915 vir
1270 882 1313 916 ad
1340 882 1542 923 mulierem,
1569 891 1661 927 quae

100 943 154 970 est
174 947 237 981 per
258 936 374 969 virum
397 936 565 981 regenda,
580 944 618 970 ut
634 936 824 981 Augustin.
847 936 933 970 dicit
958 945 1008 970 12.
1025 936 1067 969 de
1089 934 1253 969 Trinitat.
1274 936 1364 982 (cap.
1384 937 1467 980 12.).·
1481 935 1548 969 alio
1562 934 1658 968 modo

100 997 153 1023 est
175 988 308 1035 aliquid
330 989 438 1035 prius,
460 990 579 1035 quoad
606 1001 684 1031 nos,
712 989 809 1035 quod
830 989 968 1023 scilicet
994 997 1048 1023 est
1074 989 1169 1033 prius
1195 989 1231 1022 in
1252 989 1311 1022 via
1337 989 1599 1033 generationis,
1627 995 1662 1022 et

98 1042 169 1076 hoc
192 1042 304 1076 modo
326 1044 398 1077 vita
421 1043 536 1077 activa
559 1050 610 1076 est
637 1043 745 1087 prior,
768 1053 878 1088 quam
901 1042 1200 1088 contemplativa3
1220 1043 1302 1088 quia
1325 1042 1482 1088 disponit
1509 1042 1551 1075 ad
1579 1052 1662 1075 con-

98 1095 360 1142 templativam,
382 1104 420 1130 ut
441 1107 484 1130 ex
505 1096 716 1142 supradictis
738 1104 835 1141 patet
859 1095 903 1141 (q.
923 1097 996 1131 181.
1016 1101 1079 1129 art.
1098 1108 1125 1130 I.
1149 1096 1190 1129 ad
1203 1099 1265 1142 3.):
1288 1096 1476 1141 dispositio
1499 1095 1597 1128 enim
1623 1094 1659 1128 in

98 1150 156 1183 via
177 1150 422 1194 generationis
443 1149 625 1195 praecedit
644 1148 814 1191 formam,
836 1160 927 1195 quae
949 1149 1173 1194 simpliciter,
1196 1158 1230 1183 et
1250 1149 1450 1183 secundum
1473 1159 1576 1182 suam
1602 1159 1660 1182 na-

98 1210 217 1236 turam
239 1211 291 1237 est
308 1203 415 1248 prior.

166 1256 226 1290 AD
252 1266 402 1290 PR1MUM
428 1267 515 1301 ergo
543 1256 746 1298 dicendum,
774 1256 870 1301 quod
896 1255 968 1289 vita
995 1255 1279 1301 contemplativa
1304 1266 1378 1289 non
1405 1255 1590 1289 ordinatur
1617 1254 1660 1288 ad

99 1308 403 1355 qualemcumque
425 1309 657 1344 dilectionem
680 1309 832 1351 Dei,sed
856 1309 899 1342 ad
921 1308 1137 1355 perfectam:
1157 1308 1220 1343 sed
1238 1309 1311 1343 vita
1330 1309 1445 1342 activa
1467 1316 1520 1342 est
1541 1319 1662 1342 neces-

100 1363 193 1397 saria
226 1362 270 1396 ad
304 1362 536 1396 dilectionem
570 1363 725 1408 proximi
759 1361 1083 1408 qualemcumque:
1106 1362 1200 1396 unde
1225 1361 1423 1408 Gregorius
1445 1362 1529 1395 dicit
1556 1372 1663 1407 super

98 1415 230 1450 Ezech.
248 1416 325 1461 (loc.
339 1423 411 1463 sup.
427 1416 514 1460 cit.):
532 1429 550 1448 «
565 1416 651 1450 Sine
674 1415 956 1461 contemplativa
977 1416 1050 1449 vita
1071 1415 1202 1449 intrare
1224 1423 1374 1461 possunt
1396 1415 1439 1449 ad
1462 1415 1660 1449 coelestem

99 1471 265 1517 patriam,
287 1470 347 1516 qui
368 1470 475 1512 bona,
497 1480 589 1516 quae
611 1477 772 1515 possunt,
794 1469 936 1515 operari
961 1480 1036 1503 non
1062 1468 1266 1514 negligunt:
1294 1469 1370 1503 sine
1397 1468 1513 1502 activa
1540 1477 1660 1502 autem

100 1525 233 1558 intrare
253 1534 328 1557 non
350 1531 512 1569 possunt,
531 1523 561 1557 si
581 1522 772 1568 negligunt
791 1523 887 1556 bona
914 1522 1066 1568 operari,
1089 1533 1180 1568 quae
1202 1530 1371 1568 possunt:
1394 1533 1436 1556 ex
1458 1533 1529 1567 quo
1552 1521 1661 1556 etiam

101 1584 210 1623 patet,
232 1577 328 1623 quod
347 1577 420 1611 vita
442 1577 559 1610 activa
592 1576 773 1622 praecedit
807 1575 1146 1622 contemplativam3
1169 1575 1260 1609 sicut
1279 1576 1315 1609 id
1348 1575 1444 1621 quod
1478 1583 1532 1609 est
1565 1586 1662 1609 com-

102 1641 210 1664 mune
237 1630 414 1672 omnium,
441 1630 624 1676 praecedit
648 1630 685 1663 in
711 1630 769 1663 via
795 1629 1039 1675 generationis
1068 1629 1115 1671 id,
1137 1629 1233 1675 quod
1261 1636 1312 1663 est
1338 1628 1524 1675 proprium
1550 1627 1662 1674 perfe-

102 1691 256 1718 ctorum.

172 1737 232 1771 AD
254 1747 461 1771 SECUNDUM
476 1736 682 1778 dicendum,
704 1736 801 1782 quod
819 1736 924 1770 avita
946 1736 1062 1770 activa
1083 1735 1290 1781 proceditur
1311 1735 1354 1769 ad
1367 1735 1480 1769 vitam
1503 1743 1662 1769 contem-

100 1790 273 1838 plativam
294 1790 494 1824 secundum
516 1790 681 1824 ordinem
708 1789 970 1835 generationi83
993 1801 1012 1823 a
1032 1789 1106 1823 vita
1127 1797 1249 1823 autern
1271 1787 1552 1834 contemplativa
1573 1788 1662 1822 redi-

99 1853 157 1879 tur
178 1844 223 1878 ad
243 1843 354 1877 vitam
381 1844 537 1877 activam
564 1854 627 1889 per
651 1843 747 1876 viam
771 1843 998 1884 directionis;
1025 1851 1062 1876 ut
1089 1842 1228 1876 scilicet
1251 1842 1323 1875 vita
1351 1842 1466 1875 activa
1492 1853 1554 1887 per
1579 1852 1662 1875 con-

100 1897 377 1944 templationem
404 1897 594 1941 dirigatur:
622 1896 714 1930 sicut
740 1896 848 1930 etiam
875 1907 938 1941 per
964 1897 1192 1941 operationes
1219 1895 1414 1941 acquiritur
1438 1895 1594 1936 habitus,
1625 1902 1660 1928 et

101 1962 164 1997 per
190 1951 353 1985 habitum
387 1950 601 1996 acquisitum
627 1949 819 1995 perfectius
846 1949 974 1995 aliquis
996 1957 1174 1995 operatur,
1208 1956 1246 1982 ut
1267 1948 1396 1982 dicitur
1426 1948 1463 1982 in
1485 1958 1518 1982 2.
1545 1947 1660 1982 Ethic.

101 2005 191 2051 (cap.
206 2017 234 2040 I.
248 2016 279 2039 2.
294 2009 321 2038 et
335 2004 398 2048 4.).

173 2058 232 2092 AD
255 2067 426 2092 TERTiUM
448 2056 653 2098 dicendum,
670 2056 766 2102 quod
787 2055 840 2089 illi
862 2057 920 2102 qui
943 2064 1026 2090 sunt
1045 2055 1150 2101 proni
1169 2055 1213 2089 ad
1234 2054 1420 2101 passiones
1442 2062 1586 2100 propter
1607 2064 1662 2087 ea-

101 2123 182 2146 rum
204 2111 379 2157 impetum
401 2110 444 2144 ad
467 2110 659 2155 agendum,
674 2117 756 2143 sunt
770 2109 980 2155 simpliciter
1002 2109 1118 2154 magis
1137 2109 1208 2155 apti
1225 2108 1267 2141 ad
1281 2108 1393 2142 vitam
1413 2108 1568 2141 activam
1583 2117 1662 2152 pro-

103 2173 181 2211 pter
201 2165 343 2210 spiritus
365 2163 668 2209 inquietudinem
690 2163 784 2196 unde
807 2163 891 2196 dicit
914 2162 1066 2208 Gregor.
1089 2162 1125 2195 in
1147 2161 1178 2195 6.
1200 2160 1329 2195 Moral.
1351 2167 1437 2206 (cap.
1460 2160 1528 2206 17.)
1564 2159 1661 2206 quod

105 2231 124 2250 «
144 2217 312 2252 nonnulli
331 2217 380 2251 ita
401 2216 551 2262 inquieti
571 2224 663 2259 sunt,
690 2224 728 2250 ut
748 2216 778 2250 si
803 2217 1033 2250 vacationem
1060 2215 1192 2249 laboris
1218 2215 1419 2256 habuerint,
1447 2214 1589 2259 gravius
1615 2213 1662 2246 la-

103 2271 250 2312 borent3
273 2270 355 2316 quia
376 2277 476 2304 tanto
504 2269 697 2303 deteriores
725 2269 841 2303 cordis
866 2269 1041 2303 tumultus
1063 2269 1230 2309 tolerant,
1257 2275 1391 2313 quanto
1419 2267 1469 2300 eis
1496 2267 1660 2300 licentius

105 2325 149 2358 ad
171 2324 410 2370 cogitationes
430 2331 536 2357 vacat
557 2336 574 2355 »
591 2335 598 2365 ;
620 2323 766 2368 quidam
788 2334 875 2357 vero
897 2323 1031 2356 habent
1052 2321 1259 2356 naturaliter
1274 2321 1384 2354 animi
1405 2320 1607 2366 puritatem,
1627 2327 1662 2353 et

103 2378 273 2424 quietem,
295 2389 358 2423 per
378 2388 488 2423 quam
510 2376 553 2410 ad
576 2376 922 2422 contemplationem
946 2383 1027 2409 sunt
1049 2375 1140 2421 apti;
1163 2375 1223 2420 qui
1238 2375 1267 2408 si
1281 2373 1439 2408 totaliter
1461 2372 1660 2406 actionibus

104 2432 329 2477 deputentur,
351 2430 608 2464 detrimentum
630 2429 872 2471 sustinebunt;
893 2430 988 2462 unde
1012 2428 1122 2473 Greg.
1146 2428 1232 2461 dicit
1248 2427 1284 2460 in
1303 2426 1334 2460 6.
1353 2425 1482 2460 Moral.
1501 2427 1659 2470 (loc.cit.)

107 2497 125 2516 «
147 2484 388 2530 quorumdam
410 2483 603 2516 hominum
623 2483 673 2516 ita
694 2483 832 2516 otiosae
854 2490 994 2515 mentes
1015 2489 1107 2522 sunt,
1130 2489 1168 2514 ut
1189 2480 1219 2514 si
1240 2491 1303 2514 eos
1326 2479 1428 2513 labor
1458 2478 1663 2524 occupatio-

102 2539 157 2572 nis
179 2537 344 2582 excipiat,
365 2537 401 2570 in
422 2536 499 2582 ipsa
521 2537 638 2582 operis
659 2535 894 2569 inchoatione
916 2535 1154 2569 succumbant
1171 2546 1208 2568 »z
1231 2533 1305 2574 sed,
1327 2533 1420 2566 sicut
1439 2532 1515 2577 ipse
1536 2540 1662 2577 postea

104 2590 222 2625 subdit
243 2589 339 2634 (ibid.
362 2601 382 2623 a
406 2589 521 2633 med),
547 2601 565 2620 «
586 2599 692 2634 saepe
715 2597 750 2622 et
771 2589 889 2634 pigras
911 2596 1049 2622 mentes
1074 2598 1177 2620 amor
1199 2587 1242 2619 ad
1269 2596 1359 2631 opus
1386 2585 1527 2625 excitat,
1551 2592 1584 2618 et
1610 2584 1661 2617 in-

103 2645 241 2690 quietas
262 2643 299 2676 in
321 2642 628 2688 contemplatione
649 2642 759 2675 timor
779 2641 935 2675 refrenat
957 2653 995 2682 »3
1018 2640 1111 2673 unde
1134 2647 1170 2673 et
1189 2639 1242 2672 illi
1267 2640 1327 2684 qui
1349 2646 1430 2672 sunt
1451 2637 1566 2682 magis
1589 2636 1662 2682 apti

105 2698 148 2731 ad
171 2697 325 2730 activam
347 2697 471 2737 vitam,
492 2703 644 2741 possunt
664 2706 727 2741 per
747 2695 956 2729 exercitium
985 2695 1124 2727 activae
1151 2693 1195 2726 ad
1222 2691 1543 2737 contemplativam
1565 2701 1664 2735 prae-

103 2750 236 2797 parari:
259 2757 293 2784 et
313 2749 367 2783 illi
386 2749 635 2789 nihilominus,
657 2748 717 2793 qui
738 2755 821 2782 sunt
841 2747 959 2792 magis
987 2747 1030 2780 ad
1058 2744 1379 2790 contemplativam
1402 2744 1485 2789 apti,
1512 2750 1663 2788 possunt

104 2803 272 2837 exercitia
292 2803 386 2836 vitae
408 2802 547 2836 activae
567 2801 746 2844 subire,ut
767 2812 830 2846 per
850 2801 922 2834 hoc
942 2800 986 2834 ad
1008 2798 1357 2844 contemplationem
1377 2797 1574 2843 paratiores
1588 2796 1662 2829 red-

106 2856 244 2890 dantur.
