1859 3122
514 182 738 218 QUAESTIO
771 182 844 213 xc.
877 181 1122 214 ARTICuLth
1155 182 1218 212 111.
1565 171 1646 224 655

79 264 130 299 uti
149 275 223 298 non
245 275 454 310 possumus:
481 263 564 310 quia
591 275 666 299 non
692 272 745 299 est
770 272 936 298 nostrum
963 263 1135 298 creaturis
1161 262 1429 298 irrationalibus
1456 262 1650 309 imperare,

79 318 139 352 sed
157 317 277 352 solum
298 316 404 359 illius,
420 317 463 351 de
480 329 551 364 quo
575 318 703 352 dicitur
724 317 852 352 Matth.
868 317 911 352 8.:
929 318 1021 362 Quia
1039 319 1141 359 venti,
1161 323 1190 352 et
1211 329 1303 352 mare
1324 316 1475 351 obediunt
1496 318 1538 357 ez}-
1559 327 1648 361 ergo

79 370 178 405 nullo
201 371 325 413 modo,
348 378 385 404 ut
406 371 557 413 videtur,
577 371 660 405 licet
682 371 731 405 uti
755 371 978 416 adjuratione
1001 371 1044 404 ad
1067 370 1293 405 irrationales
1313 378 1505 405 creaturas.

151 424 224 459 SED
253 434 408 459 CONTRA
436 433 499 466 est,
526 425 623 470 quod
651 424 791 467 Simon,
814 433 848 459 et
864 425 973 470 Judas
995 424 1162 469 leguntur
1190 425 1372 471 adjurasse
1395 424 1584 465 dracones,
1611 431 1645 457 et

79 478 128 512 eis
150 478 375 524 praecepisse
398 486 435 512 ut
456 478 492 511 in
515 479 695 513 desertum
719 478 842 512 locum
865 479 1100 512 discederent.

149 531 378 566 RESPONDEO
401 531 608 574 dicendum,
624 532 720 578 quod
741 540 924 566 creaturae
944 531 1169 566 irrationales
1189 532 1230 565 ab
1249 531 1319 565 alio
1339 540 1493 576 aguntur
1508 531 1551 564 ad
1570 542 1650 577 pro-

77 585 171 631 prias
193 585 442 630 operationes:
459 585 587 619 eadem
606 594 726 620 autem
745 586 911 620 actioest
930 587 1006 631 ejus
1026 585 1121 631 quod
1141 585 1257 629 agitur
1273 593 1305 619 et
1320 594 1499 626 movetur,
1519 593 1552 618 et
1572 586 1648 630 ejus

78 638 175 684 quod
198 639 271 683 agit
293 646 327 672 et
350 647 491 672 movet:
515 639 606 672 sicut
629 647 748 672 motus
771 639 922 684 sagittae
945 639 1054 672 etiam
1077 646 1130 672 est
1151 638 1330 684 quaedam
1358 639 1521 684 operatio
1543 638 1648 684 sagit-

76 691 202 733 tantis;
226 700 260 725 et
280 691 362 726 ideo
386 692 548 738 operatio
570 691 788 726 irrationalis
811 700 995 726 creaturae
1018 703 1091 726 non
1114 691 1234 726 solum
1255 692 1322 737 ipsi
1350 692 1564 733 attribuitur,
1586 691 1650 726 sed

77 744 321 791 principaliter
336 746 429 787 Deo,
449 747 550 790 cujus
572 745 808 791 dispositione
831 745 955 778 omnia
977 754 1188 779 moventur:
1204 745 1358 790 pertinet
1379 745 1489 779 etiam
1511 745 1555 778 ad
1577 745 1649 779 dia-

76 797 214 840 bolum,
229 799 288 844 qui
311 798 548 844 permissione
571 798 691 832 divina
713 799 821 832 utitur
843 797 1019 844 aliquibus
1040 797 1309 832 irrationalibus
1328 798 1500 832 creaturis
1523 798 1566 832 ad
1584 809 1648 833 no-

81 852 238 886 cendum
259 852 488 894 hominibus3
510 852 560 885 sic
583 863 670 897 ergo
693 851 882 898 adjuratio,
902 863 972 897 qua
988 851 1065 897 quis
1087 852 1197 885 utitur
1218 851 1263 885 ad
1283 851 1532 886 irrationalem
1551 863 1648 886 crea—

77 913 208 947 turam,
236 913 355 951 potest
380 905 534 951 intelligi
554 905 750 951 dupliciter:
774 917 837 939 uno
859 905 967 947 modo,
993 913 1031 939 ut
1057 904 1234 951 adjuratio
1260 904 1436 939 referatur
1463 905 1506 939 ad
1532 905 1650 951 ipsam

77 958 324 993 irrationalem
340 967 543 1006 creaturam
557 959 758 993 secundum
779 970 834 992 se:
858 966 893 992 et
911 959 957 994 sic
975 970 1101 993 vanum
1117 963 1191 994 esset
1208 959 1441 993 irrationalem
1459 964 1650 994 creaturam

79 1012 259 1059 adjici-ure,-
280 1010 345 1047 αἷίὀ
367 1012 475 1054 modo,
499 1021 536 1046 ut
562 1011 735 1046 referatur
757 1011 801 1046 ad
823 1023 919 1054 eum,
942 1023 962 1046 a
984 1023 1055 1058 quo
1082 1011 1302 1046 irrationalis
1329 1020 1493 1047 creatura
1521 1012 1650 1058 agitur,

79 1075 113 1101 et
135 1075 321 1109 movetur3
344 1074 378 1100 et
399 1066 449 1100 sic
471 1065 646 1112 dupliciter
664 1065 847 1111 adjuratur
864 1065 1080 1099 irrationalis
1100 1074 1282 1100 creatura:
1302 1078 1367 1100 uno
1387 1066 1533 1112 quidem
1555 1066 1650 1100 modo

77 1132 139 1167 per
161 1121 312 1155 modum
335 1120 598 1166 deprecationis
626 1120 669 1154 ad
690 1120 812 1154 Deum
838 1119 1014 1163 directae;
1038 1120 1135 1166 quod
1162 1120 1316 1166 pertinet
1343 1120 1386 1154 ad
1414 1131 1488 1161 eos,
1515 1120 1577 1166 qui
1604 1120 1652 1153 di-

78 1175 161 1208 vina
174 1173 407 1208 invocatione
421 1172 598 1207 miracula
622 1172 777 1216 faciunt3
799 1173 865 1208 alio
887 1173 982 1208 modo
1001 1185 1064 1219 per
1083 1173 1236 1207 modum
1256 1173 1538 1220 compulsionis3
1557 1185 1649 1220 quae

77 1227 226 1262 refertur
249 1228 292 1262 ad
314 1226 512 1269 diabolum,
534 1226 595 1273 qui
616 1227 652 1260 in
673 1235 936 1261 nocumentum
956 1235 1122 1261 nostrum
1141 1227 1249 1262 utitur
1270 1227 1538 1261 irrationalibus
1557 1238 1652 1261 crea-

76 1282 182 1316 turis:
206 1290 240 1316 et
259 1280 340 1316 talis
359 1289 413 1315 est
426 1280 556 1315 modus
573 1280 762 1327 adjurandi
775 1280 812 1314 in
826 1280 989 1315 Ecclesia
1005 1281 1227 1323 exorcismis,
1243 1292 1306 1327 per
1321 1293 1411 1327 quos
1427 1281 1650 1315 daemonum

77 1343 237 1382 potestas
259 1332 459 1369 excluditur
481 1334 522 1368 ab
545 1333 813 1369 irrationalibus
835 1335 1007 1370 creaturis
1016 1347 1024 1377 ;
1048 1334 1211 1380 adjurare
1239 1344 1361 1370 autem
1383 1334 1581 1370 daemones
1608 1334 1650 1368 ab

78 1388 129 1424 eis
148 1388 322 1423 auxilium
342 1387 585 1434 implorando,
600 1399 675 1422 non
697 1387 791 1422 licet.

149 1442 193 1478 Et
214 1454 276 1489 per
297 1443 368 1478 hoc
389 1450 488 1489 patet
509 1441 698 1488 responsio
719 1453 770 1477 AD
794 1452 971 1488 OBJECTA.

602 1692 958 1755 QUAESTIO
999 1692 1131 1740 Xer.

434 1817 498 1848 DE
536 1816 868 1849 ASSUMPTIONE
896 1816 1052 1848 DIVINI
1089 1815 1292 1847 NOMINIS

220 1888 286 1919 AD
329 1887 653 1919 INVOCANDUM
690 1888 779 1919 PER
818 1887 1114 1926 ORATIONEM,
1159 1887 1251 1918 VEL
1288 1885 1504 1925 LAUDEM,

493 1959 544 1990 IN
582 1958 708 1990 DUOS
746 1958 1008 1990 ARTICULOS
1048 1958 1224 1990 DIVISA.

150 2080 292 2115 Deinde
316 2080 619 2115 considerandum
641 2087 694 2115 est
712 2080 755 2115 de
771 2079 1019 2126 assumptione
1037 2078 1149 2114 divini
1166 2078 1326 2113 nominis
1342 2077 1386 2112 ad
1400 2078 1648 2113 invocandum

80 2145 143 2180 per
164 2134 381 2176 orationem,
401 2133 461 2168 vel
486 2133 650 2176 laudem;
673 2142 708 2168 et
728 2133 771 2168 de
799 2133 963 2168 oratione
984 2132 1132 2179 quidem
1157 2132 1392 2179 jam-dictum
1414 2140 1468 2167 est
1487 2132 1536 2178 (q.
1559 2131 1648 2178 83.);

82 2186 175 2222 unde
197 2199 292 2222 nunc
314 2187 357 2221 de
379 2186 485 2222 laude
506 2195 615 2222 restat
635 2187 841 2222 dicendum.

591 2277 694 2311 Circa
713 2287 814 2322 quam
835 2280 1040 2322 quaeruntur
1061 2275 1135 2310 duo.

153 2347 289 2381 Primo.
312 2347 444 2382 Utrum
464 2347 565 2382 Deus
587 2348 631 2382 sit
652 2358 714 2382 ore
736 2346 948 2382 laudandus.

155 2400 336 2436 Secundo.
358 2401 489 2436 Utrum
511 2401 548 2435 in
568 2400 733 2436 laudibus
754 2401 824 2436 Dei
845 2401 915 2436 sint
936 2408 1062 2435 cantus
1090 2400 1296 2436 adhibendi.

667 2519 1013 2564 ARTICULUS
1038 2520 1072 2562 Ι.
1579 2539 1644 2576 49,

462 2615 616 2645 UTRUM
641 2615 754 2645 DEUS
782 2616 849 2646 SIT
878 2616 964 2647 ORE
989 2616 1271 2646 LAUDANDUS.

203 2690 244 2737 (3.
266 2692 355 2727 Dist.
378 2703 410 2738 9.
430 2703 459 2737 q.
481 2704 508 2726 Ι.
531 2696 594 2726 art.
613 2704 641 2738 3.
663 2704 693 2738 q.
712 2704 740 2738 3.
760 2699 848 2739 corp.
868 2698 898 2728 et
916 2693 958 2727 ad
978 2705 1008 2728 2.
1031 2697 1059 2727 et
1079 2703 1112 2737 4.
1135 2693 1225 2726 Dist.
1246 2702 1289 2737 15.
1313 2702 1342 2736 q.
1365 2701 1397 2735 4.
1420 2695 1483 2725 art.
1504 2703 1533 2726 1.

466 2750 494 2780 et
514 2746 567 2779 Ps.
585 2757 636 2791 52.
658 2752 748 2792 corp.
769 2759 796 2781 1.
818 2751 849 2781 et
868 2758 899 2782 2.
918 2752 948 2782 et
967 2747 1052 2793 Eph.
1068 2758 1097 2792 5.
1120 2746 1188 2780 lact.
1207 2745 1267 2791 7.).

157 2825 216 2859 AD
237 2836 388 2861 PRIMUM
409 2825 459 2860 sic
480 2825 698 2872 proceditur.
723 2825 886 2869 Videtur,
913 2827 1011 2873 quod
1040 2827 1140 2861 Deus
1168 2837 1242 2860 non
1272 2825 1317 2860 sit
1345 2837 1406 2860 ore
1427 2825 1646 2863 laudandus:

88 2877 174 2913 dicit
206 2878 303 2913 enim
336 2878 474 2914 Philos.
496 2879 532 2913 in
559 2890 586 2913 1.
608 2879 688 2914 Eth.
713 2879 799 2926 (cap.
829 2880 922 2925 ult.):
952 2881 1165 2926 Optimorum
1186 2890 1250 2914 non
1280 2884 1325 2915 est
1353 2879 1435 2922 laus,
1461 2879 1514 2915 sed
1538 2883 1648 2927 majus
