1859 3122
441 168 661 204 QUAESTIO
695 167 826 196 XLVII.
860 166 1103 196 AR'I'ICULUS
1136 165 1193 194 VI.
1523 152 1601 206 361

122 250 182 285 AD
205 260 374 285 TERTIUM
397 251 602 294 dicendum,
625 250 721 297 quod
744 249 822 284 finis
844 260 916 283 non
937 248 1089 294 pertinet
1108 248 1150 282 ad
1170 247 1317 281 virtutes
1337 244 1506 286 morales,
1525 252 1613 278 tarn-

51 316 158 352 quam
181 305 278 351 ipsae
301 307 535 350 praestituunt
556 305 684 347 fine1n3
707 305 769 338 sed
791 305 873 350 quia
899 303 1050 337 tendunt
1072 303 1106 335 in
1127 301 1235 336 finem
1260 312 1277 334 a
1300 302 1438 334 ratione
1458 297 1611 332 naturali

50 358 316 404 praestitutum:
342 359 384 392 ad
407 359 502 404 quod
524 359 691 403 juvantur
713 369 774 403 per
801 357 1038 403 prudentiam,
1058 367 1148 401 quae
1172 355 1221 389 eis
1243 355 1339 387 viam
1363 361 1473 399 parat,
1493 352 1612 397 dispo-

49 412 169 446 nendo
192 423 232 446 ea
255 423 345 458 quae
368 420 449 446 sunt
472 412 514 446 ad
538 412 666 454 sinem3
694 411 787 445 unde
815 410 1035 456 relinquitur,
1058 409 1155 455 quod
1177 408 1364 453 prudentia
1386 407 1431 441 sit
1456 405 1613 439 nobilior

49 465 236 499 virtutibus
259 465 467 506 moralibus,
490 474 524 499 et
546 473 692 499 moveat
713 476 791 499 eas:
814 463 875 498 sed
898 463 1099 509 synderesis
1123 469 1246 495 movet
1264 460 1502 507 prudentiam,
1521 458 1613 492 sicut

50 518 252 553 intellectus
274 519 533 565 principiorum
555 518 752 553 scientiam.

594 648 937 694 ARTICULUS
965 647 1065 690 VII.
1545 653 1612 698 264

209 758 361 788 UTRUM
389 759 447 787 AD
477 758 760 787 PRUDENTIAM
788 755 1031 786 PERTINEAT
1056 754 1259 785 INVENIRE
1280 752 1452 782 MEDIUM

525 824 568 852 IN
590 822 852 852 VIRTUTIBUS
875 820 1134 850 MORALIBUS.

157 911 259 956 (Insr.
288 923 316 958 q.
347 923 412 958 123.
440 916 505 946 art.
534 922 583 946 12.
608 915 637 945 et
661 922 689 956 q.
720 922 790 954 141.
821 914 884 944 art.
915 909 946 944 8.
977 913 1004 943 εἰ
1033 920 1094 943 1-2.
1125 919 1155 953 q.
1185 907 1236 942 61.
1265 910 1327 940 art.
1354 917 1382 952 3.
1413 904 1455 939 ad
1480 916 1508 950 3.

665 969 695 998 et
715 976 744 1009 q.
769 963 825 998 66.
849 968 913 997 art.
935 963 995 1007 2.)-

120 1052 179 1087 AD
199 1063 390 1088 SEPTIMUM
412 1053 461 1087 sic
485 1052 700 1099 proceditur.
723 1052 885 1093 Videtur,
907 1051 1003 1097 quod
1027 1050 1069 1084 ad
1092 1049 1319 1096 prudentiam
1340 1058 1413 1081 non
1437 1047 1613 1093 pertineat

49 1106 210 1141 invenire
231 1107 390 1140 medium
418 1106 453 1140 in
479 1106 666 1140 virtutibus
696 1105 911 1139 moralibus:
941 1104 1114 1149 consequi
1141 1103 1239 1137 enim
1265 1101 1427 1135 medium
1455 1108 1507 1134 est
1532 1100 1612 1133 finis

50 1159 245 1194 moralium
266 1159 455 1194 virtutum:
479 1160 540 1194 sed
563 1159 750 1206 prudentia
769 1170 843 1193 non
862 1158 1062 1205 praestituit
1076 1157 1185 1191 finem
1201 1155 1399 1190 moralibus
1413 1155 1612 1195 virtutibus,

49 1221 86 1247 ut
107 1221 292 1247 ostensum
314 1221 367 1247 est
388 1213 467 1257 (art.
485 1214 635 1259 praec.);
659 1224 746 1258 ergo
767 1224 841 1246 non
863 1212 1001 1246 invenit
1022 1211 1058 1245 in
1081 1211 1131 1245 eis
1154 1210 1326 1244 medium.

120 1277 152 1301 2.
178 1267 413 1301 PRAETEREA.
441 1266 532 1300 Illud
560 1267 657 1312 quod
685 1274 738 1301 est
763 1277 826 1312 per
853 1277 902 1307 se,
929 1276 1003 1299 non
1029 1265 1170 1298 videtur
1198 1274 1345 1298 causam
1377 1262 1523 1303 habere,
1550 1262 1612 1295 sed

48 1320 167 1367 ipsum
188 1331 265 1354 esse
288 1328 341 1354 est
361 1320 416 1354 sui
436 1319 546 1366 ipsius
570 1331 696 1363 causa3
719 1319 802 1365 quia
824 1318 1108 1364 unumquodque
1131 1317 1259 1352 dicitur
1280 1328 1357 1350 esse
1379 1327 1442 1362 per
1463 1326 1611 1349 causam

49 1385 170 1408 suam:
194 1374 254 1408 sed
276 1375 407 1408 existere
428 1375 462 1407 in
483 1373 587 1407 medio
611 1373 782 1407 convenit
801 1372 923 1407 virtuti
951 1371 1081 1405 morali
1108 1382 1171 1418 per
1192 1382 1242 1412 se,
1265 1369 1367 1416 quasi
1393 1369 1551 1415 positum
1574 1368 1609 1401 in

50 1428 125 1472 ejus
148 1426 367 1469 definitione,
388 1435 427 1461 ut
449 1438 490 1460 ex
512 1427 614 1460 dictis
637 1434 734 1472 patet
756 1426 836 1470 (art.
852 1438 880 1471 5.
904 1426 972 1471 huj.
995 1437 1024 1472 q.
1048 1437 1117 1470 arg.
1140 1424 1207 1469 1.),·
1227 1435 1301 1457 non
1317 1434 1404 1469 ergo
1423 1421 1611 1468 prudentia

51 1488 174 1514 causat
195 1481 355 1514 medium
377 1480 412 1514 in
433 1480 621 1514 virtutibus
641 1479 849 1514 moralibus.

124 1545 152 1579 3.
174 1533 409 1568 PRAETEREA.
432 1534 627 1567 Prudentia
649 1541 817 1578 operatur
838 1532 1037 1566 secundum
1060 1531 1212 1564 modum
1235 1529 1400 1563 rationis:
1424 1529 1485 1562 sed
1500 1528 1611 1562 virtus

50 1586 198 1620 moralis
213 1587 326 1620 tendit
343 1587 385 1620 ad
401 1586 562 1620 medium
578 1598 640 1632 per
656 1586 807 1620 modum
829 1593 994 1626 naturae;
1023 1584 1105 1630 quia
1128 1592 1166 1618 ut
1181 1583 1324 1617 Tullius
1347 1582 1432 1615 dicit
1454 1582 1488 1615 in
1505 1581 1563 1614 lib.
1581 1591 1611 1614 2.

50 1640 198 1674 Rhetor.
219 1640 271 1684 (de
291 1640 452 1685 Itzvent.).·
478 1640 632 1673 «Virtus
655 1647 707 1673 est
727 1639 869 1672 habitus
892 1650 954 1684 per
976 1638 1127 1671 modum
1146 1645 1293 1670 naturae
1313 1635 1445 1669 rationi
1464 1646 1612 1668 consen-

49 1702 175 1728 taneus
190 1706 229 1735 »3
253 1704 339 1739 ergo
363 1693 548 1738 prudentia
570 1704 644 1726 non
665 1692 864 1738 praestituit
886 1691 1047 1725 medium
1069 1691 1256 1724 virtutibus
1278 1688 1487 1723 moralibus.

121 1747 195 1781 SED
218 1757 372 1782 CONTRA
396 1754 458 1787 est,
481 1746 577 1792 quod
600 1747 634 1779 in
657 1745 865 1779 definitione
887 1744 1026 1779 virtutis
1049 1743 1198 1778 moralis
1219 1754 1328 1788 supra
1350 1742 1466 1787 posita
1489 1743 1610 1787 (maj.

50 1800 118 1846 Imj.
141 1812 170 1846 q.
193 1812 265 1845 arg.
292 1800 338 1845 Ι.)
366 1800 505 1841 dicitur,
533 1800 629 1845 quod
657 1807 711 1833 est
736 1799 772 1832 in
799 1799 991 1832 medietate
1019 1798 1172 1832 existens
1201 1796 1438 1830 determinata
1460 1795 1610 1836 ratione,

50 1862 157 1900 prout
177 1853 319 1898 sapiens
342 1853 605 1887 determinabit.

120 1907 348 1941 RESPONDEO
371 1906 577 1948 dicendum,
593 1905 688 1952 quod
702 1905 774 1939 hoc
789 1905 907 1951 ipsum
923 1904 1018 1951 quod
1034 1912 1087 1938 est
1101 1902 1322 1938 conformari
1336 1901 1468 1936 rationi
1481 1909 1611 1943 rectae,

51 1968 104 1994 cst
123 1960 202 1994 finis
224 1960 389 2006 proprius
412 1958 600 2004 cujuslibet
620 1959 759 1993 virtutis
780 1958 943 1992 moralis:
972 1957 1209 2002 temperantia
1236 1956 1332 1990 enim
1354 1956 1425 1989 hoc
1448 1955 1610 1996 intendit,

50 2025 95 2047 ne
117 2021 261 2060 propter
283 2012 595 2058 concupiscentias
610 2012 725 2046 homo
742 2012 892 2045 divertat
911 2023 929 2045 a
951 2011 1109 2045 ratione:
1133 2017 1166 2044 et
1184 2009 1348 2044 similiter
1365 2008 1550 2050 fortitudo,
1565 2018 1611 2041 ne

52 2078 71 2100 a
92 2075 191 2100 recto
213 2066 347 2112 judicio
369 2065 518 2099 rationis
537 2065 689 2099 divertat
710 2073 855 2110 propter
875 2064 1058 2106 timorem,
1080 2063 1137 2097 vel
1160 2063 1368 2097 audaciam:
1393 2070 1427 2096 et
1447 2061 1506 2095 hic
1529 2061 1609 2094 finis

51 2119 278 2166 praestitutus
301 2127 353 2153 est
373 2119 514 2153 homini
536 2119 734 2152 secundum
755 2117 957 2152 naturalem
979 2118 1174 2151 rationem:
1197 2115 1368 2150 naturalis
1396 2115 1493 2149 enim
1519 2114 1610 2148 ratio

54 2173 163 2207 dictat
184 2173 390 2218 unicuique,
413 2180 450 2206 ut
472 2172 671 2206 secundum
693 2171 871 2205 rationem
893 2179 1077 2217 operetur:
1101 2171 1162 2204 sed
1190 2169 1352 2215 qualiter,
1375 2177 1409 2202 et
1431 2179 1493 2214 per
1519 2178 1611 2213 quae

51 2226 165 2260 homo
187 2227 223 2259 in
245 2226 429 2271 operando
454 2226 604 2270 attingat
626 2225 787 2259 medium
809 2225 969 2266 rationis,
993 2225 1145 2270 pertinet
1167 2224 1210 2256 ad
1233 2222 1411 2256 rationem
1435 2221 1496 2266 [al.
1510 2221 1611 2266 dispo-

51 2279 222 2324 sitionem]
245 2279 470 2325 prudentiae:
494 2278 578 2312 licet
600 2278 696 2312 enim
719 2278 894 2324 attingere
916 2278 1078 2312 medium
1105 2277 1149 2310 sit
1175 2276 1255 2310 finis
1276 2275 1416 2309 virtutis
1442 2274 1610 2308 moralis:

51 2340 174 2366 tamen
188 2344 250 2379 per
263 2340 400 2365 rectam
415 2332 689 2377 dispositionem
707 2343 833 2365 eorum
849 2343 939 2377 quae
954 2339 1036 2365 sunt
1051 2331 1093 2364 ad
1108 2330 1231 2372 finem,
1246 2329 1407 2362 medium
1422 2327 1609 2361 invenitur.

125 2386 169 2420 Et
189 2397 251 2432 per
269 2386 340 2419 hoc
363 2393 460 2431 patet
481 2385 667 2430 responsio
688 2396 738 2419 AD
760 2396 922 2420 PRIMUM.

124 2440 184 2474 AD
207 2449 412 2474 SECUNDUM
435 2439 639 2480 dicendum,
663 2438 759 2484 quod
781 2439 872 2472 sicut
894 2449 1004 2483 agens
1025 2436 1188 2471 naturale
1210 2435 1295 2470 facit
1316 2444 1354 2470 ut
1375 2435 1491 2469 forma
1514 2434 1556 2467 sit
1575 2434 1609 2467 in

53 2493 215 2535 materia,
236 2503 310 2526 non
332 2500 454 2526 tamen
480 2490 564 2525 facit
591 2499 629 2525 ut
654 2491 792 2525 formae
820 2492 1039 2526 conveniant
1066 2502 1119 2532 ea,
1142 2501 1232 2536 quae
1258 2501 1322 2535 per
1349 2500 1385 2522 se
1413 2489 1442 2521 ei
1471 2488 1608 2521 insunt:

51 2546 100 2580 ita
121 2546 230 2580 etiarn
251 2545 438 2591 prudentia
460 2545 621 2578 medium
644 2545 827 2579 constituit
848 2545 884 2578 in
906 2544 1143 2590 passionibus,
1167 2551 1201 2577 et
1223 2542 1510 2588 operationibu53
1537 2551 1611 2573 non

51 2607 174 2633 tamen
195 2598 290 2639 facit,
310 2598 405 2643 quod
428 2598 589 2632 medium
610 2609 780 2644 quaerere
803 2598 996 2631 conveniat
1016 2597 1148 2631 virtuti.

123 2653 182 2687 AD
205 2662 376 2686 TERTtUM
399 2651 604 2693 dicendum,
627 2652 722 2697 quod
743 2652 854 2685 virtus
874 2650 1021 2685 moralis
1043 2662 1106 2696 per
1125 2649 1275 2683 modum
1294 2656 1441 2682 naturae
1460 2646 1612 2680 intendit

53 2706 239 2752 pervenire
259 2705 302 2738 ad
321 2705 500 2739 medium:
520 2705 581 2739 sed
595 2707 675 2750 quia
691 2705 864 2747 medium,
879 2705 1078 2738 secundum
1093 2704 1189 2749 quod
1206 2702 1376 2742 medium,
1392 2712 1464 2733 non
1481 2700 1608 2733 eodem

53 2760 164 2793 modo
183 2759 361 2794 invenitur
375 2758 411 2791 in
426 2758 606 2800 omnibus,
620 2759 701 2792 ideo
718 2758 904 2792 inclinatio
918 2766 1078 2798 naturae,
1094 2767 1183 2802 quae
1199 2766 1339 2800 semper
1354 2753 1483 2787 eodem
1498 2753 1609 2794 modo

54 2821 232 2859 operatur,
255 2812 298 2845 ad
320 2812 391 2845 hoc
413 2823 486 2845 non
509 2811 649 2854 sufficit,
671 2812 732 2846 sed
753 2812 943 2857 requiritur
965 2811 1054 2844 ratio
1078 2808 1298 2856 prudentiae.
